4052 6338
585 449 937 508 Timoneas-us
966 447 1391 505 Auantsttlusts
1433 449 1588 520 episc.
1616 449 1841 508 Carmin.
1885 452 1988 508 IV.
2032 454 2100 508 ad

1118 536 1332 604 Gislatn,
1363 537 1452 593 lib.
1483 529 1604 594 111.

547 629 674 681 Nam
694 628 780 693 tibi
801 627 1096 678 Psalterium
1118 630 1328 693 prtecepi
1352 630 1560 693 scribier
1583 631 1732 690 istud,

733 687 954 754 Argento
975 698 1124 753 atque
1147 704 1266 754 auro
1282 687 1417 754 'quod
1435 692 1629 754 radiare
1647 687 1801 743 vides.

547 749 656 812 Quo
678 749 1318 814 prigr'ttetraaoioonoordat'
1334 752 1510 814 pagina
1535 766 1672 813 vero,

732 809 891 874 Editio
913 819 967 874 ut
989 812 1144 874 prisca
1169 820 1246 862 est
1268 809 1379 863 mox
1398 809 1553 874 lubet
1567 809 1681 863 inde
1703 827 1940 874 sequens.

547 871 706 931 Onam
727 872 861 922 bene
887 871 1078 922 Hieron.
1105 874 1228 923 lianc
1268 873 1513 930 transfert.
1538 877 1739 931 corrigit
1760 871 1910 924 illam.

732 933 946 983 Senibus
965 933 1039 996 (α)
1064 935 1287 996 egregiis
1308 943 1536 998 utraque,
1560 933 1712 986 crede
1731 974 1744 996 ,
1769 937 1940 987 micat.

652 1037 712 1094 S.
740 1037 1093 1093 COLUIBANUS
1135 1036 1360 1109 Epistot.
1393 1037 1461 1092 ad
1486 1037 1786 1110 Gregorium
1816 1055 2024 1108 papam.

621 1147 953 1218 Simpliciter
980 1163 1084 1220 ego
1110 1148 1203 1204 tibi
1227 1149 1510 1216 confiteor,
1534 1151 1675 1221 quod
1703 1132 1888 1206 contra
1918 1151 1979 1207 S.
2007 1150 2134 1206 Hiev

550 1240 754 1309 rouymi
773 1239 1150 1295 auctoritatcm
1172 1240 1416 1303 veniens,
1448 1241 1587 1309 apud
1618 1241 1924 1297 Occidentis
1948 1242 2136 1298 Eccle-

550 1328 660 1383 sias
702 1343 802 1384 ceu
849 1329 1135 1385 hmreticus
1181 1329 1516 1399 respuendus
1557 1331 1662 1385 erit
1688 1349 1702 1385 :
1733 1330 1811 1386 illi
1854 1331 1996 1387 enim
2035 1347 2134 1403 per

547 1418 727 1475 omnia
751 1418 1103 1475 indubitatam
1121 1419 1176 1476 in
1192 1419 1483 1491 Scripturis
1507 1419 1701 1477 divinis
1725 1421 2132 1479 accommodant

544 1508 726 1567 ﬁdem.
787 1600 1057 1659 Ntcouus
1079 1601 1121 1656 l.
1149 1600 1319 1673 Epist.
1346 1600 1444 1658 LI.
1477 1601 1546 1656 ad
1570 1601 1893 1658 Lat/torium.

625 1712 765 1769 Audi
791 1713 914 1786 quid
940 1714 1180 1772 calcatis
1202 1714 1552 1773 Biblimhecte
1577 1717 1750 1772 cultor
1773 1716 1915 1773 dicat
1943 1716 2130 1772 Hiero-

545 1823 750 1878 nymus,
780 1807 956 1864 Grave
984 1808 1195 1879 pondus
1219 1810 1469 1866 vitiorum
1492 1817 1597 1879 est,
1624 1822 1730 1866 etc.
1761 1808 1846 1864 Ex
1873 1826 1988 1881 cap.
2019 1807 2126 1864 IX.

547 1897 826 1956 Comment.
854 1901 908 1976 in
938 1901 1130 1956 Matth.

547 2010 877 2068 [insanus
906 2011 1219 2068 Corbeiensis
1243 2014 1308 2067 de
1335 2011 1613 2068 Nativitate
1653 2013 1842 2068 Christi
1858 2053 1874 2076 ,
1906 2029 2024 2083 cap.
2053 2011 2106 2068 X
2119 2054 2128 2066 .

759 2103 844 2160 Ex
866 2104 1109 2160 Daclterii
1147 2106 1393 2178 Spicileg.
1415 2147 1432 2174 ,
1462 2117 1583 2162 tom.
1614 2107 1668 2170 Ι.
1699 2124 1755 2178 p.
1787 2106 1913 2163 339.

622 2213 969 2288 Hieronymus
993 2232 1164 2274 sacrae
1191 2218 1346 2290 chis
1379 2219 1678 2290 interpres,
1709 2221 1947 2275 omnium
1985 2219 2130 2290 peri-

545 2307 789 2366 tissimus
817 2309 1217 2382 disciplinarum
1243 2352 1258 2377 ,
1291 2312 1412 2367 fidei
1455 2311 1620 2368 turris
1670 2313 2006 2374 inctmcussa.
2035 2313 2132 2368 Sa-

547 2399 762 2472 pientia:
783 2401 1028 2472 lampade
1053 2404 1537 2472 splendidissimus.
1562 2405 1780 2475 eloquio
1810 2403 2128 2460 facundissi-

549 2505 692 2558 mus,
739 2489 934 2558 Latini,
988 2491 1180 2559 Grseci,
1231 2494 1545 2565 Hebraeique
1583 2495 1848 2551 sermonis
1883 2495 2131 2552 doctissi-

546 2594 687 2636 mus.
857 2663 1138 2719 Scnvsrus
1175 2663 1349 2721 Lurus
1386 2664 1449 2720 de
1479 2665 1596 2720 trib.
1629 2665 1822 2731 Qucst.

621 2771 800 2828 Nostri
831 2783 1010 2829 autem
1041 2776 1306 2843 auctores,
1337 2776 1488 2832 facile
1515 2778 1773 2847 sapientia
1801 2777 2126 2849 superiores,

546 2863 672 2934 quia
714 2863 890 2919 divina
919 2865 1223 2936 eloquentia
1268 2874 1476 2937 parent,
1519 2883 1700 2938 quam,
1730 2883 1852 2924 cum
1897 2869 2126 2937 volunt,

549 2963 780 3010 exerunt
811 2973 824 3009 :
852 2971 972 3011 cum
1023 2956 1242 3023 volunt,
1275 2958 1610 3014 abscondunt
1641 2978 1654 3014 :
1681 2960 2004 3032 Cyprianum
2050 2961 2132 3018 lo-

547 3058 685 3116 quor
704 3085 722 3110 ,
755 3046 1112 3117 Augustinum
1137 3089 1154 3115 ,
1202 3047 1573 3121 Hieronymum
1596 3092 1612 3117 ,
1658 3053 2000 3108 Ambrosium
2023 3094 2040 3119 ,
2071 3064 2128 3111 et

546 3137 807 3208 quosdam
852 3138 1008 3207 alios,
1054 3148 1110 3195 et
1161 3151 1394 3198 mentem
1447 3142 1746 3199 divinorum
1793 3145 2126 3215 eloquiorum

547 3229 762 3297 penitus
808 3230 1194 3301 inspexerunt,
1226 3239 1283 3288 et
1325 3232 1480 3289 nobis
1519 3234 1804 3290 salubriter
1846 3251 2129 3306 expresse-

546 3327 742 3374 runt...
779 3317 1148 3392 Hieronymum
1185 3321 1363 3377 divina
1391 3332 1448 3379 ct
1471 3325 1696 3380 seculari
1722 3325 1962 3382 doctrina
1993 3343 2130 3398 prte-

545 3409 756 3478 cipuus,
785 3421 839 3467 et
867 3411 1011 3466 velut
1050 3411 1268 3483 quidam
1299 3428 1497 3484 parens
1523 3430 1648 3472 cum
1689 3417 1989 3489 Augustino
2017 3417 2125 3474 Ec-

549 3501 862 3557 clesiasticm
888 3501 1268 3574 Philosophiae,
1297 3519 1415 3575 qum
1455 3505 1740 3562 humanam
1777 3522 1876 3564 nec
1901 3508 2127 3564 multum

549 3590 770 3661 appetit,
803 3607 903 3649 nec
927 3593 980 3648 in
1023 3594 1272 3650 omnibus
1299 3597 1618 3664 contemnit,
1648 3597 1986 3668 Pelagianam
2013 3598 2128 3654 hae-

547 3684 710 3739 resim
739 3699 930 3740 recens
955 3696 1198 3742 exortam
1242 3696 1492 3758 potenter
1508 3687 1804 3758 debellans,
1826 3688 1905 3760 Si,
1932 3690 2122 3762 inquit,

547 3774 601 3830 in
627 3789 694 3830 eo
717 3783 941 3843 tantum,
964 3786 1069 3833 etc.

545 3888 862 3948 Acarnanas
911 3891 966 3946 in
1022 3891 1177 3948 Libro
1227 3901 1404 3949 contra
1454 3893 1754 3965 objectioues
1815 3893 2081 3967 Fredegisi
2108 3933 2127 3963 ,

619 4074 930 4144 lnterpretis
957 4090 1168 4146 quoque
1193 3982 1694 4147 tfzgtrill‘fierouymi
1731 4076 2029 4149 presbyteri
2069 4076 2132 4133 li-

548 4165 685 4222 delis
711 4175 794 4223 est
824 4167 1019 4236 Editio,
1041 4183 1161 4239 qua:
1179 4168 1248 4225 de
1277 4168 1539 4224 llebraico
1563 4169 1618 4225 in
1641 4167 1888 4224 Latinum
1927 4170 2132 4242 magni-

547 4259 648 4316 ﬁce
669 4260 960 4316 transtulit.

747 4370 936 4428 ΠΑηο
963 4365 1371 4429 Haases-raso.
1403 4371 1493 4428 lib.
1514 4370 1588 4436 Χ.
1615 4388 1732 4440 cap.
1775 4371 1939 4427 VIII.

617 4484 767 4540 Tunc
797 4483 1139 4556 Hieronymus
1164 4483 1450 4555 Presbyter
1471 4482 1522 4537 in
1553 4481 1851 4547 Bethleem,
1883 4483 1991 4537 imo
2017 4491 2130 4539 toto

547 4577 702 4642 orbe,
729 4576 906 4632 clarus
934 4574 1180 4632 habetur.
1213 4573 1290 4628 De
1314 4589 1421 4644 quo
1439 4587 1544 4627 non
1563 4572 1680 4627 sine
1699 4587 1886 4642 magna
1907 4573 2130 4629 admira-

548 4666 695 4721 tione
721 4665 954 4734 suspicio
980 4706 998 4732 ,
1043 4679 1210 4736 quare
1245 4665 1298 4720 in
1331 4663 1431 4718 hac
1472 4663 1737 4720 Historica
1770 4665 2074 4719 narratione
2097 4680 2127 4720 a

545 4756 763 4814 Ruffino
783 4757 1175 4827 praetermissus
1195 4767 1276 4813 est
1293 4756 1554 4828 insigniri,
1578 4757 1809 4812 maxime
1829 4771 1948 4811 cum
1967 4765 2128 4812 crete-

545 4867 638 4909 ros
664 4851 900 4905 illustres
949 4851 1095 4904 viros
1117 4889 1134 4915 ,
1182 4857 1238 4903 et
1259 4860 1744 4920 contemporaneos
1773 4850 2131 4905 nobilitaverit

544 4942 783 5012 eloquio,
815 4941 904 5011 qui
928 4941 1015 4996 vel
1059 4943 1291 5011 impares
1319 4941 1368 4996 ei
1398 4941 1610 4995 fuerunt
1657 4943 1900 5009 scientia,
1949 4943 2033 4996 vel
2081 4941 2128 4998 si

546 5049 705 5103 pares
748 5041 842 5086 aut
883 5032 1222 5100 superiores,
1249 5041 1399 5088 certe
1437 5033 1747 5088 omnimodo
1771 5035 1947 5088 minus
1973 5034 2128 5089 utiles

543 5123 822 5179 Ecclesiis.
845 5122 1114 5178 Fortassis
1138 5122 1244 5191 egit
1270 5123 1372 5177 hoc
1397 5121 1640 5177 Ruffinus
1667 5123 1944 5190 industria,
1962 5139 2030 5181 ne
2049 5126 2129 5181 vi-

542 5212 762 5268 deretur
780 5212 1026 5284 injuriam
1055 5212 1130 5266 illi
1151 5211 1329 5267 libello
1358 5210 1555 5276 facere.
1597 5229 1754 5284 quem
1776 5214 1914 5269 idem
1941 5215 2127 5272 beatus

544 5302 888 5375 Hieronymus
903 5303 1090 5358 scribit
1105 5303 1171 5358 de
1188 5304 1316 5360 viris
1338 5304 1651 5372 illustribus,
1673 5307 1760 5362 ubi
1788 5317 1842 5363 et
1860 5305 1930 5363 de
1947 5308 2126 5379 seipso

539 5393 670 5450 facit
695 5395 748 5450 in
775 5395 976 5450 ultimis
997 5395 1350 5452 mentionem.
1378 5397 1584 5454 Dicitur
1599 5400 1757 5454 etiam
1779 5400 1919 5471 quod
1951 5401 2126 5456 inimi-

539 5485 696 5541 citias
724 5485 1010 5557 aliquando
1046 5486 1345 5544 habuerunt
1369 5505 1383 5543 :
1415 5498 1471 5546 et
1496 5491 1540 5545 si
1570 5489 1649 5546 fas
1677 5501 1760 5547 est
1789 5491 1894 5548 dici
1919 5492 1988 5548 de
2016 5501 2122 5547 tam

537 5575 743 5631 sanctis
782 5585 842 5633 et
891 5575 1242 5646 prudentibus
1270 5578 1422 5647 viris,
1447 5579 1678 5652 obliquis
1726 5596 1786 5637 se
1837 5596 2123 5651 respexere

536 5666 777 5723 vultibus
825 5678 879 5724 et
919 5669 1260 5728 sermonibus
1314 5682 1590 5729 notaverc.
1642 5672 1794 5728 Unde
1841 5673 2060 5728 forsitan
2090 5687 2119 5726 a

531 5843 550 5853 θ
607 5780 670 5844 la]
708 5783 764 5832 F.
788 5781 1021 5834 Sensibus.

1861 341 2170 400 SELECTA
2213 342 2542 404 VETERUM

3718 363 3830 422 220

2246 456 2404 514 beato
2423 457 2744 532 Hieronymo.
2757 461 2897 519 hunc
2919 477 3221 523 sermonem
3249 466 3558 526 historicum
3577 472 3827 545 obliqua-

2241 549 2336 602 vit.
2368 549 2493 606 Sive
2520 559 2694 606 autem
2721 563 2937 624 propter
2950 554 3073 626 hoc,
3090 557 3204 614 sive
3219 570 3435 630 propter
3458 562 3590 619 illud
3618 565 3824 622 omise-

2240 638 2330 707 rit,
2359 640 2576 696 nescio:
2606 641 2746 698 Deus
2775 645 2895 701 scit.

2345 749 2594 808 Russus
2620 755 2674 808 in
2699 754 3071 829 Martyrologio
3094 761 3163 814 ad
3188 758 3369 816 XXX.
3396 767 3709 833 septembris.

2313 860 2371 916 in
2399 863 2674 921 Bethleem
2698 865 2853 923 Judze
2874 869 3147 940 depositio.
3171 872 3471 948 Hieronymi
3493 880 3819 952 presbyteri,

2239 952 2392 1020 cujus
2432 954 2536 1008 vita
2581 965 2637 1010 et
2660 956 2904 1014 doctrina
2961 962 3158 1033 ubique
3210 965 3263 1019 in
3310 967 3567 1025 Ecclesiis
3614 971 3821 1032 Christi

2240 1044 2523 1136 laudabilis
2545 1059 2741 1117 exstat,
2785 1055 3054 1121 quomodo
3095 1055 3306 1114 divinos
3350 1059 3517 1117 libros
3543 1078 3611 1119 ex
3639 1064 3820 1136 lingua

2240 1135 2461 1193 llebrzea
2483 1140 2535 1194 in
2562 1139 2804 1197 Latinam
2825 1146 3091 1201 transtulit
3113 1187 3129 1214 ,
3158 1147 3617 1224 Propheticosque
3647 1135 3820 1214 libros

2236 1241 2402 1284 sensu
2428 1229 2718 1302 allegorica
2762 1239 3028 1305 exposuit.
3059 1235 3190 1294 Cum
3239 1252 3418 1298 autent
3457 1247 3729 1318 octoginta
3764 1249 3821 1306 et

2236 1332 2360 1378 octo
2387 1337 2650 1380 annorum
2675 1325 2794 1382 dies
2817 1329 3071 1398 explevit,
3113 1332 3275 1388 vitam
3303 1347 3622 1403 praesentem
3652 1338 3816 1396 dese-

2237 1426 2380 1476 rens,
2403 1411 2471 1468 ad
2501 1426 2756 1471 aeternam
2782 1417 3022 1489 requiem
3043 1421 3343 1492 emigravit.

2235 1521 2569 1581 Passennus
2599 1525 2861 1595 Tricossi.,
2890 1529 2954 1585 de
2977 1532 3212 1601 pradest.
3241 1543 3417 1591 contra
3457 1537 3668 1596 Scotum
3694 1540 3816 1598 Eri-

2799 1639 2978 1700 yenqm
2992 1663 3008 1688 ,
3039 1641 3155 1696 cap.
3178 1625 3229 1681 1.

2305 1731 2651 1788 Bcatissimus
2679 1751 2892 1807 quoque
2926 1737 3271 1811 Hieronymus
3300 1751 3378 1798 tot
3405 1743 3708 1816 linguarum
3733 1757 3813 1804 at-

2233 1838 2339 1893 que
2386 1825 2642 1881 librorum
2677 1827 2867 1884 litteris
2910 1830 3400 1902 incomparabiliter
3445 1838 3687 1894 eruditus
3710 1880 3726 1906 ,
3760 1840 3812 1898 in

2235 1915 2482 1971 omnibus
2502 1927 2609 1972 tam
2639 1917 2991 1987 Propheticis,
3019 1936 3176 1992 quam
3207 1926 3525 1996 Apostolicis
3554 1931 3812 2000 explana-

2235 2006 2467 2061 tionibus
2493 2009 2542 2063 id
2581 2010 2682 2065 sibi
2714 2026 3057 2085 summOpere
3103 2015 3263 2074 studii
3312 2017 3514 2089 fuisse,
3567 2023 3813 2081 crebrius

2235 2098 2545 2168 replicando
2567 2101 2816 2159 inculcat.

2445 2211 2752 2272 llmcnnus
2789 2179 3079 2288 Rsnsnsm,
3109 2229 3231 2276 tom.
3255 2221 3309 2278 I.
3341 2223 3584 2289 Operam.

2304 2325 2374 2383 Et
2395 2339 2612 2385 sanctus
2637 2329 3000 2404 Hieronymus,
3027 2333 3320 2402 llebraicte,
3343 2345 3398 2392 et
3421 2336 3622 2394 Graecae
3640 2347 3694 2395 et
3710 2337 3813 2396 La-

2237 2417 2360 2474 tina}
2399 2419 2594 2488 lingua:
2636 2424 3012 2492 peritissimus,
3040 2429 3129 2496 qui
3161 2437 3216 2480 ut
3243 2428 3438 2482 dicitur
3453 2443 3644 2484 nucem
3661 2429 3812 2500 juxta

2235 2510 2482 2567 nucleum
2511 2512 2784 2584 frangens,
2806 2516 3067 2570 medullas
3085 2525 3140 2572 et
3160 2517 3273 2588 ipsa
3299 2521 3504 2575 viscera
3519 2520 3812 2595 Scriptura;

2233 2612 2432 2658 sancta-
2462 2605 2863 2677 investigando,
2896 2608 3121 2664 Domino
3174 2610 3472 2681 inspirante
3529 2622 3812 2681 penetrare

2234 2695 2549 2763 promeruit,
2601 2696 2656 2751 in
2697 2698 3032 2768 expositione
3059 2699 3359 2757 Ezechielis
3408 2703 3686 2774 propheta:
3738 2704 3810 2760 ita

2232 2783 2382 2854 dicit,
2410 2795 2516 2843 etc.

2535 2902 2772 2961 Pnortus
2798 2905 2852 2961 in
2873 2905 3186 2964 Bibliotheca
3211 2909 3339 2965 Cod.
3364 2907 3483 2963 III.
3527 2919 3532 2922 '

2272 3006 2459 3092 ἔγραψε
2483 3026 2531 3076 δὲ
2553 3025 2637 3076 καὶ
2665 3007 2910 3092 Ῐερώνυμξος
2937 3032 3177 3094 «parum»;
3204 3030 3513 3097 πρασβῦτιρος
3538 3030 3652 3095 πρὸς
3677 3035 3810 3089 Kcm-

2234 3125 2439 3186 σσφῶντα
2460 3154 2478 3180 ,
2502 3119 2630 3168 κατὰ
2672 3125 2762 3168 τῶν
2789 3121 3006 3180 λεγόντων
3032 3117 3264 3170 timidus“
3281 3154 3298 3181 ,
3341 3121 3450 3171 ἄτοι
3503 3122 3632 3174 κατά
3659 3125 3810 3173 Deiot-

2231 3211 2335 3271 7iou
2357 3224 2372 3239 '
2401 3210 2532 3267 σῦτος
2555 3209 2603 3258 δι
2651 3210 2677 3260 ὃ
2718 3211 2944 3272 Hch/so;
2967 3215 3170 3276 μοναχδς
3202 3216 3257 3268 ἦν
3283 3215 3502 3275 μαθητὴν
3525 3209 3810 3277 κτησάμενος

2233 3302 2311 3350 τόν
2337 3304 2611 3352 Κιλιστιον.

2303 3385 2530 3458 Scripsit
2554 3387 2716 3444 etiam
2747 3386 3090 3460 Hieronymus
3113 3391 3394 3462 presbyter
3412 3391 3478 3447 ad
3497 3392 3812 3463 Ctesiphon-

2234 3487 2340 3533 tem
2363 3489 2549 3534 contra
2579 3489 2884 3535 asserentes
2911 3483 3145 3535 anausim
3185 3481 3273 3550 (id
3301 3491 3384 3538 est
3413 3482 3809 3553 impossibilita-

2233 3576 2363 3632 tem,
2386 3568 2469 3624 vel
2494 3569 3052 3642 imperturbatiouem)
3077 3585 3173 3626 seu
3195 3581 3380 3628 contra
3399 3574 3694 3644 Pelagium.
3716 3575 3810 3631 ilic

2231 3666 2410 3713 autem
2434 3657 2680 3729 Pelagius
2706 3658 2997 3716 Monachus
3017 3661 3136 3731 fuit,
3161 3661 3462 3718 leestium
3489 3662 3808 3735 discipulum

2231 3758 2439 3807 nactus.

2373 3867 2699 3925 Stcsnsn'rus
2735 3868 2789 3924 in
2814 3868 3235 3943 Chronogropltia
3260 3871 3330 3926 ad
3354 3871 3418 3927 Α.
3449 3870 3509 3928 C.
3541 3871 3668 3928 ιει.

2306 3978 2648 4053 Hieronymus
2674 3997 2772 4054 per
2798 3982 3179 4054 quinquaginta
3206 3997 3305 4038 sex
3337 3997 3506 4038 unos
3528 3982 3678 4038 libris
3701 3984 3809 4040 suis

2233 4075 2512 4138 confeCIis,
2538 4073 2611 4129 ita
2660 4083 2878 4145 pectore
2901 4090 3011 4146 pra:
3039 4073 3316 4130 laboribus
3338 4073 3567 4144 deiecto,
3593 4084 3648 4127 ut
3671 4073 3810 4130 lecto

2234 4180 2458 4231 surgere
2487 4166 2750 4235 nequiret,
2785 4166 2886 4220 nisi
2914 4163 3256 4235 apprehenso
3281 4165 3526 4220 manibus
3554 4162 3680 4219 fune
3721 4164 3808 4235 qui

2233 4255 2299 4311 ad
2329 4256 2430 4310 hoc
2451 4255 2517 4312 de
2549 4257 2699 4314 trabe
2716 4257 3003 4329 pendebat,
3033 4258 3166 4313 obiit
3191 4255 3330 4329 apud
3355 4255 3653 4324 Bethleem,
3671 4271 3811 4313 anno

2233 4349 2408 4402 :ctatis
2436 4363 2548 4404 sua:
2575 4349 2668 4406 98.

2237 4466 2505 4522 llonoaws
2554 4469 2926 4523 Aucusronun.
2948 4506 2966 4532 ,
3014 4466 3077 4520 de
3115 4464 3477 4520 Luminaribus
3528 4462 3771 4519 Ecclesia
3793 4503 3807 4530 ,

2788 4575 2904 4630 cap.
2937 4556 3135 4614 CXXX
3151 4556 3242 4612 VI.

2311 4667 2649 4738 Hieronymus
2676 4678 2831 4723 natus
2861 4677 3010 4736 patre
3039 4666 3292 4732 Eusebio,
3347 4665 3545 4738 oppido
3593 4663 3810 4719 Strido-

2234 4759 2317 4813 nis
2361 4760 2412 4814 in
2457 4760 2746 4815 Pannoniae
2774 4758 3051 4823 confiniis,
3099 4759 3312 4827 scripsit
3361 4758 3459 4812 sub
3507 4755 3812 4811 Theodosio

2233 4853 2394 4908 vitam
2443 4852 2590 4907 Pauli
2639 4851 2913 4912 Monachi;
2957 4851 3320 4921 Epistolarum
3352 4849 3416 4902 ad
3465 4848 3712 4902 diversos
3742 4846 3809 4902 li-

2232 4944 2386 5000 brttm
2413 4960 2610 5008 unum;
2637 4945 2702 4999 ad
2731 4943 3076 4999 lleliodorum
3096 4941 3510 4998 exhortatoriam
3536 4955 3552 5006 ;
3580 4940 3811 4994 alterca-

2233 5037 2423 5092 toriam
2453 5035 2774 5092 Luciferlani
2798 5043 2854 5090 et
2875 5033 3191 5096 orthodoxi;
3221 5032 3524 5087 Chronicon
3543 5030 3809 5085 omnimo-

2230 5131 2315 5187 dze
2365 5130 2626 5194 historize,
2671 5129 2726 5184 in
2756 5127 3041 5182 Jeremiam
3088 5134 3146 5180 et
3173 5125 3512 5181 Ezechielem
3553 5123 3803 5179 homilias

2230 5223 2474 5293 Origenis
2499 5221 2684 5291 viginti
2714 5235 2805 5275 sex
2849 5217 3032 5284 vertit,
3063 5217 3132 5274 de
3160 5217 3443 5286 Seraphin,
3475 5215 3544 5270 de
3576 5215 3807 5274 Osanna.

2229 5315 2297 5370 de
2325 5313 2456 5383 frugi
2500 5319 2557 5366 et
2603 5311 2877 5366 luxurioso
2905 5299 3015 5364 filio
3042 5349 3059 5377 ,
3086 5308 3155 5363 de
3202 5307 3373 5363 tribus
3422 5304 3810 5376 qumstionibus

2229 5405 2426 5460 veteris
2473 5401 2604 5471 legis
2650 5400 2900 5456 homilias
2938 5408 3081 5466 tres;
3112 5399 3164 5454 in
3217 5399 3437 5454 Cantica
3473 5396 3806 5452 canticorum

2227 5495 2390 5555 duas;
2433 5491 2690 5545 adversus
2717 5489 3016 5545 Helvidium
3046 5504 3206 5544 unam
3237 5486 3552 5558 Epistulam,
3593 5485 3663 5542 de
3688 5501 3811 5541 san-

2227 5594 2311 5640 cta
2358 5581 2553 5645 Maria;
2603 5580 2671 5634 ad
2720 5579 3066 5635 Eustochium
3092 5577 3162 5633 de
3200 5578 3504 5648 virginitate
3545 5575 3805 5633 servanda

2229 5688 2387 5729 unam
2419 5690 2432 5724 :
2464 5669 2532 5726 ad
2551 5670 2856 5726 Marcellam
2881 5669 3226 5740 epistolarum
3271 5667 3469 5723 librum
3512 5683 3703 5723 unum.
3747 5670 3806 5721 in

2228 5763 2504 5835 epistolam
2539 5763 2684 5819 Pauli
2718 5762 2782 5826 ad
2815 5761 3029 5820 Galatas
3071 5759 3592 5817 Commentariorum
3643 5759 3805 5816 libros
