4052 6338
187 342 277 401 ΕΙ

189 466 414 531 quatuor
434 499 452 524 ,
486 457 613 513 item
642 456 693 511 in
725 454 1023 528 Epistolam
1049 452 1115 510 ad
1144 448 1409 521 Ephesios
1436 446 1603 503 libros
1633 455 1764 511 tres,

191 554 237 609 in
262 550 557 622 Epistolam
583 549 651 605 ad
680 550 857 605 Titum
902 547 1097 603 librum
1134 560 1320 607 unum,
1372 542 1426 596 in
1470 538 1763 608 Epistolam

189 642 251 697 ad
274 640 645 697 Philemonem
676 640 866 695 librum
896 653 1089 700 unum;
1116 638 1168 691 in
1212 632 1574 690 Ecclesiasten
1601 630 1765 684 Com-

188 732 511 797 mentarios;
555 731 921 799 Quarstionum
971 727 1353 784 llebraicarum
1406 724 1460 777 in
1514 719 1767 777 Genesim

189 825 373 879 librum
393 841 582 890 unum,
614 822 681 878 de
701 823 858 877 Locis
882 821 1073 875 librum
1104 833 1291 880 unum,
1318 815 1386 871 de
1412 814 1766 883 SpiritnSan-

189 926 268 972 eto
312 916 510 970 librum
539 930 736 979 unum;
768 914 820 967 in
862 912 1058 966 Lucam
1105 910 1353 964 homilias
1381 904 1593 975 triginta
1622 912 1765 966 octo,

190 1013 234 1065 in
268 1008 511 1062 Psalmos
538 1006 798 1061 adecimo
823 1018 990 1074 usque
1018 1003 1083 1056 ad
1109 1012 1318 1055 sextum
1345 996 1611 1053 decimum
1655 1002 1768 1048 tra-

189 1110 357 1155 ctatus
392 1108 640 1168 septem;
680 1096 749 1151 de
796 1095 1007 1165 captivo
1057 1090 1353 1155 monacho,
1411 1088 1573 1142 vitam
1627 1083 1769 1141 beati

188 1189 513 1255 llﬂarionis,
545 1188 708 1241 vitam
759 1185 963 1241 Paulae.
1010 1182 1215 1238 Novum
1262 1180 1661 1236 Testamentum
1702 1173 1771 1229 de

188 1279 367 1335 Grmco
394 1320 411 1345 ,
471 1286 629 1333 vetus
673 1276 741 1332 de
786 1276 1013 1331 Ilebrseo
1067 1275 1120 1329 itt
1166 1271 1413 1327 Latinum
1461 1265 1769 1330 transtulit;

192 1370 467 1426 duodecim
502 1370 799 1441 Prophetas
826 1367 1097 1438 exposuit,
1130 1365 1361 1422 inlinitas
1388 1360 1676 1433 Epistolas,
1717 1365 1773 1413 et

192 1461 282 1516 aria
309 1459 723 1516 innumerabilia
745 1459 1066 1529 composuit.

192 1552 493 1609 Cenomanis
520 1553 828 1609 Tunoaeus.
872 1551 1012 1622 apud
1038 1550 1271 1605 Martene
1297 1558 1421 1602 tom.
1457 1545 1519 1612 γ,
1556 1562 1611 1616 ρ.
1642 1541 1768 1599 938.

252 1645 410 1701 Anno
453 1645 680 1700 llonorii
710 1644 801 1700 XI.
832 1644 1176 1714 Hieronymus
1222 1642 1275 1696 in
1311 1638 1591 1695 Bethleem
1641 1634 1775 1689 obiit

192 1750 323 1791 anno
351 1737 534 1792 aetatis
557 1737 893 1805 octogesimo
917 1743 1106 1790 octavo
1132 1732 1184 1789 in
1222 1730 1530 1802 virginitate
1560 1740 1772 1798 perma-

194 1841 338 1891 nens.
384 1843 607 1899 semper
634 1839 726 1882 aut
763 1827 968 1898 legens,
1018 1835 1114 1882 aut
1154 1826 1417 1888 scribens,
1477 1820 1771 1885 Hebraicis,

194 1916 387 1974 Gnecis
410 1960 427 1985 ,
462 1930 520 1973 et
548 1917 755 1973 Latinis
782 1918 972 1973 litteris
1002 1917 1266 1983 eruditus,
1290 1914 1543 1971 Ecclesia:
1566 1925 1771 1977 murus,

194 2010 522 2080 paupertatis
545 2008 970 2076 amantissimus,
993 2008 1375 2063 Mouachorum
1405 2004 1587 2075 regula
1608 2045 1623 2070 ,
1654 2017 1776 2073 spe-

195 2099 362 2155 culum
396 2100 723 2156 sanctitatis.
752 2100 848 2155 llic
877 2100 1110 2170 denique
1143 2098 1291 2153 libris
1321 2112 1418 2168 per
1460 2110 1631 2151 annos
1682 2094 1773 2149 56.

196 2190 471 2257 coniectis,
503 2191 577 2245 ita
616 2205 846 2261 corpore
876 2205 973 2260 pro
998 2188 1274 2244 laboribus
1302 2186 1598 2247 defecerat.
1625 2191 1682 2238 ut
1709 2183 1779 2237 de

197 2283 326 2339 lecto
355 2298 589 2353 surgere
617 2283 877 2353 nequiret,
914 2282 1018 2337 nisi
1054 2280 1395 2351 apprehenso
1419 2275 1664 2332 manibus
1694 2272 1777 2327 Iu-

198 2388 272 2440 ne,
298 2375 390 2445 qui
422 2375 495 2429 ad
521 2374 625 2429 hoc
645 2373 913 2444 pendebat
942 2388 975 2427 e
1005 2372 1175 2426 trabe.

195 2485 425 2545 Joannis
453 2488 900 2545 SARBSIEBIENSIS
928 2483 1244 2548 Policratici,
1273 2482 1376 2536 sive
1422 2480 1485 2535 de
1516 2479 1662 2551 nugis
1689 2496 1781 2534 cst-

552 2580 761 2633 rialium
792 2579 879 2632 lib.
907 2576 998 2643 ll,
1030 2592 1145 2647 cap.
1168 2572 1273 2629 XX
1290 2571 1417 2627 VII.

254 2696 468 2751 Doctor
496 2694 587 2748 ille
611 2691 926 2757 doctorum,
958 2699 1046 2745 cut
1095 2689 1149 2744 in
1203 2686 1439 2744 sacrario
1482 2686 1781 2741 litterarum

198 2789 272 2842 vix
298 2786 548 2857 aliquem
579 2784 755 2839 audeo
774 2797 1113 2853 comparare.

646 2894 796 2963 losl,
828 2896 916 2950 lib.
955 2893 1089 2959 VII,
1117 2910 1234 2964 cap.
1272 2892 1345 2948 Χ.

265 3014 467 3068 Doctor
509 3010 787 3066 doctorum
819 3009 1183 3082 Hieronymus.
1227 3009 1294 3065 Et
1326 3008 1414 3064 lib.
1447 3007 1632 3079 ¹1⁷111,
1666 3026 1781 3081 cap.

202 3102 368 3160 XIII.
403 3102 762 3159 Doctissimus
790 3113 939 3173 pater
963 3101 1322 3175 Hieronymus.

297 3216 645 3273 CODOFBIDUS
668 3214 1050 3279 V't'rsttsteivSts,
1081 3216 1309 3270 chronic.
1330 3224 1476 3284 parte
1499 3213 1552 3269 Χ
1564 3213 1662 3268 γι.

270 3305 594 3378 Scriptaque
626 3302 947 3374 Hieronymi,
994 3319 1113 3374 qua:
1142 3302 1324 3359 multis
1355 3306 1581 3359 contulit
1608 3304 1783 3373 annis,

271 3398 625 3454 licthleemita
653 3396 844 3451 domus
870 3396 1016 3450 misit
1044 3396 1096 3451 in
1126 3410 1287 3451 omne
1315 3396 1514 3452 solum.

357 3533 686 3588 Βεικκιωυε
716 3529 783 3585 1η
808 3530 1065 3585 Parabola
1093 3532 1156 3586 dc
1184 3532 1384 3588 Christo
1410 3544 1455 3587 et
1484 3532 1626 3589 Eccl.

274 3645 374 3701 Sed
431 3645 693 3700 continuo
734 3645 932 3715 egregii
984 3646 1148 3700 curia:
1194 3645 1512 3704 Christiana:
1566 3648 1784 3715 milites,

214 3736 498 3805 praevalere
516 3735 761 3791 videntes
779 3745 1007 3791 astutam
1032 3736 1228 3792 inimici
1244 3738 1520 3806 malitiam,
1546 3742 1789 3809 spiritum

217 3838 638 3899 resumpserunt.
666 3843 813 3882 arma
846 3827 970 3883 ﬁdei
996 3829 1395 3899 corripuerunt,
1425 3839 1480 3885 et
1508 3832 1705 3886 malutn
1723 3849 1791 3888 ex

217 3920 511 3990 semetipsis
533 3919 760 3975 viriliter
787 3918 1113 3985 auferentes,
1144 3919 1445 3975 Alexander
1464 3936 1586 3976 eum
1613 3923 1793 3978 multis

218 4010 387 4064 Arium
424 4031 441 4067 :
473 4010 806 4080 Augustinus
855 4009 1208 4065 Manicheum
1262 4012 1565 4083 multosque
1610 4013 1790 4070 alios:

220 4096 558 4173 Hieronymus
582 4102 901 4171 Epicureum
919 4102 1281 4171 Iovinianum,
1311 4106 1597 4176 ctetcriqne
1642 4116 1795 4164 ciete-

221 4209 300 4249 ras
321 4197 602 4251 haereseon
628 4204 683 4250 et
706 4195 1055 4252 sehismatnm
1100 4208 1275 4267 pestes
1304 4198 1677 4269 pervadentes,
1709 4200 1793 4256 vel

222 4282 425 4342 fortiter
446 4285 865 4349 trucidaverunt,
901 4288 981 4342 vel
1005 4288 1296 4358 prudenter
1321 4304 1352 4343 a
1377 4290 1568 4345 castris
1596 4306 1793 4360 propu-

223 4374 407 4445 lerunt,
447 4392 739 4448 pacemque
776 4376 1033 4433 Ecclesia:
1059 4388 1115 4435 et
1142 4379 1391 4450 gaudium
1422 4380 1794 4437 restituerunt.

227 4491 328 4546 Atio
354 4491 677 4547 VIENNENSIS
714 4490 767 4544 in
792 4489 1163 4564 Hartyrologio
1189 4494 1245 4550 ά.
1277 4492 1451 4548 XXX.
1480 4496 1797 4565 septembris.

290 4604 418 4662 ltem
443 4604 585 4676 apud
607 4604 881 4681 Bethleem
921 4603 1073 4660 Judm
1124 4605 1391 4675 depositio
1417 4605 1476 4663 S.
1502 4606 1802 4679 Hieronymi

227 4697 541 4769 presbyteri.
572 4695 667 4750 Hic
694 4704 849 4750 natus
884 4696 936 4749 in
958 4695 1154 4765 oppido
1181 4696 1479 4762 Stridonts,
1508 4699 1650 4768 quod
1683 4699 1804 4753 Dal-

230 4790 395 4843 matiae
439 4786 709 4857 quondam
741 4786 1138 4856 Pannonimque
1172 4785 1462 4847 conﬁnium
1508 4786 1627 4853 fuit,
1655 4797 1803 4858 patre

232 4872 475 4940 Eusebio,
508 4886 713 4931 vestem
756 4875 955 4949 Christi
977 4892 1108 4946 puer
1135 4876 1319 4931 Romae
1348 4876 1602 4947 suscepit,
1627 4876 1806 4947 ibique

233 4963 419 5024 litteris
460 4966 667 5023 Graecis
694 4982 759 5022 ae
799 4967 1000 5023 Latinis
1047 4982 1080 5023 a
1133 4969 1387 5037 primsevo
1414 4969 1654 5024 eruditus
1701 4979 1804 5025 est.

236 5056 511 5132 Postquam
538 5070 717 5115 autem
740 5075 900 5116 omne
918 5061 1310 5117 mundanarum
1339 5060 1573 5116 studium
1597 5062 1807 5117 littera-

238 5164 345 5207 rum
364 5154 593 5224 adeptus
617 5160 719 5217 est,
750 5153 1251 5222 prohatissimorum
1278 5168 1494 5224 quoque
1514 5152 1809 5209 monacho-

238 5255 346 5299 rum
372 5244 614 5299 habitum
644 5242 944 5313 factumque
965 5244 1202 5299 imitatus
1217 5253 1319 5309 est,
1348 5243 1603 5299 Romanae
1619 5246 1811 5301 Eccle-

240 5334 325 5390 size
361 5337 645 5407 presbyter
687 5335 1025 5405 postmodum
1072 5335 1375 5392 ordinatur.
1425 5336 1669 5408 Dumque
1716 5352 1812 5407 per

242 5426 520 5483 triennium
585 5427 899 5482 continuum
945 5427 1143 5483 chartis
1199 5438 1555 5499 acceptusque
1602 5429 1812 5500 populis

244 5528 598 5583 veneraretur,
628 5519 972 5588 omniumque
994 5518 1197 5587 judicio
1223 5519 1412 5589 dignus
1449 5534 1571 5574 esse
1605 5535 1815 5576 summo

246 5611 539 5667 sacerdotio
583 5608 985 5674 decerneretur,
1015 5607 1227 5678 quidam
1257 5624 1325 5663 ex
1350 5610 1668 5666 clericorum
1696 5627 1815 5666 mo-

1596 328 2028 389 TESTIMONIA.

3342 322 3452 379 222

1874 441 1963 513 qui
1988 448 2270 511 utrumque
2294 452 2481 495 eorum
2515 436 2757 493 scribens
2791 435 2975 492 vitium
3000 434 3449 508 deprehenderat,

1872 531 2092 589 insidias
2132 539 2479 602 paraverunt.
2516 529 2716 587 Verum
2769 530 2884 600 ipse
2935 539 3155 602 propter
3198 528 3451 585 cadorum

1870 639 2035 694 regna
2072 622 2313 686 domum,
2351 630 2618 691 parentes,
2669 635 2935 687 sororem,
2977 630 3250 690 cognatos.
3283 620 3452 675 Roma

1872 730 2141 787 egressus.
2171 715 2476 785 dereliquit,
2499 725 2555 769 et
2578 712 2968 784 Jerosulymam
2998 714 3320 768 militaturus
3342 713 3451 766 Deo

1873 821 2123 876 pergens,
2156 806 2328 875 primo
2383 805 2449 859 ad
2498 804 2813 873 Gregorium
2871 803 3283 864 Nazianzenum.
3326 813 3452 858 tunc

1872 894 2481 965 COIISlaltiilalOliL'lmB
2510 895 2660 949 urbis
2688 894 3031 963 Episcopum,
3065 895 3286 962 supplex
3317 893 3458 948 doci-

1875 987 2046 1057 lisque
2064 987 2359 1055 discipulus
2383 988 2629 1049 accessit,
2654 994 2711 1039 ut
2738 996 3036 1038 sanctarum
3064 983 3454 1053 Seripturarnm

1876 1077 2069 1134 studiis
2107 1076 2429 1147 erudiretur.
2463 1076 2589 1131 Inde
2613 1076 2665 1131 in
2692 1075 2903 1147 Syriam
2932 1075 3189 1144 perrexit,
3232 1076 3283 1129 iu
3334 1090 3459 1144 pos-

1875 1169 2117 1223 sessione
2145 1167 2353 1237 Evagrii
2384 1166 2682 1237 presbyteri
2733 1166 3120 1236 aliquantulum
3158 1180 3462 1220 eommora-
3536 1173 3541 1176 ’

1876 1267 1983 1314 tus.
2013 1258 2095 1314 Ad
2139 1257 2354 1313 deserta
2396 1257 2590 1313 deinde
2632 1256 2747 1312 loca
2782 1257 2853 1311 ita
2902 1256 3056 1312 hctus
3080 1258 3461 1325 accinctusque

1875 1348 2126 1413 accessit,
2156 1356 2214 1402 ut
2236 1347 2446 1402 volasse
2482 1362 2606 1402 eum
2637 1347 2828 1417 magis.
2857 1362 3014 1417 qttam
3047 1360 3256 1403 measse
3282 1346 3463 1402 crede-

1876 1453 1985 1495 res.
2009 1438 2429 1507 Quadriennium
2445 1439 2622 1509 itaque
2650 1439 2701 1493 iu
2731 1440 2818 1493 illa
2844 1448 2992 1493 vasta
3019 1438 3326 1505 solitudine,
3343 1453 3463 1508 quae

1876 1538 2065 1584 exusta
2114 1528 2243 1583 solis
2283 1528 2569 1584 ardoribus
2601 1527 2875 1584 horridum
2922 1529 3197 1585 monachis
3247 1538 3465 1600 praestat

1878 1618 2262 1685 habitaculum,
2292 1621 2508 1692 exegit:
2538 1620 2767 1691 indeque
2801 1620 2867 1675 ad
2897 1620 3176 1676 Bethleem
3206 1619 3462 1691 oppidum

1877 1712 2157 1775 remeavit,
2194 1711 2285 1766 ubi
2324 1711 2558 1781 prudens
2586 1712 2784 1766 animal
2806 1711 2872 1765 ad
2900 1726 3141 1781 pra-sepe
3166 1711 3377 1766 Domini
3403 1726 3463 1766 se

1878 1801 2074 1857 obtulit
2126 1816 2557 1872 permansurum.
2620 1799 3007 1855 Bibliothecam
3078 1816 3209 1857 sane
3271 1816 3463 1865 suam,

1878 1908 2040 1964 quam
2069 1892 2171 1948 sibi
2188 1906 2401 1947 summo
2417 1891 2595 1947 studio
2614 1892 2728 1961 ipse
2756 1891 3088 1956 condiderat,
3120 1889 3466 1959 omniumque

1881 1984 2144 2041 librorum
2172 1986 2446 2041 orationes
2468 2026 2483 2051 ,
2513 2000 2648 2056 quas
2674 2000 2810 2055 pene
2842 1986 3151 2039 memoriter
3179 1984 3462 2050 retinebat,

1879 2076 2079 2132 iterum
2109 2077 2375 2147 relegens,
2406 2076 2548 2130 diem
2573 2076 2793 2145 jejuniis
2812 2076 3039 2130 ducebat
3067 2075 3134 2130 ad
3163 2090 3461 2145 vesperam.

1882 2166 2073 2223 Plures
2101 2167 2169 2221 ad
2196 2182 2318 2220 eum
2351 2166 2721 2235 religiosorum
2748 2206 2764 2230 ,
2796 2166 2991 2235 quibus
3028 2167 3150 2220 vita:
3184 2167 3299 2234 ejus
3330 2167 3467 2220 fama

1883 2267 2153 2324 comperta
2179 2264 2284 2321 est,
2316 2256 2563 2325 pr0tinus
2591 2254 2995 2319 conﬂuxerunt,
3025 2254 3331 2324 bonumque
3371 2253 3469 2309 do-

1885 2354 2109 2411 ctorem,
2148 2359 2313 2413 parvo
2336 2344 2512 2398 adhuc
2541 2343 2642 2398 sub
2666 2344 2906 2414 tugurio,
2957 2344 3079 2397 boni
3103 2344 3466 2399 observavere

1885 2433 2154 2505 discipuli.
2196 2433 2305 2489 Nec
2338 2434 2509 2489 multo
2539 2444 2657 2504 post
2696 2434 2917 2490 cellulas
2947 2434 3017 2489 ibi
3066 2436 3139 2490 ob
3180 2435 3470 2505 discipulo-

1887 2541 2007 2581 rum
2035 2539 2252 2580 suorum
2281 2525 2490 2593 copiam
2522 2534 2577 2579 et
2614 2534 2833 2595 propter
2876 2523 3230 2593 frequentiam
3267 2525 3468 2581 adven-

1889 2620 2112 2673 tantium
2142 2618 2207 2671 ad
2234 2618 2687 2673 Bethleemitieam
2718 2626 2949 2687 portam,
2982 2634 3101 2688 qua:
3126 2616 3192 2671 ad
3214 2617 3467 2675 occiden-

1890 2716 1997 2763 tem
2056 2710 2350 2777 conspicit,
2399 2717 2454 2764 et
2498 2708 2896 2778 egredientibus
2942 2709 3007 2762 ad
3052 2710 3469 2778 septentrionem

1887 2800 2119 2868 videtur,
2149 2800 2425 2871 parvulum
2476 2799 2820 2855 habitationis
2869 2799 3119 2855 locellum
3150 2802 3467 2859 construxit.

1888 2892 2091 2961 Quibus
2129 2908 2259 2947 vero
2285 2893 2488 2947 nisibus
2521 2891 2803 2961 quantisve
2840 2891 3112 2946 laboribus
3159 2892 3469 2948 Ilebraicam

1887 2982 2122 3052 linguam
2150 2993 2310 3053 atque
2338 2981 2684 3037 Chaldaicam
2715 2982 3027 3049 litterasque
3059 2982 3309 3038 Hebrteas
3329 2982 3471 3039 didi-

1888 3076 2042 3140 cerit,
2074 3075 2258 3131 verbis
2282 3076 2399 3145 ejus
2428 3074 2658 3129 edicam.
2691 3073 2826 3128 Dum
2854 3088 3052 3141 essem,
3080 3085 3187 3128 etc.

1997 3208 2303 3273 Genaunos,
2334 3208 2397 3262 de
2412 3208 2656 3263 Arvernia
2684 3206 2754 3260 ad
2774 3203 2985 3261 leonem
3013 3205 3109 3262 Ab.
3132 3204 3364 3261 Cluniae.

1962 3339 2259 3410 Legitur'in
2302 3338 2520 3393 Patrum
2559 3337 2879 3394 Sanctorum
2906 3332 3310 3399 Collationibus.
3341 3350 3475 3405 quas

1893 3432 2161 3486 transtulit
2218 3429 2602 3501 Hieronymus,
2659 3428 2801 3500 quod
2845 3426 3079 3483 Joannes
3140 3424 3475 3497 Evangelista

1891 3522 2090 3577 Christi
2120 3522 2416 3591 discipulus
2444 3522 2713 3591 perdieem
2757 3519 3015 3575 tractabat
3041 3519 3308 3588 manibus,
3338 3518 3478 3575 divi-

1893 3616 1975 3670 nis
1997 3615 2191 3670 Studiis
2221 3613 2489 3686 fatigatus.

2001 3750 2288 3805 Nouimus
2316 3750 2369 3803 in
2398 3748 2772 3820 Hartyrologio
2793 3750 2861 3803 ad
2885 3748 2937 3802 Χ
2940 3749 3045 3803 XX
3054 3788 3068 3803 .
3100 3750 3370 3819 septembr.

1970 3880 2171 3936 Eodem
2218 3881 2307 3935 die
2360 3879 2498 3950 apud
2530 3879 2800 3934 Bethleem
2821 3879 2971 3934 Judze
2998 3878 3262 3948 depositio
3288 3877 3480 3933 Sancti

1898 3971 2197 4042 Hieronymi
2225 3970 2549 4040 Presbyteri.
2580 3968 2676 4023 llic
2707 3978 2863 4023 natus
2890 3970 2943 4022 in
2968 3970 3166 4038 oppido
3187 3968 3477 4031 Stridonis,

1898 4063 2039 4134 quod
2105 4062 2377 4117 Dalmatia:
2430 4060 2699 4129 quondam
2756 4059 3148 4129 Pannonitemtc
3189 4058 3478 4113 confinium

1902 4155 2021 4220 fuit,
2052 4165 2200 4224 patre
2231 4151 2482 4214 Eusebio,
2512 4159 2712 4203 vestem
2741 4148 2938 4203 Christi
2974 4166 3103 4218 puer
3145 4149 3329 4203 Roma:
3360 4164 3483 4204 sus-

1900 4246 2060 4316 cepit,
2091 4246 2268 4315 ibique
2295 4242 2488 4297 litteris
2531 4239 2733 4296 Crtecis
2788 4256 2852 4295 ac
2898 4240 3100 4295 Latinis
3143 4256 3174 4296 a
3233 4242 3486 4310 primaevo

1903 4337 2143 4393 eruditus
2174 4344 2294 4402 est,
2325 4334 2824 4406 probatissimorutn
2853 4348 3063 4404 quoque
3106 4331 3484 4388 Monachorum

1905 4429 2144 4485 habitum
2174 4429 2475 4499 factumque
2503 4426 2739 4481 imitatus
2767 4434 2887 4480 est:
2912 4424 3168 4479 Romana:
3193 4425 3354 4478 etiam
3384 4422 3486 4476 Ec-

1906 4523 2084 4578 clesia:
2109 4520 2389 4592 presbyter
2416 4520 2694 4574 ordinatus
2722 4525 3037 4573 cunctorum
3059 4515 3260 4585 judicio
3284 4513 3487 4584 dignis-

1906 4614 2074 4669 simus
2103 4626 2312 4667 summo
2333 4609 2635 4666 sacerdotio
2656 4622 2777 4663 esse
2802 4606 3133 4661 decernitur.
3179 4604 3287 4660 Sed
3342 4612 3489 4675 post-

1908 4718 2068 4774 quam
2094 4702 2407 4756 aemulornm
2440 4699 2637 4754 invidia
2660 4697 2829 4751 Roma
2855 4696 3117 4766 eIl'ugatus
3137 4703 3221 4750 est
3241 4736 3256 4760 ,
3284 4693 3493 4764 Grego-

1911 4794 2051 4848 rium
2079 4792 2466 4847 Nazianzenum
2496 4787 3144 4857 ConstantinOpolitanum
3171 4787 3492 4857 Episcopum

1912 4881 2150 4938 discendi
2177 4882 2347 4951 gratia
2366 4880 2549 4936 adivit.
2580 4879 2706 4935 lude
2730 4878 2939 4952 Syriam
2970 4880 3173 4950 petivit,
3195 4895 3258 4935 ac
3280 4878 3494 4934 deserta

1914 4974 2032 5029 loca
2081 4972 2345 5028 accedens
2386 4970 2697 5026 in'htirrida
2750 4971 3037 5026 solitudine
3087 4970 3493 5043 quadriennium

1913 5063 2111 5135 exegit.
2149 5063 2278 5118 Dein
2312 5062 2585 5119 Bethleem
2630 5061 2884 5133 oppidum
2923 5062 3109 5117 adiens
3154 5063 3205 5116 in
3256 5075 3495 5131 praesepe

1917 5154 2124 5210 Domini
2154 5153 2386 5225 prudens
2435 5168 2494 5210 se
2534 5154 2732 5209 animal
2784 5154 3010 5208 contulit
3061 5167 3487 5224 permansurum.

1918 5245 2143 5312 Quantis
2186 5244 2257 5299 ibi
2283 5245 2461 5299 denuo
2484 5244 2679 5315 vigiliis
2704 5244 3030 5315 jejuniisque
3056 5246 3326 5310 institerit,
3354 5244 3498 5315 quali

1919 5337 2167 5392 instantia
2199 5336 2543 5392 llehrmornm
2573 5337 2927 5394 Bibliothecas
2948 5338 3162 5393 auribus
3189 5337 3497 5392 Latinorum

1921 5426 2246 5492 inseruerit,
2279 5428 2423 5481 novit
2465 5427 2575 5492 ille,
2632 5427 2718 5483 cui
2748 5428 2972 5484 sudores
3017 5444 3146 5483 suos
3186 5428 3499 5481 immolavit.

1920 5517 2159 5574 Tandem
2179 5528 2297 5588 post
2322 5519 2611 5589 perfectam
2638 5520 2997 5590 placitamque
3016 5521 3123 5575 Deo
3142 5518 3491 5574 conversatio-

1924 5626 2087 5676 nem,
2150 5610 2497 5681 uonagesimo
2542 5622 2733 5666 octavo
2789 5612 2962 5666 tetatis
3012 5626 3123 5664 sua:
3176 5622 3317 5661 anno
3363 5606 3503 5675 apud

248 5701 642 5771 naehorumque
669 5699 946 5755 ordinibus
976 5714 1072 5768 pro
1102 5700 1386 5768 petulantia
1425 5716 1625 5769 proque
1649 5702 1818 5773 inglu—
1924 5701 2199 5757 Bethleem
2229 5701 2484 5772 Oppidum
2518 5702 2572 5756 in
2624 5716 2752 5772 pace
2804 5701 3023 5771 quievit,
3052 5697 3288 5753 secundo
3312 5696 3504 5751 Kalen-

250 5793 328 5851 vle
349 5796 735 5861 discursantes,
773 5791 839 5849 ad
870 5790 1207 5865 eﬂ‘ugandum
1251 5791 1391 5848 Urbe
1425 5791 1813 5875 Hieronymum,

1929 5793 2027 5851 das
2052 5792 2297 5852 Octobris
2319 5832 2338 5863 ,
2391 5792 2709 5857 duodecimo
2757 5791 2977 5853 Honorii
3023 5790 3364 5862 Imperatoris
3406 5806 3504 5844 an-
