4052 6338
497 322 603 379 2‘23

499 454 589 494 no.
614 437 804 492 Libros
826 446 952 488 suos
980 444 1078 503 per
1099 429 1480 503 quinquaginta
1520 435 1574 485 et
1609 442 1703 485 sex
1756 443 1931 484 annos
1954 440 2084 482 con-

500 529 645 583 fecit.

497 620 837 675 LAUREN‘I‘IUS
878 617 1214 674 Jusrmmus
1240 615 1294 670 in
1325 613 1576 689 Operibus
1618 629 1738 684 pag.
1780 608 1908 667 680.
1955 608 2086 664 Ser-

572 729 721 767 mone
742 710 797 765 in
823 709 1141 765 solemnitate
1166 707 1441 763 beatissimi
1471 703 1776 775 Hieronymi
1802 702 2023 757 doctoris
2040 707 2088 754 et

572 803 907 874 Confessoris.

571 896 630 950 In
703 893 1046 949 tabernaculo
1099 890 1374 969 Spirituali
1434 887 1699 959 gloriosus
1744 885 2087 951 Hieronymus

501 1001 766 1041 summum
793 984 1013 1039 sortitus
1030 992 1113 1039 est
1128 983 1330 1037 locum.
1348 981 1536 1049 merito
1560 978 1754 1049 quippe
1785 977 1933 1031 illum
1960 975 2095 1030 colit

502 1078 784 1140 Ecclesia,
841 1075 930 1145 qui
983 1090 1100 1129 eam
1148 1070 1394 1143 scientia:
1446 1070 1741 1124 munimine
1780 1066 2088 1133 custodivit,

502 1169 757 1240 protexit,
787 1175 842 1221 et
885 1163 1036 1220 fovit.
1084 1164 1214 1219 Erat
1257 1160 1495 1232 proiecto
1538 1159 1784 1214 columna
1815 1165 2085 1228 argentea,

501 1272 702 1332 erecta,
755 1262 964 1334 fulgens
1008 1270 1064 1317 et
1101 1259 1294 1317 solida.
1324 1257 1601 1329 Tanquam
1650 1254 1899 1308 columna
1928 1264 2091 1319 super

503 1355 661 1409 bases
686 1368 877 1409 aureas
897 1351 1112 1407 fundata
1138 1364 1290 1405 mens
1311 1348 1450 1402 illius
1469 1342 1773 1415 erigebatur
1790 1342 1841 1395 in
1869 1339 2099 1407 ctelum,‘

505 1446 627 1502 εωιί
657 1446 759 1501 alta
790 1445 1121 1516 penetrabat,
1156 1451 1212 1497 ut
1237 1441 1414 1495 lumen
1442 1437 1683 1493 veritatis
1721 1432 2098 1511 intuereturin

504 1540 725 1594 lumine.
773 1537 1056 1605 Nunquam
1113 1545 1288 1590 tamen
1344 1531 1570 1611 imbrem
1617 1528 1878 1599 potuisset
1921 1541 1987 1581 ex
2032 1539 2092 1581 se

506 1630 751 1698 proferre
792 1629 1084 1694 doctrinae,
1135 1626 1235 1680 nisi
1268 1625 1319 1678 in
1351 1621 1662 1678 cmlestibns
1686 1627 1741 1674 et
1766 1619 1880 1689 ipse
1906 1616 2094 1672 fuisset

508 1721 760 1773 imbutus.
792 1717 840 1772 F
842 1735 933 1772 om
955 1731 1184 1785 namque
1208 1714 1473 1786 sapientia:
1523 1708 1739 1765 Verbum
1780 1708 1880 1787 Dei
1906 1709 1961 1763 in
2006 1723 2094 1762 ea:-

507 1807 653 1862 celsis
682 1818 775 1875 est,
806 1817 851 1861 et
877 1808 1131 1878 ingressus
1151 1805 1289 1860 illius
1312 1803 1552 1859 mandata
1580 1815 1770 1856 (eterna
1798 1816 1817 1856 :
1846 1799 1914 1855 ad
1942 1790 2105 1854 illum'

507 1898 775 1970 diligendo
825 1898 1214 1968 prepinquans,
1271 1895 1549 1965 sapientia:
1587 1892 1787 1947 ﬂuenta
1828 1890 2091 1961 percepit.

510 1989 639 2042 Nam
673 1989 965 2048 secundum
992 1990 1172 2043 datum
1197 1997 1253 2043 et
1279 1986 1667 2056 beneplaeitum
1695 1983 1864 2055 ipsius
1892 1983 2095 2052 praebet

509 2081 654 2136 illam
684 2082 826 2136 Deus
851 2080 1196 2153 diligentibus
1222 2093 1302 2134 se.
1331 2078 1448 2133 Non
1473 2078 1615 2132 enim
1641 2074 1762 2130 talis
1787 2084 1888 2141 est,
1918 2075 2004 2130 illa
2027 2074 2096 2131 de

508 2191 611 2244 qua
642 2176 928 2245 loquimur,
956 2174 1216 2246 sapientia
1236 2216 1250 2238 ,
1274 2183 1331 2228 ut
1360 2173 1597 2227 humano
1636 2171 1813 2226 valeat
1839 2168 2095 2223 vindicari

415 2293 418 2296 ~
510 2265 747 2335 ingenio,
778 2266 1097 2336 impetratur
1113 2263 1386 2334 precibus,
1414 2262 1593 2317 cordis
1617 2260 1854 2343 puritate
1870 2257 2096 2327 suscipi-

509 2365 617 2423 tur,
652 2357 952 2412 humilitate
981 2356 1301 2412 custoditur.
1329 2353 1532 2423 Nempe
1564 2353 1618 2408 in
1647 2352 1943 2408 malevolam
1986 2352 2099 2405 ani-

512 2463 648 2500 mam
670 2464 769 2501 non
795 2447 1021 2501 introibit
1043 2446 1316 2518 sapientia,
1340 2461 1498 2515 neque
1528 2442 1772 2500 habitabit
1809 2445 1863 2497 in
1888 2459 2099 2513 corpore

512 2536 710 2589 subdito
737 2538 973 2606 peccatis.
1014 2537 1306 2591 Tumorem
1348 2535 1925 2601 evacuet,.criminum
1957 2537 2098 2589 iaces

513 2626 715 2692 abluat,
741 2627 1027 2696 gemitibus
1072 2627 1350 2681 Dominum
1377 2626 1696 2696 deprecetur
1718 2667 1734 2692 ,
1779 2625 1870 2696 qui
1904 2624 2098 2680 divinae

515 2719 791 2788 sapientiae
811 2719 957 2789 cupit
992 2720 1270 2774 veritatem
1297 2733 1646 2789 cognoscere.
1677 2715 1898 2785 Quantis
1928 2714 2097 2788 (oro)

519 2809 607 2865 hic
628 2821 843 2865 sanctus
869 2809 1355 2877 exhortationibus,
1383 2811 1598 2881 quantis
1628 2807 1902 2880 proﬂuviis
1927 2808 2103 2881 lacry-

518 2917 746 2970 marum,
771 2903 984 2973 quantis
1011 2902 1306 2974 vigiliarum
1330 2902 1626 2970 laboribus,
1643 2912 1909 2971 quantave
1934 2900 2103 2955 humi-

516 2994 681 3050 litatis
710 2995 907 3049 virtute
928 2996 1127 3049 mentis
1152 3008 1264 3048 suae
1294 2990 1917 3063 mundabathospitium,
1951 2999 2007 3045 ut
2029 2990 2103 3045 di-

516 3100 652 3156 gnus
680 3086 955 3155 sapientia:
979 3084 1337 3142 contubernio
1367 3083 1692 3140 traheretur?
1716 3081 1922 3154 Nempe
1953 3082 2101 3137 illam

518 3176 857 3247 concupivit,
885 3178 1154 3249 quaesivit,
1184 3179 1387 3233 invenit
1413 3188 1469 3233 et
1499 3178 1703 3243 tenuit,
1725 3186 1884 3248 atque
1908 3175 2102 3231 castis-

521 3268 673 3323 simis
711 3270 854 3325 illius
896 3281 980 3327 est
1009 3270 1209 3340 potitus
1254 3269 1633 3339 amplexibus:
1664 3267 1807 3323 unde
1853 3277 2105 3336 tanquam

522 3358 850 3415 amicissimo
880 3359 979 3414 sibi
1012 3361 1216 3417 incerta
1257 3368 1317 3415 et
1352 3359 1571 3414 occulta
1607 3360 1946 3431 eloquiomm
1975 3373 2102 3414 san-

521 3462 727 3508 ctorum
756 3454 1009 3525 mysteria
1057 3453 1321 3510 resumit
1366 3454 1666 3521 innumera.
1715 3453 1908 3508 Factus
1948 3451 2107 3521 plane

523 3552 640 3599 erat
667 3559 737 3600 ex
776 3544 991 3599 uidua
1019 3545 1367 3600 meditatione
1409 3544 1808 3614 Scripturarum
1848 3542 2103 3612 templum

524 3635 641 3699 Dei,
660 3635 936 3705 sapientia:
956 3635 1135 3701 sedes,
1159 3635 1405 3691 Paracliti
1426 3635 1687 3700 minister,
1708 3650 1804 3690 vas
1825 3632 2101 3698 mundum,

524 3724 713 3781 aeterni
742 3726 963 3791 luminis
984 3735 1255 3793 ostensor,
1280 3728 1520 3783 scientiae
1540 3727 1926 3797 magisterium,
1946 3733 2107 3795 atque

524 3817 835 3888 angelorum
864 3819 1123 3874 imitator.
1165 3817 1405 3889 Corpore
1448 3833 1680 3889 namque
1726 3818 2006 3874 tenebatur
2051 3817 2107 3871 in

524 3910 701 3975 terris,
730 3925 789 3965 re
816 3919 995 3965 autem
1034 3926 1162 3967 vera
1189 3919 1368 3965 mente
1392 3909 1812 3967 eonversabatur
1850 3909 1902 3963 in
1931 3908 2106 3965 oculis.

524 3999 733 4058 Scalam
781 4019 1011 4074 namque
1031 4004 1132 4058 sibi
1170 4011 1541 4059 construxerat
1560 4002 2107 4073 Spiritualem;eujns

523 4109 779 4150 cacumen
829 4093 1078 4164 tangebat
1132 4094 1321 4160 caelos,
1356 4109 1451 4164 per
1483 4108 1642 4163 quam
1693 4107 1946 4149 ascensus
1996 4091 2108 4147 l're-

525 4185 819 4255 quentabat
856 4194 910 4238 et
935 4184 1250 4240 descensus.
1284 4183 1628 4239 Ascendebat
1665 4186 1849 4253 utique
1876 4192 2110 4239 eontem-

528 4276 724 4346 plando
750 4277 986 4331 ctelcstia
1011 4318 1026 4342 ,
1057 4292 1121 4331 ac
1146 4274 1457 4330 meditando
1482 4276 1660 4330 divina
1693 4293 1708 4330 :
1754 4275 2111 4333 descendebat

538 4380 742 4439 autem,
786 4385 905 4429 cum
939 4371 1186 4440 exigente
1220 4382 1378 4423 causa
1425 4368 1524 4424 sibi
1568 4367 1866 4439 indulgeret
1910 4377 1966 4424 et
1994 4384 2112 4439 pro-

538 4465 708 4519 ximo.
739 4461 954 4518 Talibus
976 4462 1170 4532 quippe
1206 4459 1396 4517 studiis
1414 4468 1661 4515 assuetus
1686 4459 1943 4530 singulari
1970 4460 2111 4517 inter

530 4552 776 4608 homines
814 4554 1031 4608 emicuit
1059 4554 1374 4618 sanctitate,
1420 4550 1583 4606 veluti
1627 4549 1833 4620 lampas
1862 4566 2108 4619 accensa,

530 4652 688 4712 atque
738 4644 1005 4713 perlucida
1035 4658 1251 4699 omnem
1281 4642 1499 4697 domum
1527 4641 1812 4697 illustravit
1844 4642 2108 4698 ecclesim.

533 4734 742 4805 Ubique
770 4734 1020 4789 bonitatis
1043 4736 1183 4789 illius
1209 4735 1452 4791 radiante
1478 4734 1767 4807 Splendore
1790 4734 2110 4790 nominatis-

531 4826 698 4882 simus
722 4823 1039 4879 habebatur.
1068 4825 1198 4892 Quis
1229 4827 1281 4880 in
1316 4826 1568 4881 Ecclesia:
1583 4825 1788 4897 gremio
1813 4824 2111 4897 Hieronymi

532 4932 639 4971 non
660 4925 742 4971 est
779 4915 1018 4969 eruditus
1039 4915 1260 4971 scientia
1280 4915 1304 4968 ‘l
1324 4914 1454 4981 Quis
1480 4916 1604 4971 vitae
1626 4916 1769 4973 illius
1798 4931 1905 4972 non
1955 4916 2113 4972 editi-

534 5018 684 5064 catus
714 5005 1006 5075 exemplo?
1029 5007 1158 5074 Quis
1202 5023 1306 5061 non
1337 5015 1421 5062 est
1451 5008 1619 5077 ipsius
1648 5009 2111 5078 implorationibus

530 5099 853 5157 roboratus?
878 5098 1112 5154 Eli‘ectus
1142 5107 1224 5153 est
1248 5098 1550 5153 communis
1580 5109 1751 5169 pater,
1780 5099 1871 5154 lux
1901 5100 2109 5167 mundi,

535 5190 879 5246 annuutiator
902 5189 1077 5260 regni,
1105 5188 1287 5242 saeculi
1315 5188 1665 5257 inlerventor,
1689 5191 1963 5261 speculum
1986 5207 2112 5248 san-

535 5283 754 5350 ctitatis,
804 5282 1056 5337 virtutum
1108 5279 1659 5347 iorma,ettidelium
1707 5282 2111 5342 robustissimus

534 5366 918 5448 propugnator.
944 5373 1147 5442 Nempe
1169 5372 1285 5427 sine
1314 5373 1587 5442 sanguinis
1610 5373 1872 5433 etfusione
1902 5376 2106 5447 glorio-

531 5484 650 5524 sum
676 5467 915 5540 martyrii
947 5462 1272 5539 triumphum
1297 5463 1545 5518 obtinuit.
1576 5463 1730 5532 Quod
1754 5468 1896 5521 enim
1934 5469 2110 5523 carni-

532 5565 650 5620 ﬁcis
700 5577 959 5620 mucrone
987 5575 1097 5617 non
1134 5557 1389 5632 pertulit,
1431 5556 1536 5613 hoc
1561 5558 1618 5612 in
1644 5558 1823 5629 seipse
1853 5561 2113 5619 castitatis

532 5673 718 5715 amore
760 5657 1065 5729 complevit.
1117 5653 1161 5712 Ο
1203 5654 1417 5726 quoties
1459 5668 1581 5724 ego,
1609 5652 1800 5726 inquit,
1831 5654 1887 5711 in
1928 5670 2112 5714 eremo

533 5754 874 5821 constitutus,
903 5762 958 5810 et
980 5752 1033 5810 in
1056 5752 1145 5809 illa
1162 5761 1310 5811 vasta
1345 5753 1635 5811 solitudine
1652 5794 1667 5821 ,
1694 5768 1814 5826 quae
1839 5751 2113 5812 horridum

1798 304 2110 369 SELECTA
2151 304 2481 369 VETERUM

2138 1444 2153 1583 ἱ

3668 318 3781 377 εει

2188 427 2468 484 monachis
2500 438 2717 501 prastat
2743 431 3134 504 habitaculum,
3188 435 3449 495 Romanis
3495 454 3584 496 me
3614 452 3778 512 puta-

2187 518 2310 574 ham
2343 521 2606 606 interesse
2633 522 2858 593 deliciis.
2893 524 3157 583 Sedebam
3181 528 3350 595 solus,
3399 531 3488 600 qui
3516 534 3780 589 amaritu-

2188 608 2313 664 dine
2338 610 2532 680 plenus
2560 628 2729 668 eram.
2782 614 3085 672 llorrcbant
3127 633 3286 674 sacco
3318 620 3557 693 membra
3595 622 3780 678 defor-

2172 700 2317 766 mia,
2346 710 2400 756 et
2449 703 2691 773 squalida
2735 706 2872 761 cutis
2908 706 3232 779 jEtliiopica:
3276 712 3454 767 carnis
3483 714 3646 769 situm
3673 717 3785 771 obs

2190 790 2435 845 duxerat.
2458 792 2712 860 Quotidie
2756 795 3002 868 lacrymze
3028 815 3042 864 ;
3082 800 3320 869 quotidie
3345 802 3613 872 gemitus;
3642 817 3698 861 et
3732 808 3782 863 si

2190 881 2406 950 quando
2434 895 2817 954 repugnantem
2850 902 2936 942 me
2966 904 3187 946 somnus
3225 893 3510 950 imminens
3554 874 3795 967 oppres?

2191 973 2371 1039 sisset,
2395 974 2553 1029 nuda:
2584 976 2747 1031 humo
2770 978 2865 1032 vix
2885 993 3005 1034 ossa
3034 980 3288 1037 limrentia
3317 985 3660 1041 collidebam.
3686 989 3783 1045 Ille

2194 1062 2354 1133 igitur
2400 1079 2521 1136 ego,
2553 1068 2641 1137 qui
2667 1068 2736 1124 ob
2763 1068 3019 1139 gehennae
3066 1084 3266 1129 metum
3315 1076 3405 1130 tali
3436 1094 3523 1133 me
3557 1094 3782 1138 carcere

2192 1153 2590 1224 damnaveram,
2617 1162 2956 1230 scorpionum
2985 1172 3188 1218 tantum
3224 1169 3399 1222 socius
3419 1176 3476 1224 et
3517 1169 3779 1240 ferarum,

2193 1245 2373 1300 choris
2395 1248 2675 1303 intereram
2698 1252 3013 1320 puellarum.
3039 1254 3269 1311 Videsne
3282 1269 3479 1327 quanta
3497 1261 3662 1316 animi
3687 1279 3781 1318 so-

2195 1335 2401 1392 liditate
2419 1339 2647 1395 viriliter
2667 1344 2973 1411 pugnaverit
2990 1352 3175 1400 contra
3195 1350 3292 1403 se?
3322 1349 3423 1404 sibi
3443 1353 3665 1410 minime
3687 1371 3781 1425 pe—

2194 1428 2362 1497 percit
2384 1437 2442 1483 ut
2470 1442 2730 1501 parceret.
2759 1435 2892 1513 Dum
2911 1436 3050 1490 enim
3077 1447 3261 1493 contra
3278 1455 3336 1495 se
3358 1441 3526 1498 factus
3545 1454 3630 1501 est
3653 1460 3779 1501 cru-

2194 1518 2329 1573 delis
2349 1529 2402 1575 et
2431 1522 2652 1591 rigidus,
2674 1524 2867 1580 suimet
2883 1528 3104 1583 ellectus
3128 1540 3210 1585 est
3233 1531 3586 1603 triumphator
3628 1552 3784 1607 egre-

2146 1586 2161 1711 3
2193 1608 2331 1679 gius.
2360 1611 2471 1666 Hoc
2486 1614 2627 1667 enim
2655 1624 2734 1670 est
2755 1619 3024 1687 singulare
3042 1586 3587 1705 tropharum,ebroem
3622 1586 3784 1697 ειῖίτί-

2197 1703 2293 1770 tni,
2326 1704 2678 1777 spiritumque
2732 1709 2978 1779 subigere
3013 1703 3277 1769 conditori
3307 1732 3322 1770 :
3362 1731 3632 1788 nunquam
3670 1719 3783 1776 Deo

2195 1794 2316 1862 quis
2364 1797 2558 1863 poterit
2610 1811 2729 1854 esse
2750 1801 3037 1872 subjectus,
3071 1804 3157 1874 qui
3189 1806 3353 1861 menti
3379 1822 3490 1863 sua:
3512 1810 3784 1881 imperare

2198 1885 2513 1953 nequiverit.
2544 1885 2679 1941 Hinc
2709 1898 2821 1955 est,
2878 1893 3018 1961 quod
3064 1903 3273 1951 amator
3313 1896 3404 1953 Dei
3444 1897 3605 1955 debet
3633 1903 3785 1972 prius

2196 1991 2317 2031 esse
2372 1985 2581 2032 amator
2620 1980 2853 2035 virtutis.
2910 1983 3000 2038 Dei
3053 2001 3283 2058 namque
3311 1987 3527 2046 dilectio
3570 1990 3785 2050 virtutis

2197 2069 2376 2124 studio
2405 2074 2805 2141 comprobatur.
2837 2073 2986 2131 Tolle
3007 2091 3037 2132 a
3058 2080 3222 2134 corde
3243 2080 3515 2150 virtutem,
3547 2093 3603 2137 et
3641 2085 3783 2139 cari-

2199 2163 2323 2217 tatis
2339 2163 2627 2220 aedilicium
2658 2166 2973 2224 collabetur.
2994 2169 3201 2228 Caritas
3230 2174 3250 2244 (
3275 2174 3445 2246 inquit
3469 2177 3782 2251 Apostolus)

2200 2257 2410 2326 patiens
2436 2266 2538 2324 est,
2564 2258 2791 2331 benigna
2810 2271 2912 2330 est,
2944 2280 3047 2319 non
3078 2267 3187 2338 agit
3214 2283 3493 2339 perperam
3520 2286 3534 2336 ;
3566 2287 3675 2327 non
3703 2281 3789 2339 est

2200 2347 2505 2413 ambitiosa,
2538 2365 2641 2405 non
2666 2352 2900 2419 inﬂatur,
2922 2369 3027 2409 nou
3056 2358 3253 2427 cogitat
3281 2338 3496 2424 malum,
3524 2377 3629 2416 non
3655 2338 3789 2433 gan;

2202 2437 2294 2494 det
2335 2454 2499 2510 super
2526 2440 2899 2511 iniquitatem,
2941 2448 3248 2517 congaudct
3300 2450 3554 2517 veritati,
3605 2454 3786 2510 omnia

2202 2540 2393 2600 potest,
2412 2532 2595 2587 omnia
2616 2534 2808 2602 credit,
2826 2539 3005 2593 omnia
3027 2541 3272 2596 sustinet.
3287 2542 3495 2598 Caritas
3512 2561 3785 2616 nunquam

2204 2627 2420 2681 excidit.
2455 2626 2791 2685 Aimulemnr
2817 2631 3035 2701 itaque,
3085 2632 3441 2701 dilectissimi,
3486 2638 3785 2707 caritatem,

2204 2730 2362 2785 quam
2395 2718 2496 2772 iste
2516 2759 2530 2782 ,
2570 2718 2639 2773 de
2667 2735 2774 2790 quo
2802 2721 3091 2792 loquimur,
3121 2727 3401 2781 aemulatus
3428 2738 3511 2783 est
3537 2728 3786 2786 Sanctus.

2207 2806 2310 2861 Per
2356 2806 2523 2878 ipsam
2556 2812 2753 2882 quippe
2804 2811 2902 2868 fuit
2952 2815 3156 2871 mundo
3201 2817 3523 2885 sublimior,
3567 2820 3790 2875 Diabolo

2209 2897 2544 2967 prudentior,
2568 2901 2748 2971 seipse
2772 2903 3080 2973 robustior,
3112 2916 3394 2978 morteque
3423 2908 3635 2966 fortior.
3679 2912 3792 2968 liae

2206 2990 2475 3059 prmeipue
2499 2990 2785 3049 decoratus
2817 2998 3200 3053 tentationibus
3222 3016 3327 3054 non
3357 3001 3549 3067 cessit,
3577 3017 3686 3058 non
3711 3012 3794 3059 est

2208 3080 2488 3138 lacessitus
2517 3084 2723 3155 injuriis
2743 3127 2758 3151 ,
2806 3102 2910 3142 non
2944 3090 3372 3147 aemulationibus
3399 3091 3596 3149 fractus
3622 3135 3638 3162 ,
3683 3111 3791 3149 non

2207 3177 2385 3229 carnis
2405 3187 2703 3243 prostratus
2720 3180 3006 3246 illecebris,
3028 3197 3132 3235 non
3167 3183 3452 3239 inlatnatus
3477 3185 3788 3250 honoribus,

2209 3281 2321 3320 nu
2348 3266 2523 3322 etans
2559 3267 2833 3337 laudibus,
2884 3286 3059 3341 neque
3088 3272 3358 3328 laboribus
3388 3273 3660 3344 fatigatus,
3697 3275 3791 3331 sed

2208 3360 2505 3427 permansit
2539 3360 2702 3415 corde
2730 3362 2981 3429 mundus,
3013 3350 3317 3420 humilitate
3340 3366 3615 3432 excelsis,
3643 3368 3790 3437 puri-

2211 3458 2318 3505 tate
2342 3452 2688 3521 conspicuus,
2710 3454 2960 3510 castitate
2977 3455 3221 3526 insignis,
3240 3456 3552 3513 fortitudine
3576 3462 3797 3528 insupe-

2210 3542 2412 3609 rabilis,
2445 3546 2728 3599 autoritate
2755 3556 2952 3613 cretus,
2975 3556 3152 3605 mente
3173 3548 3420 3616 devotus,
3444 3550 3791 3620 omniumque

2211 3635 2466 3688 virtutum
2498 3634 2733 3689 candore
2776 3636 3020 3691 vestitus.
3065 3637 3232 3692 Totus
3280 3638 3433 3710 plane
3482 3640 3606 3694 vitae
3652 3640 3793 3694 illius

2210 3723 2470 3779 decursus
2497 3722 2817 3781 Christiana:
2843 3728 3117 3798 religionis
3143 3737 3225 3784 est
3269 3731 3566 3801 speculum.
3598 3729 3791 3801 Jugnm

2210 3816 2352 3868 enim
2386 3815 2595 3869 Domini
2625 3816 2693 3869 ab
2721 3816 2835 3886 ipsa
2887 3819 3104 3874 ineunte
3133 3830 3289 3875 aetate
3320 3821 3585 3889 portavit,
3627 3820 3793 3877 Littc~

2210 3920 2388 3959 rarum
2435 3917 2738 3961 sanctarum
2767 3918 3001 3963 sectatus
3030 3920 3115 3965 est
3157 3912 3350 3973 studia.
3385 3910 3455 3965 ita
3486 3923 3540 3967 ut
3572 3913 3793 3967 scientia

2213 3994 2646 4066 incomparabilis
2673 3998 2981 4065 haberetur,
3000 4001 3221 4059 aridum
3260 4002 3514 4057 mundum
3547 4006 3791 4065 calcavit.

2211 4103 2330 4142 cum
2362 4088 2492 4144 ﬂore
2518 4090 2756 4157 domum,
2777 4093 3023 4162 patriam,
3050 4104 3299 4163 parentes
3316 4093 3604 4165 reliquens,
3625 4095 3794 4150 Roma

2212 4192 2462 4248 egressus
2489 4181 2654 4235 eremi
2684 4180 2896 4236 deserta
2930 4185 3246 4252 penetravit.
3280 4182 3448 4238 Nemo
3472 4184 3564 4239 illo
3586 4186 3636 4239 in
3662 4186 3797 4239 divi-

2213 4284 2405 4325 norum
2432 4272 2764 4341 eloquiorum
2788 4275 3162 4345 explanatione
3191 4276 3390 4343 utilior,
3420 4278 3597 4331 nullus
3611 4289 3795 4332 contra

2212 4375 2407 4431 corpus
2453 4365 2727 4433 proprium
2756 4365 2874 4435 ipso
2901 4367 3186 4421 austerior.
3226 4367 3358 4435 Quis
3385 4367 3437 4422 in
3464 4369 3795 4439 corrigendis

2212 4455 2505 4511 sceleribus
2528 4456 2625 4511 fuit
2658 4472 2724 4512 eo
2748 4458 3035 4513 audacior?
3061 4459 3339 4529 ignorabat
3368 4475 3587 4529 prorsus
3614 4462 3793 4515 homi-

2213 4566 2309 4606 nes
2330 4550 2563 4607 mulcere
2579 4552 2868 4621 blanditiis,
2888 4552 3165 4609 nesciebat
3182 4552 3306 4607 vitia
3327 4553 3544 4622 palliare
3559 4553 3794 4621 silentio,

2212 4643 2380 4697 nimio
2407 4642 2572 4698 divini
2601 4644 2800 4699 amoris
2824 4644 2939 4700 zelo
2966 4658 3279 4700 succensus.
3300 4645 3430 4698 Erat
3458 4643 3695 4713 profecto
3725 4646 3798 4698 si-

2212 4744 2303 4789 cut
2332 4735 2616 4802 malorum,
2648 4735 2718 4790 ita
2744 4745 2800 4791 et
2820 4738 2903 4792 sui
2924 4740 3219 4793 acerrimus
3243 4735 3552 4792 insectator.
3587 4736 3720 4791 Nam
3747 4747 3800 4792 et

2214 4826 2430 4880 minima
2456 4825 2649 4882 delicta
2675 4826 2810 4882 adeo
2839 4827 3092 4898 lacrymis
3113 4823 3340 4897 rigando
3367 4828 3627 4897 tergebat,
3660 4836 3718 4881 nt
3754 4828 3797 4881 si

2213 4918 2333 4987 quis
2374 4932 2479 4974 non
2532 4926 2846 4989 agnosceret
2895 4918 3065 4987 illum,
3118 4929 3457 4990 peccatorum
3506 4918 3799 4972 maximum

2216 5009 2598 5082 Hieronymum
2626 5025 2748 5067 esse
2782 5010 3054 5065 fateretur.
3085 5010 3327 5081 Denique
3379 5023 3540 5065 omne
3583 5009 3797 5066 vivendi

2218 5110 2426 5170 tempus
2463 5101 2724 5156 indultum
2766 5101 2846 5155 sic
2888 5100 3121 5156 ﬁdeliter
3167 5101 3594 5168 consummavit,
3644 5100 3796 5171 quasi

2215 5204 2360 5251 esset
2400 5194 2637 5265 quotidie
2672 5194 2988 5248 moriturus.
3033 5195 3294 5264 Pugnavit
3315 5196 3513 5265 quippe
3561 5188 3793 5260 fortiter,

2214 5288 2346 5343 vixit
2372 5294 2755 5356 temperanter,
2779 5293 3127 5340 conversatus
3177 5292 3258 5340 est
3277 5284 3443 5354 jnste,
3488 5293 3545 5341 et
3567 5286 3799 5356 prudens

2217 5382 2420 5438 tissime
2450 5377 2772 5448 perduravit.
2805 5377 3012 5431 Bonum
3054 5376 3331 5446 religionis
3372 5386 3575 5432 sancta:
3619 5386 3796 5432 certa-

2216 5488 2339 5530 men
2354 5469 2593 5535 certavit,
2607 5482 2820 5523 cursum
2849 5468 3291 5538 peregrinationis
3303 5480 3437 5531 suat,
3460 5466 3798 5523 laudabiliter

2215 5562 2443 5621 vivendo
2462 5561 2882 5626 consummavit,
2909 5559 3068 5614 ﬁdem
3100 5568 3301 5614 rectam
3330 5559 3560 5615 Domino
3583 5560 3799 5616 Christo

2218 5650 2614 5728 perseverando
2640 5652 2890 5717 servavit,
2924 5651 3106 5721 sicque
3131 5650 3184 5706 in
3211 5658 3489 5706 senectute
3517 5651 3658 5706 bona
3688 5651 3799 5720 ple-

2219 5762 2321 5805 nus
2343 5746 2573 5816 dierum,
2598 5744 2806 5803 meritis
2830 5744 3090 5815 locuples,
3116 5742 3497 5804 celeberrimus
3514 5743 3798 5802 sanctitate
