4052 6338
197 333 302 393 9.25

199 449 524 508 obdormivit
563 447 613 501 in
641 444 884 508 Domino,
908 440 1179 512 appositus
1206 435 1272 491 ad
1302 440 1478 506 patres
1508 445 1658 497 suos,
1685 443 1775 483 as-

201 544 434 599 sociatus
458 540 689 610 angelis,
721 545 1006 593 coronatus
1034 551 1061 587 a
1088 532 1304 588 Christo
1332 526 1587 584 Ecclesiae
1613 538 1777 593 Spon-

200 652 278 702 so,
311 637 400 704 qui
431 643 514 689 est
545 634 686 687 Deus
733 645 896 700 super
927 625 1105 682 omnia
1127 622 1441 679 benedictus
1487 619 1542 673 in
1583 615 1777 671 saecula

197 728 534 783 smculorum.
560 725 753 777 Amen.

424 857 512 912 Jo.
547 858 711 910 Barr.
746 854 984 906 PLATINA
1029 849 1081 902 in
1129 845 1425 900 Innocentio
1467 841 1518 896 l.

266 971 468 1027 Eodem
527 981 740 1038 quoque
804 972 1043 1032 tempore
1101 959 1445 1026 Hieronymus
1497 951 1778 1022 presbyter

202 1065 255 1120 in
277 1061 555 1118 Bethleem
583 1056 852 1120 habitans,
886 1051 1096 1122 ingenio
1125 1065 1188 1105 ac
1207 1046 1450 1103 facundia
1484 1042 1680 1098 Christi
1713 1040 1778 1092 fi-

203 1153 345 1216 dem,
371 1150 566 1205 mirum
598 1146 651 1201 in
695 1145 916 1200 modum
943 1143 1086 1197 auxit
1117 1156 1131 1193 :
1159 1137 1302 1210 quod
1325 1136 1488 1192 etiam
1512 1132 1628 1203 ejus
1654 1129 1782 1185 scri-

186 1255 286 1315 _pta
317 1244 608 1300 declarant.

203 1383 397 1437 Fat-xc.
423 1381 779 1441 pBILBLPRUS,
801 1374 887 1428 lib.
915 1371 1010 1434 VI,
1031 1371 1177 1441 epist.
1197 1369 1393 1422 ultima.
1415 1364 1494 1418 Ad
1515 1362 1778 1432 Aloysium

855 1466 1102 1520 Croltum.

269 1589 575 1659 Hieronymi
614 1599 747 1656 quas
794 1582 1026 1652 petieras
1073 1573 1462 1646 Augustinique
1513 1570 1780 1642 Epistolas

165 1681 265 1734 "ad
297 1691 346 1734 te
375 1679 498 1733 dedi
551 1673 856 1732 commodo.
881 1671 1056 1738 Quare
1085 1668 1175 1722 ubi
1223 1681 1313 1720 cas
1344 1680 1438 1734 pro
1469 1671 1555 1716 tua
1583 1661 1777 1715 volun-

203 1780 306 1824 tate
350 1768 673 1824 lectitaveris
694 1807 709 1832 ,
765 1779 892 1819 cura
917 1761 983 1815 ad
1015 1775 1100 1814 me
1126 1757 1368 1813 redeant.
1400 1753 1553 1822 Quod
1601 1760 1778 1806 autem

200 1863 421 1932 quatris,
452 1860 581 1931 quid
612 1860 680 1914 de
709 1868 936 1925 utroque
979 1853 1206 1910 sentiam
1225 1892 1239 1916 ,
1270 1857 1324 1905 et
1373 1846 1545 1919 quoad
1576 1843 1778 1900 doctri~

202 1969 338 2017 nam,
372 1960 428 2007 et
474 1950 652 2021 quoad
689 1947 1046 2017 eloquentiam
1073 1985 1088 2009 ,
1132 1943 1367 1998 breviter
1410 1939 1612 2008 accipe.
1653 1933 1782 1990 0m-

136 2095 137 2098 η
203 2045 343 2098 nium
371 2044 610 2114 primum
638 2040 705 2096 de
728 2040 891 2095 rebus
915 2036 1110 2092 divinis
1128 2050 1234 2088 non
1265 2040 1349 2088 est
1366 2045 1540 2085 meum
1567 2026 1778 2098 judica-

200 2149 275 2199 re,
297 2134 389 2188 sed
419 2131 811 2188 Ecclesiasticte
830 2127 1102 2198 dignitatis
1122 2122 1578 2190 auctoritatisque.
1603 2117 1782 2179 Caete-

200 2240 313 2278 rum
363 2236 494 2298 puto
545 2235 828 2293 utrumque
858 2217 1220 2290 pulcherrime
1267 2213 1571 2268 divinarum
1599 2221 1781 2263 rerum

198 2326 436 2380 omnium
461 2321 742 2376 scientiam
775 2313 1031 2370 tenuisse.
1064 2309 1172 2366 Sed
1193 2305 1370 2377 quoad
1402 2304 1636 2372 reliquas
1662 2314 1782 2352 om-

142 2445 143 2448 η
198 2432 288 2470 nes
318 2424 503 2482 partes
535 2406 886 2481 philosOphim
911 2445 926 2470 ,
973 2400 1300 2471 Augustinus
1327 2409 1463 2450 unus
1503 2399 1586 2447 est
1628 2391 1783 2458 longe

197 2518 300 2562 tum
332 2506 548 2560 acutior
573 2511 626 2556 et
655 2499 897 2570 peritior,
917 2505 1026 2549 tum
1054 2494 1215 2548 etiam
1249 2487 1512 2545 subtilior.
1533 2483 1785 2540 Dialecti-

195 2615 283 2654 cus
313 2597 649 2668 Augustinus
681 2593 778 2646 fuit
804 2589 1068 2660 egregius,
1094 2593 1148 2640 et
1175 2584 1314 2638 idem
1347 2579 1597 2652 physicus
1625 2585 1785 2646 atque

195 2687 630 2744 mathematicus.
673 2683 806 2737 Huic
834 2679 1179 2748 Hieronymus
1204 2674 1493 2745 plurimum
1537 2668 1784 2740 praestitit

195 2779 402 2836 dicendi
433 2776 702 2846 elegantia
735 2773 931 2842 potius,
965 2786 1122 2839 quam
1145 2767 1421 2822 doctrina:
1454 2763 1506 2817 id
1535 2761 1674 2832 quod
1715 2775 1782 2815 ex

195 2873 476 2941 utriusque
493 2869 738 2922 oratione
770 2865 890 2919 licet
919 2860 1134 2916 intueri.
1158 2859 1400 2914 Graecam
1430 2856 1780 2928 litteraturam

203 2964 544 3033 Hieronymus
601 2955 917 3028 perpulehre
959 2951 1179 3018 calluit;
1229 2947 1555 3019 Augustinus
1603 2945 1782 2998 minus

201 3058 451 3130 perfecte.
512 3053 607 3109 llle
660 3050 922 3106 Hebraice
973 3060 1184 3117 quoque
1228 3043 1455 3096 habetur
1501 3038 1778 3102 erudittts,

199 3129 254 3206 et
294 3147 624 3220 Augustinus
676 3144 818 3199 illius
864 3142 1060 3212 linguae
1112 3139 1328 3208 ignarus
1369 3133 1608 3188 omnino.
1661 3129 1781 3186 Vita

202 3243 445 3296 horridus
519 3238 899 3306 Hieronymus,
976 3229 1306 3301 Augustinus
1379 3235 1557 3280 autem
1611 3222 1778 3277 mitis.

201 3332 346 3401 Quod
375 3334 417 3387 si
464 3345 531 3385 ex
562 3329 626 3384 iis
654 3328 862 3382 duobus
908 3339 1069 3379 unum
1111 3320 1250 3378 efﬁci
1293 3319 1592 3389 potuisset,
1649 3311 1782 3370 nihil

204 3435 382 3481 natura
411 3421 706 3479 absolutius
735 3418 1009 3474 edidisset.

206 3566 281 3621 De
315 3566 404 3619 hoc
449 3561 708 3631 Pliilelplii
750 3555 949 3629 judicio
983 3554 1090 3625 lege
1114 3551 1441 3620 disquirentcs
1486 3545 1694 3600 Echiunt
1734 3552 1782 3596 et

389 3655 665 3710 Erasmum
689 3650 776 3706 lib.
803 3647 891 3703 II.
919 3646 1085 3715 Epist.
1109 3641 1216 3698 XX
1233 3641 1267 3693 V
1297 3649 1345 3694 et
1366 3637 1584 3694 XXVI.

206 3771 452 3826 RAPHAEL
469 3768 915 3828 Vonarsnnauus,
938 3758 1280 3815 Commentar.
1304 3751 1496 3808 Urban.
1519 3748 1671 3804 lib.X
1687 3746 1780 3802 Vl.

277 3859 574 3930 Hieronymi
613 3858 897 3911 Doctorum
946 3849 1200 3921 principis
1239 3845 1403 3899 vitam
1459 3853 1780 3902 recensere,

208 3967 459 4023 parergon
499 3949 726 4004 fortasse
753 3945 935 4008 fuerit,
965 3955 1088 3996 cum
1119 3947 1198 3992 tot
1224 3935 1508 3990 illustrium
1547 3933 1782 3986 virorum

209 4020 530 4098 situla—udam
557 4035 915 4093 monumentis
947 4052 961 4087 :
994 4028 1236 4100 quaedam
1259 4035 1438 4080 tamen
1476 4037 1540 4077 ex
1570 4022 1685 4088 ejus
1726 4020 1788 4072 li-

210 4133 310 4188 bris
338 4133 404 4188 de
437 4146 497 4187 se
520 4127 806 4199 loquentis,
839 4119 1137 4194 praesertim
1159 4117 1227 4173 ad
1255 4117 1370 4186 ejus
1395 4114 1600 4169 litteras
1623 4109 1786 4179 perti-

209 4224 414 4288 nentia,
455 4222 510 4276 in
557 4217 792 4273 medium
819 4213 1061 4270 afferam.
1107 4211 1186 4264 Ac
1214 4207 1440 4279 primum
1480 4203 1533 4257 in
1577 4201 1670 4256 lib.
1721 4199 1789 4252 de

211 4315 340 4371 Viris
365 4313 660 4369 illustribus
686 4325 744 4366 se
769 4323 836 4364 ex
859 4305 1054 4378 oppido
1072 4300 1339 4359 Stridonis
1361 4305 1537 4353 ortum
1558 4294 1752 4378 fatetur
1771 4333 1786 4358 ,

213 4418 352 4475 patre
376 4405 628 4461 Eusebio.
657 4403 882 4458 Romam
897 4375 1058 4453 venit
1104 4392 1389 4448 admodum
1433 4375 1747 4444 adolescens
1770 4424 1786 4447 ,

214 4498 378 4570 ibique
401 4513 460 4554 se
488 4496 680 4552 studiis
704 4492 1000 4548 liberalium
1020 4489 1213 4544 artium
1238 4483 1476 4541 tradidit.
1500 4481 1578 4536 De
1599 4477 1792 4550 quibus

213 4589 284 4646 sic
309 4590 424 4660 ipse
454 4589 508 4643 in
537 4585 802 4657 Apologia
823 4583 888 4638 ad
917 4577 1333 4643 Pammachium,
1364 4582 1469 4630 etc.

243 4724 418 4782 Iaces.
462 4725 741 4780 Pnturrus
779 4720 1143 4774 Bsncoumvsns
1194 4713 1245 4766 in
1286 4710 1532 4766 Chronico
1561 4708 1628 4759 ad
1666 4720 1751 4758 an.

869 4811 990 4866 Chr.
1021 4808 1144 4865 429.

282 4933 624 5003 Hieronymus
649 4929 730 4982 vir
766 4923 1204 4981 familiarissimus
1234 4928 1287 4972 et
1327 4917 1522 4971 Doctor
1554 4911 1796 4966 celeber-

217 5025 393 5092 rimus,
415 5002 617 5077 sanctae
637 5020 890 5074 Romanae
913 5014 1160 5072 Ecclesia:
1183 5007 1478 5064 Cardinalis
1497 5002 1792 5074 presbyter,

219 5118 422 5171 natione
446 5105 696 5178 Italicus,
747 5126 812 5164 cx
841 5106 1034 5177 Oppido
1077 5101 1339 5164 Stridonis
1367 5099 1419 5154 in
1445 5095 1642 5151 Histria
1669 5106 1796 5164 pro-

219 5210 384 5265 vincia
432 5205 767 5263 constituto:
798 5200 941 5272 quod
995 5197 1208 5268 quidem
1245 5209 1275 5248 a
1325 5191 1514 5248 Gothis
1553 5201 1795 5242 eversum

219 5301 400 5358 fuerat.
436 5297 723 5360 Pannoniae
766 5292 1030 5366 quondam
1070 5287 1448 5356 Dalmatimquc
1485 5280 1798 5338 confinium.

220 5392 367 5449 Patre
399 5389 635 5446 Eusebio
664 5397 837 5449 natus,
869 5383 970 5438 hoc
991 5394 1132 5434 anno
1156 5378 1296 5447 apud
1338 5375 1609 5430 Bethleem
1647 5369 1802 5426 Jndze

219 5485 480 5541 civitatem
521 5479 692 5552 pridie
719 5475 970 5532 calendas
995 5471 1240 5528 Octobris
1264 5465 1607 5537 nonagesimo
1628 5463 1802 5536 primo

220 5578 335 5634 vitae
351 5592 466 5632 suae
481 5587 624 5629 anno
638 5569 886 5641 migravit
901 5566 968 5621 ad
984 5564 1263 5619 Dominum
1282 5580 1295 5616 :
1313 5563 1394 5617 vir
1409 5575 1536 5616 sane
1555 5559 1804 5628 eloquen-

222 5667 472 5734 tissimus,
511 5663 602 5735 qui
634 5669 692 5719 et
725 5660 1011 5716 multarum
1037 5655 1476 5723 diversarumque
1505 5652 1800 5708 litterarum

222 5760 462 5831 peritiam
489 5767 545 5818 et
585 5755 883 5826 linguarum
921 5746 1299 5820 experientiam
1345 5743 1560 5812 habuit,
1606 5742 1801 5801 oratio-

1607 306 2031 370 TESTIMONIA.

3357 302 3459 362 22$

1885 426 2074 496 nisque
2110 424 2428 492 facundiam,
2469 433 2643 481 rectos
2669 425 2962 480 fabularum
2993 437 3216 489 sensus,
3244 421 3464 478 multam

1884 517 2222 572 historiarum
2265 517 2611 582 memoriam,
2654 516 2970 570 naturalium
3001 530 3178 570 rerum
3208 513 3466 584 cognitio-

1884 625 2028 676 nem,
2056 609 2441 678 moraliumque
2478 622 2804 671 sermonum,
2839 617 2947 660 tum
2978 621 3142 660 sacrae
3180 605 3467 676 Scriptura:

1884 715 1946 754 ac
1989 716 2132 754 verae
2163 699 2444 769 theologia:
2472 699 2886 770 perceptionem.
2921 697 3017 751 Hie
3066 699 3244 766 itaque
3272 707 3326 751 ut
3365 697 3467 750 fide

1885 790 2089 861 integer
2115 801 2170 846 et
2197 792 2302 845 vita
2334 791 2645 860 purissimus
2670 799 2806 853 erat,
2840 804 2960 843 eum
3004 789 3201 858 primos
3221 784 3470 856 juventu-

1887 881 1952 936 tis
1987 897 2156 935 annos
2180 884 2463 951 exegisset,
2499 879 2750 934 Dalmatis
2785 879 2982 932 nationi
3013 894 3121 932 sum
3158 879 3470 947 propinquis

1884 971 2138 1040 quasdam
2169 975 2189 996 ‘
2234 972 2436 1026 litteras
2465 986 2494 1024 a
2518 970 2719 1025 Latinis
2748 967 3053 1036 Grmcisque
3097 967 3334 1021 diversas
3372 967 3472 1020 im-

1886 1062 2072 1130 primis
2093 1061 2382 1128 adinveuit,
2425 1070 2478 1115 et
2516 1061 2848 1130 composuit,
2879 1075 2996 1129 qum
3046 1057 3258 1128 quidem
3288 1067 3472 1126 postea

1884 1151 2208 1207 Sclavonicm
2231 1160 2355 1206 sunt
2384 1151 2683 1221 appellatm,
2712 1167 2777 1205 eo
2805 1149 2944 1220 quod
2979 1148 3329 1204 Sclavouibus
3351 1149 3472 1218 qui-

1885 1241 2106 1296 busdam
2131 1241 2432 1296 Germania:
2461 1241 2668 1312 populis
2697 1240 2921 1296 dedcrit.
2949 1239 3015 1294 Et
3045 1254 3151 1294 non
3177 1238 3351 1294 solum
3382 1253 3475 1293 eas

1886 1331 2095 1389 litteras
2127 1335 2447 1404 composuit,
2480 1335 2573 1389 sed
2601 1343 2654 1389 et
2683 1332 2937 1399 officium,
2981 1349 3086 1403 quo
3112 1346 3210 1387 nos
3240 1331 3471 1393 utimur,

1882 1439 1947 1478 ex
1973 1423 2159 1479 Graeco
2187 1425 2238 1478 in
2261 1424 2489 1494 idipsum
2521 1425 2718 1479 idioma
2745 1423 2995 1490 traduxit,
3024 1431 3078 1477 et
3101 1422 3259 1476 etiam
3282 1430 3474 1476 contu-

1884 1515 1944 1569 lit
1999 1536 2012 1570 :
2066 1515 2207 1585 quod
2256 1517 2416 1570 etiam
2476 1515 2780 1571 novissimis
2835 1515 3162 1586 temporibus
3206 1513 3477 1584 Eogenius

1885 1603 2024 1673 Papa
2056 1603 2141 1658 IV.
2168 1604 2411 1660 Pontifex
2437 1606 2700 1659 maximus
2729 1604 2929 1659 eisdem
2948 1604 3300 1659 confirmavit.
3326 1602 3478 1657 Adeo

1882 1693 2130 1762 equidem
2159 1693 2275 1764 ejus
2295 1695 2629 1748 sanctissima
2658 1695 2762 1749 vita
2779 1694 2956 1748 verbis
2978 1695 3231 1763 explicari
3257 1703 3438 1763 posset
3460 1711 3474 1747 :

1883 1801 2003 1853 qua:
2033 1785 2268 1855 quidem,
2297 1801 2419 1841 cum
2463 1801 2568 1840 non
2594 1786 2662 1840 sit
2690 1787 2949 1856 propositi
2989 1787 3116 1850 mei,
3148 1787 3476 1852 omittendo,

1885 1875 1951 1929 de
1979 1875 2094 1944 ejus
2122 1876 2488 1931 tantummodo
2525 1877 2745 1946 scriptis
2776 1876 3097 1931 luculentius
3124 1876 3474 1932 disseremus.

1883 1966 1983 2035 Qui
2028 1983 2149 2023 cum
2193 1979 2337 2024 esset
2363 1970 2830 2040 eloquentissimus
2878 1979 3037 2040 atque
3091 1969 3478 2024 disertiSsimus

1885 2058 1998 2124 vir,
2021 2059 2088 2113 ad
2120 2060 2400 2115 utilitatem
2431 2061 2703 2115 hominum
2733 2078 2839 2116 non
2869 2062 3029 2116 modo
3057 2060 3173 2116 lucc
3198 2076 3315 2130 qua:
3348 2061 3481 2115 sub~

1880 2149 2020 2218 jecta
2047 2159 2187 2213 sunt,
2213 2150 2380 2204 edidit
2413 2151 2687 2220 opuscula,
2718 2152 2812 2206 sed
2843 2152 2945 2207 alia
2992 2152 3159 2206 multo
3188 2153 3334 2221 plura
3361 2166 3481 2221 qua:

1887 2239 2107 2306 reperiri
2131 2239 2349 2293 minime
2370 2249 2677 2307 potuerunt,
2703 2250 2807 2295 etc.

1885 2328 1977 2468 de
2025 2325 2176 2380 Vetus
2195 2327 2304 2380 [uec
2337 2328 2666 2384 hallucinats'o
2690 2339 2782 2397 est,
2832 2346 2986 2400 quant
3019 2347 3110 2385 nos
3147 2330 3270 2385 alibi
3304 2331 3482 2403 exple-

1923 2433 2070 2468 unus.

1923 2433 2070 2470 ιηιω.

2207 2529 2574 2600 TRITHEIIUS,
2612 2531 2676 2586 de
2715 2531 2968 2602 Scriptor.
3017 2531 3160 2586 Eccl.

1960 2639 2302 2712 Hieronymus
2327 2643 2604 2715 presbyter
2628 2653 2680 2700 et
2702 2645 2994 2700 monachus
3023 2656 3172 2715 patre
3195 2628 3485 2702 natusEu-

1885 2729 2036 2785 sebio
2077 2747 2142 2786 ex
2172 2733 2368 2802 Oppido
2406 2734 2694 2800 Stridonis,
2725 2737 2805 2790 vir
2835 2738 2887 2790 in
2917 2736 3249 2793 secularibus
3284 2737 3477 2792 litteris

1886 2820 2039 2875 valde
2077 2821 2352 2888 eruditus,
2389 2833 2444 2879 et
2488 2825 2540 2879 in
2589 2825 2783 2880 divinis
2810 2825 3102 2895 Seripturis
3127 2828 3265 2882 inter
3289 2843 3484 2884 omnes

1887 2912 2142 3012 Doctores
2175 2916 2602 2983 eruditissimus“,
2634 2919 2917 2974 multarum
2960 2912 3258 2989 linguarum
3292 2920 3484 2990 peritia

1888 3004 2130 3074 insignis,
2162 3019 2330 3060 saera:
2385 3007 2519 3076 legis
2543 3008 2827 3078 interpres,
2863 3008 3234 3064 bmreticorum
3261 3010 3488 3065 malleus

1887 3101 1941 3146 et
1981 3103 2312 3162 expugnator
2337 3093 2682 3152 fortissimus.
2722 3097 2820 3152 Hie
2855 3108 2938 3152 est
2968 3113 3125 3153 verus
3150 3098 3488 3170 dispensator

1889 3183 2259 3255 Evangelieus,
2287 3187 2462 3243 ﬁdelis
2488 3197 2544 3244 et
2571 3189 2826 3259 prudens,
2853 3191 2942 3259 qui
2972 3189 3250 3259 proferens
3274 3190 3342 3244 de
3370 3190 3488 3245 the-

1885 3288 2044 3328 sauro
2071 3289 2170 3329 suo
2205 3291 2342 3331 nova
2373 3285 2429 3332 et
2451 3287 2652 3344 vetera,
2695 3279 2933 3349 dansque
2955 3281 3010 3334 in
3055 3290 3295 3350 tempore
3322 3280 3485 3350 spiri-

1888 3368 2006 3420 talis
2038 3368 2199 3422 tritiei
2219 3385 2527 3426 mensuram
2554 3374 2830 3428 conservis
2856 3373 2990 3436 suis,
3014 3372 3270 3428 Hebrmos
3297 3387 3490 3442 super-

1887 3457 1982 3511 bos
2023 3459 2304 3528 spoliavit,
2349 3462 2680 3534 humilesque
2719 3465 2904 3518 ditavit
2948 3465 3189 3522 Latinos.
3261 3466 3357 3520 llic
3401 3476 3488 3521 est

1889 3547 2141 3604 Ecclesiae
2171 3551 2368 3607 Christi
2398 3552 2585 3607 doctor
2612 3557 2873 3625 egregius,
2913 3557 3004 3625 qui
3031 3568 3206 3612 vestes
3229 3555 3370 3612 Esau
3392 3571 3491 3626 per

1886 3638 2038 3694 devia
2088 3656 2334 3698 errorum
2365 3645 2605 3714 vagantis
2634 3646 2776 3700 domi
2812 3643 2984 3702 otiose
3011 3648 3316 3702 reconditas
3358 3662 3482 3702 cum

1889 3731 1972 3800 pia
1993 3741 2161 3787 matre
2180 3733 2439 3799 Rebecca,
2463 3735 2512 3790 id
2535 3744 2636 3799 est,
2655 3737 2823 3805 gratia
2849 3739 2963 3802 Dei,
2984 3739 3221 3806 protulit,
3246 3753 3309 3792 ae
3331 3753 3486 3792 man-

1889 3835 2099 3880 suetum
2125 3825 2292 3883 Jaeob
2318 3827 2633 3897 fidelemque
2660 3827 3215 3884 Cltristo'servientem
3247 3829 3487 3883 vestivit.

1889 3916 1998 3976 Hic
2024 3929 2109 3974 est
2142 3919 2482 3990 Hieronymus
2503 3920 2629 3974 Jesu
2657 3919 2854 3974 Christi
2900 3921 3142 3974 sincerus
3165 3935 3316 3975 amor
3334 3961 3350 3987 ,
3391 3920 3487 3990 qui

1891 4013 2093 4067 tto-llum
2117 4019 2326 4078 tempus
2357 4010 2530 4063 otiose
2558 4008 2843 4073 transiens,
2885 4009 2974 4064 die
3001 4025 3065 4063 ac
3094 4019 3250 4064 nocte
3284 4009 3336 4063 in
3368 4009 3486 4080 lege

1892 4101 2102 4159 Domini
2142 4100 2515 4164 meditabatur,
2552 4109 2606 4153 et
2629 4099 2719 4152 vix
2743 4099 2951 4168 corpori
2979 4099 3281 4154 necessario
3299 4106 3499 4154 somno

1894 4193 2121 4258 indulto,
2151 4206 2363 4259 semper
2386 4189 2574 4245 diebus
2595 4205 2658 4244 ac
2679 4190 2922 4244 noctibus
2948 4191 3181 4260 scripsit,
3217 4190 3362 4261 legit,
3395 4189 3494 4245 do-

1893 4287 2002 4340 cuit
2027 4283 2115 4339 vel
2137 4281 2325 4345 oravit,
2359 4281 2500 4350 quod
2521 4289 2783 4335 testantur
2815 4296 2950 4347 pene
2971 4281 3161 4334 infiniti
3185 4280 3328 4346 libri,
3356 4297 3493 4352 quos

1894 4376 2080 4433 edidit.
2109 4374 2206 4429 Hic
2235 4372 2473 4427 veritatis
2502 4370 2775 4438 defensor,
2796 4373 2969 4426 cultor
2986 4371 3222 4437 virtutis,
3237 4371 3494 4426 vitiorum

1894 4468 2186 4524 acerrimus
2203 4465 2390 4530 hostis,
2410 4479 2532 4519 eum
2555 4473 2697 4519 esset
2719 4463 2972 4518 Ecclesiae
2991 4463 3243 4517 Romamn
3265 4463 3494 4534 presby-

1897 4569 1996 4623 ter,
2024 4567 2078 4614 et
2095 4558 2301 4612 scelera
2326 4557 2647 4611 clericorum
2675 4562 2983 4609 constanter
3007 4563 3274 4624 argueret,
3303 4570 3494 4612 eorum

1897 4647 2091 4703 invidia
2115 4647 2342 4701 secessit
2357 4662 2421 4700 ex
2442 4645 2594 4709 urbe,
2609 4644 2934 4713 veniensque
2957 4644 3009 4698 in
3032 4623 3268 4699 Judteam
3290 4645 3496 4714 glorio-
3555 4623 3560 4628 ’

1889 4755 2014 4794 sum
2049 4738 2255 4791 Domini
2279 4737 2514 4790 visitavit
2538 4735 2862 4804 sepulcrum,
2895 4744 3052 4805 atque
3079 4736 3226 4805 juxta
3255 4749 3498 4808 praesepe

1899 4829 2358 4885 Bethleemitieum
2389 4827 2567 4880 locum
2621 4825 2722 4880 sibi
2765 4825 3106 4882 habitationis
3142 4828 3496 4895 constituens,

1901 4919 1994 4974 toti
2013 4917 2212 4973 mundo
2228 4917 2402 4971 clarus
2417 4914 2668 4980 innotuit,
2686 4914 3004 4985 disponente
3025 4917 3076 4971 id
3093 4917 3343 4972 nimirum
3362 4917 3498 4972 divi-

1902 5027 1968 5066 na
1982 5009 2335 5082 providentia,
2350 5018 2407 5063 ut
2422 5007 2490 5063 ibi
2505 5008 2592 5063 lux
2612 5008 3126 5078 mundiquiesceret,
3144 5009 3232 5064 ubi
3246 5024 3404 5064 verus
3417 5009 3499 5063 sol

1897 5099 2119 5173 iustitia:
2160 5099 2463 5156 hominibus
2490 5098 2758 5155 nascendo
2787 5099 3124 5155 innotuisset.
3162 5099 3500 5155 Sanetissimi

1902 5195 2006 5250 loci
2037 5192 2301 5266 habitator
2321 5198 2536 5246 sanctus
2562 5199 2724 5260 atque
2745 5190 3105 5256 conveniens;
3138 5190 3242 5245 fide
3289 5191 3499 5255 firmus,

1902 5285 2120 5340 caritate
2148 5283 2363 5353 ignitus,
2392 5281 2798 5336 conversatione
2823 5289 3080 5346 maturus,
3100 5279 3190 5350 qui
3206 5278 3386 5334 seduci
3415 5292 3502 5331 re-

1902 5377 2002 5432 bus
2021 5375 2268 5431 secundis
2289 5389 2394 5429 non
2422 5375 2609 5444 potuit,
2636 5387 2794 5443 quem
2812 5387 2842 5424 a
2857 5381 3042 5427 sancto
3059 5370 3332 5440 proposito
3348 5369 3494 5422 nulla

1905 5480 2136 5538 unquam
2153 5464 2444 5520 adversitas
2461 5463 2672 5534 dejceit.
2693 5463 2797 5518 Sed
2813 5461 2939 5533 quid
2955 5461 3128 5516 foedus
3141 5459 3384 5514 lauda-tor
3401 5457 3504 5510 viri

1907 5568 2149 5615 sanetum
2189 5557 2450 5611 verticem
2475 5556 2636 5610 labris
2659 5555 2910 5624 contingo
2934 5551 3197 5622 impuris?
3236 5545 3504 5601 silendum

1907 5649 2074 5721 magis
2089 5647 2358 5703 humiliter
2384 5646 2514 5702 mihi
2534 5646 2725 5711 fuerat,
2747 5659 2906 5715 quam
2927 5643 2995 5696 de
3024 5637 3362 5695 sanctissimo
3388 5636 3504 5689 viro

1910 5740 2290 5800 insuflicienter
2305 5737 2649 5810 loquendum.
2665 5735 2814 5793 Nunc
2827 5747 2974 5803 ergo,
2988 5745 3106 5801 qua:
3119 5729 3187 5784 de
3198 5725 3434 5796 scriptis,
3451 5733 3505 5780 et
