  <div class='ocr_page' id='page_1' title='image "/cluster/home/n/w/nwhite01/storage/ocr_20150623/22/hvd.32044015471378/167.png"; bbox 0 0 4052 6338; ppageno 0'>
   <div class='ocr_carea' id='block_1_1' title="bbox 514 318 611 375">
    <p class='ocr_par' dir='ltr' id='par_1_1' title="bbox 514 318 611 375">
     <span class='ocr_line' id='line_1_1' title="bbox 514 318 611 375; baseline -0.01 0"><span class='ocrx_word' id='word_1_1' title='bbox 514 318 611 375; x_wconf 70' lang='grc' dir='ltr'><strong>ηπ</strong></span> 
     </span>
    </p>
   </div>
   <div class='ocr_carea' id='block_1_2' title="bbox 511 417 2080 507">
    <p class='ocr_par' dir='ltr' id='par_1_2' title="bbox 511 417 2080 507">
     <span class='ocr_line' id='line_1_2' title="bbox 511 417 2080 507; baseline -0.016 -14"><span class='ocrx_word' id='word_1_2' title='bbox 511 432 774 507; x_wconf 84' lang='lat' dir='ltr'><strong>upusculis</strong></span> <span class='ocrx_word' id='word_1_3' title='bbox 801 427 916 501; x_wconf 84' lang='lat' dir='ltr'><strong>ejus</strong></span> <span class='ocrx_word' id='word_1_4' title='bbox 957 424 1273 492; x_wconf 77' lang='lat' dir='ltr'><strong>invenimus,</strong></span> <span class='ocrx_word' id='word_1_5' title='bbox 1307 435 1400 494; x_wconf 89' lang='lat' dir='ltr'><strong>per</strong></span> <span class='ocrx_word' id='word_1_6' title='bbox 1426 420 1667 478; x_wconf 85' lang='lat' dir='ltr'><strong>ordinem</strong></span> <span class='ocrx_word' id='word_1_7' title='bbox 1686 417 2080 488; x_wconf 71' lang='lat' dir='ltr'><strong>consignemus.</strong></span> 
     </span>
    </p>
   </div>
   <div class='ocr_carea' id='block_1_3' title="bbox 510 521 1244 594">
    <p class='ocr_par' dir='ltr' id='par_1_3' title="bbox 510 521 1244 594">
     <span class='ocr_line' id='line_1_3' title="bbox 510 521 1244 594; baseline -0.016 -12"><span class='ocrx_word' id='word_1_8' title='bbox 510 527 583 581; x_wconf 92' lang='lat' dir='ltr'><strong>De</strong></span> <span class='ocrx_word' id='word_1_9' title='bbox 607 523 797 594; x_wconf 84' lang='lat' dir='ltr'><strong>quibus</strong></span> <span class='ocrx_word' id='word_1_10' title='bbox 826 521 924 575; x_wconf 89' lang='lat' dir='ltr'><strong>ista</strong></span> <span class='ocrx_word' id='word_1_11' title='bbox 966 527 1111 584; x_wconf 91' lang='lat' dir='ltr'><strong>sunt,</strong></span> <span class='ocrx_word' id='word_1_12' title='bbox 1138 523 1244 572; x_wconf 89' lang='lat' dir='ltr'><strong>etc.</strong></span> 
     </span>
    </p>
   </div>
   <div class='ocr_carea' id='block_1_4' title="bbox 509 613 2079 691">
    <p class='ocr_par' dir='ltr' id='par_1_4' title="bbox 509 613 2079 691">
     <span class='ocr_line' id='line_1_4' title="bbox 509 613 2079 691; baseline -0.016 0"><span class='ocrx_word' id='word_1_13' title='bbox 509 638 632 691; x_wconf 79' lang='lat' dir='ltr'><strong>st.</strong></span> <span class='ocrx_word' id='word_1_14' title='bbox 674 630 924 688; x_wconf 74' lang='lat' dir='ltr'><strong>Ensuus</strong></span> <span class='ocrx_word' id='word_1_15' title='bbox 975 628 1398 690; x_wconf 73' lang='lat' dir='ltr'><strong>Rereuonsnos,</strong></span> <span class='ocrx_word' id='word_1_16' title='bbox 1453 623 1542 676; x_wconf 91' lang='lat' dir='ltr'><strong>lib.</strong></span> <span class='ocrx_word' id='word_1_17' title='bbox 1587 619 1670 686; x_wconf 87' lang='lat' dir='ltr'><strong>Il,</strong></span> <span class='ocrx_word' id='word_1_18' title='bbox 1716 619 1862 688; x_wconf 87' lang='lat' dir='ltr'><strong>epist.</strong></span> <span class='ocrx_word' id='word_1_19' title='bbox 1911 617 1963 671; x_wconf 81' lang='lat' dir='ltr'><strong>l.</strong></span> <span class='ocrx_word' id='word_1_20' title='bbox 2010 613 2079 667; x_wconf 86' lang='lat' dir='ltr'><strong>ad</strong></span> 
     </span>
    </p>
   </div>
   <div class='ocr_carea' id='block_1_5' title="bbox 1041 710 1561 772">
    <p class='ocr_par' dir='ltr' id='par_1_5' title="bbox 1041 710 1561 772">
     <span class='ocr_line' id='line_1_5' title="bbox 1041 710 1561 772; baseline -0.013 -1"><span class='ocrx_word' id='word_1_21' title='bbox 1041 718 1256 772; x_wconf 82' lang='lat' dir='ltr'><strong>Leonem</strong></span> <span class='ocrx_word' id='word_1_22' title='bbox 1285 713 1357 768; x_wconf 80' lang='grc' dir='ltr'><strong>Χ.</strong></span> <span class='ocrx_word' id='word_1_23' title='bbox 1387 711 1452 768; x_wconf 87' lang='grc' dir='ltr'><strong>Ρ.</strong></span> <span class='ocrx_word' id='word_1_24' title='bbox 1485 710 1561 765; x_wconf 74' lang='grc' dir='ltr'><strong>Μ.</strong></span> 
     </span>
    </p>
   </div>
   <div class='ocr_carea' id='block_1_6' title="bbox 576 815 2080 901">
    <p class='ocr_par' dir='ltr' id='par_1_6' title="bbox 576 815 2080 901">
     <span class='ocr_line' id='line_1_6' title="bbox 576 815 2080 901; baseline -0.015 -8"><span class='ocrx_word' id='word_1_25' title='bbox 576 837 739 893; x_wconf 89' lang='lat' dir='ltr'><strong>Divus</strong></span> <span class='ocrx_word' id='word_1_26' title='bbox 778 833 1120 901; x_wconf 72' lang='lat' dir='ltr'><strong>Hieronymus</strong></span> <span class='ocrx_word' id='word_1_27' title='bbox 1167 827 1244 882; x_wconf 90' lang='lat' dir='ltr'><strong>sic</strong></span> <span class='ocrx_word' id='word_1_28' title='bbox 1282 824 1420 895; x_wconf 80' lang='lat' dir='ltr'><strong>apud</strong></span> <span class='ocrx_word' id='word_1_29' title='bbox 1449 822 1663 878; x_wconf 87' lang='lat' dir='ltr'><strong>Latinos</strong></span> <span class='ocrx_word' id='word_1_30' title='bbox 1690 827 1772 874; x_wconf 90' lang='lat' dir='ltr'><strong>est</strong></span> <span class='ocrx_word' id='word_1_31' title='bbox 1805 815 2080 886; x_wconf 86' lang='lat' dir='ltr'><strong>theologo-</strong></span> 
     </span>
    </p>
   </div>
   <div class='ocr_carea' id='block_1_7' title="bbox 503 905 2080 996">
    <p class='ocr_par' dir='ltr' id='par_1_7' title="bbox 503 905 2080 996">
     <span class='ocr_line' id='line_1_7' title="bbox 503 905 2080 996; baseline -0.015 -13"><span class='ocrx_word' id='word_1_32' title='bbox 503 943 624 983; x_wconf 89' lang='lat' dir='ltr'><strong>rum</strong></span> <span class='ocrx_word' id='word_1_33' title='bbox 656 927 921 996; x_wconf 82' lang='lat' dir='ltr'><strong>princeps,</strong></span> <span class='ocrx_word' id='word_1_34' title='bbox 953 932 1007 974; x_wconf 88' lang='lat' dir='ltr'><strong>ut</strong></span> <span class='ocrx_word' id='word_1_35' title='bbox 1028 920 1167 972; x_wconf 88' lang='lat' dir='ltr'><strong>hunc</strong></span> <span class='ocrx_word' id='word_1_36' title='bbox 1194 931 1357 986; x_wconf 81' lang='lat' dir='ltr'><strong>prope</strong></span> <span class='ocrx_word' id='word_1_37' title='bbox 1378 914 1552 968; x_wconf 87' lang='lat' dir='ltr'><strong>solum</strong></span> <span class='ocrx_word' id='word_1_38' title='bbox 1584 910 1875 964; x_wconf 76' lang='lat' dir='ltr'><strong>habeamus</strong></span> <span class='ocrx_word' id='word_1_39' title='bbox 1899 905 2080 996; x_wconf 37' lang='lat' dir='ltr'><strong>Theo:</strong></span> 
     </span>
    </p>
   </div>
   <div class='ocr_carea' id='block_1_8' title="bbox 503 992 2084 1088">
    <p class='ocr_par' dir='ltr' id='par_1_8' title="bbox 503 992 2084 1088">
     <span class='ocr_line' id='line_1_8' title="bbox 503 992 2084 1088; baseline -0.017 -14"><span class='ocrx_word' id='word_1_40' title='bbox 503 1017 612 1088; x_wconf 89' lang='lat' dir='ltr'><strong>logi</strong></span> <span class='ocrx_word' id='word_1_41' title='bbox 639 992 854 1084; x_wconf 83' lang='lat' dir='ltr'><strong>dignum</strong></span> <span class='ocrx_word' id='word_1_42' title='bbox 883 1010 1116 1066; x_wconf 81' lang='lat' dir='ltr'><strong>nomine.</strong></span> <span class='ocrx_word' id='word_1_43' title='bbox 1149 1005 1263 1061; x_wconf 84' lang='lat' dir='ltr'><strong>Non</strong></span> <span class='ocrx_word' id='word_1_44' title='bbox 1289 1003 1426 1073; x_wconf 89' lang='lat' dir='ltr'><strong>quod</strong></span> <span class='ocrx_word' id='word_1_45' title='bbox 1455 1011 1679 1056; x_wconf 65' lang='lat' dir='ltr'><strong>caeteros</strong></span> <span class='ocrx_word' id='word_1_46' title='bbox 1697 997 1967 1063; x_wconf 89' lang='lat' dir='ltr'><strong>damnem,</strong></span> <span class='ocrx_word' id='word_1_47' title='bbox 1989 992 2084 1088; x_wconf 81' lang='lat' dir='ltr'><strong>sed</strong></span> 
     </span>
    </p>
   </div>
   <div class='ocr_carea' id='block_1_9' title="bbox 504 1085 2084 1181">
    <p class='ocr_par' dir='ltr' id='par_1_9' title="bbox 504 1085 2084 1181">
     <span class='ocr_line' id='line_1_9' title="bbox 504 1085 2084 1181; baseline -0.015 -17"><span class='ocrx_word' id='word_1_48' title='bbox 504 1085 646 1181; x_wconf 77' lang='lat' dir='ltr'><strong>quod</strong></span> <span class='ocrx_word' id='word_1_49' title='bbox 690 1108 919 1162; x_wconf 74' lang='lat' dir='ltr'><strong>illustres</strong></span> <span class='ocrx_word' id='word_1_50' title='bbox 942 1099 1173 1169; x_wconf 85' lang='lat' dir='ltr'><strong>alioqui,</strong></span> <span class='ocrx_word' id='word_1_51' title='bbox 1205 1098 1249 1151; x_wconf 89' lang='lat' dir='ltr'><strong>si</strong></span> <span class='ocrx_word' id='word_1_52' title='bbox 1295 1109 1416 1150; x_wconf 91' lang='lat' dir='ltr'><strong>cum</strong></span> <span class='ocrx_word' id='word_1_53' title='bbox 1447 1093 1550 1147; x_wconf 88' lang='lat' dir='ltr'><strong>hoc</strong></span> <span class='ocrx_word' id='word_1_54' title='bbox 1587 1089 1967 1181; x_wconf 79' lang='lat' dir='ltr'><strong>conferantur,</strong></span> <span class='ocrx_word' id='word_1_55' title='bbox 2013 1085 2084 1141; x_wconf 92' lang='lat' dir='ltr'><strong>ob</strong></span> 
     </span>
    </p>
   </div>
   <div class='ocr_carea' id='block_1_10' title="bbox 507 1179 2086 1268">
    <p class='ocr_par' dir='ltr' id='par_1_10' title="bbox 507 1179 2086 1268">
     <span class='ocr_line' id='line_1_10' title="bbox 507 1179 2086 1268; baseline -0.016 -14"><span class='ocrx_word' id='word_1_56' title='bbox 507 1179 664 1268; x_wconf 79' lang='lat' dir='ltr'><strong>hujus</strong></span> <span class='ocrx_word' id='word_1_57' title='bbox 703 1192 1046 1252; x_wconf 74' lang='lat' dir='ltr'><strong>eminentiam</strong></span> <span class='ocrx_word' id='word_1_58' title='bbox 1096 1187 1240 1243; x_wconf 87' lang='lat' dir='ltr'><strong>velut</strong></span> <span class='ocrx_word' id='word_1_59' title='bbox 1284 1185 1656 1239; x_wconf 89' lang='lat' dir='ltr'><strong>obscurentur.</strong></span> <span class='ocrx_word' id='word_1_60' title='bbox 1719 1179 1952 1246; x_wconf 86' lang='lat' dir='ltr'><strong>Denique</strong></span> <span class='ocrx_word' id='word_1_61' title='bbox 2006 1184 2086 1231; x_wconf 90' lang='lat' dir='ltr'><strong>tot</strong></span> 
     </span>
    </p>
   </div>
   <div class='ocr_carea' id='block_1_11' title="bbox 505 1268 2088 1358">
    <p class='ocr_par' dir='ltr' id='par_1_11' title="bbox 505 1268 2088 1358">
     <span class='ocr_line' id='line_1_11' title="bbox 505 1268 2088 1358; baseline -0.014 -16"><span class='ocrx_word' id='word_1_62' title='bbox 505 1287 732 1358; x_wconf 73' lang='lat' dir='ltr'><strong>egregiis</strong></span> <span class='ocrx_word' id='word_1_63' title='bbox 754 1294 836 1339; x_wconf 89' lang='lat' dir='ltr'><strong>est</strong></span> <span class='ocrx_word' id='word_1_64' title='bbox 861 1280 1159 1338; x_wconf 89' lang='lat' dir='ltr'><strong>cumulatus</strong></span> <span class='ocrx_word' id='word_1_65' title='bbox 1185 1275 1417 1340; x_wconf 85' lang='lat' dir='ltr'><strong>dotibus,</strong></span> <span class='ocrx_word' id='word_1_66' title='bbox 1441 1283 1497 1328; x_wconf 94' lang='lat' dir='ltr'><strong>ut</strong></span> <span class='ocrx_word' id='word_1_67' title='bbox 1521 1273 1606 1326; x_wconf 94' lang='lat' dir='ltr'><strong>vix</strong></span> <span class='ocrx_word' id='word_1_68' title='bbox 1633 1269 1793 1324; x_wconf 91' lang='lat' dir='ltr'><strong>ullum</strong></span> <span class='ocrx_word' id='word_1_69' title='bbox 1819 1268 2008 1322; x_wconf 86' lang='lat' dir='ltr'><strong>haheat</strong></span> <span class='ocrx_word' id='word_1_70' title='bbox 2031 1273 2088 1321; x_wconf 89' lang='lat' dir='ltr'><strong>et</strong></span> 
     </span>
    </p>
   </div>
   <div class='ocr_carea' id='block_1_12' title="bbox 507 1365 2083 1451">
    <p class='ocr_par' dir='ltr' id='par_1_12' title="bbox 507 1365 2083 1451">
     <span class='ocr_line' id='line_1_12' title="bbox 507 1365 2083 1451; baseline -0.014 -17"><span class='ocrx_word' id='word_1_71' title='bbox 507 1381 621 1451; x_wconf 87' lang='lat' dir='ltr'><strong>ipsa</strong></span> <span class='ocrx_word' id='word_1_72' title='bbox 641 1377 797 1433; x_wconf 91' lang='lat' dir='ltr'><strong>docta</strong></span> <span class='ocrx_word' id='word_1_73' title='bbox 823 1373 1049 1439; x_wconf 67' lang='lat' dir='ltr'><strong>Graecia,</strong></span> <span class='ocrx_word' id='word_1_74' title='bbox 1075 1385 1232 1441; x_wconf 91' lang='lat' dir='ltr'><strong>quem</strong></span> <span class='ocrx_word' id='word_1_75' title='bbox 1260 1383 1382 1423; x_wconf 90' lang='lat' dir='ltr'><strong>cum</strong></span> <span class='ocrx_word' id='word_1_76' title='bbox 1412 1366 1514 1421; x_wconf 92' lang='lat' dir='ltr'><strong>hoc</strong></span> <span class='ocrx_word' id='word_1_77' title='bbox 1538 1365 1652 1418; x_wconf 91' lang='lat' dir='ltr'><strong>viro</strong></span> <span class='ocrx_word' id='word_1_78' title='bbox 1679 1369 1839 1432; x_wconf 84' lang='lat' dir='ltr'><strong>queat</strong></span> <span class='ocrx_word' id='word_1_79' title='bbox 1861 1371 2083 1429; x_wconf 80' lang='lat' dir='ltr'><strong>compo-</strong></span> 
     </span>
    </p>
   </div>
   <div class='ocr_carea' id='block_1_13' title="bbox 506 1452 2084 1536">
    <p class='ocr_par' dir='ltr' id='par_1_13' title="bbox 506 1452 2084 1536">
     <span class='ocr_line' id='line_1_13' title="bbox 506 1452 2084 1536; baseline -0.015 -9"><span class='ocrx_word' id='word_1_80' title='bbox 506 1486 656 1529; x_wconf 87' lang='lat' dir='ltr'><strong>nere.</strong></span> <span class='ocrx_word' id='word_1_81' title='bbox 696 1469 963 1536; x_wconf 81' lang='lat' dir='ltr'><strong>Quantum</strong></span> <span class='ocrx_word' id='word_1_82' title='bbox 1013 1466 1065 1520; x_wconf 93' lang='lat' dir='ltr'><strong>in</strong></span> <span class='ocrx_word' id='word_1_83' title='bbox 1103 1463 1193 1518; x_wconf 93' lang='lat' dir='ltr'><strong>illo</strong></span> <span class='ocrx_word' id='word_1_84' title='bbox 1238 1461 1492 1516; x_wconf 73' lang='lat' dir='ltr'><strong>Romanae</strong></span> <span class='ocrx_word' id='word_1_85' title='bbox 1543 1452 1841 1510; x_wconf 68' lang='lat' dir='ltr'><strong>facundiae?</strong></span> <span class='ocrx_word' id='word_1_86' title='bbox 1889 1457 2084 1522; x_wconf 84' lang='lat' dir='ltr'><strong>quanta</strong></span> 
     </span>
    </p>
   </div>
   <div class='ocr_carea' id='block_1_14' title="bbox 506 1541 2085 1633">
    <p class='ocr_par' dir='ltr' id='par_1_14' title="bbox 506 1541 2085 1633">
     <span class='ocr_line' id='line_1_14' title="bbox 506 1541 2085 1633; baseline -0.015 -16"><span class='ocrx_word' id='word_1_87' title='bbox 506 1563 803 1633; x_wconf 74' lang='lat' dir='ltr'><strong>linguarum</strong></span> <span class='ocrx_word' id='word_1_88' title='bbox 825 1556 1050 1629; x_wconf 77' lang='lat' dir='ltr'><strong>peritia?</strong></span> <span class='ocrx_word' id='word_1_89' title='bbox 1072 1562 1264 1624; x_wconf 91' lang='lat' dir='ltr'><strong>quanta</strong></span> <span class='ocrx_word' id='word_1_90' title='bbox 1292 1550 1466 1605; x_wconf 88' lang='lat' dir='ltr'><strong>omnis</strong></span> <span class='ocrx_word' id='word_1_91' title='bbox 1494 1543 1823 1616; x_wconf 90' lang='lat' dir='ltr'><strong>antiquitatis</strong></span> <span class='ocrx_word' id='word_1_92' title='bbox 1847 1541 2085 1633; x_wconf 71' lang='lat' dir='ltr'><strong>omnium</strong></span> 
     </span>
    </p>
   </div>
   <div class='ocr_carea' id='block_1_15' title="bbox 508 1627 2087 1712">
    <p class='ocr_par' dir='ltr' id='par_1_15' title="bbox 508 1627 2087 1712">
     <span class='ocr_line' id='line_1_15' title="bbox 508 1627 2087 1712; baseline -0.016 -5"><span class='ocrx_word' id='word_1_93' title='bbox 508 1627 847 1706; x_wconf 68' lang='lat' dir='ltr'><strong>historiarum</strong></span> <span class='ocrx_word' id='word_1_94' title='bbox 875 1643 1093 1701; x_wconf 76' lang='lat' dir='ltr'><strong>notitia?</strong></span> <span class='ocrx_word' id='word_1_95' title='bbox 1112 1655 1271 1712; x_wconf 90' lang='lat' dir='ltr'><strong>quam</strong></span> <span class='ocrx_word' id='word_1_96' title='bbox 1315 1638 1420 1692; x_wconf 91' lang='lat' dir='ltr'><strong>ﬁda</strong></span> <span class='ocrx_word' id='word_1_97' title='bbox 1456 1633 1712 1691; x_wconf 84' lang='lat' dir='ltr'><strong>memoria</strong></span> <span class='ocrx_word' id='word_1_98' title='bbox 1733 1633 1756 1686; x_wconf 79' lang='lat' dir='ltr'><strong>‘l</strong></span> <span class='ocrx_word' id='word_1_99' title='bbox 1776 1646 1933 1700; x_wconf 88' lang='lat' dir='ltr'><strong>quam</strong></span> <span class='ocrx_word' id='word_1_100' title='bbox 1961 1627 2087 1684; x_wconf 88' lang='lat' dir='ltr'><strong>felix</strong></span> 
     </span>
    </p>
   </div>
   <div class='ocr_carea' id='block_1_16' title="bbox 508 1722 2086 1808">
    <p class='ocr_par' dir='ltr' id='par_1_16' title="bbox 508 1722 2086 1808">
     <span class='ocr_line' id='line_1_16' title="bbox 508 1722 2086 1808; baseline -0.015 -11"><span class='ocrx_word' id='word_1_101' title='bbox 508 1755 686 1808; x_wconf 79' lang='lat' dir='ltr'><strong>rerum</strong></span> <span class='ocrx_word' id='word_1_102' title='bbox 715 1738 950 1794; x_wconf 90' lang='lat' dir='ltr'><strong>omnium</strong></span> <span class='ocrx_word' id='word_1_103' title='bbox 983 1731 1250 1797; x_wconf 76' lang='lat' dir='ltr'><strong>mixtura?</strong></span> <span class='ocrx_word' id='word_1_104' title='bbox 1276 1744 1435 1800; x_wconf 91' lang='lat' dir='ltr'><strong>quam</strong></span> <span class='ocrx_word' id='word_1_105' title='bbox 1473 1724 1717 1782; x_wconf 85' lang='lat' dir='ltr'><strong>absoluta</strong></span> <span class='ocrx_word' id='word_1_106' title='bbox 1743 1722 2086 1794; x_wconf 85' lang='lat' dir='ltr'><strong>mysticarum</strong></span> 
     </span>
    </p>
   </div>
   <div class='ocr_carea' id='block_1_17' title="bbox 510 1811 2082 1898">
    <p class='ocr_par' dir='ltr' id='par_1_17' title="bbox 510 1811 2082 1898">
     <span class='ocr_line' id='line_1_17' title="bbox 510 1811 2082 1898; baseline -0.013 -12"><span class='ocrx_word' id='word_1_107' title='bbox 510 1833 804 1888; x_wconf 89' lang='lat' dir='ltr'><strong>litterarum</strong></span> <span class='ocrx_word' id='word_1_108' title='bbox 859 1825 1127 1898; x_wconf 75' lang='lat' dir='ltr'><strong>cognitio?</strong></span> <span class='ocrx_word' id='word_1_109' title='bbox 1153 1837 1313 1892; x_wconf 88' lang='lat' dir='ltr'><strong>super</strong></span> <span class='ocrx_word' id='word_1_110' title='bbox 1340 1819 1539 1884; x_wconf 85' lang='lat' dir='ltr'><strong>omnia,</strong></span> <span class='ocrx_word' id='word_1_111' title='bbox 1595 1816 1712 1887; x_wconf 90' lang='lat' dir='ltr'><strong>quis</strong></span> <span class='ocrx_word' id='word_1_112' title='bbox 1755 1814 1915 1869; x_wconf 90' lang='lat' dir='ltr'><strong>ardor</strong></span> <span class='ocrx_word' id='word_1_113' title='bbox 1972 1811 2082 1876; x_wconf 90' lang='lat' dir='ltr'><strong>ille,</strong></span> 
     </span>
    </p>
   </div>
   <div class='ocr_carea' id='block_1_18' title="bbox 509 1908 2089 1992">
    <p class='ocr_par' dir='ltr' id='par_1_18' title="bbox 509 1908 2089 1992">
     <span class='ocr_line' id='line_1_18' title="bbox 509 1908 2089 1992; baseline -0.013 -14"><span class='ocrx_word' id='word_1_114' title='bbox 509 1939 668 1992; x_wconf 90' lang='lat' dir='ltr'><strong>quam</strong></span> <span class='ocrx_word' id='word_1_115' title='bbox 709 1919 1034 1976; x_wconf 86' lang='lat' dir='ltr'><strong>admirabilis</strong></span> <span class='ocrx_word' id='word_1_116' title='bbox 1059 1915 1225 1970; x_wconf 82' lang='lat' dir='ltr'><strong>divini</strong></span> <span class='ocrx_word' id='word_1_117' title='bbox 1259 1913 1487 1983; x_wconf 87' lang='lat' dir='ltr'><strong>pectoris</strong></span> <span class='ocrx_word' id='word_1_118' title='bbox 1513 1908 1758 1964; x_wconf 82' lang='lat' dir='ltr'><strong>afﬂatus?</strong></span> <span class='ocrx_word' id='word_1_119' title='bbox 1787 1915 1846 1961; x_wconf 92' lang='lat' dir='ltr'><strong>ut</strong></span> <span class='ocrx_word' id='word_1_120' title='bbox 1891 1919 1994 1960; x_wconf 88' lang='lat' dir='ltr'><strong>una</strong></span> <span class='ocrx_word' id='word_1_121' title='bbox 2032 1911 2089 1959; x_wconf 92' lang='lat' dir='ltr'><strong>et</strong></span> 
     </span>
    </p>
   </div>
   <div class='ocr_carea' id='block_1_19' title="bbox 512 1997 2087 2082">
    <p class='ocr_par' dir='ltr' id='par_1_19' title="bbox 512 1997 2087 2082">
     <span class='ocr_line' id='line_1_19' title="bbox 512 1997 2087 2082; baseline -0.011 -16"><span class='ocrx_word' id='word_1_122' title='bbox 512 2014 794 2082; x_wconf 84' lang='lat' dir='ltr'><strong>plurimum</strong></span> <span class='ocrx_word' id='word_1_123' title='bbox 819 2009 1049 2065; x_wconf 84' lang='lat' dir='ltr'><strong>delectet</strong></span> <span class='ocrx_word' id='word_1_124' title='bbox 1068 2005 1392 2076; x_wconf 86' lang='lat' dir='ltr'><strong>eloquentia,</strong></span> <span class='ocrx_word' id='word_1_125' title='bbox 1409 2011 1464 2059; x_wconf 90' lang='lat' dir='ltr'><strong>et</strong></span> <span class='ocrx_word' id='word_1_126' title='bbox 1485 2001 1672 2056; x_wconf 85' lang='lat' dir='ltr'><strong>doceat</strong></span> <span class='ocrx_word' id='word_1_127' title='bbox 1689 1997 2008 2063; x_wconf 89' lang='lat' dir='ltr'><strong>eruditione,</strong></span> <span class='ocrx_word' id='word_1_128' title='bbox 2031 2001 2087 2049; x_wconf 93' lang='lat' dir='ltr'><strong>et</strong></span> 
     </span>
    </p>
   </div>
   <div class='ocr_carea' id='block_1_20' title="bbox 509 2099 1221 2175">
    <p class='ocr_par' dir='ltr' id='par_1_20' title="bbox 509 2099 1221 2175">
     <span class='ocr_line' id='line_1_20' title="bbox 509 2099 1221 2175; baseline -0.011 -16"><span class='ocrx_word' id='word_1_129' title='bbox 509 2104 682 2175; x_wconf 86' lang='lat' dir='ltr'><strong>rapiat</strong></span> <span class='ocrx_word' id='word_1_130' title='bbox 715 2099 1084 2166; x_wconf 85' lang='lat' dir='ltr'><strong>sanctimonia,</strong></span> <span class='ocrx_word' id='word_1_131' title='bbox 1116 2108 1221 2153; x_wconf 87' lang='lat' dir='ltr'><strong>etc.</strong></span> 
     </span>
    </p>
   </div>
   <div class='ocr_carea' id='block_1_21' title="bbox 682 2201 1904 2280">
    <p class='ocr_par' dir='ltr' id='par_1_21' title="bbox 682 2201 1904 2280">
     <span class='ocr_line' id='line_1_21' title="bbox 682 2201 1904 2280; baseline -0.014 -11"><span class='ocrx_word' id='word_1_132' title='bbox 682 2214 813 2270; x_wconf 70' lang='lat' dir='ltr'><strong>inest</strong></span> <span class='ocrx_word' id='word_1_133' title='bbox 832 2252 848 2278; x_wconf 89' lang='lat'><strong>,</strong></span> <span class='ocrx_word' id='word_1_134' title='bbox 872 2211 960 2266; x_wconf 81' lang='lat' dir='ltr'><strong>lib.</strong></span> <span class='ocrx_word' id='word_1_135' title='bbox 995 2209 1058 2276; x_wconf 77' lang='grc' dir='ltr'><strong>ν,</strong></span> <span class='ocrx_word' id='word_1_136' title='bbox 1079 2209 1229 2280; x_wconf 87' lang='lat' dir='ltr'><strong>epist.</strong></span> <span class='ocrx_word' id='word_1_137' title='bbox 1248 2205 1352 2262; x_wconf 77' lang='lat' dir='ltr'><strong>XX</strong></span> <span class='ocrx_word' id='word_1_138' title='bbox 1369 2205 1440 2260; x_wconf 83' lang='lat' dir='ltr'><strong>Vl</strong></span> <span class='ocrx_word' id='word_1_139' title='bbox 1460 2204 1529 2259; x_wconf 84' lang='lat' dir='ltr'><strong>ad</strong></span> <span class='ocrx_word' id='word_1_140' title='bbox 1557 2203 1648 2258; x_wconf 80' lang='lat' dir='ltr'><strong>Jo.</strong></span> <span class='ocrx_word' id='word_1_141' title='bbox 1675 2201 1904 2256; x_wconf 73' lang='lat' dir='ltr'><strong>Eritium.</strong></span> 
     </span>
    </p>
   </div>
   <div class='ocr_carea' id='block_1_22' title="bbox 577 2309 2084 2396">
    <p class='ocr_par' dir='ltr' id='par_1_22' title="bbox 577 2309 2084 2396">
     <span class='ocr_line' id='line_1_22' title="bbox 577 2309 2084 2396; baseline -0.011 -15"><span class='ocrx_word' id='word_1_142' title='bbox 577 2325 690 2396; x_wconf 85' lang='lat' dir='ltr'><strong>Ego</strong></span> <span class='ocrx_word' id='word_1_143' title='bbox 715 2323 784 2380; x_wconf 89' lang='lat' dir='ltr'><strong>de</strong></span> <span class='ocrx_word' id='word_1_144' title='bbox 808 2321 1107 2393; x_wconf 73' lang='lat' dir='ltr'><strong>Augustino</strong></span> <span class='ocrx_word' id='word_1_145' title='bbox 1133 2320 1202 2374; x_wconf 91' lang='lat' dir='ltr'><strong>ita</strong></span> <span class='ocrx_word' id='word_1_146' title='bbox 1227 2317 1418 2381; x_wconf 88' lang='lat' dir='ltr'><strong>sentio,</strong></span> <span class='ocrx_word' id='word_1_147' title='bbox 1449 2325 1506 2371; x_wconf 90' lang='lat' dir='ltr'><strong>ut</strong></span> <span class='ocrx_word' id='word_1_148' title='bbox 1532 2313 1600 2370; x_wconf 92' lang='lat' dir='ltr'><strong>de</strong></span> <span class='ocrx_word' id='word_1_149' title='bbox 1625 2315 1740 2368; x_wconf 85' lang='lat' dir='ltr'><strong>viro</strong></span> <span class='ocrx_word' id='word_1_150' title='bbox 1768 2326 1944 2375; x_wconf 88' lang='lat' dir='ltr'><strong>sacro,</strong></span> <span class='ocrx_word' id='word_1_151' title='bbox 1969 2309 2084 2365; x_wconf 85' lang='lat' dir='ltr'><strong>exi-</strong></span> 
     </span>
    </p>
   </div>
   <div class='ocr_carea' id='block_1_23' title="bbox 507 2402 2084 2488">
    <p class='ocr_par' dir='ltr' id='par_1_23' title="bbox 507 2402 2084 2488">
     <span class='ocr_line' id='line_1_23' title="bbox 507 2402 2084 2488; baseline -0.01 -15"><span class='ocrx_word' id='word_1_152' title='bbox 507 2420 732 2488; x_wconf 91' lang='lat' dir='ltr'><strong>miisque</strong></span> <span class='ocrx_word' id='word_1_153' title='bbox 759 2415 972 2471; x_wconf 85' lang='lat' dir='ltr'><strong>dotibus</strong></span> <span class='ocrx_word' id='word_1_154' title='bbox 998 2413 1221 2486; x_wconf 73' lang='lat' dir='ltr'><strong>przedito</strong></span> <span class='ocrx_word' id='word_1_155' title='bbox 1237 2425 1332 2481; x_wconf 90' lang='lat' dir='ltr'><strong>par</strong></span> <span class='ocrx_word' id='word_1_156' title='bbox 1349 2419 1447 2464; x_wconf 89' lang='lat' dir='ltr'><strong>est.</strong></span> <span class='ocrx_word' id='word_1_157' title='bbox 1473 2407 1582 2462; x_wconf 87' lang='lat' dir='ltr'><strong>Nec</strong></span> <span class='ocrx_word' id='word_1_158' title='bbox 1602 2405 1849 2462; x_wconf 84' lang='lat' dir='ltr'><strong>tenebras</strong></span> <span class='ocrx_word' id='word_1_159' title='bbox 1866 2402 2084 2459; x_wconf 87' lang='lat' dir='ltr'><strong>oﬁ&#39;undo</strong></span> 
     </span>
    </p>
   </div>
   <div class='ocr_carea' id='block_1_24' title="bbox 507 2493 2082 2576">
    <p class='ocr_par' dir='ltr' id='par_1_24' title="bbox 507 2493 2082 2576">
     <span class='ocr_line' id='line_1_24' title="bbox 507 2493 2082 2576; baseline -0.01 -14"><span class='ocrx_word' id='word_1_160' title='bbox 507 2509 649 2562; x_wconf 90' lang='lat' dir='ltr'><strong>illius</strong></span> <span class='ocrx_word' id='word_1_161' title='bbox 675 2507 859 2576; x_wconf 70' lang='lat' dir='ltr'><strong>gloriae</strong></span> <span class='ocrx_word' id='word_1_162' title='bbox 880 2545 897 2572; x_wconf 92' lang='lat'><strong>,</strong></span> <span class='ocrx_word' id='word_1_163' title='bbox 929 2513 986 2558; x_wconf 91' lang='lat' dir='ltr'><strong>ut</strong></span> <span class='ocrx_word' id='word_1_164' title='bbox 1025 2515 1081 2557; x_wconf 91' lang='lat' dir='ltr'><strong>tu</strong></span> <span class='ocrx_word' id='word_1_165' title='bbox 1106 2500 1317 2564; x_wconf 87' lang='lat' dir='ltr'><strong>scribis,</strong></span> <span class='ocrx_word' id='word_1_166' title='bbox 1347 2497 1442 2554; x_wconf 88' lang='lat' dir='ltr'><strong>sed</strong></span> <span class='ocrx_word' id='word_1_167' title='bbox 1469 2512 1578 2552; x_wconf 91' lang='lat' dir='ltr'><strong>non</strong></span> <span class='ocrx_word' id='word_1_168' title='bbox 1619 2496 1788 2564; x_wconf 90' lang='lat' dir='ltr'><strong>patior</strong></span> <span class='ocrx_word' id='word_1_169' title='bbox 1811 2493 2082 2548; x_wconf 86' lang='lat' dir='ltr'><strong>obscurari</strong></span> 
     </span>
    </p>
   </div>
   <div class='ocr_carea' id='block_1_25' title="bbox 502 2584 2083 2667">
    <p class='ocr_par' dir='ltr' id='par_1_25' title="bbox 502 2584 2083 2667">
     <span class='ocr_line' id='line_1_25' title="bbox 502 2584 2083 2667; baseline -0.009 -17"><span class='ocrx_word' id='word_1_170' title='bbox 502 2597 724 2667; x_wconf 88' lang='lat' dir='ltr'><strong>gloriam</strong></span> <span class='ocrx_word' id='word_1_171' title='bbox 755 2593 1076 2664; x_wconf 80' lang='lat' dir='ltr'><strong>Hieronymi,</strong></span> <span class='ocrx_word' id='word_1_172' title='bbox 1119 2591 1202 2645; x_wconf 94' lang='lat' dir='ltr'><strong>cui</strong></span> <span class='ocrx_word' id='word_1_173' title='bbox 1234 2589 1388 2660; x_wconf 85' lang='lat' dir='ltr'><strong>plane</strong></span> <span class='ocrx_word' id='word_1_174' title='bbox 1428 2587 1580 2641; x_wconf 85' lang='lat' dir='ltr'><strong>ﬁeret</strong></span> <span class='ocrx_word' id='word_1_175' title='bbox 1618 2586 1832 2656; x_wconf 88' lang='lat' dir='ltr'><strong>injuria,</strong></span> <span class='ocrx_word' id='word_1_176' title='bbox 1855 2584 1900 2638; x_wconf 89' lang='lat' dir='ltr'><strong>si</strong></span> <span class='ocrx_word' id='word_1_177' title='bbox 1924 2597 2083 2654; x_wconf 88' lang='lat' dir='ltr'><strong>quem</strong></span> 
     </span>
    </p>
   </div>
   <div class='ocr_carea' id='block_1_26' title="bbox 505 2680 1556 2760">
    <p class='ocr_par' dir='ltr' id='par_1_26' title="bbox 505 2680 1556 2760">
     <span class='ocr_line' id='line_1_26' title="bbox 505 2680 1556 2760; baseline -0.01 -16"><span class='ocrx_word' id='word_1_178' title='bbox 505 2688 662 2760; x_wconf 89' lang='lat' dir='ltr'><strong>longe</strong></span> <span class='ocrx_word' id='word_1_179' title='bbox 691 2686 986 2758; x_wconf 77' lang='lat' dir='ltr'><strong>pnecessit,</strong></span> <span class='ocrx_word' id='word_1_180' title='bbox 1030 2684 1081 2740; x_wconf 90' lang='lat' dir='ltr'><strong>ei</strong></span> <span class='ocrx_word' id='word_1_181' title='bbox 1131 2680 1556 2754; x_wconf 84' lang='lat' dir='ltr'><strong>posthaberctur.</strong></span> 
     </span>
    </p>
   </div>
   <div class='ocr_carea' id='block_1_27' title="bbox 680 2791 1905 2868">
    <p class='ocr_par' dir='ltr' id='par_1_27' title="bbox 680 2791 1905 2868">
     <span class='ocr_line' id='line_1_27' title="bbox 680 2791 1905 2868; baseline -0.011 -10"><span class='ocrx_word' id='word_1_182' title='bbox 680 2801 844 2868; x_wconf 74' lang='lat' dir='ltr'><strong>lusit,</strong></span> <span class='ocrx_word' id='word_1_183' title='bbox 869 2799 958 2854; x_wconf 83' lang='lat' dir='ltr'><strong>lib.</strong></span> <span class='ocrx_word' id='word_1_184' title='bbox 995 2797 1068 2866; x_wconf 83' lang='lat' dir='ltr'><strong>V,</strong></span> <span class='ocrx_word' id='word_1_185' title='bbox 1089 2798 1236 2868; x_wconf 82' lang='lat' dir='ltr'><strong>epist.</strong></span> <span class='ocrx_word' id='word_1_186' title='bbox 1259 2793 1394 2850; x_wconf 79' lang='lat' dir='ltr'><strong>XIX</strong></span> <span class='ocrx_word' id='word_1_187' title='bbox 1421 2793 1488 2847; x_wconf 80' lang='lat' dir='ltr'><strong>ad</strong></span> <span class='ocrx_word' id='word_1_188' title='bbox 1516 2791 1905 2848; x_wconf 75' lang='lat' dir='ltr'><strong>Greaerardunt.</strong></span> 
     </span>
    </p>
   </div>
   <div class='ocr_carea' id='block_1_28' title="bbox 562 2904 2084 2986">
    <p class='ocr_par' dir='ltr' id='par_1_28' title="bbox 562 2904 2084 2986">
     <span class='ocr_line' id='line_1_28' title="bbox 562 2904 2084 2986; baseline -0.008 -16"><span class='ocrx_word' id='word_1_189' title='bbox 562 2915 773 2986; x_wconf 81' lang='lat' dir='ltr'><strong>Flagrat</strong></span> <span class='ocrx_word' id='word_1_190' title='bbox 785 2916 892 2982; x_wconf 88' lang='lat' dir='ltr'><strong>jam</strong></span> <span class='ocrx_word' id='word_1_191' title='bbox 906 2913 1031 2966; x_wconf 89' lang='lat' dir='ltr'><strong>olim</strong></span> <span class='ocrx_word' id='word_1_192' title='bbox 1044 2910 1172 2965; x_wconf 89' lang='lat' dir='ltr'><strong>mihi</strong></span> <span class='ocrx_word' id='word_1_193' title='bbox 1191 2905 1484 2963; x_wconf 85' lang='lat' dir='ltr'><strong>incredibili</strong></span> <span class='ocrx_word' id='word_1_194' title='bbox 1500 2905 1690 2960; x_wconf 88' lang='lat' dir='ltr'><strong>ardore</strong></span> <span class='ocrx_word' id='word_1_195' title='bbox 1705 2906 1932 2970; x_wconf 87' lang='lat' dir='ltr'><strong>animus,</strong></span> <span class='ocrx_word' id='word_1_196' title='bbox 1961 2904 2084 2959; x_wconf 81' lang='lat' dir='ltr'><strong>Hie-</strong></span> 
     </span>
    </p>
   </div>
   <div class='ocr_carea' id='block_1_29' title="bbox 503 2995 2084 3078">
    <p class='ocr_par' dir='ltr' id='par_1_29' title="bbox 503 2995 2084 3078">
     <span class='ocr_line' id='line_1_29' title="bbox 503 2995 2084 3078; baseline -0.006 -18"><span class='ocrx_word' id='word_1_197' title='bbox 503 3006 826 3078; x_wconf 82' lang='lat' dir='ltr'><strong>ronymianus</strong></span> <span class='ocrx_word' id='word_1_198' title='bbox 843 3001 1102 3072; x_wconf 83' lang='lat' dir='ltr'><strong>Epistolas</strong></span> <span class='ocrx_word' id='word_1_199' title='bbox 1111 2996 1501 3054; x_wconf 85' lang='lat' dir='ltr'><strong>Commentario</strong></span> <span class='ocrx_word' id='word_1_200' title='bbox 1517 2995 1888 3062; x_wconf 90' lang='lat' dir='ltr'><strong>illustrandi,et</strong></span> <span class='ocrx_word' id='word_1_201' title='bbox 1905 2995 2084 3050; x_wconf 88' lang='lat' dir='ltr'><strong>nescio</strong></span> 
     </span>
    </p>
   </div>
   <div class='ocr_carea' id='block_1_30' title="bbox 505 3087 2081 3167">
    <p class='ocr_par' dir='ltr' id='par_1_30' title="bbox 505 3087 2081 3167">
     <span class='ocr_line' id='line_1_30' title="bbox 505 3087 2081 3167; baseline -0.008 -15"><span class='ocrx_word' id='word_1_202' title='bbox 505 3098 626 3167; x_wconf 89' lang='lat' dir='ltr'><strong>quis</strong></span> <span class='ocrx_word' id='word_1_203' title='bbox 641 3096 783 3150; x_wconf 89' lang='lat' dir='ltr'><strong>Deus</strong></span> <span class='ocrx_word' id='word_1_204' title='bbox 800 3092 925 3147; x_wconf 88' lang='lat' dir='ltr'><strong>mihi</strong></span> <span class='ocrx_word' id='word_1_205' title='bbox 943 3103 1128 3163; x_wconf 89' lang='lat' dir='ltr'><strong>pectus</strong></span> <span class='ocrx_word' id='word_1_206' title='bbox 1137 3087 1399 3152; x_wconf 89' lang='lat' dir='ltr'><strong>accendit,</strong></span> <span class='ocrx_word' id='word_1_207' title='bbox 1417 3087 1648 3156; x_wconf 86' lang='lat' dir='ltr'><strong>agitque,</strong></span> <span class='ocrx_word' id='word_1_208' title='bbox 1663 3095 1842 3140; x_wconf 88' lang='lat' dir='ltr'><strong>utrem</strong></span> <span class='ocrx_word' id='word_1_209' title='bbox 1860 3095 2081 3154; x_wconf 87' lang='lat' dir='ltr'><strong>tantam,</strong></span> 
     </span>
    </p>
   </div>
   <div class='ocr_carea' id='block_1_31' title="bbox 503 3177 2080 3248">
    <p class='ocr_par' dir='ltr' id='par_1_31' title="bbox 503 3177 2080 3248">
     <span class='ocr_line' id='line_1_31' title="bbox 503 3177 2080 3248; baseline -0.006 -7"><span class='ocrx_word' id='word_1_210' title='bbox 503 3196 560 3241; x_wconf 88' lang='lat' dir='ltr'><strong>et</strong></span> <span class='ocrx_word' id='word_1_211' title='bbox 575 3201 606 3240; x_wconf 90' lang='lat' dir='ltr'><strong>a</strong></span> <span class='ocrx_word' id='word_1_212' title='bbox 619 3185 765 3240; x_wconf 90' lang='lat' dir='ltr'><strong>nullo</strong></span> <span class='ocrx_word' id='word_1_213' title='bbox 782 3183 1034 3238; x_wconf 87' lang='lat' dir='ltr'><strong>hactenus</strong></span> <span class='ocrx_word' id='word_1_214' title='bbox 1064 3187 1338 3244; x_wconf 87' lang='lat' dir='ltr'><strong>tentatam,</strong></span> <span class='ocrx_word' id='word_1_215' title='bbox 1354 3177 1577 3233; x_wconf 84' lang='lat' dir='ltr'><strong>audeam</strong></span> <span class='ocrx_word' id='word_1_216' title='bbox 1591 3179 1771 3233; x_wconf 90' lang='lat' dir='ltr'><strong>animo</strong></span> <span class='ocrx_word' id='word_1_217' title='bbox 1781 3177 2080 3248; x_wconf 89' lang='lat' dir='ltr'><strong>concipere.</strong></span> 
     </span>
    </p>
   </div>
   <div class='ocr_carea' id='block_1_32' title="bbox 503 3269 2084 3338">
    <p class='ocr_par' dir='ltr' id='par_1_32' title="bbox 503 3269 2084 3338">
     <span class='ocr_line' id='line_1_32' title="bbox 503 3269 2084 3338; baseline -0.003 -8"><span class='ocrx_word' id='word_1_218' title='bbox 503 3274 681 3332; x_wconf 72' lang='lat' dir='ltr'><strong>Movet</strong></span> <span class='ocrx_word' id='word_1_219' title='bbox 707 3289 792 3329; x_wconf 85' lang='lat' dir='ltr'><strong>me</strong></span> <span class='ocrx_word' id='word_1_220' title='bbox 816 3273 914 3329; x_wconf 83' lang='lat' dir='ltr'><strong>viri</strong></span> <span class='ocrx_word' id='word_1_221' title='bbox 931 3269 1259 3338; x_wconf 73' lang='lat' dir='ltr'><strong>coelestis,!et</strong></span> <span class='ocrx_word' id='word_1_222' title='bbox 1275 3270 1511 3325; x_wconf 89' lang='lat' dir='ltr'><strong>omnium</strong></span> <span class='ocrx_word' id='word_1_223' title='bbox 1531 3270 1946 3326; x_wconf 85' lang='lat' dir='ltr'><strong>Christianorum</strong></span> <span class='ocrx_word' id='word_1_224' title='bbox 1967 3271 2084 3326; x_wconf 78' lang='lat' dir='ltr'><strong>sine</strong></span> 
     </span>
    </p>
   </div>
   <div class='ocr_carea' id='block_1_33' title="bbox 503 3359 2083 3433">
    <p class='ocr_par' dir='ltr' id='par_1_33' title="bbox 503 3359 2083 3433">
     <span class='ocr_line' id='line_1_33' title="bbox 503 3359 2083 3433; baseline -0.004 -12"><span class='ocrx_word' id='word_1_225' title='bbox 503 3365 870 3421; x_wconf 84' lang='lat' dir='ltr'><strong>controversia</strong></span> <span class='ocrx_word' id='word_1_226' title='bbox 899 3363 1054 3433; x_wconf 80' lang='lat' dir='ltr'><strong>longe</strong></span> <span class='ocrx_word' id='word_1_227' title='bbox 1081 3372 1190 3417; x_wconf 92' lang='lat' dir='ltr'><strong>tum</strong></span> <span class='ocrx_word' id='word_1_228' title='bbox 1228 3359 1540 3428; x_wconf 86' lang='lat' dir='ltr'><strong>doctissimi,</strong></span> <span class='ocrx_word' id='word_1_229' title='bbox 1573 3370 1683 3415; x_wconf 93' lang='lat' dir='ltr'><strong>tum</strong></span> <span class='ocrx_word' id='word_1_230' title='bbox 1725 3360 2083 3415; x_wconf 88' lang='lat' dir='ltr'><strong>facundissimi</strong></span> 
     </span>
    </p>
   </div>
   <div class='ocr_carea' id='block_1_34' title="bbox 507 3449 2084 3525">
    <p class='ocr_par' dir='ltr' id='par_1_34' title="bbox 507 3449 2084 3525">
     <span class='ocr_line' id='line_1_34' title="bbox 507 3449 2084 3525; baseline -0.004 -15"><span class='ocrx_word' id='word_1_231' title='bbox 507 3455 714 3525; x_wconf 85' lang='lat' dir='ltr'><strong>pietas:</strong></span> <span class='ocrx_word' id='word_1_232' title='bbox 742 3453 894 3523; x_wconf 88' lang='lat' dir='ltr'><strong>cujus</strong></span> <span class='ocrx_word' id='word_1_233' title='bbox 923 3454 1115 3522; x_wconf 84' lang='lat' dir='ltr'><strong>scripta</strong></span> <span class='ocrx_word' id='word_1_234' title='bbox 1143 3466 1266 3507; x_wconf 90' lang='lat' dir='ltr'><strong>cum</strong></span> <span class='ocrx_word' id='word_1_235' title='bbox 1296 3450 1448 3521; x_wconf 90' lang='lat' dir='ltr'><strong>digna</strong></span> <span class='ocrx_word' id='word_1_236' title='bbox 1470 3450 1577 3505; x_wconf 89' lang='lat' dir='ltr'><strong>sint</strong></span> <span class='ocrx_word' id='word_1_237' title='bbox 1601 3465 1721 3518; x_wconf 78' lang='lat' dir='ltr'><strong>qua:</strong></span> <span class='ocrx_word' id='word_1_238' title='bbox 1742 3449 1811 3504; x_wconf 88' lang='lat' dir='ltr'><strong>ab</strong></span> <span class='ocrx_word' id='word_1_239' title='bbox 1837 3449 2084 3504; x_wconf 88' lang='lat' dir='ltr'><strong>omnibus</strong></span> 
     </span>
    </p>
   </div>
   <div class='ocr_carea' id='block_1_35' title="bbox 504 3540 2087 3614">
    <p class='ocr_par' dir='ltr' id='par_1_35' title="bbox 504 3540 2087 3614">
     <span class='ocr_line' id='line_1_35' title="bbox 504 3540 2087 3614; baseline -0.002 -16"><span class='ocrx_word' id='word_1_240' title='bbox 504 3545 701 3614; x_wconf 85' lang='lat' dir='ltr'><strong>passim</strong></span> <span class='ocrx_word' id='word_1_241' title='bbox 719 3543 974 3613; x_wconf 86' lang='lat' dir='ltr'><strong>legantur,</strong></span> <span class='ocrx_word' id='word_1_242' title='bbox 985 3552 1039 3598; x_wconf 91' lang='lat' dir='ltr'><strong>et</strong></span> <span class='ocrx_word' id='word_1_243' title='bbox 1053 3541 1371 3607; x_wconf 87' lang='lat' dir='ltr'><strong>ediscantur,</strong></span> <span class='ocrx_word' id='word_1_244' title='bbox 1387 3541 1471 3596; x_wconf 89' lang='lat' dir='ltr'><strong>vix</strong></span> <span class='ocrx_word' id='word_1_245' title='bbox 1487 3542 1635 3611; x_wconf 87' lang='lat' dir='ltr'><strong>pauci</strong></span> <span class='ocrx_word' id='word_1_246' title='bbox 1653 3541 1853 3611; x_wconf 86' lang='lat' dir='ltr'><strong>legunt,</strong></span> <span class='ocrx_word' id='word_1_247' title='bbox 1875 3540 2087 3609; x_wconf 87' lang='lat' dir='ltr'><strong>paucio-</strong></span> 
     </span>
    </p>
   </div>
   <div class='ocr_carea' id='block_1_36' title="bbox 505 3630 2084 3703">
    <p class='ocr_par' dir='ltr' id='par_1_36' title="bbox 505 3630 2084 3703">
     <span class='ocr_line' id='line_1_36' title="bbox 505 3630 2084 3703; baseline -0.003 -16"><span class='ocrx_word' id='word_1_248' title='bbox 505 3646 598 3687; x_wconf 86' lang='lat' dir='ltr'><strong>res</strong></span> <span class='ocrx_word' id='word_1_249' title='bbox 626 3632 904 3698; x_wconf 89' lang='lat' dir='ltr'><strong>mirantur,</strong></span> <span class='ocrx_word' id='word_1_250' title='bbox 929 3631 1230 3703; x_wconf 87' lang='lat' dir='ltr'><strong>paucissimi</strong></span> <span class='ocrx_word' id='word_1_251' title='bbox 1268 3632 1584 3702; x_wconf 87' lang='lat' dir='ltr'><strong>intelligunt.</strong></span> <span class='ocrx_word' id='word_1_252' title='bbox 1615 3630 1779 3686; x_wconf 86' lang='lat' dir='ltr'><strong>Deum</strong></span> <span class='ocrx_word' id='word_1_253' title='bbox 1809 3630 2084 3685; x_wconf 84' lang='lat' dir='ltr'><strong>immorta-</strong></span> 
     </span>
    </p>
   </div>
   <div class='ocr_carea' id='block_1_37' title="bbox 503 3720 2082 3790">
    <p class='ocr_par' dir='ltr' id='par_1_37' title="bbox 503 3720 2082 3790">
     <span class='ocr_line' id='line_1_37' title="bbox 503 3720 2082 3790; baseline -0.001 -14"><span class='ocrx_word' id='word_1_254' title='bbox 503 3721 640 3777; x_wconf 85' lang='lat' dir='ltr'><strong>lem!</strong></span> <span class='ocrx_word' id='word_1_255' title='bbox 671 3721 860 3778; x_wconf 85' lang='lat' dir='ltr'><strong>Scotus</strong></span> <span class='ocrx_word' id='word_1_256' title='bbox 881 3763 899 3790; x_wconf 90' lang='lat'><strong>,</strong></span> <span class='ocrx_word' id='word_1_257' title='bbox 943 3722 1225 3787; x_wconf 82' lang='lat' dir='ltr'><strong>Albertus,</strong></span> <span class='ocrx_word' id='word_1_258' title='bbox 1246 3731 1302 3777; x_wconf 89' lang='lat' dir='ltr'><strong>et</strong></span> <span class='ocrx_word' id='word_1_259' title='bbox 1333 3720 1415 3776; x_wconf 91' lang='lat' dir='ltr'><strong>bis</strong></span> <span class='ocrx_word' id='word_1_260' title='bbox 1433 3721 1782 3789; x_wconf 87' lang='lat' dir='ltr'><strong>impolitiores</strong></span> <span class='ocrx_word' id='word_1_261' title='bbox 1812 3729 2082 3784; x_wconf 85' lang='lat' dir='ltr'><strong>auctores,</strong></span> 
     </span>
    </p>
   </div>
   <div class='ocr_carea' id='block_1_38' title="bbox 505 3813 2086 3884">
    <p class='ocr_par' dir='ltr' id='par_1_38' title="bbox 505 3813 2086 3884">
     <span class='ocr_line' id='line_1_38' title="bbox 505 3813 2086 3884; baseline -0.003 -14"><span class='ocrx_word' id='word_1_262' title='bbox 505 3814 820 3870; x_wconf 90' lang='lat' dir='ltr'><strong>omnibusin</strong></span> <span class='ocrx_word' id='word_1_263' title='bbox 839 3813 1037 3870; x_wconf 88' lang='lat' dir='ltr'><strong>scholis</strong></span> <span class='ocrx_word' id='word_1_264' title='bbox 1059 3823 1409 3884; x_wconf 90' lang='lat' dir='ltr'><strong>perstrepent,</strong></span> <span class='ocrx_word' id='word_1_265' title='bbox 1425 3822 1482 3869; x_wconf 88' lang='lat' dir='ltr'><strong>et</strong></span> <span class='ocrx_word' id='word_1_266' title='bbox 1503 3813 1589 3868; x_wconf 90' lang='lat' dir='ltr'><strong>ille</strong></span> <span class='ocrx_word' id='word_1_267' title='bbox 1611 3813 1795 3868; x_wconf 89' lang='lat' dir='ltr'><strong>unicus</strong></span> <span class='ocrx_word' id='word_1_268' title='bbox 1817 3813 2086 3882; x_wconf 73' lang='lat' dir='ltr'><strong>religionis</strong></span> 
     </span>
    </p>
   </div>
   <div class='ocr_carea' id='block_1_39' title="bbox 491 3904 2087 3982">
    <p class='ocr_par' dir='ltr' id='par_1_39' title="bbox 491 3904 2087 3982">
     <span class='ocr_line' id='line_1_39' title="bbox 491 3904 2087 3982; baseline -0.001 -20"><span class='ocrx_word' id='word_1_269' title='bbox 491 3915 703 3982; x_wconf 75' lang='lat' dir='ltr'><strong>nostra:</strong></span> <span class='ocrx_word' id='word_1_270' title='bbox 719 3907 880 3977; x_wconf 86' lang='lat' dir='ltr'><strong>pugil,</strong></span> <span class='ocrx_word' id='word_1_271' title='bbox 899 3907 1189 3962; x_wconf 85' lang='lat' dir='ltr'><strong>illustratur</strong></span> <span class='ocrx_word' id='word_1_272' title='bbox 1203 3921 1264 3960; x_wconf 91' lang='lat' dir='ltr'><strong>ac</strong></span> <span class='ocrx_word' id='word_1_273' title='bbox 1279 3906 1478 3969; x_wconf 88' lang='lat' dir='ltr'><strong>lumen,</strong></span> <span class='ocrx_word' id='word_1_274' title='bbox 1502 3904 1858 3975; x_wconf 74' lang='lat' dir='ltr'><strong>Hieronymus,</strong></span> <span class='ocrx_word' id='word_1_275' title='bbox 1878 3905 1967 3975; x_wconf 88' lang='lat' dir='ltr'><strong>qui</strong></span> <span class='ocrx_word' id='word_1_276' title='bbox 1983 3919 2087 3960; x_wconf 87' lang='lat' dir='ltr'><strong>me-</strong></span> 
     </span>
    </p>
   </div>
   <div class='ocr_carea' id='block_1_40' title="bbox 317 3971 2086 4071">
    <p class='ocr_par' dir='ltr' id='par_1_40' title="bbox 317 3971 2086 4071">
     <span class='ocr_line' id='line_1_40' title="bbox 317 3971 2086 4071; baseline -0.003 -17"><span class='ocrx_word' id='word_1_277' title='bbox 317 3971 323 3998; x_wconf 35' lang='lat'><em>:</em></span> <span class='ocrx_word' id='word_1_278' title='bbox 389 4067 392 4071; x_wconf 18' lang='grc' dir='ltr'><em>ι</em></span> <span class='ocrx_word' id='word_1_279' title='bbox 487 3979 634 4065; x_wconf 64' lang='grc' dir='ltr'><strong>έτιιὶι,</strong></span> <span class='ocrx_word' id='word_1_280' title='bbox 659 3971 872 4052; x_wconf 42' lang='lat' dir='ltr'><strong>ut-un&#39;us</strong></span> <span class='ocrx_word' id='word_1_281' title='bbox 886 3998 1268 4062; x_wconf 89' lang='lat' dir='ltr'><strong>celebraretur,</strong></span> <span class='ocrx_word' id='word_1_282' title='bbox 1288 4012 1422 4052; x_wconf 87' lang='lat' dir='ltr'><strong>unus</strong></span> <span class='ocrx_word' id='word_1_283' title='bbox 1437 4013 1502 4051; x_wconf 85' lang='lat' dir='ltr'><strong>ex</strong></span> <span class='ocrx_word' id='word_1_284' title='bbox 1525 3971 1771 4051; x_wconf 76' lang='lat' dir='ltr'><strong>omnibus</strong></span> <span class='ocrx_word' id='word_1_285' title='bbox 1793 3995 2086 4049; x_wconf 84' lang='lat' dir='ltr'><strong>tacebitur?</strong></span> 
     </span>
    </p>
   </div>
   <div class='ocr_carea' id='block_1_41' title="bbox 503 4084 2089 4156">
    <p class='ocr_par' dir='ltr' id='par_1_41' title="bbox 503 4084 2089 4156">
     <span class='ocr_line' id='line_1_41' title="bbox 503 4084 2089 4156; baseline -0.002 -14"><span class='ocrx_word' id='word_1_286' title='bbox 503 4085 610 4142; x_wconf 86' lang='lat' dir='ltr'><strong>Sed</strong></span> <span class='ocrx_word' id='word_1_287' title='bbox 654 4103 768 4143; x_wconf 92' lang='lat' dir='ltr'><strong>rem</strong></span> <span class='ocrx_word' id='word_1_288' title='bbox 788 4087 943 4143; x_wconf 85' lang='lat' dir='ltr'><strong>video</strong></span> <span class='ocrx_word' id='word_1_289' title='bbox 973 4085 1430 4156; x_wconf 86' lang='lat' dir='ltr'><strong>indignissimam:</strong></span> <span class='ocrx_word' id='word_1_290' title='bbox 1454 4086 1523 4139; x_wconf 92' lang='lat' dir='ltr'><strong>ob</strong></span> <span class='ocrx_word' id='word_1_291' title='bbox 1550 4085 1653 4139; x_wconf 89' lang='lat' dir='ltr'><strong>hoc</strong></span> <span class='ocrx_word' id='word_1_292' title='bbox 1695 4085 1866 4154; x_wconf 89' lang='lat' dir='ltr'><strong>ipsum</strong></span> <span class='ocrx_word' id='word_1_293' title='bbox 1896 4084 2089 4154; x_wconf 81' lang='lat' dir='ltr'><strong>negligi</strong></span> 
     </span>
    </p>
   </div>
   <div class='ocr_carea' id='block_1_42' title="bbox 510 4172 2083 4246">
    <p class='ocr_par' dir='ltr' id='par_1_42' title="bbox 510 4172 2083 4246">
     <span class='ocr_line' id='line_1_42' title="bbox 510 4172 2083 4246; baseline -0.001 -17"><span class='ocrx_word' id='word_1_294' title='bbox 510 4175 895 4246; x_wconf 82' lang='lat' dir='ltr'><strong>Hieronymum,</strong></span> <span class='ocrx_word' id='word_1_295' title='bbox 916 4191 1010 4245; x_wconf 90' lang='lat' dir='ltr'><strong>per</strong></span> <span class='ocrx_word' id='word_1_296' title='bbox 1021 4176 1160 4246; x_wconf 91' lang='lat' dir='ltr'><strong>quod</strong></span> <span class='ocrx_word' id='word_1_297' title='bbox 1180 4175 1499 4244; x_wconf 86' lang='lat' dir='ltr'><strong>promeritus</strong></span> <span class='ocrx_word' id='word_1_298' title='bbox 1512 4183 1613 4236; x_wconf 87' lang='lat' dir='ltr'><strong>est,</strong></span> <span class='ocrx_word' id='word_1_299' title='bbox 1628 4189 1696 4228; x_wconf 90' lang='lat' dir='ltr'><strong>ne</strong></span> <span class='ocrx_word' id='word_1_300' title='bbox 1711 4172 2083 4243; x_wconf 87' lang='lat' dir='ltr'><strong>negligeretur.</strong></span> 
     </span>
    </p>
   </div>
   <div class='ocr_carea' id='block_1_43' title="bbox 505 4261 2089 4334">
    <p class='ocr_par' dir='ltr' id='par_1_43' title="bbox 505 4261 2089 4334">
     <span class='ocr_line' id='line_1_43' title="bbox 505 4261 2089 4334; baseline -0.001 -15"><span class='ocrx_word' id='word_1_301' title='bbox 505 4263 673 4320; x_wconf 82' lang='lat' dir='ltr'><strong>Nocet</strong></span> <span class='ocrx_word' id='word_1_302' title='bbox 691 4264 895 4319; x_wconf 87' lang='lat' dir='ltr'><strong>auctori</strong></span> <span class='ocrx_word' id='word_1_303' title='bbox 908 4265 1231 4334; x_wconf 87' lang='lat' dir='ltr'><strong>eloquentia,</strong></span> <span class='ocrx_word' id='word_1_304' title='bbox 1249 4278 1367 4333; x_wconf 68' lang='lat' dir='ltr'><strong>quae</strong></span> <span class='ocrx_word' id='word_1_305' title='bbox 1383 4263 1622 4333; x_wconf 86' lang='lat' dir='ltr'><strong>religioni</strong></span> <span class='ocrx_word' id='word_1_306' title='bbox 1641 4261 1854 4330; x_wconf 84' lang='lat' dir='ltr'><strong>profuit.</strong></span> <span class='ocrx_word' id='word_1_307' title='bbox 1878 4262 2089 4318; x_wconf 85' lang='lat' dir='ltr'><strong>Alienat</strong></span> 
     </span>
    </p>
   </div>
   <div class='ocr_carea' id='block_1_44' title="bbox 509 4352 2091 4423">
    <p class='ocr_par' dir='ltr' id='par_1_44' title="bbox 509 4352 2091 4423">
     <span class='ocr_line' id='line_1_44' title="bbox 509 4352 2091 4423; baseline -0.002 -12"><span class='ocrx_word' id='word_1_308' title='bbox 509 4354 708 4413; x_wconf 89' lang='lat' dir='ltr'><strong>multos</strong></span> <span class='ocrx_word' id='word_1_309' title='bbox 726 4354 1021 4410; x_wconf 86' lang='lat' dir='ltr'><strong>abstrusior</strong></span> <span class='ocrx_word' id='word_1_310' title='bbox 1044 4353 1294 4417; x_wconf 88' lang='lat' dir='ltr'><strong>eruditio,</strong></span> <span class='ocrx_word' id='word_1_311' title='bbox 1320 4367 1422 4423; x_wconf 91' lang='lat' dir='ltr'><strong>qua</strong></span> <span class='ocrx_word' id='word_1_312' title='bbox 1451 4352 1782 4423; x_wconf 90' lang='lat' dir='ltr'><strong>potissimum</strong></span> <span class='ocrx_word' id='word_1_313' title='bbox 1808 4354 2091 4421; x_wconf 88' lang='lat' dir='ltr'><strong>oportebat</strong></span> 
     </span>
    </p>
   </div>
   <div class='ocr_carea' id='block_1_45' title="bbox 503 4443 2088 4514">
    <p class='ocr_par' dir='ltr' id='par_1_45' title="bbox 503 4443 2088 4514">
     <span class='ocr_line' id='line_1_45' title="bbox 503 4443 2088 4514; baseline -0.004 -10"><span class='ocrx_word' id='word_1_314' title='bbox 503 4461 630 4504; x_wconf 87' lang='lat' dir='ltr'><strong>eum</strong></span> <span class='ocrx_word' id='word_1_315' title='bbox 652 4445 1038 4504; x_wconf 83' lang='lat' dir='ltr'><strong>commendari.</strong></span> <span class='ocrx_word' id='word_1_316' title='bbox 1071 4445 1233 4502; x_wconf 86' lang='lat' dir='ltr'><strong>Pauci</strong></span> <span class='ocrx_word' id='word_1_317' title='bbox 1263 4444 1442 4514; x_wconf 86' lang='lat' dir='ltr'><strong>itaque</strong></span> <span class='ocrx_word' id='word_1_318' title='bbox 1475 4443 1753 4509; x_wconf 87' lang='lat' dir='ltr'><strong>mirantur,</strong></span> <span class='ocrx_word' id='word_1_319' title='bbox 1777 4458 1935 4512; x_wconf 89' lang='lat' dir='ltr'><strong>quem</strong></span> <span class='ocrx_word' id='word_1_320' title='bbox 1964 4458 2088 4513; x_wconf 86' lang='lat' dir='ltr'><strong>per-</strong></span> 
     </span>
    </p>
   </div>
   <div class='ocr_carea' id='block_1_46' title="bbox 503 4532 2085 4610">
    <p class='ocr_par' dir='ltr' id='par_1_46' title="bbox 503 4532 2085 4610">
     <span class='ocr_line' id='line_1_46' title="bbox 503 4532 2085 4610; baseline -0.004 -16"><span class='ocrx_word' id='word_1_321' title='bbox 503 4538 661 4610; x_wconf 84' lang='lat' dir='ltr'><strong>pauci</strong></span> <span class='ocrx_word' id='word_1_322' title='bbox 702 4537 1020 4608; x_wconf 88' lang='lat' dir='ltr'><strong>intelligunt.</strong></span> <span class='ocrx_word' id='word_1_323' title='bbox 1073 4534 1229 4603; x_wconf 82' lang='lat' dir='ltr'><strong>Quod</strong></span> <span class='ocrx_word' id='word_1_324' title='bbox 1265 4534 1312 4590; x_wconf 92' lang='lat' dir='ltr'><strong>si</strong></span> <span class='ocrx_word' id='word_1_325' title='bbox 1342 4533 1462 4589; x_wconf 90' lang='lat' dir='ltr'><strong>talis</strong></span> <span class='ocrx_word' id='word_1_326' title='bbox 1490 4539 1676 4587; x_wconf 88' lang='lat' dir='ltr'><strong>auctor</strong></span> <span class='ocrx_word' id='word_1_327' title='bbox 1705 4532 1879 4602; x_wconf 88' lang='lat' dir='ltr'><strong>dignis</strong></span> <span class='ocrx_word' id='word_1_328' title='bbox 1921 4532 2085 4588; x_wconf 88' lang='lat' dir='ltr'><strong>Com-</strong></span> 
     </span>
    </p>
   </div>
   <div class='ocr_carea' id='block_1_47' title="bbox 503 4623 2088 4695">
    <p class='ocr_par' dir='ltr' id='par_1_47' title="bbox 503 4623 2088 4695">
     <span class='ocr_line' id='line_1_47' title="bbox 503 4623 2088 4695; baseline -0.002 -12"><span class='ocrx_word' id='word_1_329' title='bbox 503 4628 780 4683; x_wconf 84' lang='lat' dir='ltr'><strong>mentariis</strong></span> <span class='ocrx_word' id='word_1_330' title='bbox 823 4627 984 4682; x_wconf 82' lang='lat' dir='ltr'><strong>fuerit</strong></span> <span class='ocrx_word' id='word_1_331' title='bbox 1023 4627 1338 4691; x_wconf 86' lang='lat' dir='ltr'><strong>illustratus,</strong></span> <span class='ocrx_word' id='word_1_332' title='bbox 1392 4623 1628 4679; x_wconf 83' lang='lat' dir='ltr'><strong>futurum</strong></span> <span class='ocrx_word' id='word_1_333' title='bbox 1671 4623 1976 4695; x_wconf 83' lang='lat' dir='ltr'><strong>prospicio,</strong></span> <span class='ocrx_word' id='word_1_334' title='bbox 2031 4634 2088 4681; x_wconf 94' lang='lat' dir='ltr'><strong>ut</strong></span> 
     </span>
    </p>
   </div>
   <div class='ocr_carea' id='block_1_48' title="bbox 508 4715 2084 4788">
    <p class='ocr_par' dir='ltr' id='par_1_48' title="bbox 508 4715 2084 4788">
     <span class='ocr_line' id='line_1_48' title="bbox 508 4715 2084 4788; baseline -0.001 -16"><span class='ocrx_word' id='word_1_335' title='bbox 508 4716 908 4788; x_wconf 82' lang='lat' dir='ltr'><strong>Hieronymiana</strong></span> <span class='ocrx_word' id='word_1_336' title='bbox 943 4718 1142 4786; x_wconf 88' lang='lat' dir='ltr'><strong>gloria,</strong></span> <span class='ocrx_word' id='word_1_337' title='bbox 1196 4725 1446 4787; x_wconf 86' lang='lat' dir='ltr'><strong>tanquam</strong></span> <span class='ocrx_word' id='word_1_338' title='bbox 1494 4730 1633 4772; x_wconf 88' lang='lat' dir='ltr'><strong>nova</strong></span> <span class='ocrx_word' id='word_1_339' title='bbox 1670 4715 1788 4771; x_wconf 90' lang='lat' dir='ltr'><strong>luce</strong></span> <span class='ocrx_word' id='word_1_340' title='bbox 1827 4726 2045 4786; x_wconf 89' lang='lat' dir='ltr'><strong>accepta</strong></span> <span class='ocrx_word' id='word_1_341' title='bbox 2065 4757 2084 4784; x_wconf 95' lang='lat'><strong>,</strong></span> 
     </span>
    </p>
   </div>
   <div class='ocr_carea' id='block_1_49' title="bbox 505 4805 2091 4877">
    <p class='ocr_par' dir='ltr' id='par_1_49' title="bbox 505 4805 2091 4877">
     <span class='ocr_line' id='line_1_49' title="bbox 505 4805 2091 4877; baseline -0.001 -15"><span class='ocrx_word' id='word_1_342' title='bbox 505 4821 669 4877; x_wconf 90' lang='lat' dir='ltr'><strong>quam</strong></span> <span class='ocrx_word' id='word_1_343' title='bbox 689 4806 946 4862; x_wconf 82' lang='lat' dir='ltr'><strong>latissime</strong></span> <span class='ocrx_word' id='word_1_344' title='bbox 968 4806 1226 4861; x_wconf 88' lang='lat' dir='ltr'><strong>enitescat</strong></span> <span class='ocrx_word' id='word_1_345' title='bbox 1250 4816 1345 4862; x_wconf 85' lang='lat' dir='ltr'><strong>:ut</strong></span> <span class='ocrx_word' id='word_1_346' title='bbox 1363 4807 1560 4876; x_wconf 90' lang='lat' dir='ltr'><strong>passim</strong></span> <span class='ocrx_word' id='word_1_347' title='bbox 1586 4807 1640 4860; x_wconf 92' lang='lat' dir='ltr'><strong>in</strong></span> <span class='ocrx_word' id='word_1_348' title='bbox 1665 4805 1884 4874; x_wconf 83' lang='lat' dir='ltr'><strong>scholis,</strong></span> <span class='ocrx_word' id='word_1_349' title='bbox 1912 4805 1966 4862; x_wconf 92' lang='lat' dir='ltr'><strong>in</strong></span> <span class='ocrx_word' id='word_1_350' title='bbox 1994 4821 2091 4862; x_wconf 89' lang='lat' dir='ltr'><strong>au-</strong></span> 
     </span>
    </p>
   </div>
   <div class='ocr_carea' id='block_1_50' title="bbox 505 4894 2089 4968">
    <p class='ocr_par' dir='ltr' id='par_1_50' title="bbox 505 4894 2089 4968">
     <span class='ocr_line' id='line_1_50' title="bbox 505 4894 2089 4968; baseline 0.001 -18"><span class='ocrx_word' id='word_1_351' title='bbox 505 4895 740 4961; x_wconf 90' lang='lat' dir='ltr'><strong>ditoriis,</strong></span> <span class='ocrx_word' id='word_1_352' title='bbox 765 4895 818 4950; x_wconf 93' lang='lat' dir='ltr'><strong>in</strong></span> <span class='ocrx_word' id='word_1_353' title='bbox 843 4895 1074 4964; x_wconf 88' lang='lat' dir='ltr'><strong>templis,</strong></span> <span class='ocrx_word' id='word_1_354' title='bbox 1091 4894 1256 4960; x_wconf 92' lang='lat' dir='ltr'><strong>domi,</strong></span> <span class='ocrx_word' id='word_1_355' title='bbox 1275 4895 1490 4966; x_wconf 90' lang='lat' dir='ltr'><strong>publice</strong></span> <span class='ocrx_word' id='word_1_356' title='bbox 1510 4896 1861 4966; x_wconf 86' lang='lat' dir='ltr'><strong>privatimque</strong></span> <span class='ocrx_word' id='word_1_357' title='bbox 1881 4896 2089 4968; x_wconf 86' lang='lat' dir='ltr'><strong>legatur</strong></span> 
     </span>
    </p>
   </div>
   <div class='ocr_carea' id='block_1_51' title="bbox 503 4983 2090 5056">
    <p class='ocr_par' dir='ltr' id='par_1_51' title="bbox 503 4983 2090 5056">
     <span class='ocr_line' id='line_1_51' title="bbox 503 4983 2090 5056; baseline 0.003 -14"><span class='ocrx_word' id='word_1_358' title='bbox 503 4995 561 5042; x_wconf 91' lang='lat' dir='ltr'><strong>et</strong></span> <span class='ocrx_word' id='word_1_359' title='bbox 583 4984 868 5041; x_wconf 87' lang='lat' dir='ltr'><strong>ediscatur.</strong></span> <span class='ocrx_word' id='word_1_360' title='bbox 894 4984 1004 5041; x_wconf 83' lang='lat' dir='ltr'><strong>Nec</strong></span> <span class='ocrx_word' id='word_1_361' title='bbox 1028 5000 1114 5040; x_wconf 87' lang='lat' dir='ltr'><strong>me</strong></span> <span class='ocrx_word' id='word_1_362' title='bbox 1137 4983 1272 5041; x_wconf 86' lang='lat' dir='ltr'><strong>adeo</strong></span> <span class='ocrx_word' id='word_1_363' title='bbox 1307 4983 1463 5053; x_wconf 81' lang='lat' dir='ltr'><strong>fallit,</strong></span> <span class='ocrx_word' id='word_1_364' title='bbox 1507 5001 1666 5056; x_wconf 91' lang='lat' dir='ltr'><strong>quam</strong></span> <span class='ocrx_word' id='word_1_365' title='bbox 1693 4985 1866 5042; x_wconf 85' lang='lat' dir='ltr'><strong>audax</strong></span> <span class='ocrx_word' id='word_1_366' title='bbox 1887 4986 2090 5046; x_wconf 80' lang='lat' dir='ltr'><strong>facinus</strong></span> 
     </span>
    </p>
   </div>
   <div class='ocr_carea' id='block_1_52' title="bbox 506 5073 2089 5148">
    <p class='ocr_par' dir='ltr' id='par_1_52' title="bbox 506 5073 2089 5148">
     <span class='ocr_line' id='line_1_52' title="bbox 506 5073 2089 5148; baseline 0.003 -18"><span class='ocrx_word' id='word_1_367' title='bbox 506 5075 687 5130; x_wconf 88' lang='lat' dir='ltr'><strong>animo</strong></span> <span class='ocrx_word' id='word_1_368' title='bbox 717 5074 1165 5145; x_wconf 64' lang='lat' dir='ltr'><strong>praesumpserim.</strong></span> <span class='ocrx_word' id='word_1_369' title='bbox 1203 5073 1462 5142; x_wconf 83' lang='lat' dir='ltr'><strong>Primum,</strong></span> <span class='ocrx_word' id='word_1_370' title='bbox 1489 5076 1672 5146; x_wconf 89' lang='lat' dir='ltr'><strong>quanti</strong></span> <span class='ocrx_word' id='word_1_371' title='bbox 1701 5076 1900 5148; x_wconf 89' lang='lat' dir='ltr'><strong>negotii</strong></span> <span class='ocrx_word' id='word_1_372' title='bbox 1927 5075 2089 5135; x_wconf 83' lang='lat' dir='ltr'><strong>fuerit</strong></span> 
     </span>
    </p>
   </div>
   <div class='ocr_carea' id='block_1_53' title="bbox 509 5164 2091 5237">
    <p class='ocr_par' dir='ltr' id='par_1_53' title="bbox 509 5164 2091 5237">
     <span class='ocr_line' id='line_1_53' title="bbox 509 5164 2091 5237; baseline 0.004 -18"><span class='ocrx_word' id='word_1_373' title='bbox 509 5164 750 5231; x_wconf 87' lang='lat' dir='ltr'><strong>mendas,</strong></span> <span class='ocrx_word' id='word_1_374' title='bbox 779 5180 900 5234; x_wconf 73' lang='lat' dir='ltr'><strong>qua:</strong></span> <span class='ocrx_word' id='word_1_375' title='bbox 929 5180 1024 5234; x_wconf 91' lang='lat' dir='ltr'><strong>per</strong></span> <span class='ocrx_word' id='word_1_376' title='bbox 1037 5172 1114 5219; x_wconf 92' lang='lat' dir='ltr'><strong>tot</strong></span> <span class='ocrx_word' id='word_1_377' title='bbox 1141 5165 1334 5219; x_wconf 63' lang='lat' dir='ltr'><strong>saecula</strong></span> <span class='ocrx_word' id='word_1_378' title='bbox 1358 5166 1571 5234; x_wconf 88' lang='lat' dir='ltr'><strong>penitus</strong></span> <span class='ocrx_word' id='word_1_379' title='bbox 1601 5167 1933 5237; x_wconf 87' lang='lat' dir='ltr'><strong>insederunt,</strong></span> <span class='ocrx_word' id='word_1_380' title='bbox 1955 5185 2091 5225; x_wconf 59' lang='lat' dir='ltr'><strong>cra-&#39;</strong></span> 
     </span>
    </p>
   </div>
   <div class='ocr_carea' id='block_1_54' title="bbox 505 5253 2084 5332">
    <p class='ocr_par' dir='ltr' id='par_1_54' title="bbox 505 5253 2084 5332">
     <span class='ocr_line' id='line_1_54' title="bbox 505 5253 2084 5332; baseline 0.006 -24"><span class='ocrx_word' id='word_1_381' title='bbox 505 5254 670 5310; x_wconf 90' lang='lat' dir='ltr'><strong>dere:</strong></span> <span class='ocrx_word' id='word_1_382' title='bbox 693 5253 906 5318; x_wconf 89' lang='lat' dir='ltr'><strong>deinde,</strong></span> <span class='ocrx_word' id='word_1_383' title='bbox 937 5263 1192 5324; x_wconf 82' lang='lat' dir='ltr'><strong>quantum</strong></span> <span class='ocrx_word' id='word_1_384' title='bbox 1235 5255 1291 5309; x_wconf 91' lang='lat' dir='ltr'><strong>in</strong></span> <span class='ocrx_word' id='word_1_385' title='bbox 1317 5255 1409 5310; x_wconf 92' lang='lat' dir='ltr'><strong>illo</strong></span> <span class='ocrx_word' id='word_1_386' title='bbox 1436 5257 1786 5328; x_wconf 85' lang='lat' dir='ltr'><strong>antiquitatis,</strong></span> <span class='ocrx_word' id='word_1_387' title='bbox 1827 5270 2084 5332; x_wconf 88' lang='lat' dir='ltr'><strong>quantum</strong></span> 
     </span>
    </p>
   </div>
   <div class='ocr_carea' id='block_1_55' title="bbox 505 5343 2084 5416">
    <p class='ocr_par' dir='ltr' id='par_1_55' title="bbox 505 5343 2084 5416">
     <span class='ocr_line' id='line_1_55' title="bbox 505 5343 2084 5416; baseline 0.006 -14"><span class='ocrx_word' id='word_1_388' title='bbox 505 5343 814 5402; x_wconf 63' lang='lat' dir='ltr'><strong>Graecarum</strong></span> <span class='ocrx_word' id='word_1_389' title='bbox 862 5346 1165 5411; x_wconf 86' lang='lat' dir='ltr'><strong>literarum,</strong></span> <span class='ocrx_word' id='word_1_390' title='bbox 1222 5356 1478 5416; x_wconf 90' lang='lat' dir='ltr'><strong>quantum</strong></span> <span class='ocrx_word' id='word_1_391' title='bbox 1535 5347 1872 5406; x_wconf 91' lang='lat' dir='ltr'><strong>historiarum</strong></span> <span class='ocrx_word' id='word_1_392' title='bbox 1914 5369 1930 5409; x_wconf 89' lang='lat'><strong>:</strong></span> <span class='ocrx_word' id='word_1_393' title='bbox 1973 5364 2084 5411; x_wconf 87' lang='lat' dir='ltr'><strong>tum</strong></span> 
     </span>
    </p>
   </div>
   <div class='ocr_carea' id='block_1_56' title="bbox 509 5434 2084 5511">
    <p class='ocr_par' dir='ltr' id='par_1_56' title="bbox 509 5434 2084 5511">
     <span class='ocr_line' id='line_1_56' title="bbox 509 5434 2084 5511; baseline 0.005 -20"><span class='ocrx_word' id='word_1_394' title='bbox 509 5450 630 5505; x_wconf 73' lang='lat' dir='ltr'><strong>qua:</strong></span> <span class='ocrx_word' id='word_1_395' title='bbox 659 5434 886 5504; x_wconf 88' lang='lat' dir='ltr'><strong>phrasis,</strong></span> <span class='ocrx_word' id='word_1_396' title='bbox 912 5434 1054 5506; x_wconf 86' lang='lat' dir='ltr'><strong>quod</strong></span> <span class='ocrx_word' id='word_1_397' title='bbox 1078 5435 1287 5490; x_wconf 85' lang='lat' dir='ltr'><strong>dicendi</strong></span> <span class='ocrx_word' id='word_1_398' title='bbox 1313 5437 1616 5508; x_wconf 90' lang='lat' dir='ltr'><strong>artiﬁcium,</strong></span> <span class='ocrx_word' id='word_1_399' title='bbox 1638 5455 1746 5511; x_wconf 90' lang='lat' dir='ltr'><strong>quo</strong></span> <span class='ocrx_word' id='word_1_400' title='bbox 1792 5457 1896 5498; x_wconf 92' lang='lat' dir='ltr'><strong>non</strong></span> <span class='ocrx_word' id='word_1_401' title='bbox 1930 5443 2084 5500; x_wconf 81' lang='lat' dir='ltr'><strong>Chri-</strong></span> 
     </span>
    </p>
   </div>
   <div class='ocr_carea' id='block_1_57' title="bbox 505 5523 2080 5605">
    <p class='ocr_par' dir='ltr' id='par_1_57' title="bbox 505 5523 2080 5605">
     <span class='ocr_line' id='line_1_57' title="bbox 505 5523 2080 5605; baseline 0.004 -25"><span class='ocrx_word' id='word_1_402' title='bbox 505 5527 713 5605; x_wconf 71' lang='lat' dir='ltr'><strong>stianos</strong></span> <span class='ocrx_word' id='word_1_403' title='bbox 734 5523 893 5582; x_wconf 91' lang='lat' dir='ltr'><strong>modo</strong></span> <span class='ocrx_word' id='word_1_404' title='bbox 916 5540 1105 5582; x_wconf 90' lang='lat' dir='ltr'><strong>omnes</strong></span> <span class='ocrx_word' id='word_1_405' title='bbox 1121 5527 1282 5598; x_wconf 90' lang='lat' dir='ltr'><strong>longo</strong></span> <span class='ocrx_word' id='word_1_406' title='bbox 1307 5538 1427 5598; x_wconf 88' lang='lat' dir='ltr'><strong>post</strong></span> <span class='ocrx_word' id='word_1_407' title='bbox 1453 5544 1513 5587; x_wconf 89' lang='lat' dir='ltr'><strong>se</strong></span> <span class='ocrx_word' id='word_1_408' title='bbox 1541 5531 1820 5589; x_wconf 88' lang='lat' dir='ltr'><strong>intervallo</strong></span> <span class='ocrx_word' id='word_1_409' title='bbox 1845 5535 2080 5605; x_wconf 88' lang='lat' dir='ltr'><strong>reliquit,</strong></span> 
     </span>
    </p>
   </div>
   <div class='ocr_carea' id='block_1_58' title="bbox 427 5615 2082 5693">
    <p class='ocr_par' dir='ltr' id='par_1_58' title="bbox 427 5615 2082 5693">
     <span class='ocr_line' id='line_1_58' title="bbox 427 5615 2082 5693; baseline 0.008 -26"><span class='ocrx_word' id='word_1_410' title='bbox 427 5634 437 5642; x_wconf 69' lang='grc' dir='ltr'><strong><em>ο</em></strong></span> <span class='ocrx_word' id='word_1_411' title='bbox 505 5630 690 5670; x_wconf 87' lang='lat' dir='ltr'><strong>verum</strong></span> <span class='ocrx_word' id='word_1_412' title='bbox 710 5615 867 5672; x_wconf 88' lang='lat' dir='ltr'><strong>etiam</strong></span> <span class='ocrx_word' id='word_1_413' title='bbox 892 5631 1014 5672; x_wconf 89' lang='lat' dir='ltr'><strong>cum</strong></span> <span class='ocrx_word' id='word_1_414' title='bbox 1050 5617 1166 5688; x_wconf 88' lang='lat' dir='ltr'><strong>ipso</strong></span> <span class='ocrx_word' id='word_1_415' title='bbox 1187 5617 1446 5678; x_wconf 85' lang='lat' dir='ltr'><strong>Cicerone</strong></span> <span class='ocrx_word' id='word_1_416' title='bbox 1479 5632 1688 5679; x_wconf 88' lang='lat' dir='ltr'><strong>certare</strong></span> <span class='ocrx_word' id='word_1_417' title='bbox 1714 5624 1941 5680; x_wconf 88' lang='lat' dir='ltr'><strong>videtur.</strong></span> <span class='ocrx_word' id='word_1_418' title='bbox 1969 5624 2082 5693; x_wconf 85' lang='lat' dir='ltr'><strong>Ego</strong></span> 
     </span>
    </p>
   </div>
   <div class='ocr_carea' id='block_1_59' title="bbox 505 5706 2075 5783">
    <p class='ocr_par' dir='ltr' id='par_1_59' title="bbox 505 5706 2075 5783">
     <span class='ocr_line' id='line_1_59' title="bbox 505 5706 2075 5783; baseline 0.005 -21"><span class='ocrx_word' id='word_1_419' title='bbox 505 5713 685 5774; x_wconf 85' lang='lat' dir='ltr'><strong>certe,</strong></span> <span class='ocrx_word' id='word_1_420' title='bbox 735 5706 835 5763; x_wconf 89' lang='lat' dir='ltr'><strong>nisi</strong></span> <span class='ocrx_word' id='word_1_421' title='bbox 886 5723 972 5764; x_wconf 88' lang='lat' dir='ltr'><strong>me</strong></span> <span class='ocrx_word' id='word_1_422' title='bbox 1018 5709 1339 5768; x_wconf 86' lang='lat' dir='ltr'><strong>sanctissimi</strong></span> <span class='ocrx_word' id='word_1_423' title='bbox 1385 5713 1484 5771; x_wconf 87' lang='lat' dir='ltr'><strong>viri</strong></span> <span class='ocrx_word' id='word_1_424' title='bbox 1538 5713 1670 5771; x_wconf 87' lang='lat' dir='ltr'><strong>fallit</strong></span> <span class='ocrx_word' id='word_1_425' title='bbox 1719 5729 1902 5783; x_wconf 87' lang='lat' dir='ltr'><strong>amor,</strong></span> <span class='ocrx_word' id='word_1_426' title='bbox 1954 5729 2075 5771; x_wconf 89' lang='lat' dir='ltr'><strong>cum</strong></span> 
     </span>
    </p>
   </div>
   <div class='ocr_carea' id='block_1_60' title="bbox 1793 295 2466 360">
    <p class='ocr_par' dir='ltr' id='par_1_60' title="bbox 1793 295 2466 360">
     <span class='ocr_line' id='line_1_60' title="bbox 1793 295 2466 360; baseline -0.01 -1"><span class='ocrx_word' id='word_1_427' title='bbox 1793 299 2100 360; x_wconf 68' lang='lat' dir='ltr'><strong>SELECTA</strong></span> <span class='ocrx_word' id='word_1_428' title='bbox 2141 295 2466 354; x_wconf 72' lang='lat' dir='ltr'><strong>VETERUM</strong></span> 
     </span>
    </p>
   </div>
   <div class='ocr_carea' id='block_1_61' title="bbox 3662 301 3770 360">
    <p class='ocr_par' dir='ltr' id='par_1_61' title="bbox 3662 301 3770 360">
     <span class='ocr_line' id='line_1_61' title="bbox 3662 301 3770 360; baseline 0.019 -2"><span class='ocrx_word' id='word_1_429' title='bbox 3662 301 3770 360; x_wconf 65' lang='grc' dir='ltr'><strong>ἥδ</strong></span> 
     </span>
    </p>
   </div>
   <div class='ocr_carea' id='block_1_62' title="bbox 2198 407 3767 480">
    <p class='ocr_par' dir='ltr' id='par_1_62' title="bbox 2198 407 3767 480">
     <span class='ocr_line' id='line_1_62' title="bbox 2198 407 3767 480; baseline 0.004 -17"><span class='ocrx_word' id='word_1_430' title='bbox 2198 407 2644 480; x_wconf 81' lang='lat' dir='ltr'><strong>Hieronymianam</strong></span> <span class='ocrx_word' id='word_1_431' title='bbox 2664 409 2982 480; x_wconf 89' lang='lat' dir='ltr'><strong>orationem,</strong></span> <span class='ocrx_word' id='word_1_432' title='bbox 3011 427 3130 468; x_wconf 93' lang='lat' dir='ltr'><strong>cum</strong></span> <span class='ocrx_word' id='word_1_433' title='bbox 3151 411 3495 469; x_wconf 88' lang='lat' dir='ltr'><strong>Ciceroniana</strong></span> <span class='ocrx_word' id='word_1_434' title='bbox 3523 409 3767 470; x_wconf 78' lang='lat' dir='ltr'><strong>confero-</strong></span> 
     </span>
    </p>
   </div>
   <div class='ocr_carea' id='block_1_63' title="bbox 2189 499 3772 578">
    <p class='ocr_par' dir='ltr' id='par_1_63' title="bbox 2189 499 3772 578">
     <span class='ocr_line' id='line_1_63' title="bbox 2189 499 3772 578; baseline 0.006 -24"><span class='ocrx_word' id='word_1_435' title='bbox 2189 499 2375 556; x_wconf 86' lang='lat' dir='ltr'><strong>videor</strong></span> <span class='ocrx_word' id='word_1_436' title='bbox 2400 501 2528 556; x_wconf 91' lang='lat' dir='ltr'><strong>mihi</strong></span> <span class='ocrx_word' id='word_1_437' title='bbox 2556 502 2734 558; x_wconf 90' lang='lat' dir='ltr'><strong>nescio</strong></span> <span class='ocrx_word' id='word_1_438' title='bbox 2753 503 2877 574; x_wconf 91' lang='lat' dir='ltr'><strong>quid</strong></span> <span class='ocrx_word' id='word_1_439' title='bbox 2903 504 2956 558; x_wconf 90' lang='lat' dir='ltr'><strong>in</strong></span> <span class='ocrx_word' id='word_1_440' title='bbox 3001 505 3117 573; x_wconf 87' lang='lat' dir='ltr'><strong>ipso</strong></span> <span class='ocrx_word' id='word_1_441' title='bbox 3159 504 3478 574; x_wconf 67' lang='lat' dir='ltr'><strong>eloquentiae</strong></span> <span class='ocrx_word' id='word_1_442' title='bbox 3530 504 3772 578; x_wconf 83' lang='lat' dir='ltr'><strong>principe</strong></span> 
     </span>
    </p>
   </div>
   <div class='ocr_carea' id='block_1_64' title="bbox 2190 589 3770 660">
    <p class='ocr_par' dir='ltr' id='par_1_64' title="bbox 2190 589 3770 660">
     <span class='ocr_line' id='line_1_64' title="bbox 2190 589 3770 660; baseline 0.004 -15"><span class='ocrx_word' id='word_1_443' title='bbox 2190 589 2514 646; x_wconf 86' lang='lat' dir='ltr'><strong>desiderare.</strong></span> <span class='ocrx_word' id='word_1_444' title='bbox 2537 592 2702 648; x_wconf 85' lang='lat' dir='ltr'><strong>Tanta</strong></span> <span class='ocrx_word' id='word_1_445' title='bbox 2729 593 2782 647; x_wconf 91' lang='lat' dir='ltr'><strong>in</strong></span> <span class='ocrx_word' id='word_1_446' title='bbox 2809 593 2908 649; x_wconf 88' lang='lat' dir='ltr'><strong>hoc</strong></span> <span class='ocrx_word' id='word_1_447' title='bbox 2932 603 3115 648; x_wconf 90' lang='lat' dir='ltr'><strong>nostro</strong></span> <span class='ocrx_word' id='word_1_448' title='bbox 3138 594 3386 660; x_wconf 84' lang='lat' dir='ltr'><strong>varietas,</strong></span> <span class='ocrx_word' id='word_1_449' title='bbox 3413 605 3618 650; x_wconf 85' lang='lat' dir='ltr'><strong>tantum</strong></span> <span class='ocrx_word' id='word_1_450' title='bbox 3644 611 3770 652; x_wconf 81' lang='lat' dir='ltr'><strong>sen-</strong></span> 
     </span>
    </p>
   </div>
   <div class='ocr_carea' id='block_1_65' title="bbox 2192 682 3797 756">
    <p class='ocr_par' dir='ltr' id='par_1_65' title="bbox 2192 682 3797 756">
     <span class='ocr_line' id='line_1_65' title="bbox 2192 682 3797 756; baseline 0.004 -19"><span class='ocrx_word' id='word_1_451' title='bbox 2192 682 2473 737; x_wconf 90' lang='lat' dir='ltr'><strong>tentiarum</strong></span> <span class='ocrx_word' id='word_1_452' title='bbox 2504 684 2728 751; x_wconf 82' lang='lat' dir='ltr'><strong>pondus,</strong></span> <span class='ocrx_word' id='word_1_453' title='bbox 2778 695 2917 738; x_wconf 90' lang='lat' dir='ltr'><strong>tanta</strong></span> <span class='ocrx_word' id='word_1_454' title='bbox 2964 685 3418 756; x_wconf 83' lang='lat' dir='ltr'><strong>enthymematum</strong></span> <span class='ocrx_word' id='word_1_455' title='bbox 3449 687 3797 752; x_wconf 48' lang='lat' dir='ltr'><strong>volubilitas,</strong></span> 
     </span>
    </p>
   </div>
   <div class='ocr_carea' id='block_1_66' title="bbox 2191 769 3772 845">
    <p class='ocr_par' dir='ltr' id='par_1_66' title="bbox 2191 769 3772 845">
     <span class='ocr_line' id='line_1_66' title="bbox 2191 769 3772 845; baseline 0.008 -21"><span class='ocrx_word' id='word_1_456' title='bbox 2191 769 2343 838; x_wconf 80' lang='lat' dir='ltr'><strong>Quod</strong></span> <span class='ocrx_word' id='word_1_457' title='bbox 2379 773 2660 827; x_wconf 89' lang='lat' dir='ltr'><strong>artiﬁcium</strong></span> <span class='ocrx_word' id='word_1_458' title='bbox 2693 775 2744 828; x_wconf 93' lang='lat' dir='ltr'><strong>in</strong></span> <span class='ocrx_word' id='word_1_459' title='bbox 2789 776 3147 845; x_wconf 84' lang='lat' dir='ltr'><strong>eloquentiam</strong></span> <span class='ocrx_word' id='word_1_460' title='bbox 3193 777 3384 831; x_wconf 83' lang='lat' dir='ltr'><strong>litteris</strong></span> <span class='ocrx_word' id='word_1_461' title='bbox 3426 778 3684 844; x_wconf 87' lang='lat' dir='ltr'><strong>indicare,</strong></span> <span class='ocrx_word' id='word_1_462' title='bbox 3711 791 3772 836; x_wconf 87' lang='lat' dir='ltr'><strong>ttt</strong></span> 
     </span>
    </p>
   </div>
   <div class='ocr_carea' id='block_1_67' title="bbox 2191 860 3772 938">
    <p class='ocr_par' dir='ltr' id='par_1_67' title="bbox 2191 860 3772 938">
     <span class='ocr_line' id='line_1_67' title="bbox 2191 860 3772 938; baseline 0.006 -22"><span class='ocrx_word' id='word_1_463' title='bbox 2191 860 2562 916; x_wconf 85' lang='lat' dir='ltr'><strong>difﬁcillimum</strong></span> <span class='ocrx_word' id='word_1_464' title='bbox 2589 876 2692 929; x_wconf 83' lang='lat' dir='ltr'><strong>est,</strong></span> <span class='ocrx_word' id='word_1_465' title='bbox 2720 865 2790 918; x_wconf 90' lang='lat' dir='ltr'><strong>ita</strong></span> <span class='ocrx_word' id='word_1_466' title='bbox 2818 865 2972 934; x_wconf 87' lang='lat' dir='ltr'><strong>longe</strong></span> <span class='ocrx_word' id='word_1_467' title='bbox 3009 866 3369 920; x_wconf 89' lang='lat' dir='ltr'><strong>utilissimum.</strong></span> <span class='ocrx_word' id='word_1_468' title='bbox 3419 868 3474 922; x_wconf 90' lang='lat' dir='ltr'><strong>Id</strong></span> <span class='ocrx_word' id='word_1_469' title='bbox 3526 870 3668 938; x_wconf 88' lang='lat' dir='ltr'><strong>quod</strong></span> <span class='ocrx_word' id='word_1_470' title='bbox 3698 869 3772 927; x_wconf 86' lang='lat' dir='ltr'><strong>ita</strong></span> 
     </span>
    </p>
   </div>
   <div class='ocr_carea' id='block_1_68' title="bbox 2191 953 3774 1024">
    <p class='ocr_par' dir='ltr' id='par_1_68' title="bbox 2191 953 3774 1024">
     <span class='ocr_line' id='line_1_68' title="bbox 2191 953 3774 1024; baseline 0.006 -18"><span class='ocrx_word' id='word_1_471' title='bbox 2191 966 2301 1020; x_wconf 92' lang='lat' dir='ltr'><strong>me,</strong></span> <span class='ocrx_word' id='word_1_472' title='bbox 2324 953 2484 1007; x_wconf 87' lang='lat' dir='ltr'><strong>tnodo</strong></span> <span class='ocrx_word' id='word_1_473' title='bbox 2509 954 2623 1022; x_wconf 78' lang='lat' dir='ltr'><strong>ipse</strong></span> <span class='ocrx_word' id='word_1_474' title='bbox 2641 954 2828 1010; x_wconf 80' lang='lat' dir='ltr'><strong>dexter</strong></span> <span class='ocrx_word' id='word_1_475' title='bbox 2856 955 3012 1022; x_wconf 82' lang='lat' dir='ltr'><strong>adsit,</strong></span> <span class='ocrx_word' id='word_1_476' title='bbox 3045 957 3411 1013; x_wconf 88' lang='lat' dir='ltr'><strong>confecturum</strong></span> <span class='ocrx_word' id='word_1_477' title='bbox 3454 959 3688 1024; x_wconf 85' lang='lat' dir='ltr'><strong>confido,</strong></span> <span class='ocrx_word' id='word_1_478' title='bbox 3717 971 3774 1016; x_wconf 93' lang='lat' dir='ltr'><strong>ut</strong></span> 
     </span>
    </p>
   </div>
   <div class='ocr_carea' id='block_1_69' title="bbox 2191 1042 3774 1119">
    <p class='ocr_par' dir='ltr' id='par_1_69' title="bbox 2191 1042 3774 1119">
     <span class='ocr_line' id='line_1_69' title="bbox 2191 1042 3774 1119; baseline 0.009 -23"><span class='ocrx_word' id='word_1_479' title='bbox 2191 1043 2281 1113; x_wconf 90' lang='lat' dir='ltr'><strong>qui</strong></span> <span class='ocrx_word' id='word_1_480' title='bbox 2301 1042 2558 1099; x_wconf 85' lang='lat' dir='ltr'><strong>hactenus</strong></span> <span class='ocrx_word' id='word_1_481' title='bbox 2574 1043 3024 1116; x_wconf 85' lang='lat' dir='ltr'><strong>Hieronymianam</strong></span> <span class='ocrx_word' id='word_1_482' title='bbox 3043 1048 3396 1119; x_wconf 87' lang='lat' dir='ltr'><strong>eloquentiam</strong></span> <span class='ocrx_word' id='word_1_483' title='bbox 3413 1061 3536 1106; x_wconf 90' lang='lat' dir='ltr'><strong>sunt</strong></span> <span class='ocrx_word' id='word_1_484' title='bbox 3551 1054 3774 1109; x_wconf 86' lang='lat' dir='ltr'><strong>admira-</strong></span> 
     </span>
    </p>
   </div>
   <div class='ocr_carea' id='block_1_70' title="bbox 2196 1135 3772 1206">
    <p class='ocr_par' dir='ltr' id='par_1_70' title="bbox 2196 1135 3772 1206">
     <span class='ocr_line' id='line_1_70' title="bbox 2196 1135 3772 1206; baseline 0.008 -19"><span class='ocrx_word' id='word_1_485' title='bbox 2196 1135 2254 1202; x_wconf 92' lang='lat' dir='ltr'><strong>ti,</strong></span> <span class='ocrx_word' id='word_1_486' title='bbox 2276 1135 2387 1204; x_wconf 88' lang='lat' dir='ltr'><strong>jam</strong></span> <span class='ocrx_word' id='word_1_487' title='bbox 2409 1136 2744 1206; x_wconf 85' lang='lat' dir='ltr'><strong>eloquentem</strong></span> <span class='ocrx_word' id='word_1_488' title='bbox 2766 1137 2947 1204; x_wconf 86' lang='lat' dir='ltr'><strong>fuisse,</strong></span> <span class='ocrx_word' id='word_1_489' title='bbox 2975 1154 3034 1194; x_wconf 87' lang='lat' dir='ltr'><strong>se</strong></span> <span class='ocrx_word' id='word_1_490' title='bbox 3055 1141 3288 1195; x_wconf 88' lang='lat' dir='ltr'><strong>nescisse</strong></span> <span class='ocrx_word' id='word_1_491' title='bbox 3303 1139 3587 1197; x_wconf 83' lang='lat' dir='ltr'><strong>fateantur.</strong></span> <span class='ocrx_word' id='word_1_492' title='bbox 3611 1146 3654 1198; x_wconf 78' lang='grc' dir='ltr'>Α</span> <span class='ocrx_word' id='word_1_493' title='bbox 3687 1161 3772 1201; x_wconf 75' lang='lat' dir='ltr'><strong>me</strong></span> 
     </span>
    </p>
   </div>
   <div class='ocr_carea' id='block_1_71' title="bbox 2191 1226 3769 1304">
    <p class='ocr_par' dir='ltr' id='par_1_71' title="bbox 2191 1226 3769 1304">
     <span class='ocr_line' id='line_1_71' title="bbox 2191 1226 3769 1304; baseline 0.008 -25"><span class='ocrx_word' id='word_1_494' title='bbox 2191 1226 2402 1295; x_wconf 89' lang='lat' dir='ltr'><strong>quidem</strong></span> <span class='ocrx_word' id='word_1_495' title='bbox 2448 1226 2702 1297; x_wconf 90' lang='lat' dir='ltr'><strong>quidquid</strong></span> <span class='ocrx_word' id='word_1_496' title='bbox 2748 1229 2975 1299; x_wconf 83' lang='lat' dir='ltr'><strong>vigiliis,</strong></span> <span class='ocrx_word' id='word_1_497' title='bbox 3025 1231 3278 1302; x_wconf 89' lang='lat' dir='ltr'><strong>quidquid</strong></span> <span class='ocrx_word' id='word_1_498' title='bbox 3317 1234 3530 1289; x_wconf 88' lang='lat' dir='ltr'><strong>assiduo</strong></span> <span class='ocrx_word' id='word_1_499' title='bbox 3570 1238 3769 1304; x_wconf 84' lang='lat' dir='ltr'><strong>studio,</strong></span> 
     </span>
    </p>
   </div>
   <div class='ocr_carea' id='block_1_72' title="bbox 2191 1315 3775 1398">
    <p class='ocr_par' dir='ltr' id='par_1_72' title="bbox 2191 1315 3775 1398">
     <span class='ocr_line' id='line_1_72' title="bbox 2191 1315 3775 1398; baseline 0.009 -30"><span class='ocrx_word' id='word_1_500' title='bbox 2191 1315 2444 1385; x_wconf 91' lang='lat' dir='ltr'><strong>quidquid</strong></span> <span class='ocrx_word' id='word_1_501' title='bbox 2472 1316 2769 1372; x_wconf 90' lang='lat' dir='ltr'><strong>eruditione</strong></span> <span class='ocrx_word' id='word_1_502' title='bbox 2791 1318 3046 1374; x_wconf 90' lang='lat' dir='ltr'><strong>mediocri</strong></span> <span class='ocrx_word' id='word_1_503' title='bbox 3073 1361 3086 1383; x_wconf 91' lang='lat'><strong>,</strong></span> <span class='ocrx_word' id='word_1_504' title='bbox 3123 1322 3376 1393; x_wconf 89' lang='lat' dir='ltr'><strong>quidquid</strong></span> <span class='ocrx_word' id='word_1_505' title='bbox 3418 1327 3628 1396; x_wconf 88' lang='lat' dir='ltr'><strong>ingenio</strong></span> <span class='ocrx_word' id='word_1_506' title='bbox 3652 1343 3775 1398; x_wconf 84' lang='lat' dir='ltr'><strong>pes-</strong></span> 
     </span>
    </p>
   </div>
   <div class='ocr_carea' id='block_1_73' title="bbox 2191 1406 3770 1487">
    <p class='ocr_par' dir='ltr' id='par_1_73' title="bbox 2191 1406 3770 1487">
     <span class='ocr_line' id='line_1_73' title="bbox 2191 1406 3770 1487; baseline 0.009 -28"><span class='ocrx_word' id='word_1_507' title='bbox 2191 1406 2330 1460; x_wconf 89' lang='lat' dir='ltr'><strong>simo</strong></span> <span class='ocrx_word' id='word_1_508' title='bbox 2354 1407 2590 1478; x_wconf 61' lang='lat' dir='ltr'><strong>praestari</strong></span> <span class='ocrx_word' id='word_1_509' title='bbox 2617 1409 2844 1478; x_wconf 92' lang='lat' dir='ltr'><strong>poterit,</strong></span> <span class='ocrx_word' id='word_1_510' title='bbox 2889 1408 2943 1464; x_wconf 91' lang='lat' dir='ltr'><strong>id</strong></span> <span class='ocrx_word' id='word_1_511' title='bbox 2965 1409 3151 1467; x_wconf 89' lang='lat' dir='ltr'><strong>sedulo</strong></span> <span class='ocrx_word' id='word_1_512' title='bbox 3191 1411 3502 1485; x_wconf 86' lang='lat' dir='ltr'><strong>Hieronymo</strong></span> <span class='ocrx_word' id='word_1_513' title='bbox 3547 1427 3770 1487; x_wconf 70' lang='lat' dir='ltr'><strong>prtesta-</strong></span> 
     </span>
    </p>
   </div>
   <div class='ocr_carea' id='block_1_74' title="bbox 2191 1495 2350 1552">
    <p class='ocr_par' dir='ltr' id='par_1_74' title="bbox 2191 1495 2350 1552">
     <span class='ocr_line' id='line_1_74' title="bbox 2191 1495 2350 1552; baseline -0.006 0"><span class='ocrx_word' id='word_1_514' title='bbox 2191 1495 2350 1552; x_wconf 86' lang='lat' dir='ltr'><strong>bitur.</strong></span> 
     </span>
    </p>
   </div>
   <div class='ocr_carea' id='block_1_75' title="bbox 2195 1606 3771 1690">
    <p class='ocr_par' dir='ltr' id='par_1_75' title="bbox 2195 1606 3771 1690">
     <span class='ocr_line' id='line_1_75' title="bbox 2195 1606 3771 1690; baseline 0.01 -29"><span class='ocrx_word' id='word_1_515' title='bbox 2195 1606 2315 1662; x_wconf 75' lang='lat' dir='ltr'><strong>Alia</strong></span> <span class='ocrx_word' id='word_1_516' title='bbox 2349 1607 2655 1665; x_wconf 84' lang='lat' dir='ltr'><strong>Erasmiana</strong></span> <span class='ocrx_word' id='word_1_517' title='bbox 2693 1609 2992 1683; x_wconf 84' lang='lat' dir='ltr'><strong>Hieronymi</strong></span> <span class='ocrx_word' id='word_1_518' title='bbox 3019 1613 3182 1685; x_wconf 80' lang='lat' dir='ltr'><strong>elogia</strong></span> <span class='ocrx_word' id='word_1_519' title='bbox 3209 1617 3332 1672; x_wconf 83' lang='lat' dir='ltr'><strong>alibi</strong></span> <span class='ocrx_word' id='word_1_520' title='bbox 3367 1621 3584 1690; x_wconf 81' lang='lat' dir='ltr'><strong>reperire</strong></span> <span class='ocrx_word' id='word_1_521' title='bbox 3617 1633 3687 1676; x_wconf 87' lang='lat' dir='ltr'><strong>est</strong></span> <span class='ocrx_word' id='word_1_522' title='bbox 3719 1623 3771 1676; x_wconf 87' lang='lat' dir='ltr'><strong>in</strong></span> 
     </span>
    </p>
   </div>
   <div class='ocr_carea' id='block_1_76' title="bbox 2477 1701 3483 1780">
    <p class='ocr_par' dir='ltr' id='par_1_76' title="bbox 2477 1701 3483 1780">
     <span class='ocr_line' id='line_1_76' title="bbox 2477 1701 3483 1780; baseline 0.01 -24"><span class='ocrx_word' id='word_1_523' title='bbox 2477 1703 2585 1770; x_wconf 81' lang='lat' dir='ltr'><strong>ejus</strong></span> <span class='ocrx_word' id='word_1_524' title='bbox 2622 1701 3016 1774; x_wconf 63' lang='lat' dir='ltr'><strong>Praefationibus</strong></span> <span class='ocrx_word' id='word_1_525' title='bbox 3052 1715 3200 1778; x_wconf 81' lang='lat' dir='ltr'><strong>atque</strong></span> <span class='ocrx_word' id='word_1_526' title='bbox 3223 1705 3483 1780; x_wconf 78' lang='lat' dir='ltr'><strong>Epistolis.</strong></span> 
     </span>
    </p>
   </div>
   <div class='ocr_carea' id='block_1_77' title="bbox 2229 1812 3734 1894">
    <p class='ocr_par' dir='ltr' id='par_1_77' title="bbox 2229 1812 3734 1894">
     <span class='ocr_line' id='line_1_77' title="bbox 2229 1812 3734 1894; baseline 0.008 -25"><span class='ocrx_word' id='word_1_527' title='bbox 2229 1812 2359 1870; x_wconf 82' lang='grc' dir='ltr'><strong>Ροι.</strong></span> <span class='ocrx_word' id='word_1_528' title='bbox 2407 1814 2716 1884; x_wconf 72' lang='grc' dir='ltr'><strong>νειιωιιυε,</strong></span> <span class='ocrx_word' id='word_1_529' title='bbox 2753 1817 2816 1871; x_wconf 87' lang='lat' dir='ltr'><strong>de</strong></span> <span class='ocrx_word' id='word_1_530' title='bbox 2856 1834 3023 1872; x_wconf 72' lang='lat' dir='ltr'><strong>reruni</strong></span> <span class='ocrx_word' id='word_1_531' title='bbox 3059 1821 3392 1879; x_wconf 75' lang='lat' dir='ltr'><strong>inventoribus</strong></span> <span class='ocrx_word' id='word_1_532' title='bbox 3439 1824 3526 1880; x_wconf 88' lang='lat' dir='ltr'><strong>lib.</strong></span> <span class='ocrx_word' id='word_1_533' title='bbox 3586 1825 3694 1880; x_wconf 86' lang='lat' dir='ltr'><strong>VII</strong></span> <span class='ocrx_word' id='word_1_534' title='bbox 3717 1867 3734 1894; x_wconf 95' lang='lat'><strong>,</strong></span> 
     </span>
    </p>
   </div>
   <div class='ocr_carea' id='block_1_78' title="bbox 2860 1906 3101 1979">
    <p class='ocr_par' dir='ltr' id='par_1_78' title="bbox 2860 1906 3101 1979">
     <span class='ocr_line' id='line_1_78' title="bbox 2860 1906 3101 1979; baseline 0.017 -19"><span class='ocrx_word' id='word_1_535' title='bbox 2860 1923 2956 1979; x_wconf 80' lang='lat' dir='ltr'><strong>cap</strong></span> <span class='ocrx_word' id='word_1_536' title='bbox 2980 1906 3101 1964; x_wconf 86' lang='grc'><strong>111.</strong></span> 
     </span>
    </p>
   </div>
   <div class='ocr_carea' id='block_1_79' title="bbox 2243 2010 3770 2100">
    <p class='ocr_par' dir='ltr' id='par_1_79' title="bbox 2243 2010 3770 2100">
     <span class='ocr_line' id='line_1_79' title="bbox 2243 2010 3770 2100; baseline 0.012 -33"><span class='ocrx_word' id='word_1_537' title='bbox 2243 2010 2608 2087; x_wconf 74' lang='lat' dir='ltr'><strong>Hieronymus</strong></span> <span class='ocrx_word' id='word_1_538' title='bbox 2648 2017 2864 2075; x_wconf 85' lang='lat' dir='ltr'><strong>Eusebii</strong></span> <span class='ocrx_word' id='word_1_539' title='bbox 2905 2020 3081 2088; x_wconf 88' lang='lat' dir='ltr'><strong>ﬁlius,</strong></span> <span class='ocrx_word' id='word_1_540' title='bbox 3132 2032 3284 2080; x_wconf 84' lang='lat' dir='ltr'><strong>ortus</strong></span> <span class='ocrx_word' id='word_1_541' title='bbox 3311 2026 3562 2085; x_wconf 91' lang='lat' dir='ltr'><strong>Stridone</strong></span> <span class='ocrx_word' id='word_1_542' title='bbox 3583 2071 3598 2094; x_wconf 89' lang='lat'><strong>,</strong></span> <span class='ocrx_word' id='word_1_543' title='bbox 3627 2031 3770 2100; x_wconf 88' lang='lat' dir='ltr'><strong>quod</strong></span> 
     </span>
    </p>
   </div>
   <div class='ocr_carea' id='block_1_80' title="bbox 2191 2105 3772 2189">
    <p class='ocr_par' dir='ltr' id='par_1_80' title="bbox 2191 2105 3772 2189">
     <span class='ocr_line' id='line_1_80' title="bbox 2191 2105 3772 2189; baseline 0.012 -32"><span class='ocrx_word' id='word_1_544' title='bbox 2191 2105 2462 2174; x_wconf 81' lang='lat' dir='ltr'><strong>Oppidum,</strong></span> <span class='ocrx_word' id='word_1_545' title='bbox 2491 2107 2620 2161; x_wconf 91' lang='lat' dir='ltr'><strong>olim</strong></span> <span class='ocrx_word' id='word_1_546' title='bbox 2646 2109 2713 2162; x_wconf 89' lang='lat' dir='ltr'><strong>ad</strong></span> <span class='ocrx_word' id='word_1_547' title='bbox 2744 2110 3073 2168; x_wconf 83' lang='lat' dir='ltr'><strong>Pannoniam</strong></span> <span class='ocrx_word' id='word_1_548' title='bbox 3105 2123 3162 2169; x_wconf 91' lang='lat' dir='ltr'><strong>et</strong></span> <span class='ocrx_word' id='word_1_549' title='bbox 3192 2115 3505 2173; x_wconf 89' lang='lat' dir='ltr'><strong>Dalmatiam</strong></span> <span class='ocrx_word' id='word_1_550' title='bbox 3535 2122 3772 2189; x_wconf 68' lang='lat' dir='ltr'><strong>perlitus-</strong></span> 
     </span>
    </p>
   </div>
   <div class='ocr_carea' id='block_1_81' title="bbox 2189 2193 3771 2271">
    <p class='ocr_par' dir='ltr' id='par_1_81' title="bbox 2189 2193 3771 2271">
     <span class='ocr_line' id='line_1_81' title="bbox 2189 2193 3771 2271; baseline 0.011 -24"><span class='ocrx_word' id='word_1_551' title='bbox 2189 2193 2300 2260; x_wconf 86' lang='lat' dir='ltr'><strong>bat,</strong></span> <span class='ocrx_word' id='word_1_552' title='bbox 2349 2194 2444 2249; x_wconf 85' lang='lat' dir='ltr'><strong>sed</strong></span> <span class='ocrx_word' id='word_1_553' title='bbox 2483 2195 2643 2251; x_wconf 83' lang='lat' dir='ltr'><strong>Gothi</strong></span> <span class='ocrx_word' id='word_1_554' title='bbox 2677 2197 2938 2268; x_wconf 89' lang='lat' dir='ltr'><strong>direptum</strong></span> <span class='ocrx_word' id='word_1_555' title='bbox 2985 2212 3311 2271; x_wconf 84' lang='lat' dir='ltr'><strong>everterunt,</strong></span> <span class='ocrx_word' id='word_1_556' title='bbox 3343 2204 3527 2262; x_wconf 77' lang='lat' dir='ltr'><strong>Roma:</strong></span> <span class='ocrx_word' id='word_1_557' title='bbox 3570 2207 3771 2264; x_wconf 69' lang='lat' dir='ltr'><strong>Graecis</strong></span> 
     </span>
    </p>
   </div>
   <div class='ocr_carea' id='block_1_82' title="bbox 2189 2281 3773 2361">
    <p class='ocr_par' dir='ltr' id='par_1_82' title="bbox 2189 2281 3773 2361">
     <span class='ocr_line' id='line_1_82' title="bbox 2189 2281 3773 2361; baseline 0.01 -24"><span class='ocrx_word' id='word_1_558' title='bbox 2189 2281 2498 2355; x_wconf 85' lang='lat' dir='ltr'><strong>Latinisque</strong></span> <span class='ocrx_word' id='word_1_559' title='bbox 2544 2287 2737 2344; x_wconf 88' lang='lat' dir='ltr'><strong>litteris</strong></span> <span class='ocrx_word' id='word_1_560' title='bbox 2777 2291 2988 2361; x_wconf 89' lang='lat' dir='ltr'><strong>egregie</strong></span> <span class='ocrx_word' id='word_1_561' title='bbox 3024 2291 3314 2361; x_wconf 87' lang='lat' dir='ltr'><strong>institutus,</strong></span> <span class='ocrx_word' id='word_1_562' title='bbox 3345 2296 3628 2352; x_wconf 88' lang='lat' dir='ltr'><strong>sanctioris</strong></span> <span class='ocrx_word' id='word_1_563' title='bbox 3652 2299 3773 2353; x_wconf 81' lang='lat' dir='ltr'><strong>vitae</strong></span> 
     </span>
    </p>
   </div>
   <div class='ocr_carea' id='block_1_83' title="bbox 2190 2375 3773 2448">
    <p class='ocr_par' dir='ltr' id='par_1_83' title="bbox 2190 2375 3773 2448">
     <span class='ocr_line' id='line_1_83' title="bbox 2190 2375 3773 2448; baseline 0.009 -20"><span class='ocrx_word' id='word_1_564' title='bbox 2190 2387 2350 2429; x_wconf 89' lang='lat' dir='ltr'><strong>causa</strong></span> <span class='ocrx_word' id='word_1_565' title='bbox 2365 2375 2436 2438; x_wconf 58' lang='lat' dir='ltr'><strong>in</strong></span> <span class='ocrx_word' id='word_1_566' title='bbox 2471 2375 2708 2432; x_wconf 72' lang='lat' dir='ltr'><strong>Judazam</strong></span> <span class='ocrx_word' id='word_1_567' title='bbox 2741 2393 2802 2434; x_wconf 90' lang='lat' dir='ltr'><strong>se</strong></span> <span class='ocrx_word' id='word_1_568' title='bbox 2839 2382 3084 2448; x_wconf 89' lang='lat' dir='ltr'><strong>contulit,</strong></span> <span class='ocrx_word' id='word_1_569' title='bbox 3131 2383 3220 2438; x_wconf 91' lang='lat' dir='ltr'><strong>ubi</strong></span> <span class='ocrx_word' id='word_1_570' title='bbox 3247 2395 3300 2438; x_wconf 90' lang='lat' dir='ltr'><strong>et</strong></span> <span class='ocrx_word' id='word_1_571' title='bbox 3332 2384 3647 2442; x_wconf 76' lang='lat' dir='ltr'><strong>ﬂebraicam</strong></span> <span class='ocrx_word' id='word_1_572' title='bbox 3674 2387 3773 2442; x_wconf 85' lang='lat' dir='ltr'><strong>lin-</strong></span> 
     </span>
    </p>
   </div>
   <div class='ocr_carea' id='block_1_84' title="bbox 2189 2464 3773 2542">
    <p class='ocr_par' dir='ltr' id='par_1_84' title="bbox 2189 2464 3773 2542">
     <span class='ocr_line' id='line_1_84' title="bbox 2189 2464 3773 2542; baseline 0.011 -26"><span class='ocrx_word' id='word_1_573' title='bbox 2189 2478 2346 2534; x_wconf 88' lang='lat' dir='ltr'><strong>guam</strong></span> <span class='ocrx_word' id='word_1_574' title='bbox 2368 2464 2571 2522; x_wconf 90' lang='lat' dir='ltr'><strong>didicit.</strong></span> <span class='ocrx_word' id='word_1_575' title='bbox 2605 2466 2682 2523; x_wconf 87' lang='lat' dir='ltr'><strong>Ita</strong></span> <span class='ocrx_word' id='word_1_576' title='bbox 2729 2469 2918 2539; x_wconf 86' lang='lat' dir='ltr'><strong>triplici</strong></span> <span class='ocrx_word' id='word_1_577' title='bbox 2972 2471 3149 2542; x_wconf 86' lang='lat' dir='ltr'><strong>lingua</strong></span> <span class='ocrx_word' id='word_1_578' title='bbox 3185 2473 3445 2540; x_wconf 90' lang='lat' dir='ltr'><strong>eruditus,</strong></span> <span class='ocrx_word' id='word_1_579' title='bbox 3487 2475 3556 2532; x_wconf 91' lang='lat' dir='ltr'><strong>de</strong></span> <span class='ocrx_word' id='word_1_580' title='bbox 3606 2479 3773 2533; x_wconf 89' lang='lat' dir='ltr'><strong>rebus</strong></span> 
     </span>
    </p>
   </div>
   <div class='ocr_carea' id='block_1_85' title="bbox 2188 2555 3773 2640">
    <p class='ocr_par' dir='ltr' id='par_1_85' title="bbox 2188 2555 3773 2640">
     <span class='ocr_line' id='line_1_85' title="bbox 2188 2555 3773 2640; baseline 0.01 -30"><span class='ocrx_word' id='word_1_581' title='bbox 2188 2555 2384 2612; x_wconf 85' lang='lat' dir='ltr'><strong>divinis</strong></span> <span class='ocrx_word' id='word_1_582' title='bbox 2433 2560 2699 2616; x_wconf 82' lang='lat' dir='ltr'><strong>scribendi</strong></span> <span class='ocrx_word' id='word_1_583' title='bbox 2767 2575 2904 2619; x_wconf 87' lang='lat' dir='ltr'><strong>onus</strong></span> <span class='ocrx_word' id='word_1_584' title='bbox 2955 2566 3218 2635; x_wconf 88' lang='lat' dir='ltr'><strong>suscepit,</strong></span> <span class='ocrx_word' id='word_1_585' title='bbox 3284 2567 3336 2623; x_wconf 90' lang='lat' dir='ltr'><strong>in</strong></span> <span class='ocrx_word' id='word_1_586' title='bbox 3411 2583 3518 2640; x_wconf 92' lang='lat' dir='ltr'><strong>quo</strong></span> <span class='ocrx_word' id='word_1_587' title='bbox 3581 2584 3773 2628; x_wconf 89' lang='lat' dir='ltr'><strong>omnes</strong></span> 
     </span>
    </p>
   </div>
   <div class='ocr_carea' id='block_1_86' title="bbox 2189 2651 3768 2727">
    <p class='ocr_par' dir='ltr' id='par_1_86' title="bbox 2189 2651 3768 2727">
     <span class='ocr_line' id='line_1_86' title="bbox 2189 2651 3768 2727; baseline 0.01 -25"><span class='ocrx_word' id='word_1_588' title='bbox 2189 2662 2383 2703; x_wconf 89' lang='lat' dir='ltr'><strong>nervos</strong></span> <span class='ocrx_word' id='word_1_589' title='bbox 2402 2651 2592 2715; x_wconf 63' lang='lat' dir='ltr'><strong>aetatis,</strong></span> <span class='ocrx_word' id='word_1_590' title='bbox 2617 2651 2909 2720; x_wconf 70' lang='lat' dir='ltr'><strong>industriae,</strong></span> <span class='ocrx_word' id='word_1_591' title='bbox 2947 2655 3310 2727; x_wconf 59' lang='lat' dir='ltr'><strong>doctrinaeque</strong></span> <span class='ocrx_word' id='word_1_592' title='bbox 3329 2674 3440 2714; x_wconf 74' lang='lat' dir='ltr'><strong>sua:</strong></span> <span class='ocrx_word' id='word_1_593' title='bbox 3461 2662 3768 2718; x_wconf 82' lang='lat' dir='ltr'><strong>cuntendit:</strong></span> 
     </span>
    </p>
   </div>
   <div class='ocr_carea' id='block_1_87' title="bbox 2188 2737 3772 2822">
    <p class='ocr_par' dir='ltr' id='par_1_87' title="bbox 2188 2737 3772 2822">
     <span class='ocr_line' id='line_1_87' title="bbox 2188 2737 3772 2822; baseline 0.012 -31"><span class='ocrx_word' id='word_1_594' title='bbox 2188 2737 2340 2806; x_wconf 87' lang='lat' dir='ltr'><strong>cujus</strong></span> <span class='ocrx_word' id='word_1_595' title='bbox 2381 2739 2578 2809; x_wconf 87' lang='lat' dir='ltr'><strong>scripta</strong></span> <span class='ocrx_word' id='word_1_596' title='bbox 2628 2751 2923 2810; x_wconf 86' lang='lat' dir='ltr'><strong>utsancta,</strong></span> <span class='ocrx_word' id='word_1_597' title='bbox 2970 2744 3116 2800; x_wconf 86' lang='lat' dir='ltr'><strong>brevi</strong></span> <span class='ocrx_word' id='word_1_598' title='bbox 3148 2757 3266 2817; x_wconf 89' lang='lat' dir='ltr'><strong>post</strong></span> <span class='ocrx_word' id='word_1_599' title='bbox 3313 2759 3552 2820; x_wconf 91' lang='lat' dir='ltr'><strong>tempore</strong></span> <span class='ocrx_word' id='word_1_600' title='bbox 3593 2762 3772 2822; x_wconf 84' lang='lat' dir='ltr'><strong>patres</strong></span> 
     </span>
    </p>
   </div>
   <div class='ocr_carea' id='block_1_88' title="bbox 2188 2837 3772 2910">
    <p class='ocr_par' dir='ltr' id='par_1_88' title="bbox 2188 2837 3772 2910">
     <span class='ocr_line' id='line_1_88' title="bbox 2188 2837 3772 2910; baseline 0.011 -28"><span class='ocrx_word' id='word_1_601' title='bbox 2188 2840 2538 2899; x_wconf 90' lang='lat' dir='ltr'><strong>receperunt,</strong></span> <span class='ocrx_word' id='word_1_602' title='bbox 2583 2841 2901 2904; x_wconf 87' lang='lat' dir='ltr'><strong>receptaque</strong></span> <span class='ocrx_word' id='word_1_603' title='bbox 2929 2837 3310 2906; x_wconf 82' lang='lat' dir='ltr'><strong>approbarunt.</strong></span> <span class='ocrx_word' id='word_1_604' title='bbox 3337 2840 3450 2896; x_wconf 84' lang='lat' dir='ltr'><strong>Etsi</strong></span> <span class='ocrx_word' id='word_1_605' title='bbox 3479 2841 3626 2910; x_wconf 88' lang='lat' dir='ltr'><strong>scio,</strong></span> <span class='ocrx_word' id='word_1_606' title='bbox 3649 2858 3772 2899; x_wconf 80' lang='lat' dir='ltr'><strong>esse</strong></span> 
     </span>
    </p>
   </div>
   <div class='ocr_carea' id='block_1_89' title="bbox 2187 2919 3770 2992">
    <p class='ocr_par' dir='ltr' id='par_1_89' title="bbox 2187 2919 3770 2992">
     <span class='ocr_line' id='line_1_89' title="bbox 2187 2919 3770 2992; baseline 0.01 -20"><span class='ocrx_word' id='word_1_607' title='bbox 2187 2919 2444 2989; x_wconf 87' lang='lat' dir='ltr'><strong>quosdam</strong></span> <span class='ocrx_word' id='word_1_608' title='bbox 2467 2959 2483 2985; x_wconf 96' lang='lat'><strong>,</strong></span> <span class='ocrx_word' id='word_1_609' title='bbox 2509 2921 2599 2992; x_wconf 90' lang='lat' dir='ltr'><strong>qui</strong></span> <span class='ocrx_word' id='word_1_610' title='bbox 2639 2922 2689 2976; x_wconf 93' lang='lat' dir='ltr'><strong>id</strong></span> <span class='ocrx_word' id='word_1_611' title='bbox 2719 2923 2914 2979; x_wconf 87' lang='lat' dir='ltr'><strong>factum</strong></span> <span class='ocrx_word' id='word_1_612' title='bbox 2942 2925 3168 2981; x_wconf 89' lang='lat' dir='ltr'><strong>Damaso</strong></span> <span class='ocrx_word' id='word_1_613' title='bbox 3190 2928 3426 2986; x_wconf 81' lang='lat' dir='ltr'><strong>Pontifici</strong></span> <span class='ocrx_word' id='word_1_614' title='bbox 3468 2931 3602 2986; x_wconf 84' lang='lat' dir='ltr'><strong>falso</strong></span> <span class='ocrx_word' id='word_1_615' title='bbox 3631 2933 3770 2987; x_wconf 86' lang='lat' dir='ltr'><strong>assi-</strong></span> 
     </span>
    </p>
   </div>
   <div class='ocr_carea' id='block_1_90' title="bbox 2186 3011 3771 3095">
    <p class='ocr_par' dir='ltr' id='par_1_90' title="bbox 2186 3011 3771 3095">
     <span class='ocr_line' id='line_1_90' title="bbox 2186 3011 3771 3095; baseline 0.011 -34"><span class='ocrx_word' id='word_1_616' title='bbox 2186 3019 2380 3079; x_wconf 87' lang='lat' dir='ltr'><strong>gnent;</strong></span> <span class='ocrx_word' id='word_1_617' title='bbox 2399 3011 2594 3081; x_wconf 85' lang='lat' dir='ltr'><strong>quippe</strong></span> <span class='ocrx_word' id='word_1_618' title='bbox 2617 3015 2705 3095; x_wconf 85' lang='lat' dir='ltr'><strong>qui</strong></span> <span class='ocrx_word' id='word_1_619' title='bbox 2737 3015 2920 3084; x_wconf 88' lang='lat' dir='ltr'><strong>perdiu</strong></span> <span class='ocrx_word' id='word_1_620' title='bbox 2938 3017 3061 3071; x_wconf 85' lang='lat' dir='ltr'><strong>a&#39;nte</strong></span> <span class='ocrx_word' id='word_1_621' title='bbox 3084 3017 3451 3095; x_wconf 70' lang='lat' dir='ltr'><strong>Hieronymum</strong></span> <span class='ocrx_word' id='word_1_622' title='bbox 3467 3034 3771 3079; x_wconf 77' lang='lat' dir='ltr'><strong>excesserat</strong></span> 
     </span>
    </p>
   </div>
   <div class='ocr_carea' id='block_1_91' title="bbox 2187 3093 3770 3168">
    <p class='ocr_par' dir='ltr' id='par_1_91' title="bbox 2187 3093 3770 3168">
     <span class='ocr_line' id='line_1_91' title="bbox 2187 3093 3770 3168; baseline 0.009 -14"><span class='ocrx_word' id='word_1_623' title='bbox 2187 3113 2222 3154; x_wconf 90' lang='lat' dir='ltr'><strong>e</strong></span> <span class='ocrx_word' id='word_1_624' title='bbox 2259 3100 2387 3156; x_wconf 89' lang='lat' dir='ltr'><strong>vita.</strong></span> <span class='ocrx_word' id='word_1_625' title='bbox 2428 3093 2704 3158; x_wconf 82' lang='lat' dir='ltr'><strong>Postre&#39;mo</strong></span> <span class='ocrx_word' id='word_1_626' title='bbox 2752 3103 2927 3160; x_wconf 91' lang='lat' dir='ltr'><strong>locum</strong></span> <span class='ocrx_word' id='word_1_627' title='bbox 2977 3093 3139 3162; x_wconf 77' lang='lat' dir='ltr'><strong>circa</strong></span> <span class='ocrx_word' id='word_1_628' title='bbox 3167 3108 3440 3166; x_wconf 87' lang='lat' dir='ltr'><strong>Bethleem</strong></span> <span class='ocrx_word' id='word_1_629' title='bbox 3483 3111 3584 3168; x_wconf 92' lang='lat' dir='ltr'><strong>sibi</strong></span> <span class='ocrx_word' id='word_1_630' title='bbox 3636 3127 3770 3168; x_wconf 81' lang='lat' dir='ltr'><strong>con-</strong></span> 
     </span>
    </p>
   </div>
   <div class='ocr_carea' id='block_1_92' title="bbox 2186 3190 3769 3272">
    <p class='ocr_par' dir='ltr' id='par_1_92' title="bbox 2186 3190 3769 3272">
     <span class='ocr_line' id='line_1_92' title="bbox 2186 3190 3769 3272; baseline 0.009 -26"><span class='ocrx_word' id='word_1_631' title='bbox 2186 3190 2400 3256; x_wconf 79' lang='lat' dir='ltr'><strong>struxit,</strong></span> <span class='ocrx_word' id='word_1_632' title='bbox 2432 3191 2522 3246; x_wconf 90' lang='lat' dir='ltr'><strong>ubi</strong></span> <span class='ocrx_word' id='word_1_633' title='bbox 2549 3194 2810 3264; x_wconf 89' lang='lat' dir='ltr'><strong>reliquum</strong></span> <span class='ocrx_word' id='word_1_634' title='bbox 2838 3196 2958 3250; x_wconf 77' lang='lat' dir='ltr'><strong>vita:</strong></span> <span class='ocrx_word' id='word_1_635' title='bbox 3010 3197 3318 3268; x_wconf 81' lang='lat' dir='ltr'><strong>Apostolico</strong></span> <span class='ocrx_word' id='word_1_636' title='bbox 3341 3202 3443 3255; x_wconf 92' lang='lat' dir='ltr'><strong>ritu</strong></span> <span class='ocrx_word' id='word_1_637' title='bbox 3479 3203 3607 3272; x_wconf 85' lang='lat' dir='ltr'><strong>egit.</strong></span> <span class='ocrx_word' id='word_1_638' title='bbox 3630 3203 3769 3260; x_wconf 83' lang='lat' dir='ltr'><strong>Hinc</strong></span> 
     </span>
    </p>
   </div>
   <div class='ocr_carea' id='block_1_93' title="bbox 2189 3278 3767 3361">
    <p class='ocr_par' dir='ltr' id='par_1_93' title="bbox 2189 3278 3767 3361">
     <span class='ocr_line' id='line_1_93' title="bbox 2189 3278 3767 3361; baseline 0.009 -27"><span class='ocrx_word' id='word_1_639' title='bbox 2189 3278 2383 3338; x_wconf 84' lang='lat' dir='ltr'><strong>factum</strong></span> <span class='ocrx_word' id='word_1_640' title='bbox 2410 3292 2511 3351; x_wconf 90' lang='lat' dir='ltr'><strong>est,</strong></span> <span class='ocrx_word' id='word_1_641' title='bbox 2537 3293 2594 3339; x_wconf 93' lang='lat' dir='ltr'><strong>ut</strong></span> <span class='ocrx_word' id='word_1_642' title='bbox 2612 3286 2856 3355; x_wconf 90' lang='lat' dir='ltr'><strong>permulti</strong></span> <span class='ocrx_word' id='word_1_643' title='bbox 2881 3285 3076 3343; x_wconf 89' lang='lat' dir='ltr'><strong>deinde</strong></span> <span class='ocrx_word' id='word_1_644' title='bbox 3099 3287 3397 3361; x_wconf 87' lang='lat' dir='ltr'><strong>Hieronymi</strong></span> <span class='ocrx_word' id='word_1_645' title='bbox 3419 3292 3583 3361; x_wconf 90' lang='lat' dir='ltr'><strong>ipsius</strong></span> <span class='ocrx_word' id='word_1_646' title='bbox 3612 3293 3767 3348; x_wconf 81' lang='lat' dir='ltr'><strong>insti-</strong></span> 
     </span>
    </p>
   </div>
   <div class='ocr_carea' id='block_1_94' title="bbox 2190 3374 3766 3453">
    <p class='ocr_par' dir='ltr' id='par_1_94' title="bbox 2190 3374 3766 3453">
     <span class='ocr_line' id='line_1_94' title="bbox 2190 3374 3766 3453; baseline 0.007 -25"><span class='ocrx_word' id='word_1_647' title='bbox 2190 3375 2288 3428; x_wconf 89' lang='lat' dir='ltr'><strong>tuti</strong></span> <span class='ocrx_word' id='word_1_648' title='bbox 2314 3374 2608 3430; x_wconf 88' lang='lat' dir='ltr'><strong>imitatores</strong></span> <span class='ocrx_word' id='word_1_649' title='bbox 2632 3377 2956 3444; x_wconf 86' lang='lat' dir='ltr'><strong>exstiterint,</strong></span> <span class='ocrx_word' id='word_1_650' title='bbox 2996 3387 3220 3450; x_wconf 88' lang='lat' dir='ltr'><strong>ortaque</strong></span> <span class='ocrx_word' id='word_1_651' title='bbox 3252 3380 3323 3436; x_wconf 88' lang='lat' dir='ltr'><strong>sit</strong></span> <span class='ocrx_word' id='word_1_652' title='bbox 3361 3397 3495 3437; x_wconf 90' lang='lat' dir='ltr'><strong>nova</strong></span> <span class='ocrx_word' id='word_1_653' title='bbox 3524 3382 3766 3453; x_wconf 69' lang='lat' dir='ltr'><strong>quaedam</strong></span> 
     </span>
    </p>
   </div>
   <div class='ocr_carea' id='block_1_95' title="bbox 2188 3466 3769 3544">
    <p class='ocr_par' dir='ltr' id='par_1_95' title="bbox 2188 3466 3769 3544">
     <span class='ocr_line' id='line_1_95' title="bbox 2188 3466 3769 3544; baseline 0.009 -25"><span class='ocrx_word' id='word_1_654' title='bbox 2188 3466 2404 3534; x_wconf 80' lang='lat' dir='ltr'><strong>familia,</strong></span> <span class='ocrx_word' id='word_1_655' title='bbox 2433 3483 2552 3537; x_wconf 78' lang='lat' dir='ltr'><strong>quae</strong></span> <span class='ocrx_word' id='word_1_656' title='bbox 2575 3470 2643 3524; x_wconf 91' lang='lat' dir='ltr'><strong>ab</strong></span> <span class='ocrx_word' id='word_1_657' title='bbox 2689 3468 2987 3540; x_wconf 89' lang='lat' dir='ltr'><strong>Hieronymi</strong></span> <span class='ocrx_word' id='word_1_658' title='bbox 3016 3473 3254 3538; x_wconf 88' lang='lat' dir='ltr'><strong>nomine,</strong></span> <span class='ocrx_word' id='word_1_659' title='bbox 3295 3490 3452 3544; x_wconf 90' lang='lat' dir='ltr'><strong>quem</strong></span> <span class='ocrx_word' id='word_1_660' title='bbox 3493 3478 3574 3531; x_wconf 92' lang='lat' dir='ltr'><strong>sui</strong></span> <span class='ocrx_word' id='word_1_661' title='bbox 3616 3477 3769 3532; x_wconf 85' lang='lat' dir='ltr'><strong>insti-</strong></span> 
     </span>
    </p>
   </div>
   <div class='ocr_carea' id='block_1_96' title="bbox 2190 3558 3768 3633">
    <p class='ocr_par' dir='ltr' id='par_1_96' title="bbox 2190 3558 3768 3633">
     <span class='ocr_line' id='line_1_96' title="bbox 2190 3558 3768 3633; baseline 0.008 -23"><span class='ocrx_word' id='word_1_662' title='bbox 2190 3558 2308 3625; x_wconf 84' lang='lat' dir='ltr'><strong>tuti,</strong></span> <span class='ocrx_word' id='word_1_663' title='bbox 2335 3559 2576 3628; x_wconf 88' lang='lat' dir='ltr'><strong>quamvis</strong></span> <span class='ocrx_word' id='word_1_664' title='bbox 2597 3559 2752 3630; x_wconf 90' lang='lat' dir='ltr'><strong>longe</strong></span> <span class='ocrx_word' id='word_1_665' title='bbox 2780 3559 2975 3616; x_wconf 88' lang='lat' dir='ltr'><strong>diversi</strong></span> <span class='ocrx_word' id='word_1_666' title='bbox 3003 3563 3072 3626; x_wconf 86' lang='lat' dir='ltr'><strong>ab</strong></span> <span class='ocrx_word' id='word_1_667' title='bbox 3099 3577 3165 3618; x_wconf 89' lang='lat' dir='ltr'><strong>eo</strong></span> <span class='ocrx_word' id='word_1_668' title='bbox 3183 3578 3290 3633; x_wconf 88' lang='lat' dir='ltr'><strong>quo</strong></span> <span class='ocrx_word' id='word_1_669' title='bbox 3315 3565 3404 3620; x_wconf 91' lang='lat' dir='ltr'><strong>ille</strong></span> <span class='ocrx_word' id='word_1_670' title='bbox 3428 3567 3652 3631; x_wconf 83' lang='lat' dir='ltr'><strong>vixerat,</strong></span> <span class='ocrx_word' id='word_1_671' title='bbox 3681 3577 3768 3622; x_wconf 90' lang='lat' dir='ltr'><strong>ut-</strong></span> 
     </span>
    </p>
   </div>
   <div class='ocr_carea' id='block_1_97' title="bbox 2187 3649 3764 3726">
    <p class='ocr_par' dir='ltr' id='par_1_97' title="bbox 2187 3649 3764 3726">
     <span class='ocr_line' id='line_1_97' title="bbox 2187 3649 3764 3726; baseline 0.008 -26"><span class='ocrx_word' id='word_1_672' title='bbox 2187 3660 2415 3716; x_wconf 86' lang='lat' dir='ltr'><strong>cumque</strong></span> <span class='ocrx_word' id='word_1_673' title='bbox 2442 3658 2714 3704; x_wconf 86' lang='lat' dir='ltr'><strong>auctorem</strong></span> <span class='ocrx_word' id='word_1_674' title='bbox 2754 3649 2970 3716; x_wconf 78' lang='lat' dir='ltr'><strong>faciunt,</strong></span> <span class='ocrx_word' id='word_1_675' title='bbox 2996 3650 3381 3724; x_wconf 83' lang='lat' dir='ltr'><strong>Hieronymiani</strong></span> <span class='ocrx_word' id='word_1_676' title='bbox 3425 3664 3553 3709; x_wconf 88' lang='lat' dir='ltr'><strong>sunt</strong></span> <span class='ocrx_word' id='word_1_677' title='bbox 3579 3658 3764 3726; x_wconf 87' lang='lat' dir='ltr'><strong>appel-</strong></span> 
     </span>
    </p>
   </div>
   <div class='ocr_carea' id='block_1_98' title="bbox 2189 3735 3770 3816">
    <p class='ocr_par' dir='ltr' id='par_1_98' title="bbox 2189 3735 3770 3816">
     <span class='ocr_line' id='line_1_98' title="bbox 2189 3735 3770 3816; baseline 0.008 -27"><span class='ocrx_word' id='word_1_678' title='bbox 2189 3735 2325 3790; x_wconf 82' lang='lat' dir='ltr'><strong>lati:</strong></span> <span class='ocrx_word' id='word_1_679' title='bbox 2365 3737 2456 3806; x_wconf 89' lang='lat' dir='ltr'><strong>qui</strong></span> <span class='ocrx_word' id='word_1_680' title='bbox 2499 3739 2676 3793; x_wconf 88' lang='lat' dir='ltr'><strong>nativo</strong></span> <span class='ocrx_word' id='word_1_681' title='bbox 2701 3739 3016 3795; x_wconf 85' lang='lat' dir='ltr'><strong>amiciuntur</strong></span> <span class='ocrx_word' id='word_1_682' title='bbox 3061 3742 3264 3807; x_wconf 88' lang='lat' dir='ltr'><strong>colore,</strong></span> <span class='ocrx_word' id='word_1_683' title='bbox 3312 3744 3579 3815; x_wconf 87' lang='lat' dir='ltr'><strong>pallioque</strong></span> <span class='ocrx_word' id='word_1_684' title='bbox 3606 3761 3770 3816; x_wconf 87' lang='lat' dir='ltr'><strong>super</strong></span> 
     </span>
    </p>
   </div>
   <div class='ocr_carea' id='block_1_99' title="bbox 2191 3818 3766 3904">
    <p class='ocr_par' dir='ltr' id='par_1_99' title="bbox 2191 3818 3766 3904">
     <span class='ocr_line' id='line_1_99' title="bbox 2191 3818 3766 3904; baseline 0.006 -24"><span class='ocrx_word' id='word_1_685' title='bbox 2191 3827 2422 3882; x_wconf 90' lang='lat' dir='ltr'><strong>tunicam</strong></span> <span class='ocrx_word' id='word_1_686' title='bbox 2451 3838 2660 3899; x_wconf 88' lang='lat' dir='ltr'><strong>rugato,</strong></span> <span class='ocrx_word' id='word_1_687' title='bbox 2689 3839 2849 3900; x_wconf 89' lang='lat' dir='ltr'><strong>atque</strong></span> <span class='ocrx_word' id='word_1_688' title='bbox 2896 3833 3170 3903; x_wconf 89' lang='lat' dir='ltr'><strong>superiore</strong></span> <span class='ocrx_word' id='word_1_689' title='bbox 3210 3818 3358 3904; x_wconf 88' lang='lat' dir='ltr'><strong>parte</strong></span> <span class='ocrx_word' id='word_1_690' title='bbox 3402 3851 3434 3891; x_wconf 92' lang='lat' dir='ltr'><strong>a</strong></span> <span class='ocrx_word' id='word_1_691' title='bbox 3464 3851 3672 3892; x_wconf 87' lang='lat' dir='ltr'><strong>summo</strong></span> <span class='ocrx_word' id='word_1_692' title='bbox 3700 3839 3766 3891; x_wconf 83' lang='lat' dir='ltr'><strong>ad</strong></span> 
     </span>
    </p>
   </div>
   <div class='ocr_carea' id='block_1_100' title="bbox 2194 3919 3770 3996">
    <p class='ocr_par' dir='ltr' id='par_1_100' title="bbox 2194 3919 3770 3996">
     <span class='ocr_line' id='line_1_100' title="bbox 2194 3919 3770 3996; baseline 0.006 -23"><span class='ocrx_word' id='word_1_693' title='bbox 2194 3919 2356 3973; x_wconf 93' lang='lat' dir='ltr'><strong>imum</strong></span> <span class='ocrx_word' id='word_1_694' title='bbox 2385 3920 2574 3985; x_wconf 86' lang='lat' dir='ltr'><strong>scissa,</strong></span> <span class='ocrx_word' id='word_1_695' title='bbox 2604 3930 2814 3976; x_wconf 86' lang='lat' dir='ltr'><strong>scortea</strong></span> <span class='ocrx_word' id='word_1_696' title='bbox 2836 3936 2968 3977; x_wconf 87' lang='lat' dir='ltr'><strong>zona</strong></span> <span class='ocrx_word' id='word_1_697' title='bbox 2987 3925 3218 3980; x_wconf 86' lang='lat' dir='ltr'><strong>tunicam</strong></span> <span class='ocrx_word' id='word_1_698' title='bbox 3246 3926 3578 3996; x_wconf 85' lang='lat' dir='ltr'><strong>succingunt,</strong></span> <span class='ocrx_word' id='word_1_699' title='bbox 3607 3930 3770 3983; x_wconf 84' lang='lat' dir='ltr'><strong>sulcis</strong></span> 
     </span>
    </p>
   </div>
   <div class='ocr_carea' id='block_1_101' title="bbox 2193 4009 2863 4080">
    <p class='ocr_par' dir='ltr' id='par_1_101' title="bbox 2193 4009 2863 4080">
     <span class='ocr_line' id='line_1_101' title="bbox 2193 4009 2863 4080; baseline 0.007 -18"><span class='ocrx_word' id='word_1_700' title='bbox 2193 4009 2379 4080; x_wconf 88' lang='lat' dir='ltr'><strong>ligneis</strong></span> <span class='ocrx_word' id='word_1_701' title='bbox 2408 4009 2570 4078; x_wconf 88' lang='lat' dir='ltr'><strong>pedes</strong></span> <span class='ocrx_word' id='word_1_702' title='bbox 2597 4012 2863 4067; x_wconf 88' lang='lat' dir='ltr'><strong>muniunt.</strong></span> 
     </span>
    </p>
   </div>
   <div class='ocr_carea' id='block_1_102' title="bbox 2319 4119 3658 4197">
    <p class='ocr_par' dir='ltr' id='par_1_102' title="bbox 2319 4119 3658 4197">
     <span class='ocr_line' id='line_1_102' title="bbox 2319 4119 3658 4197; baseline 0.007 -23"><span class='ocrx_word' id='word_1_703' title='bbox 2319 4119 2401 4174; x_wconf 87' lang='lat' dir='ltr'><strong>Ex</strong></span> <span class='ocrx_word' id='word_1_704' title='bbox 2445 4134 2530 4174; x_wconf 75' lang='lat' dir='ltr'><strong>its.</strong></span> <span class='ocrx_word' id='word_1_705' title='bbox 2563 4135 2682 4176; x_wconf 90' lang='lat' dir='ltr'><strong>con.</strong></span> <span class='ocrx_word' id='word_1_706' title='bbox 2717 4121 2928 4189; x_wconf 58' lang='grc' dir='ltr'><strong>νέω-ια..</strong></span> <span class='ocrx_word' id='word_1_707' title='bbox 2957 4125 3078 4178; x_wconf 84' lang='lat' dir='ltr'><strong>olim</strong></span> <span class='ocrx_word' id='word_1_708' title='bbox 3106 4125 3337 4197; x_wconf 69' lang='lat' dir='ltr'><strong>Reginis,</strong></span> <span class='ocrx_word' id='word_1_709' title='bbox 3365 4144 3506 4182; x_wconf 86' lang='lat' dir='ltr'><strong>nunt.</strong></span> <span class='ocrx_word' id='word_1_710' title='bbox 3532 4129 3658 4185; x_wconf 78' lang='grc'><strong>571.</strong></span> 
     </span>
    </p>
   </div>
   <div class='ocr_carea' id='block_1_103' title="bbox 2438 4229 3196 4296">
    <p class='ocr_par' dir='ltr' id='par_1_103' title="bbox 2438 4229 3196 4296">
     <span class='ocr_line' id='line_1_103' title="bbox 2438 4229 3196 4296; baseline 0.011 -18"><span class='ocrx_word' id='word_1_711' title='bbox 2438 4229 2738 4296; x_wconf 79' lang='lat' dir='ltr'><strong>Augustinus</strong></span> <span class='ocrx_word' id='word_1_712' title='bbox 2759 4234 2817 4282; x_wconf 89' lang='lat' dir='ltr'><strong>ad</strong></span> <span class='ocrx_word' id='word_1_713' title='bbox 2839 4237 3196 4296; x_wconf 81' lang='lat' dir='ltr'><strong>Hieronymum.</strong></span> 
     </span>
    </p>
   </div>
   <div class='ocr_carea' id='block_1_104' title="bbox 2192 4288 3464 4360">
    <p class='ocr_par' dir='ltr' id='par_1_104' title="bbox 2192 4288 3464 4360">
     <span class='ocr_line' id='line_1_104' title="bbox 2192 4288 3464 4360; baseline 0.009 -22"><span class='ocrx_word' id='word_1_714' title='bbox 2192 4288 2266 4360; x_wconf 62' lang='lat' dir='ltr'><strong>Ie</strong></span> <span class='ocrx_word' id='word_1_715' title='bbox 2286 4288 2550 4341; x_wconf 73' lang='lat' dir='ltr'><strong>Bethleem</strong></span> <span class='ocrx_word' id='word_1_716' title='bbox 2572 4293 2808 4360; x_wconf 82' lang='lat' dir='ltr'><strong>celebrat,</strong></span> <span class='ocrx_word' id='word_1_717' title='bbox 2838 4303 2887 4345; x_wconf 91' lang='lat' dir='ltr'><strong>te</strong></span> <span class='ocrx_word' id='word_1_718' title='bbox 2911 4288 3042 4360; x_wconf 71' lang='lat' dir='ltr'><strong>totus</strong></span> <span class='ocrx_word' id='word_1_719' title='bbox 3065 4307 3295 4360; x_wconf 79' lang='lat' dir='ltr'><strong>personat</strong></span> <span class='ocrx_word' id='word_1_720' title='bbox 3315 4299 3464 4360; x_wconf 88' lang='lat' dir='ltr'><strong>orbis,</strong></span> 
     </span>
    </p>
   </div>
   <div class='ocr_carea' id='block_1_105' title="bbox 2192 4349 3483 4430">
    <p class='ocr_par' dir='ltr' id='par_1_105' title="bbox 2192 4349 3483 4430">
     <span class='ocr_line' id='line_1_105' title="bbox 2192 4349 3483 4430; baseline 0.008 -30"><span class='ocrx_word' id='word_1_721' title='bbox 2192 4349 2267 4401; x_wconf 84' lang='lat' dir='ltr'><strong>Te</strong></span> <span class='ocrx_word' id='word_1_722' title='bbox 2287 4364 2486 4415; x_wconf 85' lang='lat' dir='ltr'><strong>quoque</strong></span> <span class='ocrx_word' id='word_1_723' title='bbox 2508 4362 2670 4404; x_wconf 89' lang='lat' dir='ltr'><strong>nostra</strong></span> <span class='ocrx_word' id='word_1_724' title='bbox 2692 4349 2985 4430; x_wconf 60' lang='lat' dir='ltr'><strong>tuis&#39;promit</strong></span> <span class='ocrx_word' id='word_1_725' title='bbox 3007 4349 3303 4426; x_wconf 78' lang='lat' dir='ltr'><strong>bibliotheca</strong></span> <span class='ocrx_word' id='word_1_726' title='bbox 3327 4349 3483 4412; x_wconf 74' lang='lat' dir='ltr'><strong>libris.</strong></span> 
     </span>
    </p>
   </div>
   <div class='ocr_carea' id='block_1_106' title="bbox 2418 4454 3523 4533">
    <p class='ocr_par' dir='ltr' id='par_1_106' title="bbox 2418 4454 3523 4533">
     <span class='ocr_line' id='line_1_106' title="bbox 2418 4454 3523 4533; baseline 0.011 -24"><span class='ocrx_word' id='word_1_727' title='bbox 2418 4454 2502 4510; x_wconf 83' lang='lat' dir='ltr'><strong>Ex</strong></span> <span class='ocrx_word' id='word_1_728' title='bbox 2527 4472 2648 4512; x_wconf 76' lang='lat' dir='ltr'><strong>ALIO</strong></span> <span class='ocrx_word' id='word_1_729' title='bbox 2675 4473 2761 4514; x_wconf 80' lang='lat' dir='ltr'><strong>IS.</strong></span> <span class='ocrx_word' id='word_1_730' title='bbox 2801 4474 3008 4526; x_wconf 74' lang='lat' dir='ltr'><strong>conice,</strong></span> <span class='ocrx_word' id='word_1_731' title='bbox 3037 4463 3123 4532; x_wconf 83' lang='lat' dir='ltr'><strong>qui</strong></span> <span class='ocrx_word' id='word_1_732' title='bbox 3151 4465 3292 4533; x_wconf 81' lang='lat' dir='ltr'><strong>apud</strong></span> <span class='ocrx_word' id='word_1_733' title='bbox 3317 4480 3394 4519; x_wconf 86' lang='lat' dir='ltr'><strong>me</strong></span> <span class='ocrx_word' id='word_1_734' title='bbox 3429 4475 3523 4521; x_wconf 81' lang='lat' dir='ltr'><strong>est.</strong></span> 
     </span>
    </p>
   </div>
   <div class='ocr_carea' id='block_1_107' title="bbox 2191 4562 3257 4636">
    <p class='ocr_par' dir='ltr' id='par_1_107' title="bbox 2191 4562 3257 4636">
     <span class='ocr_line' id='line_1_107' title="bbox 2191 4562 3257 4636; baseline 0.01 -24"><span class='ocrx_word' id='word_1_735' title='bbox 2191 4562 2622 4636; x_wconf 27' lang='lat' dir='ltr'><strong>gccecSacerdotis</strong></span> <span class='ocrx_word' id='word_1_736' title='bbox 2643 4569 2844 4636; x_wconf 76' lang='lat' dir='ltr'><strong>pandam</strong></span> <span class='ocrx_word' id='word_1_737' title='bbox 2865 4573 3110 4636; x_wconf 16' lang='lat' dir='ltr'><strong>praeconia,</strong></span> <span class='ocrx_word' id='word_1_738' title='bbox 3122 4571 3257 4636; x_wconf 84' lang='lat' dir='ltr'><strong>lauti,</strong></span> 
     </span>
    </p>
   </div>
   <div class='ocr_carea' id='block_1_108' title="bbox 2192 4624 3354 4703">
    <p class='ocr_par' dir='ltr' id='par_1_108' title="bbox 2192 4624 3354 4703">
     <span class='ocr_line' id='line_1_108' title="bbox 2192 4624 3354 4703; baseline 0.013 -32"><span class='ocrx_word' id='word_1_739' title='bbox 2192 4624 2376 4703; x_wconf 37' lang='lat' dir='ltr'><strong>{lentio</strong></span> <span class='ocrx_word' id='word_1_740' title='bbox 2394 4627 2507 4703; x_wconf 76' lang='lat' dir='ltr'><strong>dum</strong></span> <span class='ocrx_word' id='word_1_741' title='bbox 2531 4624 2691 4703; x_wconf 58' lang='grc' dir='ltr'><strong>ξιιηὸιί</strong></span> <span class='ocrx_word' id='word_1_742' title='bbox 2715 4624 2879 4703; x_wconf 64' lang='lat' dir='ltr'><strong>pulsat</strong></span> <span class='ocrx_word' id='word_1_743' title='bbox 2891 4632 3160 4703; x_wconf 63' lang='lat' dir='ltr'><strong>penetralia</strong></span> <span class='ocrx_word' id='word_1_744' title='bbox 3179 4624 3354 4703; x_wconf 71' lang='lat' dir='ltr'><strong>cordis,</strong></span> 
     </span>
    </p>
   </div>
   <div class='ocr_carea' id='block_1_109' title="bbox 2192 4685 3393 4756">
    <p class='ocr_par' dir='ltr' id='par_1_109' title="bbox 2192 4685 3393 4756">
     <span class='ocr_line' id='line_1_109' title="bbox 2192 4685 3393 4756; baseline 0.007 -20"><span class='ocrx_word' id='word_1_745' title='bbox 2192 4685 2338 4756; x_wconf 61' lang='lat' dir='ltr'><strong>Cujus</strong></span> <span class='ocrx_word' id='word_1_746' title='bbox 2357 4689 2639 4751; x_wconf 87' lang='lat' dir='ltr'><strong>quadratum</strong></span> <span class='ocrx_word' id='word_1_747' title='bbox 2659 4685 2926 4756; x_wconf 76' lang='lat' dir='ltr'><strong>crebrescit</strong></span> <span class='ocrx_word' id='word_1_748' title='bbox 2946 4692 3068 4741; x_wconf 73' lang='lat' dir='ltr'><strong>lanna</strong></span> <span class='ocrx_word' id='word_1_749' title='bbox 3093 4708 3182 4756; x_wconf 85' lang='lat' dir='ltr'><strong>per</strong></span> <span class='ocrx_word' id='word_1_750' title='bbox 3203 4685 3393 4746; x_wconf 78' lang='lat' dir='ltr'><strong>urbem.</strong></span> 
     </span>
    </p>
   </div>
   <div class='ocr_carea' id='block_1_110' title="bbox 2191 4747 3386 4814">
    <p class='ocr_par' dir='ltr' id='par_1_110' title="bbox 2191 4747 3386 4814">
     <span class='ocr_line' id='line_1_110' title="bbox 2191 4747 3386 4814; baseline 0.012 -19"><span class='ocrx_word' id='word_1_751' title='bbox 2191 4747 2466 4814; x_wconf 76' lang='lat' dir='ltr'><strong>Atqueper</strong></span> <span class='ocrx_word' id='word_1_752' title='bbox 2489 4759 2736 4800; x_wconf 83' lang='lat' dir='ltr'><strong>extremas</strong></span> <span class='ocrx_word' id='word_1_753' title='bbox 2758 4753 2914 4814; x_wconf 79' lang='lat' dir='ltr'><strong>fulget</strong></span> <span class='ocrx_word' id='word_1_754' title='bbox 2938 4747 3192 4814; x_wconf 79' lang='lat' dir='ltr'><strong>prudentia</strong></span> <span class='ocrx_word' id='word_1_755' title='bbox 3216 4766 3386 4808; x_wconf 80' lang='lat' dir='ltr'><strong>metas:</strong></span> 
     </span>
    </p>
   </div>
   <div class='ocr_carea' id='block_1_111' title="bbox 2191 4810 3337 4880">
    <p class='ocr_par' dir='ltr' id='par_1_111' title="bbox 2191 4810 3337 4880">
     <span class='ocr_line' id='line_1_111' title="bbox 2191 4810 3337 4880; baseline 0.011 -25"><span class='ocrx_word' id='word_1_756' title='bbox 2191 4811 2285 4880; x_wconf 60' lang='lat' dir='ltr'><strong>Qui</strong></span> <span class='ocrx_word' id='word_1_757' title='bbox 2302 4810 2392 4858; x_wconf 78' lang='lat' dir='ltr'><strong>fuit</strong></span> <span class='ocrx_word' id='word_1_758' title='bbox 2412 4810 2678 4880; x_wconf 63' lang='lat' dir='ltr'><strong>interpres,</strong></span> <span class='ocrx_word' id='word_1_759' title='bbox 2703 4820 2757 4880; x_wconf 88' lang='lat' dir='ltr'><strong>et</strong></span> <span class='ocrx_word' id='word_1_760' title='bbox 2775 4810 2948 4862; x_wconf 54' lang='lat' dir='ltr'><strong>cuStos&#39;</strong></span> <span class='ocrx_word' id='word_1_761' title='bbox 2963 4817 3098 4880; x_wconf 72' lang='lat' dir='ltr'><strong>virgo</strong></span> <span class='ocrx_word' id='word_1_762' title='bbox 3121 4818 3337 4880; x_wconf 83' lang='lat' dir='ltr'><strong>pudoris,</strong></span> 
     </span>
    </p>
   </div>
   <div class='ocr_carea' id='block_1_112' title="bbox 2191 4866 3302 4927">
    <p class='ocr_par' dir='ltr' id='par_1_112' title="bbox 2191 4866 3302 4927">
     <span class='ocr_line' id='line_1_112' title="bbox 2191 4866 3302 4927; baseline 0.007 -10"><span class='ocrx_word' id='word_1_763' title='bbox 2191 4866 2391 4919; x_wconf 84' lang='lat' dir='ltr'><strong>chrea</strong></span> <span class='ocrx_word' id='word_1_764' title='bbox 2413 4866 2636 4921; x_wconf 74' lang='lat' dir='ltr'><strong>Romanis</strong></span> <span class='ocrx_word' id='word_1_765' title='bbox 2661 4866 2859 4922; x_wconf 79' lang='lat' dir='ltr'><strong>vertens</strong></span> <span class='ocrx_word' id='word_1_766' title='bbox 2878 4866 3068 4924; x_wconf 71' lang='lat' dir='ltr'><strong>oracula</strong></span> <span class='ocrx_word' id='word_1_767' title='bbox 3093 4866 3270 4927; x_wconf 72' lang='lat' dir='ltr'><strong>verbis.</strong></span> <span class='ocrx_word' id='word_1_768' title='bbox 3299 4901 3302 4905; x_wconf 56' lang='grc' dir='ltr'>λ</span> 
     </span>
    </p>
   </div>
   <div class='ocr_carea' id='block_1_113' title="bbox 2191 4929 3408 5050">
    <p class='ocr_par' dir='ltr' id='par_1_113' title="bbox 2191 4929 3408 5050">
     <span class='ocr_line' id='line_1_113' title="bbox 2191 4929 3408 5050; baseline 0.008 -72"><span class='ocrx_word' id='word_1_769' title='bbox 2191 4929 2312 4979; x_wconf 85' lang='lat' dir='ltr'><strong>Nam</strong></span> <span class='ocrx_word' id='word_1_770' title='bbox 2334 4932 2484 5004; x_wconf 80' lang='lat' dir='ltr'><strong>rudis,</strong></span> <span class='ocrx_word' id='word_1_771' title='bbox 2506 4942 2557 4982; x_wconf 89' lang='lat' dir='ltr'><strong>et</strong></span> <span class='ocrx_word' id='word_1_772' title='bbox 2579 4934 2751 4995; x_wconf 75' lang='lat' dir='ltr'><strong>prisca:</strong></span> <span class='ocrx_word' id='word_1_773' title='bbox 2769 4932 2896 4996; x_wconf 83' lang='lat' dir='ltr'><strong>legis</strong></span> <span class='ocrx_word' id='word_1_774' title='bbox 2916 4935 3148 5009; x_wconf 74' lang='lat' dir='ltr'><strong>patefecit</strong></span> <span class='ocrx_word' id='word_1_775' title='bbox 3168 4940 3408 5050; x_wconf 53' lang='lat' dir='ltr'><strong>abEum.</strong></span> 
     </span>
     <span class='ocr_line' id='line_1_114' title="bbox 2192 4990 3318 5050; baseline 0.005 -8"><span class='ocrx_word' id='word_1_776' title='bbox 2192 4990 2508 5050; x_wconf 82' lang='lat' dir='ltr'><strong>Septuagtnta</strong></span> <span class='ocrx_word' id='word_1_777' title='bbox 2529 4995 2652 5043; x_wconf 85' lang='lat' dir='ltr'><strong>duos</strong></span> <span class='ocrx_word' id='word_1_778' title='bbox 2674 4993 2934 5043; x_wconf 85' lang='lat' dir='ltr'><strong>recludens</strong></span> <span class='ocrx_word' id='word_1_779' title='bbox 2956 5011 3126 5050; x_wconf 70' lang='lat' dir='ltr'><strong>pagina</strong></span> <span class='ocrx_word' id='word_1_780' title='bbox 3145 5000 3228 5048; x_wconf 90' lang='lat' dir='ltr'><strong>btb</strong></span> <span class='ocrx_word' id='word_1_781' title='bbox 3285 5015 3318 5048; x_wconf 83' lang='lat'><strong>&#39;.</strong></span> 
     </span>
    </p>
   </div>
   <div class='ocr_carea' id='block_1_114' title="bbox 2192 4990 3318 5060">
    <p class='ocr_par' dir='ltr' id='par_1_114' title="bbox 2192 4990 3318 5060">
     <span class='ocr_line' id='line_1_115' title="bbox 2192 4990 3318 5060; baseline 0.005 -18"><span class='ocrx_word' id='word_1_782' title='bbox 2192 4990 2515 5060; x_wconf 64' lang='lat' dir='ltr'><strong>Septuaginta</strong></span> <span class='ocrx_word' id='word_1_783' title='bbox 2529 4990 2934 5060; x_wconf 64' lang='lat' dir='ltr'><strong>duosrecludeus</strong></span> <span class='ocrx_word' id='word_1_784' title='bbox 2955 5000 3126 5060; x_wconf 74' lang='lat' dir='ltr'><strong>pagina</strong></span> <span class='ocrx_word' id='word_1_785' title='bbox 3145 4990 3318 5050; x_wconf 69' lang='lat' dir='ltr'><strong>biblos.</strong></span> 
     </span>
    </p>
   </div>
   <div class='ocr_carea' id='block_1_115' title="bbox 2190 5055 3335 5112">
    <p class='ocr_par' dir='ltr' id='par_1_115' title="bbox 2190 5055 3335 5112">
     <span class='ocr_line' id='line_1_116' title="bbox 2190 5055 3335 5112; baseline 0.009 -10"><span class='ocrx_word' id='word_1_786' title='bbox 2190 5059 2317 5112; x_wconf 85' lang='lat' dir='ltr'><strong>Quos</strong></span> <span class='ocrx_word' id='word_1_787' title='bbox 2337 5055 2466 5104; x_wconf 77' lang='lat' dir='ltr'><strong>nunc</strong></span> <span class='ocrx_word' id='word_1_788' title='bbox 2485 5055 2695 5104; x_wconf 86' lang='lat' dir='ltr'><strong>Sacratis</strong></span> <span class='ocrx_word' id='word_1_789' title='bbox 2709 5055 2943 5104; x_wconf 88' lang='lat' dir='ltr'><strong>describit</strong></span> <span class='ocrx_word' id='word_1_790' title='bbox 2957 5055 3120 5107; x_wconf 64' lang='lat' dir='ltr'><strong>infera</strong></span> <span class='ocrx_word' id='word_1_791' title='bbox 3141 5061 3335 5112; x_wconf 77' lang='lat' dir='ltr'><strong>chartis.</strong></span> 
     </span>
    </p>
   </div>
   <div class='ocr_carea' id='block_1_116' title="bbox 2191 5113 3288 5184">
    <p class='ocr_par' dir='ltr' id='par_1_116' title="bbox 2191 5113 3288 5184">
     <span class='ocr_line' id='line_1_117' title="bbox 2191 5113 3288 5184; baseline 0.005 -20"><span class='ocrx_word' id='word_1_792' title='bbox 2191 5113 2399 5184; x_wconf 73' lang='lat' dir='ltr'><strong>Insuper</strong></span> <span class='ocrx_word' id='word_1_793' title='bbox 2416 5115 2586 5184; x_wconf 79' lang='lat' dir='ltr'><strong>elicuit</strong></span> <span class='ocrx_word' id='word_1_794' title='bbox 2606 5115 2855 5184; x_wconf 60' lang='lat' dir='ltr'><strong>Tractatus</strong></span> <span class='ocrx_word' id='word_1_795' title='bbox 2871 5117 2984 5178; x_wconf 89' lang='lat' dir='ltr'><strong>jure</strong></span> <span class='ocrx_word' id='word_1_796' title='bbox 2995 5121 3288 5184; x_wconf 81' lang='lat' dir='ltr'><strong>_stupendos,</strong></span> 
     </span>
    </p>
   </div>
   <div class='ocr_carea' id='block_1_117' title="bbox 2190 5175 3441 5240">
    <p class='ocr_par' dir='ltr' id='par_1_117' title="bbox 2190 5175 3441 5240">
     <span class='ocr_line' id='line_1_118' title="bbox 2190 5175 3441 5240; baseline 0.007 -15"><span class='ocrx_word' id='word_1_797' title='bbox 2190 5175 2354 5240; x_wconf 48' lang='lat' dir='ltr'><strong>Atque</strong></span> <span class='ocrx_word' id='word_1_798' title='bbox 2377 5180 2718 5240; x_wconf 84' lang='lat' dir='ltr'><strong>prOpbetarum</strong></span> <span class='ocrx_word' id='word_1_799' title='bbox 2740 5175 3036 5240; x_wconf 75' lang='lat' dir='ltr'><strong>commentis</strong></span> <span class='ocrx_word' id='word_1_800' title='bbox 3057 5175 3441 5234; x_wconf 66' lang='lat' dir='ltr'><strong>clancula&#39;certis</strong></span> 
     </span>
    </p>
   </div>
   <div class='ocr_carea' id='block_1_118' title="bbox 2188 5235 3330 5302">
    <p class='ocr_par' dir='ltr' id='par_1_118' title="bbox 2188 5235 3330 5302">
     <span class='ocr_line' id='line_1_119' title="bbox 2188 5235 3330 5302; baseline 0.006 -17"><span class='ocrx_word' id='word_1_801' title='bbox 2188 5235 2331 5302; x_wconf 68' lang='lat' dir='ltr'><strong>Dicta</strong></span> <span class='ocrx_word' id='word_1_802' title='bbox 2354 5235 2637 5302; x_wconf 72' lang='lat' dir='ltr'><strong>retexebat,</strong></span> <span class='ocrx_word' id='word_1_803' title='bbox 2664 5237 2880 5302; x_wconf 72' lang='lat' dir='ltr'><strong>pandens</strong></span> <span class='ocrx_word' id='word_1_804' title='bbox 2901 5243 3126 5302; x_wconf 77' lang='lat' dir='ltr'><strong>mysteria</strong></span> <span class='ocrx_word' id='word_1_805' title='bbox 3147 5255 3330 5292; x_wconf 86' lang='lat' dir='ltr'><strong>rerum.</strong></span> 
     </span>
    </p>
   </div>
   <div class='ocr_carea' id='block_1_119' title="bbox 2189 5296 3413 5367">
    <p class='ocr_par' dir='ltr' id='par_1_119' title="bbox 2189 5296 3413 5367">
     <span class='ocr_line' id='line_1_120' title="bbox 2189 5296 3413 5367; baseline 0.004 -21"><span class='ocrx_word' id='word_1_806' title='bbox 2189 5296 2402 5367; x_wconf 65' lang='lat' dir='ltr'><strong>inclytus</strong></span> <span class='ocrx_word' id='word_1_807' title='bbox 2423 5299 2503 5348; x_wconf 91' lang='lat' dir='ltr'><strong>hic</strong></span> <span class='ocrx_word' id='word_1_808' title='bbox 2524 5296 2878 5367; x_wconf 67' lang='lat' dir='ltr'><strong>conSLat_seclis</strong></span> <span class='ocrx_word' id='word_1_809' title='bbox 2901 5296 2989 5367; x_wconf 69' lang='lat' dir='ltr'><strong>per</strong></span> <span class='ocrx_word' id='word_1_810' title='bbox 3011 5300 3142 5350; x_wconf 86' lang='lat' dir='ltr'><strong>secla</strong></span> <span class='ocrx_word' id='word_1_811' title='bbox 3159 5307 3413 5367; x_wconf 78' lang='lat' dir='ltr'><strong>magister.</strong></span> 
     </span>
    </p>
   </div>
   <div class='ocr_carea' id='block_1_120' title="bbox 2191 5358 3552 5429">
    <p class='ocr_par' dir='ltr' id='par_1_120' title="bbox 2191 5358 3552 5429">
     <span class='ocr_line' id='line_1_121' title="bbox 2191 5358 3552 5429; baseline 0.005 -21"><span class='ocrx_word' id='word_1_812' title='bbox 2191 5358 2309 5429; x_wconf 58' lang='lat' dir='ltr'><strong>Quia</strong></span> <span class='ocrx_word' id='word_1_813' title='bbox 2325 5373 2460 5429; x_wconf 58' lang='lat' dir='ltr'><strong>nunc</strong></span> <span class='ocrx_word' id='word_1_814' title='bbox 2476 5358 2816 5429; x_wconf 42' lang='grc' dir='ltr'><strong>ρει-,ωειηᾲοω</strong></span> <span class='ocrx_word' id='word_1_815' title='bbox 2836 5358 3109 5429; x_wconf 74' lang='lat' dir='ltr'><strong>scribuntur</strong></span> <span class='ocrx_word' id='word_1_816' title='bbox 3131 5363 3226 5412; x_wconf 86' lang='lat' dir='ltr'><strong>rite</strong></span> <span class='ocrx_word' id='word_1_817' title='bbox 3239 5358 3552 5429; x_wconf 56' lang='lat' dir='ltr'><strong>ﬁuadratum,</strong></span> 
     </span>
    </p>
   </div>
   <div class='ocr_carea' id='block_1_121' title="bbox 2188 5417 3370 5487">
    <p class='ocr_par' dir='ltr' id='par_1_121' title="bbox 2188 5417 3370 5487">
     <span class='ocr_line' id='line_1_122' title="bbox 2188 5417 3370 5487; baseline 0.004 -18"><span class='ocrx_word' id='word_1_818' title='bbox 2188 5417 2250 5487; x_wconf 56' lang='lat' dir='ltr'><strong>Et</strong></span> <span class='ocrx_word' id='word_1_819' title='bbox 2275 5423 2387 5487; x_wconf 76' lang='lat' dir='ltr'><strong>licet</strong></span> <span class='ocrx_word' id='word_1_820' title='bbox 2411 5417 2611 5487; x_wconf 74' lang='lat' dir='ltr'><strong>illustris</strong></span> <span class='ocrx_word' id='word_1_821' title='bbox 2634 5417 2866 5466; x_wconf 88' lang='lat' dir='ltr'><strong>lectorum</strong></span> <span class='ocrx_word' id='word_1_822' title='bbox 2891 5425 3045 5469; x_wconf 88' lang='lat' dir='ltr'><strong>turma</strong></span> <span class='ocrx_word' id='word_1_823' title='bbox 3069 5433 3159 5487; x_wconf 68' lang='lat' dir='ltr'><strong>per</strong></span> <span class='ocrx_word' id='word_1_824' title='bbox 3181 5417 3370 5487; x_wconf 71' lang='lat' dir='ltr'><strong>orb&#39;em,</strong></span> 
     </span>
    </p>
   </div>
   <div class='ocr_carea' id='block_1_122' title="bbox 2187 5479 3351 5548">
    <p class='ocr_par' dir='ltr' id='par_1_122' title="bbox 2187 5479 3351 5548">
     <span class='ocr_line' id='line_1_123' title="bbox 2187 5479 3351 5548; baseline 0.003 -20"><span class='ocrx_word' id='word_1_825' title='bbox 2187 5479 2402 5548; x_wconf 56' lang='lat' dir='ltr'><strong>Eusebio</strong></span> <span class='ocrx_word' id='word_1_826' title='bbox 2431 5481 2656 5548; x_wconf 85' lang='lat' dir='ltr'><strong>genitore</strong></span> <span class='ocrx_word' id='word_1_827' title='bbox 2678 5486 2841 5548; x_wconf 60' lang='lat' dir='ltr'><strong>satus,</strong></span> <span class='ocrx_word' id='word_1_828' title='bbox 2859 5492 2951 5528; x_wconf 91' lang='lat' dir='ltr'><strong>ceu</strong></span> <span class='ocrx_word' id='word_1_829' title='bbox 2975 5479 3180 5548; x_wconf 78' lang='lat' dir='ltr'><strong>prodidit</strong></span> <span class='ocrx_word' id='word_1_830' title='bbox 3202 5486 3351 5548; x_wconf 85' lang='lat' dir='ltr'><strong>idem,</strong></span> 
     </span>
    </p>
   </div>
   <div class='ocr_carea' id='block_1_123' title="bbox 2187 5541 3463 5611">
    <p class='ocr_par' dir='ltr' id='par_1_123' title="bbox 2187 5541 3463 5611">
     <span class='ocr_line' id='line_1_124' title="bbox 2187 5541 3463 5611; baseline 0.007 -23"><span class='ocrx_word' id='word_1_831' title='bbox 2187 5541 2490 5611; x_wconf 56' lang='lat' dir='ltr'><strong>Enumerans</strong></span> <span class='ocrx_word' id='word_1_832' title='bbox 2510 5546 2747 5611; x_wconf 33' lang='lat' dir='ltr'><strong>veterum.</strong></span> <span class='ocrx_word' id='word_1_833' title='bbox 2764 5541 3232 5611; x_wconf 25' lang='lat' dir='ltr'><strong>vulgataqulumina</strong></span> <span class='ocrx_word' id='word_1_834' title='bbox 3244 5541 3463 5611; x_wconf 74' lang='lat' dir='ltr'><strong>Patrum,</strong></span> 
     </span>
    </p>
   </div>
   <div class='ocr_carea' id='block_1_124' title="bbox 2188 5599 3264 5662">
    <p class='ocr_par' dir='ltr' id='par_1_124' title="bbox 2188 5599 3264 5662">
     <span class='ocr_line' id='line_1_125' title="bbox 2188 5599 3264 5662; baseline 0.009 -15"><span class='ocrx_word' id='word_1_835' title='bbox 2188 5601 2263 5662; x_wconf 77' lang='lat' dir='ltr'><strong>Ex</strong></span> <span class='ocrx_word' id='word_1_836' title='bbox 2285 5614 2383 5662; x_wconf 92' lang='lat' dir='ltr'><strong>quo</strong></span> <span class='ocrx_word' id='word_1_837' title='bbox 2405 5599 2624 5662; x_wconf 83' lang='lat' dir='ltr'><strong>Salvator</strong></span> <span class='ocrx_word' id='word_1_838' title='bbox 2648 5604 2823 5649; x_wconf 75' lang='lat' dir='ltr'><strong>nostra:</strong></span> <span class='ocrx_word' id='word_1_839' title='bbox 2839 5599 3075 5654; x_wconf 75' lang='lat' dir='ltr'><strong>cunabula</strong></span> <span class='ocrx_word' id='word_1_840' title='bbox 3097 5607 3264 5658; x_wconf 82' lang='lat' dir='ltr'><strong>Carnis</strong></span> 
     </span>
    </p>
   </div>
   <div class='ocr_carea' id='block_1_125' title="bbox 2192 5661 3405 5721">
    <p class='ocr_par' dir='ltr' id='par_1_125' title="bbox 2192 5661 3405 5721">
     <span class='ocr_line' id='line_1_126' title="bbox 2192 5661 3405 5721; baseline 0.007 -12"><span class='ocrx_word' id='word_1_841' title='bbox 2192 5661 2477 5721; x_wconf 77' lang='lat' dir='ltr'><strong>Sumpserat</strong></span> <span class='ocrx_word' id='word_1_842' title='bbox 2499 5661 2548 5707; x_wconf 92' lang='lat' dir='ltr'><strong>in</strong></span> <span class='ocrx_word' id='word_1_843' title='bbox 2572 5661 2742 5721; x_wconf 61' lang='lat' dir='ltr'><strong>terris,</strong></span> <span class='ocrx_word' id='word_1_844' title='bbox 2757 5662 3023 5712; x_wconf 87' lang='lat' dir='ltr'><strong>emundaos</strong></span> <span class='ocrx_word' id='word_1_845' title='bbox 3043 5668 3245 5717; x_wconf 87' lang='lat' dir='ltr'><strong>crimina</strong></span> <span class='ocrx_word' id='word_1_846' title='bbox 3265 5667 3405 5718; x_wconf 87' lang='lat' dir='ltr'><strong>secli.</strong></span> 
     </span>
    </p>
   </div>
   <div class='ocr_carea' id='block_1_126' title="bbox 2189 5719 3493 5793">
    <p class='ocr_par' dir='ltr' id='par_1_126' title="bbox 2189 5719 3493 5793">
     <span class='ocr_line' id='line_1_127' title="bbox 2189 5719 3493 5793; baseline 0.009 -24"><span class='ocrx_word' id='word_1_847' title='bbox 2189 5719 2388 5782; x_wconf 83' lang='lat' dir='ltr'><strong>Quando</strong></span> <span class='ocrx_word' id='word_1_848' title='bbox 2411 5719 2578 5772; x_wconf 86' lang='lat' dir='ltr'><strong>Crucis</strong></span> <span class='ocrx_word' id='word_1_849' title='bbox 2597 5719 2828 5783; x_wconf 84' lang='lat' dir='ltr'><strong>gabulum</strong></span> <span class='ocrx_word' id='word_1_850' title='bbox 2851 5736 3038 5777; x_wconf 83' lang='lat' dir='ltr'><strong>sacrato</strong></span> <span class='ocrx_word' id='word_1_851' title='bbox 3059 5727 3270 5790; x_wconf 85' lang='lat' dir='ltr'><strong>Corpore</strong></span> <span class='ocrx_word' id='word_1_852' title='bbox 3287 5730 3493 5793; x_wconf 76' lang='lat' dir='ltr'><strong>scandit,</strong></span> 
     </span>
    </p>
   </div>
  </div>
