4052 6338
579 328 680 384 ’.51

591 443 861 497 Romanus
877 436 1119 494 Pontifex
1141 436 1424 504 Damasus,
1450 435 1792 494 doctissimus
1811 435 2155 508 Augustinus,

575 533 852 596 Paulinus,
877 529 1244 595 Chromatius,
1276 527 1611 597 l-Iefioderus,
1649 521 1906 598 multique
1929 529 2018 583 alii
2044 544 2163 600 pas-

579 623 679 678 sim
720 637 819 692 per
847 620 1044 674 Italiam
1064 659 1080 685 ,
1110 618 1362 686 Galliam,
1396 618 1700 690 Hispaniam
1721 658 1738 684 ,
1767 617 2028 686 Africam,
2058 618 2160 675 Pa-

579 713 840 768 laestinam
880 720 934 766 et
973 711 1234 767 Grreeiam
1261 709 1610 766 eruditissimi
1638 708 1876 780 episcopi
1917 709 1983 764 ad
2019 708 2163 765 hunc

581 820 743 860 unum
781 802 1150 873 confugerunt,
1187 810 1453 871 tamquam
1493 797 1559 854 ad
1586 814 1729 865 eum,
1769 799 1859 869 qui
1885 798 2161 868 multiplici

581 895 879 965 linguarum
923 893 1180 947 varietate
1231 890 1464 960 adjutus,
1494 903 1680 945 omnes
1710 887 1925 958 legisset
1970 887 2161 942 divinae

580 988 871 1056 Scriptura:
896 988 1244 1054 interpretes,
1272 981 1508 1049 Gratcos,
1543 981 1793 1035 iiebraaos
1837 988 1890 1035 et
1919 979 2157 1034 Latinos.

578 1079 730 1146 Quod
760 1088 812 1132 et
851 1075 1172 1151 Augustinus
1209 1073 1346 1127 libro
1381 1073 1552 1140 primo
1594 1070 1850 1125 adversus
1893 1069 2191 1133 Julianum,

579 1169 753 1239 palam
781 1166 862 1220 his
889 1165 1063 1220 verbis
1089 1162 1343 1229 ostendit,
1374 1162 1616 1230 inquiens
1644 1177 1657 1214 :
1688 1160 1914 1215 Sanctus
1938 1157 2161 1228 presby-

582 1270 662 1314 ter
702 1258 1075 1328 Hieronymus,
1124 1269 1319 1326 grazco,
1377 1253 1542 1308 latino
1579 1261 1635 1308 et
1673 1251 1887 1307 hebran
1924 1250 2163 1306 eruditus

578 1350 810 1421 eloquio,
836 1364 900 1403 ex
928 1346 1243 1404 occidentali
1262 1346 1326 1400 ad
1354 1345 1665 1400 orientalem
1691 1343 1954 1398 transiens
1984 1342 2164 1397 Eccle-

579 1444 732 1504 siam,
764 1441 814 1494 in
842 1441 968 1494 locis
997 1437 1196 1493 sanctis
1225 1447 1384 1507 atque
1410 1436 1461 1490 in
1489 1433 1676 1489 litteris
1711 1433 1876 1489 sacris
1905 1446 2070 1502 usque
2096 1430 2162 1486 ad

578 1531 902 1596 decrepitam
932 1529 1060 1584 vixit
1076 1537 1312 1582 :etatem.
1339 1527 1435 1580 llic
1451 1539 1658 1587 omnes,
1687 1523 1773 1578 vel
1801 1538 1933 1592 pene
1953 1537 2160 1589 omnes,

578 1625 666 1694 qui
691 1633 813 1676 ante
843 1623 987 1676 illum
1017 1637 1079 1676 ex
1101 1630 1331 1692 utraque
1349 1628 1496 1689 parte
1529 1618 1675 1674 orbis
1702 1616 1769 1672 de
1796 1615 2035 1671 doctrina
2058 1615 2163 1670 Ec-

577 1715 869 1769 clesiasuca
892 1713 1238 1783 scripserunt,
1268 1711 1416 1782 legit.

826 1827 960 1881 Aur.
986 1826 1334 1891 Posssvtuus,
1364 1834 1496 1879 tanta
1526 1822 1577 1879 Ι.
1607 1824 1914 1895 Apparatus.

650 1937 798 1993 Adeo
827 1937 1100 2008 perspicax
1131 1935 1296 1992 divini
1331 1933 1564 2000 Codieis,
1615 1935 1729 1989 sive
1769 1934 1935 2001 ipsius
1961 1933 2162 1988 versio-

579 2047 726 2099 num,
755 2031 852 2086 fuit
880 2031 939 2084 D.
975 2029 1334 2099 Hieronymus,
1365 2036 1420 2082 ut
1448 2026 1690 2083 Gelasius
1719 2025 1959 2080 Pontifex
1997 2025 2161 2079 Masi-

577 2137 697 2178 mus
743 2138 844 2176 una
891 2135 1010 2177 eum
1054 2119 1334 2188 Episcopis
1377 2106 1707 2188 septuaginta
1737 2124 1956 2171 testatus
1981 2116 2069 2179 sit,
2101 2129 2162 2171 se

577 2199 844 2268 volumina
871 2211 959 2266 illa
989 2211 1264 2281 probasse,
1294 2224 1413 2279 quas
1456 2207 1800 2278 Hieronymus
1831 2208 1942 2276 ipse
1967 2206 2161 2278 proba-

575 2314 744 2370 verat,
769 2316 928 2374 atque
948 2304 999 2358 in
1027 2303 1274 2358 omnibus
1297 2309 1536 2356 secutum
1559 2300 1675 2370 ejus
1695 2314 1814 2356 esse
1840 2299 2157 2355 sententiam

575 2394 819 2450 renui~se
848 2402 1026 2449 autem
1055 2409 1171 2461 qua:
1193 2393 1282 2447 ille
1305 2401 1575 2446 renuerat.
1607 2390 1709 2457 Qui
1738 2400 1792 2446 et
1821 2389 1888 2444 ab
1917 2388 2158 2444 Ecclesia

565 2481 810 2539 Δυοειοήε
855 2482 1068 2537 Maximi
1095 2483 1148 2536 in
1178 2481 1345 2537 sacris
1379 2481 1594 2537 Litteris
1619 2495 1811 2536 nomen
1841 2489 1924 2536 est
1949 2495 2160 2536 assecu-

573 2582 684 2636 tus,
739 2581 794 2628 et
835 2587 865 2626 a
908 2573 1132 2628 Damaso
1178 2571 1437 2627 Pontifice
1482 2571 1714 2625 maxime
1765 2571 1915 2639 quasi
1962 2571 2161 2626 arbiter

575 2663 786 2734 quidam
813 2663 1111 2718 divinarum
1146 2664 1540 2733 Scripturarum
1580 2663 1925 2718 constitutus.
1952 2660 2058 2716 Sed
2105 2668 2162 2716 et

573 2770 696 2812 cum
725 2756 786 2810 D.
814 2755 1141 2824 Augustinus
1156 2769 1276 2809 eum
1305 2768 1397 2822 per
1415 2752 1638 2818 litteras,
1665 2765 1864 2822 perque
1887 2750 2156 2816 Orosium,

574 2863 730 2918 quem
762 2845 829 2902 ad
857 2846 1005 2901 illum
1034 2845 1316 2915 ablegavit,
1332 2845 1400 2899 de
1425 2843 1606 2898 arduis
1623 2844 2004 2914 qumstionibus
2028 2857 2157 2899 con-

1166 2990 1502 2998 ———————

579 2991 881 3027 Μ

1850 322 2162 391 SELECTA
2200 323 2532 386 VETERUM

2269 439 2446 495 solere
2473 440 2687 509 soleret,
2726 440 2843 514 eius
2866 456 2993 500 vero
3024 443 3188 500 libros
3217 441 3472 501 adversus
3510 443 3849 504 Jorinianuns

2268 532 2542 586 vocaverit
2577 532 2963 601 lucidissimos,
2995 537 3338 592 saevissimos
3365 544 3523 606 atque
3553 538 3850 608 praeclaris-

2269 621 2456 686 simas,
2483 622 2825 693 intelligimus
2849 627 3028 694 quanti
3051 626 3276 683 faciendi
3305 626 3433 696 sint,
3465 629 3554 697 qui
3579 628 3634 683 in
3658 627 3848 684 Hiero-

2269 715 2410 784 nymi
2434 712 2645 783 scriptis
2673 723 2882 770 exstant
2901 714 3154 770 thesauri.

2475 822 2779 879 RICBARDUS
2815 825 2980 881 Sinon
3017 827 3070 880 in
3099 825 3327 882 Historia
3353 829 3527 882 critica
3557 829 3648 884 lib.

2342 933 2469 989 Post
2513 933 2794 1005 Origenem
2823 934 3030 992 doctior
3061 936 3400 1009 Hieronymus
3442 941 3659 1008 existit,
3689 955 3844 1012 quem

2270 1027 2462 1081 merito
2508 1027 2812 1082 Latinorum
2856 1028 3134 1100 Origenem
3172 1030 3369 1087 dixeris
3391 1073 3408 1101 ,
3441 1034 3528 1102 qui
3560 1034 3703 1089 idem
3737 1050 3847 1091 sua:

2271 1116 2524 1173 Ecclesiae
2547 1158 2562 1183 ,
2591 1118 2727 1187 quod
2766 1127 2890 1174 ante
2917 1135 3026 1175 sua:
3053 1118 3334 1192 Origenes,
3366 1133 3618 1192 praestare
3641 1125 3843 1192 voluit;

2270 1216 2325 1262 at
2365 1207 2417 1263 in
2445 1222 2509 1263 eo
2538 1207 2763 1279 Origene
2790 1211 3124 1279 praestantior
3145 1251 3160 1276 ,
3187 1212 3328 1282 quod
3373 1214 3462 1268 illo
3491 1215 3543 1269 in
3573 1214 3846 1274 Hebraicis

2271 1297 2425 1368 longe
2450 1298 2670 1369 peritior
2694 1307 2858 1366 esset,
2892 1309 2944 1354 et
2973 1300 3090 1370 plus
3121 1300 3210 1355 illo
3234 1301 3429 1356 Judaeis
3460 1317 3606 1369 usus,
3635 1305 3845 1360 subtili-

2273 1397 2379 1444 tate
2423 1397 2595 1444 tamen
2631 1399 2684 1444 et
2725 1389 2967 1444 acumine
3006 1390 3078 1444 illi
3121 1389 3360 1446 inferior.
3403 1392 3663 1461 Quocirca
3707 1393 3845 1451 haud

2273 1479 2342 1533 ita
2372 1481 2566 1549 sapius
2593 1495 2653 1535 ae
2677 1479 2931 1551 Origenes
2950 1481 3216 1551 allegoriis
3245 1481 3394 1548 ludit,
3426 1493 3684 1554 praeterea
3716 1484 3842 1540 Hie-

2269 1573 2468 1642 ronymi
2505 1573 2771 1640 allegorire
2796 1613 2810 1639 ,
2842 1574 3175 1645 etymologia:
3212 1574 3476 1646 pleraeque
3498 1589 3556 1632 et
3585 1578 3638 1633 in
3669 1579 3844 1636 verbis

2268 1663 2575 1719 allusiones.
2627 1663 2738 1718 Pra:
2780 1663 2992 1718 exteris
3021 1664 3398 1734 lnterpretibus
3425 1667 3727 1738 seligendus
3748 1708 3765 1734 ,
3792 1676 3845 1724 et

2272 1755 2618 1822 evolvendus,
2645 1765 2753 1810 tum
2779 1755 2920 1826 quod
2948 1755 3222 1823 licbraice,
3250 1755 3402 1829 Syre,
3428 1757 3634 1824 Graiae,
3661 1759 3846 1816 Latine

2269 1846 2435 1902 sciret
2453 1887 2468 1912 ,
2499 1846 2590 1901 sed
2621 1855 2674 1901 et
2699 1845 2936 1900 omnium
2965 1846 3188 1901 aliorum
3210 1847 3480 1903 versiones
3508 1848 3728 1919 legisset
3748 1892 3763 1916 ,
3791 1859 3845 1906 et

2270 1937 2506 2008 quotidie
2542 1936 2754 1992 Judzeos
2781 1936 3104 1993 consuleret.
3137 1936 3336 1993 Deinde
3367 1937 3418 1993 in
3453 1938 3689 2008 profanis
3717 1955 3842 1996 eru-

2269 2028 2561 2084 ditissimus
2587 2037 2701 2083 erat
2727 2045 2740 2082 :
2770 2043 2874 2083 non
2901 2028 3095 2100 ubique
3118 2037 3293 2084 tamen
3320 2039 3564 2098 exactus,
3591 2031 3842 2102 quoniam

2270 2133 2375 2174 non
2405 2119 2534 2174 satis
2561 2118 2650 2174 diu
2676 2160 2692 2185 ,
2718 2135 2837 2190 qua:
2863 2119 3130 2186 dictabat,
3161 2119 3508 2175 meditabatur
3527 2161 3543 2188 ,
3573 2137 3758 2177 verum
3787 2131 3844 2179 ut

2268 2210 2382 2280 ipse
2408 2208 2622 2276 fatetur,
2649 2224 2768 2279 qua:
2796 2209 2933 2279 apud
2959 2211 3088 2264 alios
3117 2208 3332 2279 legerat,
3358 2220 3448 2265 aut
3473 2225 3502 2265 a
3531 2211 3729 2268 Judzeis
3754 2229 3843 2270 ac-

2268 2311 2518 2372 ceperat,
2543 2301 2747 2357 dictare
2770 2301 2900 2355 satis
2927 2300 3163 2356 haberet.
3196 2299 3328 2356 iiiuc
3358 2301 3456 2372 ipsi
3483 2302 3700 2358 minimc
3729 2318 3842 2358 om-

2269 2392 2377 2458 nia,
2401 2406 2516 2461 qure
2543 2392 2594 2445 in
2618 2389 3026 2446 Commentariis
3049 2390 3225 2457 habet,
3250 2391 3521 2445 tribuenda
3542 2401 3686 2446 sunt.
3709 2392 3840 2448 Nam

2268 2472 2322 2536 ei
2339 2480 2601 2535 interdum
2618 2481 2644 2536 J
2654 2480 2944 2548 udatorum,
2960 2480 3337 2536 Hrereticorum
3355 2480 3615 2536 interdum
3637 2491 3844 2540 sentcn-

2269 2571 2369 2626 tias
2407 2570 2814 2641 dictabatzquas
2849 2581 2906 2626 ut
2949 2586 2980 2626 a
3009 2572 3235 2642 propriis
3272 2572 3441 2628 lector
3478 2572 3840 2639 discerneret,

2271 2661 2477 2731 regulas
2512 2661 2920 2731 praescripserat.
2959 2663 3138 2731 quue
3164 2661 3320 2716 modo
3349 2662 3628 2730 impactum
3659 2663 3842 2718 incon-

2268 2752 2478 2806 stantia:
2517 2752 2715 2806 crimen
2759 2751 3008 2806 diluebat.
3055 2750 3251 2822 Optimi
3295 2755 3528 2806 omnium
3576 2753 3746 2822 ipsius
3788 2755 3840 2809 in

2270 2842 2564 2914 Prophetas
2589 2843 2983 2910 Commentarii,
3010 2852 3113 2898 etc.

1578 3137 1908 3208 PETRI
1956 3137 2276 3211 PAULI
2329 3139 2614 3209 VEBG
2624 3139 2807 3209 ER]

1674 3302 2704 3387 JUSTINOPOLITANI

1232 3473 1470 3617 nn
1536 3473 1996 3588 mvo
2069 3474 3178 3591 mnomvmo

2027 3678 2379 3778 «statio.
3074 3722 3092 3745 ο
3412 3745 3435 3774 .

1445 3857 1499 3917 μ

644 3985 1048 4044 Sanetissimum
1078 3982 1352 4041 doctorem
1378 3983 1500 4040 fidei
1527 3993 1722 4041 nostra:
1747 3985 2152 4057 Hieronymum,

575 4078 726 4147 cujus
751 4077 866 4133 dies
895 4077 1148 4133 solemnis
1190 4075 1363 4144 adest,
1395 4078 1467 4131 ita
1502 4077 1629 4132 mihi
1669 4077 1784 4133 dari
1819 4079 1975 4148 cupio
2012 4088 2158 4137 recte

576 4167 794 4224 laudare
819 4208 836 4234 ,
865 4177 924 4222 ut
966 4167 1018 4221 in
1056 4181 1122 4222 eo
1156 4165 1420 4221 laudando
1458 4165 1666 4242 laudem
1704 4167 1818 4236 ipse
1845 4183 2018 4224 meam
2049 4185 2157 4226 non

577 4273 812 4330 qumram
835 4275 849 4314 :
871 4257 965 4313 sed
989 4256 1059 4312 sit
1076 4255 1126 4311 ei
1145 4255 1586 4325 quemadmodum
1611 4270 1812 4324 sermo,
1836 4257 1908 4312 ita
1933 4268 1986 4314 et
2007 4273 2158 4316 mens

580 4351 792 4423 propria
823 4348 1115 4404 intentione
1141 4345 1404 4402 dedicata.
1433 4346 1759 4417 Quamquam
1786 4347 1910 4418 quid
1939 4365 2158 4420 speran-

576 4443 704 4499 dum
730 4441 800 4497 sit
825 4439 994 4496 laudis
1024 4440 1326 4510 loquuturo,
1357 4453 1460 4493 non
1492 4439 1650 4493 video
1680 4455 1693 4491 :
1723 4437 1810 4494 ubi
1839 4441 2159 4511 magnitudi-

577 4550 648 4592 ne
688 4550 865 4591 rerum
889 4575 906 4601 ,
936 4532 1254 4604 eloquentia:
1281 4530 1362 4586 vis
1390 4531 1563 4586 omnis
1590 4531 1833 4587 obruitur
1855 4574 1870 4599 ,
1900 4542 1954 4589 et
1981 4535 2159 4592 excel-

577 4627 759 4682 lentiae
801 4625 1110 4681 meritorum
1152 4624 1326 4681 omnis
1371 4624 1540 4694 impar
1577 4632 1659 4679 est
1694 4640 1893 4681 sermo.
1924 4625 2007 4682 Me
2032 4643 2159 4685 vero

585 4718 804 4772 minime
823 4717 1056 4771 omnium
1079 4732 1294 4786 sperare
1315 4717 1365 4772 id
1386 4718 1652 4783 convenit,
1676 4732 1738 4773 ac
1762 4719 1804 4774 si
1827 4719 1950 4790 quid
1977 4721 2157 4778 talium

583 4816 816 4864 mentem
833 4807 1037 4875 subeat,
1057 4807 1268 4877 placere
1295 4807 1498 4877 dcsipio
1525 4827 1538 4864 :
1563 4809 1651 4878 qui
1680 4823 1799 4864 cum
1827 4809 1981 4866 obire
2005 4821 2160 4881 quot-

579 4901 737 4955 annis
765 4912 958 4955 munus
981 4897 1082 4954 hoc
1109 4898 1324 4954 laudum
1352 4899 1501 4954 soleo
1525 4941 1540 4964 ,
1569 4914 1780 4971 semper
1805 4909 1980 4958 tamen
2007 4913 2158 4973 post-

579 5004 803 5060 eaquam
833 4987 884 5044 id
912 4988 1072 5058 ccepi,
1091 4991 1160 5042 ita
1180 4987 1432 5057 deinceps
1461 5003 1551 5058 per
1578 5004 1746 5046 annos
1774 4991 1996 5048 affectus
2015 5009 2155 5062 sum,

581 5092 643 5138 ut
669 5081 848 5154 augeri
873 5080 1003 5136 mihi
1029 5079 1348 5136 desiderium
1370 5080 1618 5147 sentiam,
1645 5081 1812 5136 minui
1834 5081 2154 5140 facultatem.

579 5175 772 5232 Evenit
807 5181 984 5229 autem
1025 5173 1126 5228 hoe
1161 5170 1387 5228 fortasse
1409 5212 1425 5237 ,
1459 5172 1572 5228 sive
1597 5172 1735 5242 quod
1769 5173 2000 5229 nondum
2029 5177 2160 5232 satis

578 5266 688 5321 sint
712 5263 841 5318 mihi
864 5262 1006 5317 vires
1031 5260 1224 5333 ingenii
1248 5260 1354 5315 mei
1381 5276 1655 5331 perpensa:
1671 5303 1687 5329 ,
1711 5267 1801 5332 qui
1825 5261 2006 5321 subire
2029 5265 2158 5321 tanti

578 5355 762 5412 oneris
812 5367 1028 5409 causam
1080 5367 1186 5408 non
1234 5365 1464 5407 verear:
1491 5351 1631 5420 quod
1669 5361 1923 5421 quantum
1962 5355 2064 5421 sit,
2105 5363 2160 5412 et

579 5446 814 5506 intellexi
842 5445 1099 5516 tantisper
1123 5442 1340 5509 dudum,
1368 5452 1420 5499 et
1447 5442 1497 5497 in
1526 5441 1641 5497 dies
1669 5445 1930 5512 perspicio
1953 5448 2154 5516 magis:

578 5543 694 5599 sive
716 5540 858 5613 quod
884 5539 1024 5595 illius
1049 5536 1237 5594 merita
1259 5536 1398 5606 apud
1425 5534 1690 5616 plurimos
1706 5535 1916 5604 quidem
1937 5537 2160 5608 diligen-

580 5646 663 5691 ter
699 5647 885 5706 parum
931 5628 1297 5686 ammadversa
1322 5669 1337 5695 ,
1382 5642 1411 5680 a
1455 5642 1541 5682 me
1583 5642 1710 5682 vero
1749 5629 1906 5682 etiam
1949 5643 2159 5684 summo

580 5727 758 5784 studio
793 5724 1125 5782 considerata
1148 5765 1164 5790 ,
1198 5735 1302 5792 quo
1331 5720 1495 5791 magis
1523 5719 1829 5776 elueeseunt
1851 5761 1866 5785 ,
1897 5735 1963 5776 eo
1990 5722 2157 5790 magis

583 5816 827 5875 effectum
854 5816 1048 5875 mentis
1075 5813 1339 5880 alliciunt,
1369 5820 1422 5870 et
1447 5825 1478 5871 a
1505 5811 1864 5884 consequendi
1892 5824 1984 5883 spe
2011 5811 2158 5884 inge-

1825 3891 2110 3909 Ψ

2117 3873 2554 3930 erae——

2261 3992 2335 4048 nii
2363 4007 2582 4048 acumen
2609 3992 2774 4064 magis
2796 3991 3068 4063 magisque
3093 3991 3396 4049 deterrent:
3419 3991 3532 4049 sive
3556 3994 3699 4064 quod
3729 4008 3837 4066 pra:

2260 4081 2524 4138 desiderio
2564 4097 2684 4138 meo
2707 4124 2723 4151 ,
2753 4081 3032 4154 studioque
3073 4083 3344 4154 religionis
3383 4083 3434 4138 in
3472 4083 3616 4140 illum
3642 4126 3658 4151 ,
3691 4093 3838 4141 tanto

2261 4170 2392 4226 mihi
2432 4172 2688 4227 retardari
2731 4171 2948 4227 facultas
2972 4172 3180 4228 videtur
3203 4173 3397 4244 ingenii
3421 4213 3439 4241 ,
3467 4183 3670 4244 quanto
3694 4189 3835 4246 prte-

2261 4261 2427 4317 currit
2459 4263 2690 4316 Studium
2717 4263 3022 4319 voluntatis.

2331 4353 2564 4420 Quarum
2592 4353 2835 4423 equidem
2867 4369 3065 4422 rerum,
3097 4365 3154 4410 ut
3179 4356 3397 4412 subesse
3423 4363 3707 4427 utramque
3731 4357 3837 4428 pri-

2263 4460 2464 4499 marum
2495 4461 2598 4499 non
2628 4459 2762 4515 nego
2787 4486 2802 4509 ,
2833 4446 2900 4499 ita
2940 4444 3129 4500 adesse
3166 4456 3488 4516 postremam
3517 4461 3841 4517 magnopere

2261 4535 2390 4590 mihi
2415 4536 2588 4606 cupio.
2619 4535 2748 4590 Nam
2773 4535 2946 4591 officio
2969 4537 3182 4607 quidem
3203 4538 3292 4592 ille
3312 4553 3451 4605 meo,
3473 4547 3567 4592 aut
3584 4539 3842 4610 cujusque

2261 4627 2475 4682 alterius
2515 4626 2569 4682 in
2597 4625 2881 4683 reddendis
2906 4627 2974 4684 de
3002 4643 3062 4685 se
3089 4629 3330 4685 laudibus
3356 4629 3484 4684 nihil
3510 4629 3713 4700 indiget
3738 4648 3752 4685 :
3777 4646 3842 4687 ac

2262 4731 2367 4772 non
2396 4716 2650 4772 delectari
2692 4719 2883 4788 opinor
2905 4759 2920 4784 ,
2955 4719 3057 4773 nisi
3100 4720 3222 4774 boni
3271 4719 3647 4790 profectusque
3672 4723 3840 4775 nostri

2259 4808 2462 4879 gratia;
2491 4823 2610 4863 cum
2636 4823 2732 4878 per
2757 4822 2815 4864 se
2841 4809 2952 4879 ipse
2979 4809 3184 4864 infinito
3211 4810 3423 4880 proprio
3447 4811 3588 4864 bono
3609 4811 3663 4865 in
3687 4810 3839 4866 beata

2263 4898 2351 4952 illa
2390 4889 2694 4968 aeternaque
2719 4898 2824 4952 vita
2866 4900 3104 4963 fruatur;
3143 4899 3424 4954 devotione
3450 4913 3580 4954 vero
3605 4940 3620 4966 ,
3655 4902 3800 4956 cultu
3823 4941 3841 4968 ,

2261 4990 2544 5060 religione,
2573 4991 2797 5061 pietate,
2829 5004 2891 5045 ac
2921 4989 3044 5055 fide,
3073 5004 3191 5046 cum
3219 4991 3270 5045 in
3302 4991 3462 5057 hunc,
3492 4999 3604 5046 tum
3631 4992 3686 5045 in
3715 4993 3842 5046 reli-

2261 5097 2393 5152 quos
2413 5082 2629 5138 Caelites
2664 5095 2762 5136 nos
2790 5081 2887 5151 ipsi
2918 5090 3098 5137 nostra
3121 5097 3280 5138 causa
3319 5082 3636 5152 indigemus.
3669 5085 3844 5154 Atque

2262 5172 2315 5227 iu
2344 5173 2524 5241 primis
2548 5185 2665 5242 ego,
2691 5171 2780 5241 qui
2804 5171 3004 5226 meritis
3031 5171 3186 5241 hujus
3209 5172 3385 5227 Sancti
3411 5172 3649 5242 gloriosi,
3677 5175 3841 5228 multa

2261 5276 2554 5333 magnaque
2592 5275 2960 5331 saepenumero
2996 5260 3256 5320 beneﬁcia
3278 5261 3416 5331 apud
3441 5261 3606 5316 Deum
3632 5263 3848 5318 immoro

2266 5354 2424 5409 talem
2451 5362 2789 5410 consecutum
2814 5393 2829 5418 ,
2861 5350 3140 5408 manifesta
3170 5351 3274 5408 fide
3299 5365 3388 5408 me
3413 5351 3768 5423 deprehendi,
3793 5363 3848 5407 et

2262 5446 2583 5502 difficillimis
2607 5445 2934 5514 temporibus
2958 5443 3123 5500 fuisse
3148 5445 3215 5500 de
3239 5444 3568 5515 gravissimis
3591 5445 3846 5516 periculis

2263 5539 2379 5609 ejus
2406 5553 2507 5608 ope
2532 5547 2688 5610 atque
2715 5537 3093 5592 intercessione
3120 5536 3424 5592 liberatum.

2333 5627 2482 5696 Quod
2523 5630 2567 5683 si
2608 5629 2831 5683 antehac
2867 5627 3164 5683 devotionis
3205 5627 3370 5682 ullum
3427 5626 3665 5690 studium
3694 5642 3726 5683 a
3761 5641 3850 5682 me

2263 5720 2574 5786 debebatur,
2602 5721 2766 5775 multo
2793 5728 2938 5774 certe
2964 5733 3103 5773 nunc
3129 5719 3358 5788 amplius
3382 5717 3742 5775 adhibendum
3768 5727 3851 5773 est

2264 5810 2415 5881 mihi,
2447 5820 2502 5868 ut
2531 5811 2761 5883 parentis
2784 5807 3085 5882 nuperrime
3110 5807 3251 5866 diem
3279 5807 3446 5866 functi
3474 5808 3589 5882 (qui
3611 5817 3732 5869 erat
3754 5807 3851 5868 de-
