4052 6338
228 459 534 520 votissimus
560 461 694 528 tibi,
719 461 912 519 Sancte
941 461 1096 518 Pater
1121 456 1485 531 Hieronyme)
1511 457 1678 515 vicem
1710 458 1797 514 hic

227 553 470 620 referam,
499 554 651 621 cujus
675 551 814 622 apud
839 559 890 608 te
914 565 1120 622 preces,
1146 565 1264 606 mea
1288 563 1447 606 causa
1466 588 1483 616 ,
1509 548 1797 619 plurimmn

225 645 447 701 valuisse
469 684 485 710 ,
533 660 652 700 sum
689 643 879 700 crebro
920 652 1173 713 expertus
1205 660 1219 697 :
1252 649 1310 697 ut
1349 639 1795 712 quemadmodum

225 735 458 806 praeclari
503 733 656 804 hujus
693 734 915 790 instituti
939 774 956 799 ,
986 733 1368 803 familiariqu
1393 729 1689 788 devotionis
1717 729 1798 784 di-

225 825 450 895 scipulus
489 825 712 880 viventis
745 824 865 891 sui,
898 825 969 879 ita
1003 833 1058 880 et
1087 824 1137 880 ei
1179 838 1391 895 quoque
1417 821 1668 878 defuncto
1694 820 1796 877 sim

226 913 384 972 haeres
415 932 429 968 :
461 924 520 971 et
544 916 686 986 quod
718 912 848 970 mihi
875 914 1224 984 patrocinium
1262 913 1314 968 in
1345 913 1435 968 illo
1473 919 1623 978 erat,
1657 925 1798 966 nunc

221 1023 369 1063 omne
395 1007 467 1062 sit
491 1008 544 1062 in
569 1007 794 1077 meipso.
822 1007 1133 1077 Quanquam
1161 1019 1282 1061 eum
1309 1002 1522 1059 confido
1553 1003 1658 1059 tuis
1681 1017 1793 1057 meo

222 1099 327 1154 ritis
351 1108 514 1169 atque
537 1097 800 1169 precibus,
823 1105 1080 1168 prteterea
1103 1094 1243 1166 quod
1270 1103 1447 1149 rectus
1471 1093 1633 1148 homo
1657 1100 1792 1157 erat,

221 1199 269 1245 et
295 1190 487 1244 timens
523 1189 691 1243 Deum
711 1228 729 1256 ,
757 1187 1103 1243 excedentem
1129 1200 1194 1240 ex
1231 1183 1331 1239 hac
1358 1184 1477 1238 luce
1505 1183 1558 1236 in
1586 1196 1647 1237 ea
1675 1181 1793 1235 ioca

221 1279 520 1344 deductum,
553 1277 642 1333 ubi
669 1293 700 1332 a
733 1286 803 1344 te,
829 1289 889 1333 et
914 1291 1009 1348 per
1040 1285 1092 1332 te
1118 1275 1284 1331 multo
1311 1273 1516 1329 facilius
1540 1271 1796 1342 consequi

221 1368 417 1440 quidvis
441 1368 638 1438 possit.

282 1460 429 1528 Quod
463 1460 622 1530 igitur
643 1458 710 1514 ad
741 1472 827 1514 me
852 1458 1082 1524 attinet,
1109 1453 1553 1528 quemadmodum
1581 1453 1794 1510 devotio

219 1553 368 1607 animi
405 1561 464 1608 et
503 1550 764 1607 servanda
786 1591 802 1616 ,
836 1559 892 1606 et
925 1548 1313 1621 augmentanda
1351 1555 1432 1603 est
1460 1565 1473 1601 :
1501 1547 1573 1602 ita
1601 1560 1794 1602 munus

221 1641 314 1698 hoc
339 1657 580 1697 annuum
609 1639 998 1696 reddendarum
1028 1639 1264 1706 laudum,
1295 1637 1600 1694 nullatenus
1630 1637 1796 1707 negli-

217 1732 439 1802 gendum
458 1773 476 1800 ,
507 1733 560 1788 in
589 1746 695 1803 quo
719 1730 1118 1802 qualiscumque
1145 1730 1216 1785 sit
1242 1743 1420 1784 sermo
1443 1769 1460 1793 ,
1489 1727 1613 1784 dum
1641 1742 1795 1782 mcns

219 1827 280 1879 sit
303 1825 606 1895 integra,ac
631 1823 839 1894 penitus
866 1821 937 1877 illi
963 1821 1174 1887 devota,
1191 1835 1296 1875 non
1317 1818 1793 1898 magnifaciendum

217 1917 472 1984 arbitror,
502 1917 645 1988 quod
675 1917 726 1971 in
755 1932 876 1972 eum
902 1915 1070 1986 magis
1095 1929 1214 1970 esse
1242 1922 1426 1984 gratus
1448 1913 1604 1983 cupio
1635 1926 1793 1980 quam

218 2007 458 2064 disertus.
499 2007 610 2064 Nec
649 2023 733 2063 me
765 2006 896 2061 fallit
917 2048 931 2072 ,
959 2021 1082 2060 eum
1116 2004 1205 2075 qui
1244 2002 1459 2058 laudare
1491 2001 1794 2072 quempiam

219 2112 274 2151 ex
308 2097 605 2153 illustribus
645 2096 900 2162 accedat,
941 2095 1170 2149 maxime
1204 2108 1332 2148 vero
1355 2133 1370 2159 ,
1400 2091 1541 2163 quod
1575 2091 1642 2145 ad
1681 2105 1794 2146 rem

216 2185 452 2255 divinam,
471 2187 734 2250 attineat,
761 2185 959 2240 debere
988 2193 1043 2239 et
1082 2185 1251 2253 ipsum
1281 2195 1490 2252 quoque
1519 2179 1674 2235 laude
1710 2179 1795 2233 di-

215 2293 366 2347 gnum
395 2291 520 2332 esse
544 2317 560 2344 ,
590 2276 816 2346 labeque
845 2274 988 2328 omni
1026 2288 1209 2328 carere
1234 2313 1249 2338 ,
1293 2285 1360 2326 ne
1388 2270 1612 2325 dicentis
1635 2269 1796 2322 vitam

215 2367 570 2435 reprehendat
593 2366 784 2432 oratio,
807 2365 1091 2430 verbisque
1116 2361 1372 2432 speciosis
1399 2375 1575 2415 mores
1597 2359 1796 2414 sordidi

213 2457 364 2514 fidem
395 2459 680 2528 abrogent.
710 2455 861 2523 Quod
895 2465 953 2509 ut
981 2455 1033 2508 in
1073 2468 1160 2508 me
1195 2467 1298 2506 non
1337 2452 1442 2519 sit,
1471 2451 1594 2506 boni
1621 2459 1796 2506 tamen

212 2549 382 2619 piique
404 2548 608 2618 ingenii
633 2547 767 2600 solet
783 2559 902 2601 esse
917 2551 1312 2614 argumentum,
1330 2541 1547 2597 laudare
1563 2539 1796 2596 studiose

211 2643 484 2702 virtutem,
507 2648 562 2694 et
589 2637 747 2693 rebus
768 2637 934 2692 sacris
952 2637 1151 2692 cultum
1178 2634 1430 2689 adbibere
1451 2634 1793 2703 praecipuum.

210 2730 352 2798 Quod
398 2731 448 2786 si
477 2747 544 2785 ex
573 2745 658 2785 me
685 2729 943 2800 quispiam
980 2735 1183 2798 qumrat
1204 2766 1219 2793 ,
1247 2741 1406 2796 quam
1435 2725 1589 2794 hujus
1617 2725 1794 2780 Sancti

209 2821 421 2891 gloriosi
474 2819 702 2890 primam
747 2818 1179 2888 potissimamque
1218 2815 1428 2871 laudem
1455 2815 1750 2870 existimem
1775 2857 1791 2881 ,

212 2913 339 2969 hanc
365 2913 578 2970 scilicet
601 2913 972 2968 incunctanter
992 2910 1344 2982 respondebo,
1369 2910 1511 2983 quod
1540 2927 1658 2967 meo
1677 2911 1793 2982 qniâ€”

211 3005 324 3060 dem
366 3004 579 3074 judicio
615 3018 720 3060 non
762 3002 932 3074 possit
970 3001 1127 3073 digne
1163 3001 1394 3056 humano
1421 3015 1515 3056 ore
1544 3001 1743 3056 laudari
1775 3020 1790 3058 :

211 3096 394 3152 deinde
435 3094 582 3167 quod
623 3096 674 3150 in
721 3110 1035 3165 unoquoque
1073 3109 1268 3166 genere
1309 3094 1520 3150 laudum
1563 3110 1746 3150 earum
1773 3136 1789 3164 ,

213 3202 320 3254 qua:
347 3185 414 3240 ad
450 3184 664 3240 doctum
707 3193 1015 3255 rectumque
1046 3185 1312 3240 hominem
1341 3226 1356 3253 ,
1391 3199 1454 3241 ac
1481 3185 1636 3256 plane
1663 3186 1791 3242 reli-

213 3275 565 3343 giosissimum
609 3274 968 3328 Christianum
1009 3275 1311 3345 pertinent,
1355 3275 1556 3330 laudari
1595 3275 1790 3332 eximie

214 3363 274 3418 de
299 3365 524 3436 singulis
555 3371 748 3434 potest.
789 3363 939 3432 Quod
974 3364 1017 3418 si
1054 3365 1163 3432 jam
1197 3380 1262 3419 co
1288 3365 1550 3420 laudando
1577 3381 1794 3437 coepero

213 3453 504 3510 litterarum
538 3454 778 3524 peritiam
801 3469 1244 3522 commemorare,
1269 3455 1598 3510 diversarum
1625 3471 1788 3526 expe-

214 3545 452 3600 rientiam
479 3546 796 3616 linguarum,
820 3546 1074 3602 orationis
1097 3545 1414 3614 facundiam,
1443 3556 1617 3604 rectos
1644 3548 1793 3603 fabu-

214 3633 374 3689 larum
400 3650 596 3689 sensus
613 3676 630 3701 ,
659 3635 874 3688 multam
902 3633 1238 3690 historiarum
1263 3637 1571 3691 memoriam
1588 3678 1604 3704 ,
1635 3649 1791 3693 natu-

215 3726 392 3782 ralium
429 3741 607 3781 rerum
632 3725 1009 3797 cognitionem,
1037 3726 1420 3796 moraliumque
1445 3741 1746 3782 sermonum
1774 3746 1788 3784 :

217 3824 318 3872 tum
350 3831 484 3873 vero
512 3816 800 3887 Scriptura:
827 3831 994 3872 sacrae
1017 3855 1032 3882 ,
1063 3831 1308 3886 veraeque
1335 3817 1636 3889 Tbeologize
1667 3835 1790 3889 per-

215 3907 507 3976 ceptionem
535 3948 551 3974 ,
603 3922 708 3962 non
753 3907 974 3962 videbor
1021 3905 1241 3961 forsitan
1295 3907 1491 3977 aliquid
1539 3924 1788 3980 magnum

215 3997 404 4062 dicere,
431 3999 571 4070 quod
597 3998 712 4054 hmc
738 3999 850 4068 ipsa
879 3999 1032 4053 malis
1053 4000 1212 4053 etiam
1241 3997 1545 4054 hominibus
1572 4011 1792 4070 possunt

215 4087 461 4143 adienire
479 4104 494 4141 :
515 4104 685 4158 neque
704 4089 844 4144 cnim
869 4089 967 4143 ista
990 4089 1158 4144 bonos
1178 4086 1394 4156 faciunt,
1416 4089 1511 4144 sed
1529 4091 1786 4147 eruditos.

215 4177 312 4232 Aut
339 4181 381 4234 si
417 4189 670 4249 przeterea
697 4180 1076 4234 continentiam
1101 4221 1116 4245 ,
1149 4179 1531 4249 fortitudinem,
1562 4182 1791 4251 pruden-

219 4269 752 4336 tiam,constantiam,
777 4269 1254 4334 mansuetudinem,
1288 4271 1611 4341 patientiam,
1644 4272 1791 4328 heni-

217 4360 570 4429 gnitatemque
606 4361 659 4415 in
697 4361 836 4415 illius
879 4361 1117 4416 laudibus
1158 4377 1516 4432 recognovcro
1545 4380 1558 4417 :
1588 4379 1686 4420 nec
1713 4365 1792 4419 sic

219 4448 422 4516 quidem
461 4449 682 4504 forsitan
727 4465 1043 4521 magnopere
1084 4465 1204 4506 eum
1248 4468 1438 4508 ornare
1481 4453 1787 4522 judicabor,

220 4542 348 4608 quod
404 4551 460 4597 et
510 4541 594 4597 his
646 4543 924 4598 virtutibus
979 4543 1190 4613 plurimi
1243 4541 1529 4598 Gentilium
1585 4545 1790 4614 praediti

219 4630 354 4688 fuere
385 4649 402 4686 :
432 4643 662 4702 suntque
703 4633 786 4689 hac
830 4633 1052 4700 laudes,
1094 4642 1152 4688 ut
1188 4633 1381 4688 debitae
1420 4633 1634 4705 quidem
1676 4635 1791 4691 viro

219 4718 371 4792 bono,
404 4725 475 4780 ita
505 4725 659 4795 plane
684 4741 792 4780 non
822 4725 1049 4795 propria:
1079 4725 1280 4781 homini
1307 4725 1607 4782 Christiano
1640 4743 1653 4780 :
1684 4727 1789 4782 Po-

220 4825 412 4875 stremo
439 4820 486 4875 si
512 4819 670 4876 fidem
696 4828 1046 4886 constantem,
1075 4833 1224 4890 spem
1254 4828 1452 4874 certam
1474 4859 1491 4887 ,
1516 4821 1790 4876 caritatem

219 4909 496 4980 intonsam,
513 4925 832 4983 omnemque
851 4910 1279 4976 sanctimoniam,
1295 4917 1350 4966 et
1369 4911 1789 4968 ceremoniarum

220 5004 432 5071 cultum,
461 5003 838 5076 religionisque
863 5005 1092 5060 studium
1117 5003 1572 5070 demonstravero,
1595 5017 1692 5058 nec
1715 5004 1794 5060 sic

220 5107 423 5167 quoque
448 5095 692 5151 fortassis
714 5097 828 5152 laus
847 5097 947 5152 erit
966 5097 1178 5161 eximia,
1202 5096 1341 5167 quod
1369 5096 1483 5152 haec
1503 5096 1614 5166 ipsa
1635 5095 1794 5152 debet

221 5187 576 5258 unusquisque
602 5187 669 5243 de
697 5201 756 5243 se
785 5196 960 5243 rectus
987 5187 1259 5258 fidensque
1284 5187 1616 5244 Christianus
1643 5186 1792 5243 exhi-

221 5273 360 5334 bere.
392 5279 463 5334 At
489 5292 640 5345 vero,
670 5278 714 5332 si
746 5277 858 5334 hmo
883 5279 1060 5334 omnia
1085 5319 1099 5344 ,
1131 5289 1186 5334 et
1214 5293 1558 5349 qumeumque
1587 5277 1670 5333 his
1697 5293 1794 5333 no-

221 5369 464 5436 minibus,
495 5379 586 5424 aut
611 5369 829 5425 omnino
856 5369 1063 5425 virtutis
1087 5371 1300 5426 nomine
1331 5371 1670 5426 continentur
1693 5411 1708 5437 ,
1740 5369 1792 5424 in

223 5473 283 5514 eo
309 5461 470 5518 fuisse
497 5461 742 5517 universa
769 5471 1034 5517 contester
1056 5503 1072 5530 ,
1109 5476 1280 5532 eaque
1308 5462 1420 5532 ipsa
1460 5477 1566 5518 non
1594 5462 1795 5517 medio-

221 5553 374 5608 criter
397 5594 411 5617 ,
444 5561 539 5607 aut
566 5551 763 5622 vulgari
802 5552 1032 5622 quodam
1071 5551 1434 5607 summotenus
1469 5552 1628 5607 modo
1652 5595 1666 5618 ,
1700 5551 1794 5608 sed

223 5642 660 5698 excellentissime
697 5650 855 5710 atque
887 5641 1370 5709 incomparabiliter
1405 5641 1633 5696 aï¬‚'uisseâ€˜
1662 5656 1793 5696 con-

223 5737 356 5788 stet:
384 5744 565 5787 nonne
593 5731 694 5785 hoc
720 5729 955 5785 divinum
982 5729 1264 5800 quiddam,
1295 5729 1351 5784 in
1382 5729 1596 5786 homine
1627 5729 1794 5786 videri

224 5833 438 5884 necesse
462 5824 578 5883 est?
606 5823 719 5895 Ego
742 5837 871 5882 sane
895 5838 1016 5882 eum
1048 5822 1168 5880 trita
1196 5821 1296 5881 ista
1322 5823 1478 5895 vulgo
1499 5823 1751 5881 vocabula
1770 5864 1788 5893 ,

1618 341 2058 403 TESTIMONIA.

3369 350 3476 412 23â€˜

1905 456 2280 525 eruditionem,
2303 456 2680 530 eloquentiam,
2705 459 3086 528 fortitudinem,
3115 462 3474 536 prudentiam,

1907 547 2065 604 fidem
2084 563 2149 604 ac
2159 550 2436 606 caritatem
2455 591 2473 618 ,
2495 560 2548 606 et
2567 561 2756 607 czetera
2778 552 3075 624 hujusmodi
3093 571 3475 624 commemoro,

1909 638 2032 693 talia
2075 639 2316 707 quaedam
2355 640 2533 696 dicere
2573 641 2706 696 mibi
2745 642 2964 711 videor,
2998 646 3172 716 qualia
3211 649 3385 705 solent
3425 651 3478 705 in

1905 729 2172 784 communi
2202 728 2472 786 hominum
2499 732 2603 786 vita
2629 732 2883 802 reperiri,
2909 742 2967 788 et
2992 750 3094 789 non
3125 739 3482 794 eminentissi-

1903 832 2019 874 mas
2047 819 2164 873 iilas
2189 821 2429 884 virtutes,
2451 837 2585 892 quas
2614 822 2665 876 in
2693 823 3149 881 excellentissimis
3174 829 3322 898 viris,
3351 847 3480 902 pau-

1904 907 1983 964 cis
2009 909 2113 962 illis
2140 910 2355 980 quidem
2382 913 2527 967 omni
2555 923 2711 970 aetate
2745 913 2908 971 fuisse
2937 925 3165 972 constat.
3242 982 3244 984 Î½

1975 999 2328 1066 Quamobrem
2369 1017 2510 1073 a~gre
2551 1002 2690 1061 ferre
2727 1004 2913 1073 soleo,
2942 1016 2994 1062 et
3029 1008 3206 1064 latina:
3250 1012 3478 1069 orationi

1905 1087 2202 1158 indignari,
2235 1091 2375 1161 quod
2418 1095 2645 1163 propriis
2681 1105 2840 1166 atque
2867 1097 3144 1168 exquisitis
3179 1102 3482 1161 nominibus

1903 1178 2345 1246 exquisitissimas
2371 1181 2558 1238 laudes
2587 1183 2778 1241 eï¬‚'erre
2801 1202 2906 1241 non
2936 1187 3060 1244 licet
3090 1208 3104 1245 :
3135 1205 3253 1260 qua:
3277 1200 3480 1251 tantum

1904 1261 2040 1339 pene
2067 1284 2097 1324 a
2119 1273 2490 1330 communibus
2513 1275 2712 1333 distant
2738 1277 3041 1348 virtutibus,
3086 1293 3343 1352 quantum
3373 1286 3482 1342 fcr-

1901 1374 1990 1415 me
2025 1361 2194 1417 virtus
2229 1377 2259 1417 a
2293 1364 2440 1420 vitio.
2481 1365 2676 1422 Verum
2716 1370 2856 1438 quod
2893 1371 3123 1428 orationi
3164 1374 3351 1444 deest,
3382 1393 3482 1434 oro

1901 1452 2144 1522 suppleat
2188 1453 2452 1511 audientis
2493 1457 2790 1516 intellectus
2823 1479 2836 1516 :
2865 1471 2918 1516 et
2957 1479 3061 1518 non
3091 1467 3231 1535 quod
3267 1468 3480 1537 dicam,

1900 1540 1994 1631 sed
2031 1541 2172 1612 quod
2198 1542 2376 1600 dicere
2401 1546 2558 1602 velim
2584 1549 2827 1620 accipiat.
2857 1550 3006 1618 Quod
3033 1563 3091 1610 et
3117 1552 3242 1612 hinc
3269 1573 3483 1631 quoque

1901 1629 2081 1687 licebit
2106 1632 2438 1704 intelligere;
2469 1651 2590 1691 nam
2617 1639 2790 1693 solent
2816 1655 2983 1710 pauca
3014 1641 3224 1714 borum,
3251 1656 3344 1703 aut
3367 1629 3481 1704 sin-

1901 1723 2023 1793 gula
2060 1723 2302 1792 qumdam
2325 1765 2340 1790 ,
2374 1725 2498 1780 dum
2538 1726 2747 1784 intenso
2786 1729 2950 1799 gradu
2981 1732 3207 1802 cuipiam
3245 1735 3478 1804 adsunt,

1902 1827 2149 1884 magnum
2178 1815 2348 1870 virum
2373 1817 2732 1886 constituere,
2762 1819 3192 1892 admirabilisque
3218 1827 3484 1883 excellen-

1902 1904 1990 1959 tia:
2012 1921 2134 1960 eum
2159 1906 2363 1975 videri,
2393 1908 2480 1979 qui
2512 1908 2660 1979 plura
2687 1925 2752 1966 ex
2778 1910 2860 1966 his
2886 1913 2958 1967 sit
2982 1925 3315 1984 assequutus.
3343 1918 3482 1987 Quid

1900 2008 2029 2065 ergo
2050 1995 2096 2050 is
2120 1996 2279 2052 debet
2298 1999 2610 2067 existimari,
2628 2002 2716 2071 qui
2737 2001 2972 2058 omnium
2993 2004 3245 2062 virtutum
3261 2018 3482 2064 cuncta-

1903 2100 2126 2156 rumque
2157 2087 2414 2143 bonarum
2437 2090 2631 2144 artium
2660 2093 2927 2149 cumulum
2959 2109 3063 2150 non
3089 2098 3443 2166 perfunctorie
3461 2141 3478 2168 ,

1901 2175 1998 2232 sed
2037 2176 2102 2230 ad
2140 2191 2405 2234 summum
2435 2179 2488 2234 in
2527 2194 2587 2236 se
2623 2182 2964 2251 collegisset:
2992 2199 3114 2240 cum
3142 2188 3247 2242 vita
3269 2228 3286 2254 ,
3319 2191 3481 2245 totius

1901 2267 2200 2323 sanctitatis
2223 2270 2522 2340 exemplum
2551 2291 2564 2326 :
2591 2271 2892 2342 eloquentia
2917 2315 2931 2339 ,
2962 2285 3146 2345 stupor
3174 2295 3186 2331 :
3214 2277 3476 2345 doctrina,

1903 2357 2236 2414 miraculum.
2267 2361 2448 2432 Itaque
2485 2377 2590 2418 non
2629 2373 2734 2418 tam
2772 2374 3012 2421 sanctum
3040 2384 3232 2425 nomen
3259 2371 3474 2440 habuit,

1901 2448 2041 2519 quod
2077 2450 2288 2520 quidem
2330 2451 2500 2522 ipsum
2535 2453 2754 2508 denotat
2788 2454 3091 2526 Hieronymi
3123 2461 3433 2516 vocabulum
3459 2504 3476 2529 ,

1899 2553 2058 2608 quam
2087 2539 2253 2610 ipsam
2283 2540 2338 2596 in
2366 2555 2425 2597 se
2451 2540 2633 2597 habuit
2660 2545 3013 2600 sanctitatem.
3044 2546 3176 2602 Nam
3204 2563 3322 2603 cum
3347 2551 3481 2606 dua-

1899 2628 1999 2684 bus
2026 2629 2184 2685 rebus
2210 2630 2423 2686 fundata
2450 2640 2532 2686 est
2560 2633 2612 2686 in
2639 2632 2788 2688 initio
2812 2648 2962 2690 sacra
2989 2637 3195 2708 religio,
3220 2640 3480 2708 przedica-

1899 2721 2043 2776 tione
2079 2721 2281 2778 scilicet
2309 2722 2684 2793 Apostolorum
2708 2765 2723 2792 ,
2752 2733 2808 2779 et
2843 2727 3098 2796 sanguine
3139 2739 3430 2802 martyrum
3464 2750 3478 2787 :

1897 2826 2017 2868 cum
2047 2811 2190 2882 quod
2229 2813 2305 2868 illi
2340 2828 2587 2870 sermone
2614 2813 2916 2884 docebant,
2949 2817 2999 2872 bi
3031 2835 3126 2889 per
3152 2835 3395 2879 carceres
3421 2836 3478 2878 et

1899 2913 2160 2960 tormenta
2182 2945 2198 2970 ,
2227 2918 2292 2960 ac
2322 2904 2551 2976 denique
2583 2916 2810 2962 mortem
2848 2909 3012 2978 ipsam
3049 2920 3349 2968 astruerent
3378 2932 3391 2968 :
3423 2915 3475 2970 in

1899 3003 2243 3066 utrorumque
2279 2995 2453 3051 locum
2478 3012 2576 3052 suo
2600 2997 2767 3068 gradu
2797 2999 3073 3055 subierunt
3096 3005 3262 3058 sancti
3294 3004 3480 3060 docto-

1897 3100 1984 3140 res
2003 3126 2018 3154 ,
2049 3083 2139 3156 qui
2169 3085 2308 3157 quod
2337 3085 2412 3140 illi
2438 3088 2818 3158 compendiose
2844 3089 3168 3158 docuerant,
3203 3093 3359 3148 latius
3387 3111 3483 3150 ex-

1897 3177 2156 3250 plicarent
2174 3196 2187 3231 :
2208 3178 2454 3252 quodque
2474 3179 2730 3253 Martyres
2749 3182 3006 3253 sanguine
3021 3199 3118 3240 suo
3135 3187 3312 3242 testati
3333 3199 3480 3259 sunt,

1898 3271 1999 3326 hoc
2028 3270 2114 3324 isti
2143 3271 2492 3326 sanctimonia
2519 3272 2641 3328 vita:
2669 3273 3080 3344 confirmarent,
3109 3287 3267 3348 atque
3290 3281 3482 3338 adver-

1896 3377 1987 3416 sus
2013 3377 2225 3416 omnem
2253 3360 2522 3430 haaresim,
2545 3379 2864 3436 omnemque
2889 3366 3133 3423 vitiorum
3161 3371 3355 3440 labent,
3381 3390 3478 3443 pro

1898 3453 2002 3509 fide
2040 3453 2351 3525 justitiaque
2383 3455 2739 3512 consisterent
2766 3471 2783 3510 :
2813 3457 2970 3513 iidem
2999 3468 3054 3516 et
3080 3461 3305 3519 militum
3337 3466 3480 3534 vices

1896 3553 2139 3615 gerentes
2165 3553 2218 3599 et
2244 3543 2543 3599 ductorum.

1966 3633 2124 3688 Multa
2150 3642 2326 3689 autem
2349 3636 2595 3705 variaque
2619 3635 2991 3708 Hieronymus,
3018 3643 3092 3694 uti
3119 3643 3271 3698 fortis
3298 3645 3470 3713 miles,

1897 3721 1947 3777 in
1967 3722 2065 3777 hac
2091 3723 2193 3777 vita
2223 3724 2359 3779 bella
2385 3725 2801 3780 sustinuit:cum
2832 3729 3029 3784 mundo
3054 3733 3248 3803 quippe
3278 3733 3474 3790 hellqu

1895 3814 2058 3885 gessit
2085 3823 2140 3869 ct
2162 3813 2306 3880 vicit,
2332 3815 2545 3891 quando
2567 3817 2815 3872 sacerdos
2833 3817 2942 3887 jam
2973 3819 3159 3884 factus,
3182 3832 3240 3878 et
3264 3840 3475 3879 summu

1895 3906 2194 3962 sacerdotio
2219 3905 2408 3977 dignus
2437 3907 2668 3976 habitus,
2693 3907 2760 3963 ab
2785 3909 2928 3966 Urbe
2951 3916 3132 3980 cessit,
3160 3916 3476 3988 pompisque

1897 3998 2078 4054 saeculi
2108 4007 2160 4054 et
2191 3999 2336 4054 omni
2368 3999 2640 4055 ambitioni
2669 4001 3057 4059 mundanorum
3085 4003 3347 4062 honorum
3387 4025 3482 4064 rc-

1900 4088 2178 4157 nuntiavit,
2201 4103 2320 4145 cum
2342 4103 2504 4146 carne
2525 4105 2588 4146 ac
2606 4091 2936 4148 daemonibus
2956 4111 2970 4149 :
2989 4109 3113 4151 cum
3142 4097 3195 4152 in
3221 4099 3307 4154 illa
3331 4107 3478 4157 trans

1895 4193 2044 4234 mare
2071 4186 2219 4234 vasta
2247 4179 2532 4236 solitudine
2554 4221 2569 4248 ,
2596 4196 2732 4252 qum,
2764 4191 2820 4238 ut
2844 4184 2956 4255 ipse
2995 4187 3104 4254 ait,
3133 4198 3318 4246 exusta
3346 4193 3475 4248 solis

1893 4269 2194 4338 ardoribus,
2213 4269 2485 4326 horridum
2501 4273 2773 4330 monachis
2790 4275 3143 4333 habitaculum
3159 4283 3442 4350 praestabat
3462 4305 3475 4340 :

1894 4375 2110 4416 carnem
2148 4361 2361 4432 quidem
2402 4361 2620 4433 jejuniis
2659 4363 2960 4437 frangeret,
2992 4369 3254 4440 spiritales
3295 4383 3470 4429 autem

1898 4451 2076 4508 hostes
2128 4453 2457 4509 orationibus
2502 4454 2757 4526 effugaret
2800 4475 2813 4512 :
2853 4472 2973 4512 cum
3019 4459 3274 4531 improbis
3316 4473 3475 4535 atque

1895 4543 2120 4610 mmulis,
2148 4542 2200 4598 in
2228 4558 2332 4615 quo
2357 4559 2500 4615 saepe
2526 4560 2620 4617 per
2645 4547 2897 4617 Prologos
2923 4563 3064 4620 saepe
3089 4566 3184 4622 per
3209 4553 3475 4626 Epistolas

1895 4635 2176 4691 scribendo
2216 4635 2454 4692 invectus
2497 4647 2582 4692 est
2609 4655 2622 4692 :
2652 4652 2772 4693 cum
2815 4638 3076 4696 btereticis
3101 4684 3115 4710 ,
3157 4660 3290 4716 quos
3329 4647 3477 4704 libris

1899 4726 2315 4798 tractatibusque
2364 4727 2657 4784 scribendis
2711 4743 3078 4800 smpcnumero
3131 4736 3198 4792 de
3249 4739 3478 4797 diversis

1897 4819 2128 4874 convicit
2154 4817 2424 4874 erroribus
2444 4860 2457 4885 ,
2485 4817 2905 4892 disputandoquc
2935 4825 2983 4879 vi
3021 4827 3283 4884 rationum
3316 4845 3479 4903 supe-

1900 4907 2054 4963 ravit.
2093 4908 2334 4963 Doctoris
2363 4923 2490 4980 ergo
2523 4925 2718 4967 nomen
2746 4921 2801 4966 ut
2828 4913 2986 4970 habet
3006 4957 3020 4983 ,
3063 4916 3130 4972 ita
3160 4929 3215 4974 et
3242 4919 3477 4978 officium

1897 4997 2283 5055 studiosissime
2306 4997 2491 5056 vivens
2515 5002 2679 5073 gessit
2703 5021 2717 5056 :
2745 5014 3034 5073 praesentes
3060 5023 3191 5066 voce
3215 5020 3269 5067 et
3297 5026 3478 5068 exeni-

1901 5089 1998 5161 plis
2045 5088 2291 5146 erudiens
2319 5108 2333 5145 :
2361 5091 2608 5149 absentes
2647 5096 2877 5165 scriptis.
2921 5096 3186 5170 Utrosque
3213 5117 3340 5159 vero
3371 5113 3476 5162 tam

1898 5195 2008 5236 sua:
2038 5182 2228 5252 aetatis,
2259 5199 2415 5253 quam
2443 5195 2703 5254 posteros,
2740 5188 3094 5246 voluminibus
3119 5193 3316 5251 diversi
3345 5197 3480 5252 idio-

1899 5271 2089 5338 matis,
2119 5273 2264 5327 varia
2307 5273 2742 5346 interpretatione
2784 5278 3080 5351 linguarum
3111 5285 3348 5342 vivorum
3380 5288 3480 5344 do-

1899 5376 2104 5422 ctorum
2127 5364 2478 5423 eruditionem
2503 5367 2756 5439 adjuvans
2781 5387 2794 5424 :
2820 5372 3060 5430 rudiores
3091 5373 3309 5432 historia
3331 5378 3479 5435 dele-

1899 5467 2049 5512 ctans
2074 5477 2086 5512 :
2112 5459 2374 5516 acutiores
2399 5460 2666 5519 instruens
2692 5464 2897 5521 arcanis
2923 5463 3212 5537 Scriptura:
3235 5469 3478 5526 sensibus

1899 5549 2246 5619 explicandis.

1972 5640 2341 5711 Eloquentiam
2366 5652 2511 5699 certe
2533 5643 2642 5715 jam
2669 5645 2783 5715 ejus
2804 5645 3018 5700 laudare
3043 5653 3302 5702 tentarem
3325 5664 3338 5700 :
3361 5663 3480 5720 qua:

1899 5739 2146 5802 tanquam
2169 5731 2314 5788 rivus
2337 5733 2737 5803 limpidissimus
2763 5735 2950 5789 leniter
2967 5735 3222 5800 defluens,
3250 5745 3301 5791 et
3324 5753 3482 5810 Î¸ÎµÏá½·).

1897 5831 1987 5880 ctu
2024 5829 2079 5880 et
2115 5835 2250 5881 sono
2286 5823 2515 5882 delectat
2545 5842 2556 5880 :
2588 5826 2686 5882 nisi
2720 5826 2832 5895 ipse
2856 5825 3021 5882 multo
3050 5827 3237 5882 melius
3263 5842 3420 5900 quam
3449 5849 3480 5892 a
