4052 6338
544 351 648 409 955

543 484 630 524 me
651 467 764 522 fieri
785 467 970 537 possit,
989 466 1246 539 elegantia
1267 479 1362 524 sua
1383 465 1678 540 legentibus
1693 468 2121 525 commendaret:

536 559 607 628 ad
647 573 804 628 quant
836 557 996 632 digne
1034 558 1422 629 praedicandam
1442 600 1458 627 ,
1489 559 1606 630 ejus
1634 559 1800 631 ipsius
1823 560 2124 631 eloquentia

540 665 675 721 opus
712 661 874 707 esset.
922 651 1031 708 Nec
1063 667 1150 708 me
1180 652 1416 710 deterret
1443 695 1459 721 ,
1490 652 1631 724 quod
1659 652 1940 709 damnatus
1967 651 2127 708 fuerit

540 743 659 814 ejus
685 743 845 799 studii
870 744 1154 816 aliquando
1177 744 1550 817 Hieronymus,
1574 760 1693 802 cum
1720 746 1944 800 extatica
1965 744 2126 800 visio-

542 855 608 895 nc
634 848 832 894 tractus
854 839 919 894 ad
936 837 1136 896 Judicis
1159 840 1345 894 :eterni
1369 839 1617 905 tribunal,
1642 846 1697 894 et
1719 838 1958 909 quisnam
1983 847 2126 894 esset

541 929 930 1000 interrogatus,
961 944 1055 1000 pro
1078 928 1368 986 Christiani
1398 930 1643 996 nomine,
1672 928 1814 999 quod
1846 929 1984 983 inter
2011 944 2124 983 me-

543 1031 654 1076 tum
697 1021 1206 1092 trepidationemque
1248 1021 1593 1092 profitebatur
1616 1061 1630 1086 ,
1662 1020 1994 1076 Ciceroniani
2023 1019 2125 1074 sibi

541 1131 736 1172 nomen
779 1113 937 1186 cbjici
975 1115 1194 1171 audivit.
1226 1115 1407 1185 Neque
1435 1115 1577 1170 enim
1608 1129 1695 1168 res
1736 1114 1847 1183 ipsa
1877 1112 2123 1166 damnata

541 1215 642 1271 est,
668 1205 759 1262 sed
787 1205 1028 1262 fortassis
1051 1207 1170 1276 ejus
1194 1205 1426 1261 studium
1456 1205 1822 1259 vehementius
1845 1219 1858 1256 :
1883 1203 1998 1257 sine
2021 1217 2126 1273 qua

541 1298 784 1369 profecto
807 1299 895 1354 vix
923 1295 1090 1355 sacrae
1117 1299 1330 1364 litterae,
1348 1305 1494 1352 certe
1524 1310 1628 1352 non
1658 1303 1799 1350 tanta
1826 1309 1944 1350 cum
1974 1293 2126 1348 volu-

541 1402 687 1464 ptate
715 1393 1037 1464 legerentur.

613 1484 741 1540 Hmc
785 1485 942 1554 igitur
970 1491 1028 1538 ut
1055 1493 1264 1539 caetera:
1305 1496 1516 1554 quoque
1553 1479 1705 1536 dotes
1741 1493 1872 1549 quas
1901 1477 2125 1532 strictim

542 1579 1000 1648 commemoravi,
1041 1579 1236 1633 multos
1278 1576 1756 1644 acerbissimosque
1795 1574 1866 1628 illi
1904 1573 2128 1628 tumulos

543 1685 919 1742 comparavere
947 1688 962 1725 :
987 1683 1212 1741 quorum
1237 1677 1294 1724 ut
1321 1666 1643 1738 improbitati
1668 1665 1882 1721 cederet
1906 1707 1920 1730 ,
1958 1665 2126 1720 Roma

543 1763 824 1836 migravit,
857 1771 910 1818 et
937 1761 1027 1831 qui
1066 1760 1253 1815 doctor
1282 1759 1387 1814 late
1423 1757 1752 1814 clarissimus
1793 1756 2124 1825 habebitur,

542 1853 798 1925 Gregorio
827 1852 1159 1908 Nazianzeno
1185 1851 1236 1906 in
1263 1850 1596 1920 disciplinam
1625 1863 1685 1904 se
1713 1847 1950 1905 tradidit.
1982 1849 2130 1904 Post~

541 1962 647 2018 que
671 1946 864 2013 studia,
891 1959 1010 2002 cum
1038 1944 1106 2001 de
1135 1943 1560 2014 frequentissima
1592 1941 1720 1997 urbe
1749 1943 2028 2006 cessisset,
2057 1941 2124 1997 ad

1814 350 2126 411 SELECTA
2169 352 2498 415 VETERUM

2760 279 2787 286 .-
2807 277 2810 280 ~
3047 276 3050 278 η
3083 277 3283 312 ...ν-τμη
3297 282 3317 290 .,

2231 484 2469 528 eremum
2494 486 2552 528 se
2577 471 2860 542 transtulit,
2883 481 2934 529 et
2953 472 3044 545 qui
3071 472 3125 529 in
3151 466 3282 528 urbe
3305 472 3542 528 omnium
3569 462 3817 533 urbanis-

2229 565 2363 620 sima
2392 564 2634 622 homines
2659 577 2944 636 perpessus
2969 575 3084 623 erat
3115 559 3392 634 beStiales,
3421 566 3476 621 in
3505 565 3816 624 desertissi-

2231 670 2316 710 ma
2351 669 2532 713 eremo
2573 658 2769 715 bestias
2796 668 2878 716 est
2914 668 3166 730 expertus
3197 657 3476 714 humanas.
3521 660 3705 730 Ibique
3732 661 3807 719 le'c

2229 756 2415 801 natura
2460 749 2787 806 stevissimus
2825 750 3106 821 imperimn
3136 749 3253 820 ejus
3287 751 3504 820 pertulit
3531 792 3548 816 ,
3577 765 3702 806 cum
3733 753 3810 812 hic

2231 837 2393 895 homo
2419 847 2604 895 natura
2629 842 2770 897 mitis
2795 841 2848 897 in
2872 857 2933 898 se
2957 840 3188 896 saeviret.
3219 839 3388 895 Roma
3415 841 3574 912 igitur
3600 841 3813 898 Bethle-

2229 946 2314 987 em
2360 934 2678 1003 permutavit
2706 949 2720 986 :
2750 933 3005 1004 divitique
3044 949 3111 988 ex
3154 932 3284 988 urbe
3313 947 3418 988 non
3451 943 3556 987 tam
3589 933 3804 1003 pulsus,

2229 1040 2386 1095 quam
2423 1024 2656 1091 cedens,
2687 1026 2848 1097 elegit
2889 1025 2960 1080 ibi
3002 1040 3201 1096 panper
3231 1026 3442 1091 vivere,
3485 1027 3573 1081 ubi
3615 1041 3812 1097 pauper

2230 1117 2472 1174 Christus
2496 1128 2576 1173 est
2602 1129 2777 1184 natus,
2801 1127 2854 1172 et
2877 1118 2998 1172 inde
3023 1118 3247 1172 salutem
3275 1128 3478 1187 petere,
3501 1117 3644 1172 unde
3668 1128 3810 1173 Ol'lll'i

2231 1219 2316 1266 est
2353 1220 2539 1265 auctor
2567 1211 2680 1281 ipse
2707 1209 2911 1265 salutis.
2941 1208 3076 1277 Quid
3107 1208 3248 1263 enim
3283 1207 3540 1263 adversus
3570 1209 3818 1278 maligni-

2233 1311 2394 1359 tatem
2423 1310 2590 1356 tutum
2622 1301 2825 1372 uspiam
2854 1314 2972 1356 esse
3004 1299 3216 1370 poterit,
3243 1297 3455 1370 quando
3482 1307 3626 1353 tanta
3652 1299 3821 1354 virtus

2233 1401 2574 1467 persecutore
2602 1408 2706 1448 non
2735 1392 2939 1448 caruit?
2966 1391 3118 1458 Quod
3145 1391 3188 1444 si
3215 1390 3339 1460 quid
3367 1390 3518 1445 nobis
3545 1391 3653 1446 tale
3679 1392 3821 1446 acci-

2231 1487 2340 1552 dat,
2367 1501 2431 1540 ex
2452 1485 2568 1556 eius
2588 1499 2716 1539 casu
2737 1482 3004 1538 consolari
3029 1495 3130 1536 nos
3152 1484 3294 1550 ipsos
3313 1481 3589 1536 debemus.
3614 1481 3818 1538 Interea

2232 1593 2359 1634 vero
2377 1575 2662 1632 maledicos
2683 1571 3064 1628 benefaciendo
3087 1570 3321 1634 vincere,
3345 1579 3398 1626 et
3421 1586 3606 1626 eorum
3638 1571 3692 1627 in
3721 1588 3820 1628 nos

2231 1671 2410 1724 odium
2442 1668 2635 1722 virtute
2663 1663 2932 1735 patientia:
2962 1661 3488 1732 mansuetudinisQuc
3515 1677 3776 1732 superare
3799 1703 3817 1728 ,

2233 1761 2324 1816 illo
2353 1765 2635 1829 prasstante
2658 1797 2674 1824 ,
2704 1755 2795 1827 qui
2820 1753 2947 1810 vivit
2981 1761 3036 1809 et
3062 1761 3247 1824 regnat
3285 1752 3336 1807 in
3365 1753 3558 1808 sazcula
3588 1752 3836 1809 smeulo-’

2227 1868 2373 1908 rum.

1056 2187 1197 2259 EX
1242 2187 1622 2272 ANTIQ.
1671 2185 1908 2255 COD.
1964 2178 2640 2254 AMBROSIAN.—
2682 2175 3289 2248 BIBLIOTEC.

1550 2355 1736 2433 QUAE
1779 2355 2128 2419 MEDIOLA

2232 2357 2235 2416 ;
2277 2352 2449 2427 EST,
2493 2353 2568 2413 N.
2617 2325 2776 2412 173.
3785 2385 3797 2416 ,

1054 2544 1191 2591 DIVI
1235 2541 1595 2589 BIBRONYII
1641 2541 1789 2589 VITA
1831 2541 1952 2584 Ρειι
1996 2539 2128 2584 EUSJ

2232 2536 2324 2582 UH
2367 2532 2837 2580 CREMONENSEII
2882 2532 3073 2576 EDITA
3118 2531 3274 2576 INIT.

2010 2701 2370 2759 οῧεθωθῦθ

615 2880 967 2950 Hieronymus
994 2873 1208 2932 Eusebii
1228 2871 1325 2929 viri
1347 2867 1660 2927 nobilissimi
1683 2865 1820 2922 (ilius
1838 2866 1906 2922 ab
1925 2865 2121 2938 oppido

543 2969 825 3036 Stridonis,
853 2966 992 3039 quod
1016 2963 1293 3021 Dalmatia:
1313 2971 1368 3019 et
1389 2959 1675 3017 Pannoniae
1695 2956 1921 3014 conﬁnia
1950 2966 2124 3023 tenet,

540 3063 742 3120 exstitit
765 3059 1041 3118 oriundus.
1062 3057 1160 3114 Hic
1188 3055 1361 3112 adhuc
1383 3069 1514 3126 puer
1543 3053 1765 3108 Romam
1793 3051 2015 3117 adiit,et
2041 3050 2130 3106 lit-

540 3156 670 3211 teris
696 3152 920 3221 Graecis,
947 3149 1175 3212 Latinis,
1203 3157 1259 3204 et
1283 3144 1556 3202 Hebraicis
1585 3144 1738 3214 plene
1759 3142 1998 3198 eruditus
2022 3150 2125 3196 est.

541 3247 596 3300 lu
624 3256 739 3300 arte
758 3242 1112 3301 Grammatica
1144 3240 1404 3295 Donatum
1428 3237 1612 3293 habuit
1637 3235 2046 3304 Prmceptorem,
2075 3235 2128 3290 in

545 3337 828 3392 Rhetorica
857 3343 1034 3390 autem
1060 3330 1392 3388 Victorinum
1417 3327 1718 3384 Oratorem.
1750 3326 1811 3382 In
1843 3325 2130 3398 Scripturis

541 3438 718 3486 autem
769 3425 967 3482 Divinis
993 3424 1013 3497 (
1040 3423 1138 3480 Ms.
1181 3422 1438 3479 excibatur
1467 3420 1488 3493 )
1520 3419 1906 3476 exercitabatur
1942 3419 2029 3474 die
2066 3433 2131 3474 ac

541 3531 697 3577 nacte
716 3560 730 3584 ,
759 3528 809 3574 et
840 3517 964 3574 inde
989 3515 1165 3572 hausit
1188 3513 1342 3570 avide
1361 3553 1378 3580 ,
1407 3511 1549 3586 quod
1579 3510 1915 3583 postmodum
1943 3509 2132 3566 effudit

546 3613 776 3670 abunde.
805 3611 1047 3683 Quodam
1069 3623 1198 3665 vero
1225 3617 1485 3680 tempore,
1512 3607 1649 3662 sicut
1677 3607 1790 3676 ipse
1817 3606 1868 3660 in
1896 3605 2128 3675 Epistula

543 3706 608 3759 ad
643 3702 988 3760 Eustochium
1017 3699 1295 3773 perhibet,
1322 3698 1447 3754 dum
1477 3696 1564 3754 die
1593 3697 1822 3752 Tullium
1843 3737 1859 3761 ,
1891 3705 1946 3751 et
1975 3707 2131 3751 nocte

543 3799 818 3852 Platonem
850 3793 1002 3850 avide
1032 3791 1271 3864 legeret,
1302 3803 1367 3846 eo
1392 3788 1535 3861 quod
1563 3802 1743 3844 sermo
1775 3787 2003 3842 incultus
2031 3786 2130 3843 sibi

543 3894 591 3946 in
627 3890 771 3944 libris
795 3885 1128 3959 Propheticis
1153 3898 1274 3939 non-
1290 3882 1546 3955 placeret,
1569 3880 1708 3935 circa
1735 3879 1962 3935 mediam
1991 3879 2130 3948 Qua-

544 3977 898 4052 tlrngvsimam'
925 3989 1030 4034 tam
1056 3977 1251 4041 subita,
1273 3984 1325 4030 et
1347 3972 1553 4029 ardenti
1576 3973 1723 4028 febre
1745 3971 2051 4042 corripitur,
2075 3980 2132 4026 ut

544 4087 652 4129 toto
679 4076 787 4143 jam
827 4071 1140 4142 l't'igesccnte
1164 4081 1389 4138 corpore
1411 4064 1586 4120 vitalis
1613 4065 1633 4137 (
1657 4062 1754 4118 Ms.
1781 4063 1919 4117 calor
1943 4063 1960 4128 )
1987 4062 2131 4117 calor

543 4169 594 4220 in
630 4168 744 4220 stilo
776 4173 988 4233 pectore
1017 4161 1318 4231 palpitaret.
1353 4157 1488 4212 Dum
1514 4171 1641 4226 ergo
1667 4155 1902 4224 exequiae
1933 4155 2131 4208 funeris

543 4263 854 4326 pararentur
876 4291 893 4318 ,
921 4251 1098 4305 subito
1125 4257 1250 4303 ante
1279 4247 1510 4302 tribunal
1547 4245 1750 4302 Judicis
1780 4245 2009 4300 trahitur
2033 4285 2048 4312 ,
2074 4253 2131 4300 et

540 4353 899 4416 interrogatus
923 4343 1075 4414 cujus
1101 4338 1420 4398 conditionis
1445 4346 1607 4402 esset.
1629 4336 1987 4392 Christianum
2010 4351 2130 4392 esse

541 4458 599 4496 se
627 4441 790 4493 libere
819 4437 1110 4508 prolitctur.
1137 4431 1219 4488 Ad
1245 4444 1404 4502 quem
1431 4428 1620 4495 Judex,
1645 4427 1881 4484 Mentiris
1899 4470 1913 4493 ,
1938 4428 2125 4498 inquit,

542 4535 922 4589 Ciceronianus
947 4547 1006 4587 es
1030 4572 1045 4598 ,
1076 4543 1182 4584 non
1208 4525 1546 4584 Christianus
1575 4541 1588 4578 :
1615 4522 1703 4578 ubi
1730 4531 1810 4578 est
1838 4521 1979 4576 enim
2009 4522 2128 4577 thc-

544 4642 733 4681 saurus
764 4635 885 4680 tuus
909 4664 925 4690 ,
957 4621 1029 4677 ibi
1063 4631 1118 4677 et
1143 4633 1238 4676 cor
1267 4627 1435 4674 tttnm.
1469 4615 1617 4670 Tunc
1647 4613 2001 4684 Hieronymus
2029 4613 2127 4667 ob-

545 4719 756 4780 muniit,
788 4724 843 4769 et
870 4712 1123 4768 continuo
1151 4710 1320 4768 Judex
1351 4709 1522 4780 ipsum
1548 4705 1831 4762 durissime
1858 4704 1990 4760 caedi
2010 4705 2128 4775 jus-

548 4812 635 4861 sit.
667 4808 813 4858 'I‘unc
834 4801 1167 4867 exclamavit,
1194 4811 1244 4855 et
1269 4800 1420 4868 dixit,
1447 4799 1699 4854 Miserere
1724 4796 1848 4864 mei,
1881 4795 2124 4852 Domine.

544 4897 695 4951 Tune
723 4895 811 4963 qui
840 4892 1114 4959 astabant,
1142 4889 1528 4961 precabantur,
1559 4898 1615 4944 ut
1639 4887 1848 4944 veniam
1875 4889 2131 4944 tribueret

544 4984 888 5040 adulescenti.
937 4982 1056 5052 Ipse
1092 4989 1270 5037 autem
1314 4997 1409 5052 per
1451 4981 1616 5036 Deum
1656 4980 1840 5052 jurare
1877 4981 2037 5050 ctepit
2076 4989 2130 5036 et

549 5081 725 5133 dicere
747 5120 760 5141 ,
795 5076 1012 5131 Domine
1031 5116 1047 5143 ,
1078 5075 1125 5129 si
1154 5088 1385 5144 unquam
1413 5072 1649 5130 habuero
1675 5074 1886 5130 codices
1911 5074 2130 5129 sarcula-

665 5193 672 5221 :
707 5172 747 5223 si
799 5170 1006 5238 legero,
1035 5175 1087 5220 te
1131 5164 1355 5234 negabo.
1402 5163 1457 5218 ln
1501 5161 1602 5219 hoc
1645 5163 1803 5234 igitur
1841 5163 2128 5232 juramenti

549 5265 708 5318 veibo
751 5261 1000 5314 dimissus
1025 5298 1040 5324 ,
1068 5256 1245 5312 subito
1288 5255 1573 5310 reviviscit.
1609 5255 1759 5310 Tunc
1795 5255 2044 5328 lacrymis
2071 5273 2131 5313 se

573 5364 712 5406 «tium
747 5349 946 5404 invenit
979 5346 1247 5418 perfusum
1267 5384 1284 5412 ,
1313 5355 1366 5400 et
1390 5359 1458 5400 ex
1485 5344 1796 5402 verberibus
1815 5387 1831 5412 ,
1861 5362 1982 5417 qua:
2007 5356 2132 5404 ante

555 5493 562 5496 _
622 5442 774 5498 bin-al
817 5445 1154 5510 susceperat,
1185 5434 1428 5506 scapulas
1459 5435 1761 5491 terribiliter
1809 5436 2013 5507 reperit
2064 5437 2132 5491 li—

561 5549 751 5593 -.:!lt‘:s.
797 5534 965 5588 Tanto
1001 5538 1181 5585 autem
1213 5527 1388 5584 studio
1418 5527 1604 5583 Libros
1643 5527 1848 5583 divinos
1892 5544 1958 5584 ex
2008 5538 2133 5586 tunc

560 5658 584 5668 ..
631 5634 678 5693 ςςι
706 5672 719 5694 ,
751 5635 947 5698 quanto
973 5625 1136 5681 libros
1165 5620 1451 5679 Gentilium
1478 5635 1710 5691 unquam
1747 5620 1964 5690 legerat.
1998 5622 2131 5686 Dum

559 5747 596 5774 .~
666 5739 813 5775 mrum
861 5718 1070 5789 triginta
1109 5727 1299 5771 novent
1329 5720 1504 5777 esset,
1535 5712 1586 5767 in
1628 5711 1864 5767 Ecclesia
1894 5713 2132 5772 Romana

629 5821 640 5870 .’
657 5826 822 5871 .uatus
853 5825 933 5871 est
962 5811 1247 5883 Presbyter
1273 5802 1586 5863 Cardinalis.
1617 5804 1821 5863 Mortuo
1845 5815 2021 5864 autem
2048 5807 2135 5865 Li-

2234 2861 2384 2919 berio
2411 2859 2576 2930 Papa,
2604 2857 2959 2929 Hieronymus
2984 2855 3177 2926 dignus
3202 2870 3409 2911 summo
3431 2854 3730 2911 sacerdotio
3755 2855 3823 2910 ab

2234 2952 2480 3010 omnibus
2499 2950 2851 3012 acclamatur;
2870 2947 2964 3003 sed
2986 2948 3111 3002 dum
3130 2946 3476 3018 quorumdam
3495 2945 3820 3002 Clericoruut

2235 3057 2288 3102 et
2318 3043 2695 3100 Monaehorum
2729 3041 2997 3096 lasciviam
3029 3040 3348 3111 increparet.
3381 3040 3453 3094 illi
3483 3039 3704 3094 nimium
3739 3041 3822 3094 itt-

2235 3137 2435 3207 dignati
2477 3135 2526 3192 ei
2579 3132 2799 3190 insidias
2841 3142 3184 3204 paraverunt.
3235 3131 3340 3188 Sed
3381 3143 3435 3188 et
3478 3148 3572 3201 per
3619 3143 3820 3187 vestem

2234 3226 2546 3282 muliebrem
2570 3268 2584 3291 ,
2617 3234 2674 3279 ut
2712 3225 2788 3279 ait
2817 3224 3052 3280 Joannes
3077 3224 3222 3280 Belet
3247 3265 3262 3289 ,
3290 3224 3357 3278 ab
3386 3225 3463 3279 cis
3495 3225 3716 3295 turpiter
3740 3232 3824 3278 est

2234 3319 2461 3376 derisus.
2505 3317 2635 3373 Nam
2676 3333 2798 3373 cum
2839 3317 3194 3389 Hieronymus
3222 3316 3287 3372 ad
3324 3316 3633 3371 Matutinum
3665 3318 3823 3372 Solito

2233 3427 2384 3468 more
2422 3419 2699 3482 surgeret,
2731 3420 2932 3466 vestem
2973 3410 3211 3466 mulieris
3231 3452 3246 3476 ,
3276 3427 3432 3480 quam
3463 3411 3638 3465 :emuli
3671 3411 3819 3480 juxta

2234 3515 2426 3571 lectum
2457 3523 2762 3590 posuerant,
2791 3511 3011 3582 reperit,
3042 3526 3298 3581 suamque
3326 3511 3550 3566 credens
3568 3553 3583 3577 ,
3611 3509 3817 3574 induit,

2212 3619 2289 3668 .et
2315 3611 2364 3664 in
2391 3609 2687 3665 Ecclesiam
2716 3609 2793 3663 sic
2820 3608 3098 3678 processit.
3128 3605 3238 3662 Hoc
3259 3613 3434 3660 autem
3462 3603 3636 3659 aemuli
3662 3602 3823 3658 faeie-

2235 3701 2400 3768 bant,
2449 3711 2502 3755 ιιι
2544 3699 2823 3754 mulierem
2872 3697 2925 3752 in
2970 3698 3206 3753 thalamo
3255 3696 3447 3751 habere
3489 3693 3819 3749 crederetur.

2233 3794 2386 3862 Quod
2431 3792 2520 3848 ille
2553 3792 2740 3848 videns
2777 3801 2938 3846 tanta:
2965 3791 3196 3846 vesania:
3241 3790 3415 3845 locum
3451 3787 3594 3843 dedit
3627 3808 3638 3842 :
3671 3796 3727 3841 et
3755 3787 3820 3842 ad

2234 3884 2548 3956 Gregorium
2594 3883 2984 3938 Nazianzenum
3029 3880 3629 3950 Constantinopolitanae
3675 3879 3821 3934 urbis

2234 3975 2557 4046 Episcopum
2596 3975 2855 4044 pervenit.
2887 3974 3172 4044 Postquam
3203 3981 3380 4027 autem
3405 3969 3473 4024 ab
3500 3970 3615 4040 ipso
3642 3982 3821 4024 sacras

2233 4069 2438 4124 litteras
2467 4069 2690 4135 didicit,
2722 4067 2773 4121 in
2822 4083 3060 4122 eventum
3099 4065 3444 4137 properavit,
3495 4063 3581 4118 ubi
3624 4071 3819 4133 quanta

2233 4175 2330 4230 pro
2357 4160 2570 4216 Christo
2597 4159 2950 4222 sustinuerit,
2993 4159 3106 4229 ipse
3150 4157 3216 4212 ad
3258 4156 3606 4213 Eustochium
3638 4163 3821 4210 narrat

2233 4253 2435 4307 dicens.
2467 4251 2674 4318 Quoties
2699 4251 2749 4304 in
2778 4267 2944 4305 eremo
2971 4251 3269 4306 constitutus
3313 4252 3365 4304 in
3390 4251 3481 4304 illa
3511 4259 3650 4303 vasta
3692 4249 3818 4302 soli-

2233 4343 2429 4410 tudine,
2458 4353 2576 4408 etc.,
2607 4358 2774 4412 mque
2803 4342 2869 4396 ad
2907 4343 3143 4397 interesse
3179 4341 3461 4413 agminibus
3489 4339 3812 4411 Angelorum.

2233 4433 2335 4489 Per
2373 4431 2778 4501 quadriennium
2814 4432 2970 4502 igitur
3007 4433 3316 4502 pcenitentia
3363 4433 3440 4486 sic
3467 4438 3680 4502 peracta
3706 4470 3720 4493 ,
3753 4427 3818 4481 ad

2232 4522 2504 4579 Bethleem
2519 4522 2768 4592 Oppidum
2796 4524 3068 4588 remeavit,
3086 4522 3171 4578 ubi
3199 4532 3252 4576 ut
3278 4521 3512 4592 prudens
3536 4519 3730 4575 animal
3752 4519 3819 4573 ad

2233 4616 2482 4689 Praesepe
2514 4619 2721 4674 Domini
2749 4633 2808 4675 se
2835 4618 3029 4674 obtulit
3061 4633 3490 4690 permansurum.
3522 4612 3818 4669 Bibliothe-

2231 4725 2348 4766 cam
2370 4721 2550 4767 autem
2576 4727 2748 4777 suam,
2771 4727 2928 4782 quam
2955 4725 3163 4765 summo
3184 4709 3359 4766 studio
3384 4707 3484 4764 sibi
3508 4704 3821 4763 condiderat

2221 4804 2466 4860 'clausam
2488 4845 2504 4871 ,
2531 4803 2770 4874 aliosque
2801 4803 3177 4858 libros‘itermn
3205 4801 3447 4872 relegens
3468 4840 3485 4868 ,
3513 4799 3653 4854 diem
3675 4796 3816 4868 jeju-

2232 4909 2333 4950 nus
2375 4894 2603 4951 ducebat
2645 4894 2710 4950 ad
2751 4909 3049 4964 vesperam.
3090 4893 3283 4948 Multos
3324 4903 3498 4947 autem
3528 4887 3820 4968 discipulos

2231 4987 2541 5045 coadunans
2561 5029 2578 5054 ,
2613 4988 2664 5042 in
2705 4997 2890 5043 sancto
2920 4986 3193 5058 proposito
3219 4995 3274 5042 et
3304 4984 3648 5060 translatione
3677 4981 3822 5046 Scri?

2232 5089 2508 5150 pturarum
2536 5079 2916 5150 quinquaginta
2937 5078 3089 5133 anuis
3105 5087 3160 5132 et
3179 5091 3270 5132 sex
3290 5075 3563 5131 mensibus
3591 5074 3820 5130 desuda-

2233 5173 2348 5235 vit,
2375 5181 2429 5226 et
2460 5186 2628 5241 usque
2658 5171 2724 5225 ad
2755 5173 2912 5226 linem
2946 5172 3096 5240 virgo
3121 5169 3432 5241 permansit.
3463 5168 3612 5224 Licet
3639 5179 3819 5222 autem

2234 5259 2322 5316 hic
2344 5259 2552 5316 dicatur
2571 5301 2587 5326 ,
2614 5261 2736 5331 quia
2765 5261 2912 5332 virgo
2940 5275 3154 5331 semper
3184 5258 3380 5328 fuerit,
3410 5259 3524 5330 ipse
3549 5268 3724 5314 tamen
3752 5257 3822 5313 de

2233 5366 2294 5406 se
2338 5352 2408 5406 ita
2447 5351 2670 5406 scribit:
2706 5369 2725 5403 ι
2762 5352 3127 5422 Virginitatem
3156 5351 3210 5407 in
3237 5350 3376 5406 cmlo
3407 5350 3636 5422 pra-fero
3658 5391 3674 5413 ,
3713 5365 3820 5404 non

2236 5441 2361 5512 quia
2395 5440 2564 5496 habeo
2583 5482 2598 5508 ,
2629 5441 2723 5496 sed
2753 5443 2872 5512 quia
2900 5443 3070 5512 magis
3098 5441 3239 5513 quod
3273 5456 3377 5496 non
3408 5439 3598 5495 habeo.
3629 5459 3649 5492 ι
3678 5440 3818 5494 Tan-
3879 5437 3884 5440 ’

2238 5542 2395 5602 taque
2417 5529 2722 5586 lassitudine
2744 5531 2988 5602 fatigatus
3003 5539 3106 5600 est,
3134 5542 3190 5586 ut
3210 5545 3306 5586 suo
3327 5531 3464 5586 lecto
3480 5530 3665 5600 jacens
3688 5528 3824 5588 iuni.-

2235 5623 2355 5678 ciilo
2379 5621 2445 5675 ad
2473 5622 2672 5676 trabem
2700 5638 2980 5694 suspenso,
3002 5625 3220 5694 supinus
3245 5623 3492 5678 manibus
3518 5637 3577 5678 se
3599 5624 3820 5680 levaret.

2236 5717 2472 5784 Quadam
2501 5731 2625 5772 vero
2649 5717 2735 5774 die
2760 5718 3236 5786 advesperaseente
3258 5759 3275 5784 ,
3302 5733 3426 5772 eum
3467 5717 3826 5791 Hieronymus

2237 5825 2357 5869 cum
2400 5809 2509 5865 suis
2557 5809 2807 5868 iratribus
2849 5809 2913 5867 ad
2955 5823 3161 5869 sacram
3192 5809 3476 5866 lectionem
3506 5811 3826 5870 audiendam
