4052 6338
207 385 293 447 t3?
773 369 782 375 “
1571 359 2006 425 resrtttouu.
2179 391 2185 400 -
3342 353 3482 412 πε.

209 499 408 560 sederet,
435 493 552 551 Leo
598 491 812 564 quidam
835 478 1157 555 claudicans,
1179 481 1556 543 Monasterium
1584 481 1761 550 ingre-
1793 475 1800 488 '
1866 475 2121 548 presbyter
2139 473 2191 530 in
2212 473 2438 529 Bethlem
2459 480 2561 529 toto
2573 473 2687 546 jam
2709 473 2894 528 mundo
2910 473 3077 529 clarus
3095 473 3294 564 egregio
3310 472 3455 564 inge-
3487 461 3492 468 ’

211 605 284 647 sus
308 595 403 654 est,
433 600 549 656 qut:
571 563 809 656 superius
829 580 1033 638 totidem
1061 578 1220 634 verbis
1248 575 1399 631 ltabss
1426 573 1525 629 col.
1560 570 1685 628 309.
1715 577 1763 624 et
1795 581 1797 585 ‘
1867 571 2034 636 nio,et
2055 569 2221 624 studio
2239 569 2483 624 uniuersa:
2506 564 2750 622 Ecclesiae
2771 566 2986 620 serviens
3016 565 3227 620 habitat.
3245 563 3303 656 In
3327 563 3455 656 Dia-
3485 575 3490 582 ‘

210 697 323 750 seqq.
364 703 366 705 >
448 654 455 656 ἡ
567 677 570 680 ⁴
636 654 644 656 ἡ
879 675 884 679 ’
1540 681 1542 683 ’
1799 676 1801 678 ·
1869 661 1990 730 logo
2019 674 2231 731 quoque
2260 657 2446 714 Severi
2471 657 2716 750 discipuli
2753 657 2924 750 sancti
2953 656 3184 735 Martini,
3212 655 3303 727 qui
3326 654 3450 750 pejus
3483 663 3486 668 '

249 746 385 823 Cum
410 766 541 822 olim
571 767 624 820 in
656 764 892 821 Ecclesia
918 761 1281 833 unusquisque
1307 764 1546 832 cantaret
1569 795 1584 820 ,
1620 750 1764 823 quod
1797 765 1800 768 '
1871 761 2113 822 tempore
2132 751 2247 818 iuit,
2269 750 2335 806 de
2350 765 2415 806 eo
2431 751 2509 807 sic
2534 748 2818 805 scribitur:
2845 746 3184 819 Hieronymus
3200 748 3464 819 presbyter

210 859 394 915 volebat
417 855 752 912 Theodosius
777 855 1089 925 Imperator,
1117 860 1176 907 ut
1203 852 1274 906 ait
1297 848 1529 906 Joannes
1554 842 1761 910 Belcth,
1796 858 1801 864 ‘
1873 844 1990 914 ﬁdei
2019 845 2218 908 nterito,
2252 842 2461 912 doteque
2501 842 2739 895 uirtutum
2764 857 2865 895 non
2897 840 3062 894 solum
3099 839 3267 894 latinis
3307 847 3460 908 atque

214 953 466 1006 Damasum
494 948 690 1017 Papam
718 945 958 1017 rogavit,
987 955 1045 999 ut
1072 943 1227 999 alicui
1256 941 1369 996 viro
1394 941 1552 995 docto
1579 935 1766 991 Ecclc-
1797 947 1804 956 ‘
1875 933 2086 1003 ercis,
2106 937 2196 989 sed
2225 935 2374 989 etiam
2403 933 2663 988 htebraicis
2691 933 2762 987 ita
2788 931 2968 987 litteris
3000 931 3273 985 instructus
3290 938 3383 996 est,
3408 942 3463 983 ut

211 1040 456 1095 siasticum
487 1037 721 1092 ofﬁcium
748 1035 1102 1091 committeret
1127 1028 1499 1088 ordinandum.
1529 1027 1648 1096 Ipse
1674 1024 1769 1095 igi-
1800 1043 1804 1047 ·
1874 1043 1926 1083 sc
1956 1027 2033 1083 illi
2053 1029 2190 1082 onmi
2209 1029 2416 1083 scicntia
2441 1043 2584 1082 nemo
2610 1025 2796 1080 audeat
2825 1039 3138 1096 comparare.
3164 1023 3260 1078 Cui
3269 1023 3465 1095 jugitrr

212 1142 282 1185 tur
315 1129 484 1184 sciens
528 1127 904 1198 Hieronymum
943 1125 996 1180 in
1038 1125 1213 1196 lingua
1254 1121 1451 1186 latina,
1494 1131 1664 1189 grteca
1716 1123 1804 1170 et'
1873 1119 2114 1173 adversus
2165 1119 2327 1173 malos
2361 1135 2562 1191 pugna,
2597 1128 2985 1189 perpetuumque
3025 1126 3296 1172 certamen.
3330 1115 3468 1172 Ode-

212 1221 398 1276 bcbraea
442 1218 736 1290 perfectum
781 1217 848 1273 in.
881 1216 1119 1272 omnium
1162 1213 1419 1285 sapientia
1460 1224 1726 1266 summum
1752 1247 1768 1274 ,
1876 1209 2002 1263 rant
2047 1227 2158 1263 cum
2204 1211 2459 1276 Itwretici,
2487 1212 2605 1281 quia
2655 1227 2738 1265 eos
2785 1210 3080 1280 impugnare
3119 1225 3219 1264 non
3260 1209 3464 1265 desinit.
3499 1199 3502 1208 ’

211 1313 358 1368 eidem
407 1310 721 1382 praedictum
772 1309 1006 1366 ofﬁcium
1056 1306 1360 1364 committit.
1414 1303 1771 1374 Hieronymus
1882 1291 2108 1348 Oderunt
2135 1292 2259 1348 mali
2285 1293 2503 1361 Clerici,
2535 1294 2654 1364 quia
2682 1295 2836 1348 uitam
2858 1310 3030 1348 eorum
3058 1291 3393 1348 insectabatur
3420 1301 3469 1347 et

212 1403 348 1474 igitur
383 1401 698 1457 Psalterium
743 1415 838 1471 per
874 1399 1036 1456 ferias
1073 1396 1353 1459 distinxit,
1394 1402 1449 1450 et
1489 1392 1774 1461 unicuique
1805 1403 1809 1408 '
1877 1385 2091 1440 crimina
2113 1401 2132 1452 ;
2158 1384 2246 1442 sed
2271 1386 2420 1457 plane
2453 1385 2569 1440 boni
2591 1401 2763 1441 omnes
2789 1395 2835 1440 et
2865 1387 3141 1451 mirantur,
3162 1392 3208 1439 et
3229 1383 3466 1456 diligunt.

211 1472 334 1548 feriat
351 1492 679 1547 Nocturnum
709 1491 977 1562 proprium
1001 1487 1312 1558 assignavit,
1337 1494 1391 1543 et
1419 1482 1599 1540 Gloria
1625 1482 1775 1538 Patri
1807 1497 1813 1504 '
1882 1475 2022 1532 Nam
2036 1478 2122 1548 qui
2143 1493 2255 1532 eum
2275 1477 2562 1531 Ittcreticnm
2588 1493 2695 1532 esse
2727 1475 3342 1545 arbitrantur,insaniunt.
3367 1474 3473 1530 To-
3502 1472 3506 1490 ⁵

211 1586 257 1640 in
300 1586 398 1641 line
440 1583 725 1655 cujuslibet
773 1582 968 1638 Psalmi
1015 1580 1224 1636 dicendi
1273 1578 1518 1634 instituit.
1573 1575 1776 1632 Deinde
1883 1571 3082 1642 tussentperinlectione,totusinlibrisest;non
3103 1569 3310 1637 die,nan
3330 1567 3507 1623 nocte}

211 1677 454 1748 Epistolas
479 1718 494 1744 ,
525 1684 578 1732 et
608 1675 893 1745 Evangelia
922 1689 1018 1744 per
1044 1673 1170 1727 anni
1199 1671 1454 1727 circulum
1481 1669 1774 1725 decantan-
1883 1667 2091 1736 quiescit
2117 1681 2136 1720 :
2164 1674 2252 1719 aut
2273 1665 2390 1736 legit
2410 1665 2603 1738 aliquid
2622 1674 2936 1736 semper,aut
2963 1664 3156 1719 scribit.
3173 1662 3299 1719 llaec
3313 1661 3476 1718 che-
3503 1667 3506 1672 '

208 1769 283 1834 da,
309 1777 607 1838 czeteraque
633 1767 699 1820 ad
725 1765 960 1821 officium
991 1763 1309 1835 pertinentia
1341 1771 1534 1833 praeter
1558 1769 1774 1815 cantum
1882 1771 1998 1814 rus.
2017 1757 2082 1812 Et
2103 1759 2320 1813 sicutex
2337 1756 2418 1814 his
2431 1757 2606 1812 verbis
2619 1757 3051 1828 patet,sicutipse
3073 1763 3509 1826 smpetestalur,‘

208 1859 576 1914 rationabiliter
620 1857 901 1912 ordinavit.
943 1855 1188 1925 Misitque
1226 1853 1354 1908 illud
1396 1851 1465 1907 ad
1505 1864 1776 1906 summum
1813 1887 1816 1890 .
1885 1853 2086 1908 multos
2112 1838 2501 1923 persecutores,
2535 1858 2589 1907 et
2612 1851 2808 1906 multos
2837 1849 3168 1906 detractores
3190 1860 3480 1919 perpessus

211 1948 509 2004 Pontiﬁcem
535 1990 552 2016 ,
579 1957 635 2003 et
671 1947 741 2002 ab
779 1961 847 2003 eo
881 1955 936 2003 et
972 1944 1342 2001 Cardiualibus
1371 1943 1470 1999 luit
1495 1941 1654 1996 valde
1681 1955 1780 2011 ap—
1887 1951 1991 2000 est.
2031 1942 2176 2010 Quas
2219 1951 2397 1998 tamen
2430 1942 2854 2012 persecutiones,
2878 1954 3037 2012 quam
3065 1938 3293 1994 libenter
3319 1937 3480 1992 sustis

211 2041 497 2107 probatum,
523 2049 578 2096 et
607 2047 860 2109 perpetuo
896 2037 1334 2092 autenthicatutn.
1364 2035 1492 2091 Post
1526 2041 1701 2088 autem
1728 2031 1784 2087 in
1813 2057 1818 2060 ·
1888 2034 2090 2100 nuerit,
2118 2043 2264 2104 patet
2293 2050 2359 2089 ex
2392 2035 2526 2099 hoc,
2560 2032 2701 2103 quod
2747 2032 2829 2088 sic
2871 2032 3000 2088 dicit
3047 2031 3100 2086 in
3141 2029 3378 2100 Epistula
3414 2031 3479 2083 ad

128 2150 133 2155 ε
210 2143 290 2183 ore
312 2130 604 2201 speluncae,
634 2130 689 2184 in
715 2145 820 2201 qua
849 2129 1108 2184 Dominus
1129 2127 1276 2182 venit
1300 2135 1356 2182 et
1374 2125 1571 2196 jacuit,
1601 2123 1784 2177 Mona-
1811 2145 1816 2151 ι

207 2221 413 2275 sterium
445 2221 552 2277 sibi
579 2220 896 2284 construxit,
926 2218 1015 2274 ubi
1043 2216 1328 2287 completis
1356 2215 1641 2286 nonaginta
1666 2220 1788 2268 octo

207 2311 347 2365 annis
376 2320 433 2366 et
466 2326 563 2366 sex
586 2309 860 2365 mensibus
884 2309 1124 2378 sepultus
1149 2306 1266 2362 fuit.

266 2402 319 2457 ln
350 2411 560 2472 quanta
590 2402 888 2457 reverentia
915 2401 1244 2471 Augustinus
1267 2413 1389 2454 eum
1409 2397 1672 2464 habuerit,
1701 2411 1794 2468 pa-

208 2500 271 2546 tet
299 2493 354 2548 in
377 2493 666 2563 Epistolis,
692 2507 827 2561 quas
853 2491 954 2546 sibi
985 2491 1131 2546 misit
1159 2507 1172 2543 :
1199 2490 1252 2545 in
1290 2504 1394 2546 una
1432 2505 1657 2561 quarum
1704 2488 1794 2544 tali

209 2585 360 2640 modo
387 2587 442 2640 ei
475 2582 664 2639 scribit
691 2600 706 2635 :
738 2580 958 2636 Domino
983 2581 1324 2647 dilectissimo,
1339 2589 1386 2637 et
1401 2579 1539 2635 cultu
1557 2579 1794 2635 sinceris-

208 2677 334 2731 sima:
351 2665 632 2728 charitatis
649 2673 1131 2744 obseruando,atque
1141 2672 1522 2744 complectendo
1533 2671 1794 2743 Hierony-
1803 2675 1816 2698 -'

209 2781 278 2818 mo
294 2765 640 2836 Augustinus.
659 2764 800 2819 Alibi
827 2777 1039 2834 quoque
1053 2763 1122 2819 de
1147 2777 1213 2820 eo
1233 2764 1311 2819 sic
1334 2763 1518 2820 scribit
1541 2780 1555 2817 :
1576 2763 1796 2819 Sanctus

211 2855 555 2927 Hieronymus
578 2855 840 2926 presbyter
875 2870 1057 2927 grwco,
1085 2856 1258 2909 latino
1278 2855 1564 2910 et'htebrteo
1601 2855 1797 2923 eloquio

209 2950 455 3016 eruditus,
479 2950 534 3004 in
565 2950 689 3004 locis
711 2948 897 3003 sanctis
925 2959 1073 3019 atque
1095 2948 1148 3002 in
1175 2947 1354 3002 litteris
1377 2948 1532 3004 sacris
1556 2965 1710 3019 usque
1731 2948 1798 3002 ad

209 3041 517 3110 decrepitam
537 3039 664 3094 uixit
684 3047 885 3094 (etatem
905 3079 920 3104 ,
949 3041 1095 3110 cujus
1138 3038 1281 3094 nobis
1306 3038 1492 3108 eloquii
1514 3037 1575 3091 ab
1598 3038 1801 3094 Oriente

213 3131 260 3181 in
289 3130 620 3185 Occidentem
661 3129 822 3183 instar
847 3130 968 3184 solis
996 3130 1194 3199 lampas
1237 3129 1562 3199 resplenduit.
1606 3128 1801 3185 Beatus

212 3232 381 3278 autem
414 3237 646 3294 prosper
675 3222 727 3277 in
757 3223 867 3279 suis
893 3221 1173 3278 Chronicis
1197 3222 1274 3277 sic
1297 3222 1370 3277 ait
1399 3239 1414 3277 :
1445 3221 1791 3294 Hieronymus

1890 2125 2166 2181 Asellam:
2196 2123 2398 2180 Gratias
2441 2141 2538 2195 ago
2584 2123 2693 2179 Deo
2715 2166 2730 2190 ,
2756 2125 2875 2195 quia
2902 2125 3086 2196 dignus
3120 2139 3232 2177 sum
3261 2121 3480 2181 habitus,
3511 2125 3513 2128 ‘

1891 2235 2039 2291 quem
2062 2219 2220 2273 oderit
2246 2219 2500 2286 mundus,-
2530 2217 2815 2288 maleﬁcum
2855 2233 2935 2271 me
2974 2217 3204 2288 garriunt
3227 2257 3244 2284 ,
3268 2215 3356 2270 sed
3380 2213 3484 2268 scio

1893 2312 1963 2365 ad
2003 2326 2211 2381 regnum
2251 2309 2495 2380 perveniri
2537 2324 2626 2379 per
2667 2308 2930 2379 infantiam
2969 2316 3014 2362 et
3062 2306 3244 2362 bonam
3269 2306 3482 2376 famam.

1897 2401 2050 2470 Item,
2082 2401 2292 2457 Utinam
2344 2403 2421 2456 ob‘
2459 2399 2666 2455 Domini
2695 2401 2794 2454 mei
2817 2416 2998 2454 nomen
3040 2407 3189 2469 atque
3228 2397 3487 2468 justitiam

1896 2495 2131 2550 uniuersa
2171 2510 2252 2549 me
2289 2493 2571 2563 infidelium
2619 2491 2766 2546 turba
2804 2499 3149 2563 persequatur.
3185 2489 3392 2545 Utinam
3433 2489 3489 2542 in

1898 2585 2226 2658 opprobrium
2255 2600 2422 2638 meum
2443 2583 2655 2638 solidius
2682 2591 2892 2654 exurgat
2917 2582 2998 2637 hic
3019 2582 3236 2638 mundus
3253 2596 3272 2635 :
3293 2589 3488 2634 tantum

1900 2689 1956 2735 ut
1982 2695 2176 2734 merear
2195 2694 2227 2731 a
2256 2676 2458 2733 Christo
2481 2675 2723 2744 laudari,
2751 2683 2797 2730 et
2821 2689 2931 2730 sua:
2959 2674 3340 2747 pollicitationis
3368 2688 3488 2743 spe-

1899 2788 2017 2827 rare
2044 2768 2338 2825 mercedem.
2371 2768 2534 2824 Grata
2573 2767 2751 2839 itaque
2778 2779 2840 2821 ac
2869 2763 3219 2821 desideranda
3260 2772 3342 2819 est
3372 2771 3491 2818 ten-

1904 2865 2070 2930 tatio,
2098 2862 2251 2933 cujus
2302 2861 2581 2932 praemium
2635 2874 2664 2912 a
2709 2857 2928 2914 Christo
2975 2865 3357 2927 comparatur:
3391 2869 3492 2910 nec

1903 2955 2212 3011 maledictio
2239 2955 2418 3025 gravis
2444 2961 2549 3019 est,
2581 2967 2701 3022 quae
2729 2950 2963 3006 divinam
2995 2949 3205 3005 laudem
3232 2947 3488 3002 imitatur.
3519 2947 3541 2961 '°

1903 3045 2049 3102 Obiit
2103 3055 2282 3100 autem
2339 3043 2760 3114 prtenominatus
2815 3041 2878 3096 D.
2926 3040 3284 3111 Hieronymus
3349 3039 3492 3094 circa

1905 3138 2009 3194 An.
2039 3136 2252 3193 Domini
2277 3137 2445 3192 nostri
2469 3133 2600 3192 Jesu
2624 3133 2824 3190 Christi
2856 3131 2980 3189 598.
3013 3131 3181 3188 Finis.

970 3471 1132 3544 ΕΧ-
1164 3471 1419 3544 ALIO
1467 3472 1705 3545 COD.
1762 3473 2418 3549 AMBROSIAN.
2473 3475 2547 3547 Ι.
2597 3475 2809 3547 LIII.

1060 3627 1573 3690 TRANSLATIO
1607 3627 1999 3691 CORPORIS
2042 3628 2105 3690 S.
2150 3629 2636 3691 HIERONYMI.

312 3790 644 3846 ρυΑιιτειι
686 3787 915 3833 οοιιιιυε
958 3789 1021 3832 1).
1069 3789 1431 3833 BIERONYMI
1472 3790 1778 3836 DELATUM
1823 3791 1837 3834 1

1917 3792 1940 3834 l‘
1983 3789 2237 3848 ROMAM,
2285 3792 2367 3836 ΕΤ
2410 3793 2474 3837 IN
2521 3791 2806 3835 BASILICA
2848 3792 3071 3834 REATE
3117 3789 3392 3835 VIBGINIS

765 3891 984 3935 MABLE
1028 3891 1192 3934 ANTE
1235 3891 1532 3936 PRESEPE
1576 3891 1808 3935 DOMINI
1851 3891 2274 3938 DEVOTISSIME
2320 3894 2472 3936 FUIT
2515 3891 2952 3937 COLLOCATUM.

285 4176 434 4233 lnter
487 4175 792 4232 laudabiles
836 4175 1236 4247 praerogativas,
1293 4190 1428 4247 quas
1480 4179 1814 4236 reverentius

222 4268 374 4325 almae
426 4270 565 4327 Urbi
611 4269 789 4324 divina
843 4269 1126 4324 clementia
1180 4271 1409 4325 contulit
1450 4270 1810 4340 abundanter,

214 4373 444 4430 corpora
477 4360 871 4431 prmcipuorum
899 4355 1277 4428 ApoStolorum
1305 4361 1512 4418 scilicet
1551 4362 1693 4418 Petri
1717 4404 1732 4428 ,
1760 4372 1816 4419 et

224 4451 388 4517 Pauli,
441 4453 704 4524 Philippi,
745 4462 801 4509 et
837 4451 1041 4520 Jacobi,
1076 4453 1450 4511 Bartltolomati
1485 4465 1646 4525 atque
1677 4456 1815 4512 Mat-

224 4543 365 4610 thiae,
393 4547 657 4616 Symonis
683 4545 923 4611 etJudte,
950 4561 1050 4602 nec
1091 4562 1196 4602 non
1231 4549 1585 4616 pretiosorum
1615 4549 1812 4622 Marty-

224 4648 358 4699 rum,
413 4636 826 4702 Conlessorutn,
875 4635 1148 4706 Virginum
1187 4637 1252 4692 ad
1289 4639 1568 4694 tuitionem
1617 4639 1816 4696 tinnis-

222 4727 408 4780 simatn
434 4769 452 4793 ,
509 4734 568 4782 et
607 4726 831 4796 gloriam
886 4739 1193 4796 perpetuam
1248 4728 1621 4798 possidendam
1652 4771 1669 4796 ,
1714 4731 1816 4786 sibi

224 4817 450 4880 praebuit
480 4818 790 4873 exultanter
828 4836 841 4872 :
889 4834 1116 4888 quorum
1146 4819 1532 4889 potentissimis
1555 4820 1818 4893 suﬂ'ragiis

237 4909 603 4978 entporaliter
629 4909 963 4978 magniﬁcata
978 4909 1202 4977 eniteat,
1225 4921 1278 4966 et
1307 4911 1374 4965 ab
1402 4920 1602 4966 aeterna
1620 4911 1817 4980 jucun-

233 4995 386 5054 litatc
425 5000 744 5071 perenniter
783 4999 834 5054 in
861 5001 1169 5058 caelestibus
1197 5001 1429 5072 gloriosa
1452 5001 1814 5071 resplendeat.

235 5086 362 5145 'ntcr
410 5108 554 5163 quos
598 5092 792 5147 Beatus
821 5091 1175 5164 Hieronymus
1219 5094 1413 5148 Doctor
1455 5093 1702 5164 egregius
1733 5092 1816 5149 lo-

230 5192 337 5235 :unt
364 5183 720 5254 magniﬁcum
751 5184 802 5236 in
834 5184 1109 5253 pra-libata
1135 5184 1274 5253 apud
1309 5185 1587 5239 Basilicam
1621 5200 1816 5256 perpe-

230 5275 320 5327 ‘tnc
347 5273 595 5344 Virginis
616 5273 817 5338 Marire,
844 5290 963 5345 qua:
993 5275 1208 5344 ponitur
1227 5276 1292 5331 ad
1322 5277 1588 5347 Praesepe,
1623 5278 1819 5332 meruit

195 5431 199 5434 ι
229 5361 495 5420 ›ι›ιίιιει·ε.
524 5363 598 5420 Ut
625 5363 676 5419 itt
706 5364 868 5434 ipsius
899 5365 1063 5436 regali
1087 5365 1246 5421 domo
1272 5368 1550 5424 decentius
1579 5369 1822 5438 quiesce-

219 5463 318 5519 ret,
353 5470 530 5526 quam
563 5455 615 5510 in
647 5458 752 5509 vita
776 5457 1070 5527 magniﬁcis
1095 5467 1147 5512 et
1182 5459 1543 5517 devotissimis
1575 5461 1820 5518 laudibus

217 5537 426 5602 studuit
457 5548 815 5605 excellentius
835 5551 1215 5606 commendare
1246 5552 1498 5610 ﬁdeliter.

289 5635 554 5704 Qualiter
583 5639 762 5708 itaque
796 5654 992 5711 corpus
1022 5641 1262 5712 ejusdem
1288 5644 1549 5700 mirabilis
1577 5646 1821 5704 Doctoris

215 5741 245 5779 a
273 5727 569 5788 Bethleem
591 5769 606 5791 ,
637 5727 724 5782 ubi
756 5732 1020 5799 sepultum
1057 5728 1247 5798 fuerat,
1292 5733 1358 5788 ad
1408 5733 1676 5803 praefatam
1707 5739 1822 5808 glo-

215 5830 376 5876 Ποεω
403 5819 645 5892 Virginis
670 5820 842 5877 aulam
869 5822 1101 5880 delatum
1122 5823 1298 5890 fuerit,
1326 5825 1459 5884 sicut
1485 5830 1744 5900 asanctis,
1766 5840 1820 5888 ct

1805 4018 1952 4076 QEO

1924 4179 2168 4236 honestis
2193 4178 2491 4250 Episcopis,
2519 4187 2573 4235 et
2601 4178 2669 4234 ab
2701 4178 3092 4252 antiquioribus
3127 4178 3374 4236 Patribus
3399 4219 3412 4244 ,
3445 4188 3502 4236 et

1919 4271 2300 4328 Sacerdotibus
2358 4272 2524 4328 Deum
2570 4271 2878 4328 timentibus
2928 4255 3226 4328 assertione
3275 4271 3508 4328 veridica

1920 4364 2245 4436 accepimus,
2269 4363 2336 4420 ad
2369 4365 2580 4421 laudem
2607 4365 2776 4436 ipsius
2801 4365 3098 4420 beatissimi
3118 4365 3266 4420 brevi
3291 4363 3508 4434 quidem

1921 4471 2169 4512 sermone
2196 4472 2318 4511 cum
2347 4457 2706 4512 delectatione
2729 4455 3031 4528 legentibus
3059 4455 3375 4512 referamus.
3402 4456 3510 4527 lgi-

1923 4554 2009 4600 tur
2037 4556 2315 4616 postquam
2347 4547 2433 4600 illa
2461 4555 2643 4602 sancta
2677 4547 2864 4601 civitas
2891 4545 3221 4602 Hierusalem
3244 4587 3260 4613 ,
3291 4555 3511 4618 propter

1925 4647 2140 4707 peccata
2169 4638 2495 4700 mortalium,
2524 4637 2894 4703 sanctissimis,
2936 4639 3042 4692 imo
3068 4638 3274 4695 cunctis
3312 4641 3512 4696 mansit

1923 4729 2107 4783 orbata
2138 4729 2399 4799 reliquiis,
2429 4728 2545 4782 solo
2574 4727 2861 4783 venerandi
2888 4728 3120 4784 doctoris
3141 4743 3367 4801 corpore
3393 4746 3513 4786 ma-

1923 4827 2202 4875 nente.....
2230 4820 2294 4874 ad
2319 4820 2650 4890 magniﬁcam
2678 4821 2886 4886 urbem,
2907 4822 3045 4877 unde
3065 4823 3212 4892 prius
3227 4823 3516 4881 cardinalis

1925 4919 2256 4979 recesserat,
2285 4928 2438 4967 suum
2487 4927 2684 4983 corpus
2729 4914 3125 4970 sanctissimum
3156 4918 3438 4985 reportari,
3463 4927 3519 4974 et

1928 5005 1978 5059 in
2010 5003 2262 5074 praedicta
2309 5003 2471 5061 domo
2500 5004 2787 5062 Genitricis
2827 5008 3087 5064 Altissimi
3135 5010 3508 5067 venerabiliter

1927 5096 2112 5150 locari.

1996 5189 2255 5257 Apparuit
2282 5189 2492 5246 cuidam
2520 5192 2859 5249 sanctissimo
2891 5195 3157 5251 monacho
3195 5198 3248 5252 in
3279 5197 3517 5265 partibus

1927 5279 2286 5335 ultramat-inis
2335 5285 2605 5348 manenti,
2634 5287 2717 5340 cui
2767 5287 2995 5356 placido,
3019 5298 3075 5344 et
3111 5288 3252 5344 dulci
3275 5291 3514 5353 oraculo,

1927 5371 2132 5442 inquit,
2157 5372 2345 5428 Frater
2391 5375 2617 5431 amande
2637 5418 2650 5442 ,
2682 5388 2738 5432 et
2765 5380 2816 5433 in
2859 5379 3064 5434 caelesti
3105 5381 3278 5450 gloria.
3307 5396 3516 5436 mecum

1928 5461 2171 5531 locando,
2201 5467 2341 5522 scias
2363 5483 2447 5524 me
2467 5455 2589 5523 eum
2620 5470 2822 5526 auxilio
2849 5471 3066 5542 Reginae
3089 5471 3322 5528 caelestis
3347 5485 3377 5522 a
3405 5471 3516 5524 Deo

1927 5555 2262 5625 impetrasse,
2280 5568 2334 5614 ut
2353 5574 2550 5630 corpus
2575 5576 2754 5616 meum
2784 5564 2895 5617 suis
2921 5561 3212 5627 laboribus,
3235 5569 3292 5616 et
3317 5575 3519 5629 expen-

1926 5649 2002 5702 sis
2025 5649 2222 5705 debeas
2251 5653 2608 5718 extumulare,
2639 5663 2693 5708 et
2722 5652 2945 5708 Romam
2975 5662 3172 5722 quanto
3196 5652 3352 5708 citius
3375 5653 3515 5707 inte-

1929 5741 2159 5810 gralitcr,
2190 5751 2245 5796 et
2272 5741 2462 5798 devote
2491 5754 2735 5813 portare,
2759 5753 2814 5799 et
2845 5744 3060 5814 januam
3091 5743 3234 5798 illius
3275 5743 3519 5799 beatissi-

1932 5849 2032 5890 ma:
2067 5843 2264 5904 cryptae
2285 5876 2299 5902 ,
2325 5851 2444 5906 qua:
2488 5836 2554 5890 ad
2592 5853 2814 5908 prwsepc
2859 5835 3065 5891 Domini
3094 5835 3385 5908 appellatur
3407 5877 3422 5904 ,
3459 5837 3515 5890 iu
