4052 6338
485 482 692 540 tumulo
719 477 908 536 humili
957 485 1204 548 satagens
1233 474 1495 532 collocare
1514 514 1530 541 ,
1559 483 1618 530 ut
1661 488 1856 544 corpus
1890 484 2070 528 meum

483 576 539 633 in
575 580 758 630 sancta
789 569 877 626 illa
907 569 1133 625 Basilica
1163 567 1484 624 dulcissimae
1511 565 1730 636 Regina:
1761 563 2068 627 adhmreat,

490 679 653 737 quam
705 662 892 720 vivens
942 662 1010 718 ab
1063 657 1286 715 infamia
1336 671 1458 713 mea
1503 655 1690 723 dilexi,
1724 653 2072 724 injuventute

480 754 732 828 qumsivi,
750 763 804 812 et
829 753 885 810 in
910 760 1185 810 senectute
1202 750 1325 807 totis
1345 747 1565 812 viribus,
1583 746 1706 800 licet
1722 743 2070 810 insufficiens,

479 846 802 915 praedicavi,
834 854 890 902 et
912 859 1080 916 usque
1121 843 1187 897 ad
1224 842 1382 897 finem
1413 852 1590 895 meum
1618 837 1754 908 piis,
1786 843 1840 891 et
1875 834 2074 890 sanctis

481 939 883 1010 Scripturarum
906 934 1226 993 testimoniis
1252 929 1574 988 collaudavi.

553 1030 837 1099 Quumque
863 1028 953 1082 ille
999 1026 1162 1082 homo
1185 1034 1403 1080 sanctus
1435 1020 1556 1074 talia
1583 1033 1613 1073 a
1661 1018 1721 1072 Β.
1747 1016 2074 1086 Hieronymo

481 1121 576 1176 illa
605 1121 908 1176 visitatione
931 1116 1206 1182 audisset,
1238 1111 1471 1170 surrexit
1517 1123 1743 1180 propere
1765 1148 1781 1174 ,
1812 1115 1868 1162 et
1895 1105 1961 1160 ad
1987 1105 2075 1161 lo-

481 1228 604 1271 cum
631 1210 893 1277 accessit,
923 1217 978 1265 et
1026 1215 1180 1268 caute
1224 1203 1433 1260 duobus
1475 1201 1637 1260 sociis
1673 1195 2071 1265 comitantibus,

481 1303 853 1360 beatissimum
909 1314 1105 1371 corpus
1135 1297 1387 1362 sustulit,
1432 1294 1557 1350 miri
1587 1293 1768 1350 odoris
1796 1290 2073 1362 flagrantia

481 1394 681 1452 ibidem
699 1393 1047 1450 exuberante.
1064 1390 1283 1446 Occulte
1299 1387 1366 1443 ad
1395 1385 1606 1457 propria
1625 1383 1804 1450 rediit,
1820 1396 1888 1438 ne
1913 1395 2072 1438 scan-

480 1486 660 1544 dalum
710 1486 765 1542 in
812 1485 945 1540 locis
986 1483 1093 1539 illis
1139 1487 1474 1538 exeresceret
1501 1495 1514 1533 :
1546 1483 1811 1532 secretum
1863 1472 2070 1538 tenuit,

481 1579 657 1634 donec
683 1577 749 1632 ad
797 1576 996 1632 Urbem
1018 1615 1034 1640 ,
1062 1574 1201 1630 sicut
1228 1576 1544 1643 poposcerat
1574 1567 1804 1624 Sanetus
1822 1607 1837 1632 ,
1865 1563 2074 1620 veniret

481 1670 746 1727 devotius.
768 1667 833 1723 Et
857 1670 979 1738 quia
999 1666 1110 1737 jam
1136 1665 1310 1720 dictus
1336 1661 1626 1719 Monachus
1646 1658 1846 1716 Christi
1869 1655 2072 1712 ﬁdelis-

481 1764 652 1819 simus
672 1777 703 1818 a
731 1761 790 1818 S.
822 1761 1149 1831 Hieronymo
1173 1757 1592 1823 intellexerat,ut
1612 1754 1665 1809 in
1689 1751 1881 1808 talibus
1909 1765 2074 1822 popu-

481 1854 625 1910 lares
645 1855 840 1909 vitaret
869 1867 1026 1907 auras
1054 1849 1349 1920 obsequiis,
1374 1861 1441 1903 ne
1484 1861 1516 1900 a
1557 1843 1718 1900 Curia
1761 1841 2074 1897 minoratio-

481 1961 608 2002 nem
628 1960 844 2002 suarum
874 1943 1218 2016 reliquiarum
1244 1941 1474 2011 aliquam
1505 1945 1800 2010 pateretur,
1828 1935 1896 1991 ad
1925 1933 2123 2016 Basi-J

482 2037 642 2093 licam
667 2050 815 2106 saepe
840 2035 1035 2091 dictam
1077 2048 1197 2090 cum
1242 2031 1452 2087 duobus
1481 2029 1586 2084 illis
1615 2028 1798 2091 sociis,
1829 2026 2073 2082 clanculo

480 2128 551 2185 de
582 2136 741 2186 nocte
770 2128 1010 2194 veniens,
1032 2126 1165 2181 solis
1183 2122 1469 2181 Cauonicis
1496 2121 1661 2192 ipsius
1675 2120 1812 2176 aulae
1835 2120 2069 2174 existen-

479 2219 662 2287 tibus,
693 2226 750 2276 et
795 2227 902 2275 tam
949 2217 1133 2282 corde,
1165 2230 1322 2287 quam
1366 2222 1580 2280 mente,
1609 2211 1874 2268 submissa
1915 2225 2068 2279 voce,

479 2309 666 2366 laudes
697 2309 825 2377 Deo,
856 2317 911 2364 et
937 2308 996 2363 Β.
1029 2307 1234 2378 Virgini
1271 2304 1651 2364 develissimas
1691 2302 2068 2370 referentibus,

480 2403 623 2458 inter
654 2403 931 2458 columnas
972 2401 1215 2458 Basilicae
1237 2439 1253 2467 ,
1293 2409 1344 2456 et
1383 2398 1601 2470 januam
1631 2396 1886 2468 praesepis
1913 2395 2070 2467 plena

481 2496 678 2551 mentis
706 2495 978 2566 vigilantia
1004 2484 1270 2564 sepelivit.

554 2585 612 2642 In
635 2601 740 2656 quo
767 2585 1057 2655 sepultura:
1079 2584 1254 2639 ofﬁcio
1298 2582 1554 2640 nominati
1581 2580 1793 2653 quidem
1818 2579 2070 2636 Canonici

484 2692 608 2732 cum
635 2675 920 2742 monacho,
952 2683 1007 2732 et
1055 2674 1214 2730 sociis
1257 2673 1369 2729 suis
1419 2671 1626 2728 duobus
1649 2712 1664 2739 ,
1697 2669 2072 2727 inenarrabilis

481 2769 665 2824 odoris
680 2769 996 2825 suavitatem
1012 2773 1318 2832 senserunt,
1341 2774 1394 2821 et
1417 2764 1708 2830 claritatem
1731 2763 2069 2830 immensam,

481 2876 640 2931 quam
682 2860 735 2916 in
784 2859 972 2915 eadem
1019 2858 1247 2914 Basilica
1274 2871 1543 2928 nunquam
1594 2855 1872 2921 viderant,
1901 2854 2072 2910 beatis

468 2955 651 3012 .oculis
680 2966 1099 3028 conspexerunt.
1147 2953 1346 3010 Aderat
1390 2968 1622 3025 namque
1657 2953 1942 3024 sepultura:
1968 2950 2066 3006 do-

1491 354 1849 424 EUSEBIUS,
1890 353 1982 411 DE
2019 351 2257 412 MORTE
2295 351 2692 414 HIERONYMI.

3659 367 3776 427 2&0

2171 467 2403 538 'ctissimi
2434 470 2755 540 laudatoris,
2771 468 2825 528 et
2844 471 3174 531 devotissimi
3189 475 3272 532 sui
3299 474 3610 550 Hieronymi
3638 481 3766 540 luna

2178 559 2438 628 lucidior,
2466 570 2519 617 et
2548 562 2664 618 sole
2688 563 3052 635 splendidior,
3075 567 3326 624 omnibus
3362 568 3768 629 adornamentis

2176 655 2413 720 suavior,
2435 656 2575 710 rosis
2601 665 2654 712 et
2682 658 3003 715 convallium
3034 661 3274 732 mysticis
3299 662 3492 719 vallata
3517 666 3772 735 pretiosis

2178 746 2306 802 liliis
2331 788 2346 813 ,
2372 747 2799 836 splendidissima
2826 751 2989 822 Virgo
3029 752 3229 821 Maria,
3265 769 3384 825 quae
3406 766 3600 813 cuncta
3625 774 3770 830 pratb

2178 838 2342 895 missa
2365 838 2432 894 ad
2454 840 2711 897 honorem
2746 842 2828 898 sui
2858 843 3188 914 ﬁdelissimi,
3213 855 3268 901 et
3287 846 3353 902 ad
3383 849 3773 919 possidendum

2177 929 2523 1000 ineffabilem,
2552 948 2710 1003 quam
2741 934 2852 1005 ipse
2875 945 3145 992 meruerat
3169 979 3183 1002 ,
3210 939 3434 1008 gloriam
3478 944 3768 1014 sempiter-

2178 1037 2302 1078 nam
2331 1021 2641 1079 dulcissima
2692 1025 2915 1082 Domina
2943 1027 3265 1084 ministravit
3295 1047 3308 1082 :
3339 1030 3452 1101 ipsa
3495 1048 3589 1101 per
3614 1033 3769 1092 Salo-

2178 1128 2392 1170 monem
2435 1114 2504 1170 de
2546 1128 2606 1170 se
2648 1115 2762 1185 ipsa
2808 1116 3120 1187 perhibente
3161 1134 3324 1176 suave
3375 1122 3772 1196 testimonium,

2183 1205 2285 1274 Qui
2312 1205 2532 1262 elucidat
2557 1223 2660 1276 me,
2692 1208 2843 1262 vitam
2872 1219 3113 1266 (sternam
3140 1213 3434 1283 possidebit.

2249 1299 2432 1356 Gaude
2457 1301 2655 1373 itaque,
2678 1302 2866 1359 doctor
2890 1303 3051 1360 Beate
3071 1345 3088 1372 ,
3109 1306 3284 1375 gaude
3318 1315 3373 1362 et
3398 1309 3579 1365 exulta
3598 1353 3612 1373 ,
3639 1310 3774 1368 Jesu

2177 1390 2377 1447 Christi
2419 1395 2631 1462 amice,
2681 1394 2734 1450 in
2783 1397 3005 1451 caritate
3043 1411 3168 1452 vera
3220 1395 3623 1470 fundate,quia
3681 1404 3766 1458 illa

2177 1483 2490 1541 dulcissima
2529 1485 2673 1554 cteli,
2697 1495 2751 1542 et
2781 1487 2964 1542 mundi
3014 1487 3216 1557 Regina
3243 1529 3259 1553 ,
3290 1505 3447 1560 quam
3495 1493 3686 1548 vivens
3714 1495 3766 1550 in

2177 1578 2377 1633 saeculo
2403 1577 2679 1633 immensis
2702 1577 2968 1646 laudibus,
2996 1586 3053 1633 et
3095 1580 3344 1650 pretiosis
3369 1583 3765 1652 praedicationis

2178 1667 2280 1726 bus
2294 1668 2593 1736 elucidasti,
2621 1669 2671 1724 in
2689 1677 2777 1724 tuo
2795 1678 2847 1726 te
2864 1670 3092 1725 adventu
3118 1671 3436 1728 mirabiliter
3463 1675 3768 1745 honoravit,

2176 1774 2358 1816 coram
2397 1759 2578 1830 judice
2607 1769 2791 1815 nostro
2838 1760 2929 1816 illo
2965 1775 3199 1832 superno
3242 1765 3611 1833 aequanimiter
3656 1784 3767 1822 ma-

2177 1853 2464 1926 gniﬁcavit,
2497 1863 2551 1912 et
2573 1854 2626 1910 in
2643 1856 2846 1912 caelesti
2867 1856 3064 1928 palatio
3083 1871 3202 1913 cum
3224 1858 3440 1929 Angelis
3455 1869 3510 1916 et
3526 1859 3773 1917 Arcban-

2176 1947 2314 2018 gelis
2341 1947 2644 2018 perenniter
2668 1948 2966 2014 coronavit,
2994 1949 3220 2020 atquein
3246 1949 3342 2004 hac
3368 1964 3462 2006 sua
3489 1952 3653 2022 regali
3675 1994 3689 2018 ,
3713 1962 3768 2008 et

2176 2037 2300 2094 aula
2329 2038 2557 2109 pretiosa
2597 2037 2772 2094 locum
2803 2037 3053 2094 idoneum
3108 2039 3318 2095 tandem
3349 2041 3439 2095 tibi
3480 2041 3765 2097 honorabi-

2179 2128 2303 2184 liter
2345 2130 2682 2200 praeparavit.
2731 2129 3014 2186 Poscimus
3057 2130 3217 2186 etiam
3261 2141 3312 2186 te
3352 2142 3766 2204 consequenter,

2178 2221 2498 2279 Venerande
2539 2231 2592 2278 et
2631 2223 2946 2278 Beatissime
2978 2221 3204 2294 Virginis
3231 2224 3512 2292 sacerdos,
3528 2241 3630 2281 nos
3653 2235 3771 2282 tan-

2179 2324 2248 2372 ta:
2271 2324 2326 2372 et
2342 2315 2590 2386 gloriosae
2619 2316 2872 2386 Virginis,
2895 2325 2950 2373 et
2976 2325 3078 2373 tuze
3099 2317 3394 2373 sanctitatis
3421 2359 3434 2381 .
3463 2317 3587 2374 licet
3625 2318 3768 2374 indi-

2177 2409 2290 2480 gni,
2320 2419 2498 2464 tamen
2519 2407 2741 2474 assidui,
2768 2417 2823 2463 et
2841 2407 3168 2464 devotissimi
3218 2407 3519 2464 laudatores
3537 2451 3553 2476 ,
3580 2419 3768 2480 quate-

2178 2515 2282 2556 nus
2306 2540 2321 2565 ,
2350 2499 2486 2554 sicut
2515 2513 2614 2553 nos
2654 2507 2802 2554 tuum
2841 2500 3259 2554 sacratissimum
3304 2513 3500 2570 corpus
3537 2500 3776 2557 assiduis

2178 2590 2426 2648 laudibus
2441 2591 2843 2660 magniﬁcamus
2862 2591 2914 2646 in
2943 2590 3118 2656 terris,
3139 2591 3218 2646 sic
3234 2591 3338 2646 tuis
3364 2592 3612 2661 precibus
3641 2592 3766 2648 Sal-

2180 2682 2354 2737 vatori
2378 2690 2564 2738 nostro
2593 2696 2691 2738 nos
2717 2692 3028 2752 peccatores
3057 2683 3344 2738 efficaciter
3365 2683 3682 2740 commenda
3711 2685 3770 2739 in

2178 2773 2353 2834 cmlis.
2393 2772 2514 2844 Ipso
2569 2772 2920 2838 concedente,
2942 2773 3031 2842 qui
3081 2782 3164 2828 est
3213 2787 3374 2842 super
3405 2776 3584 2830 omnia
3627 2775 3771 2831 Deus

2179 2865 2490 2923 benedictus
2517 2865 2572 2920 in
2597 2864 2793 2923 saecula
2818 2867 3158 2923 steculorum.
3187 2867 3379 2922 Amen.

487 3063 3751 3123 Μ

1583 3158 2635 3275 annum-1'10
2718 3270 2726 3282 η

1389 3309 1506 3372 DE
1564 3307 2257 3384 SUBSEQ‘UENTE
2315 3306 2840 3370 OPUSCULO.

2053 3406 2186 3462 ³150ὶέ

479 3507 664 3576 Istud,
692 3515 742 3564 et
779 3522 895 3578 qua:
913 3505 1282 3579 subsequuntur
1327 3504 1428 3559 duo
1479 3505 1759 3576 opuscula,
1805 3513 2062 3559 auctorem

551 3602 733 3657 habere
745 3600 1028 3656 Damasum
1057 3593 1510 3668 Portuensem,qui
1531 3599 1620 3652 sub
1648 3597 1767 3651 noni
1798 3597 1972 3651 surculi
1993 3596 2061 3660 ﬁ-

552 3711 666 3749 nem
691 3693 953 3748 Romanus
982 3692 1223 3762 Pontifex
1250 3699 1445 3746 creatus
1475 3699 1570 3754 est,
1594 3706 1743 3758 seque
1765 3687 2070 3742 Formosum

551 3786 848 3850 nominavit,
871 3783 1104 3838 Oudinus
1123 3782 1368 3853 singulari
1391 3781 1454 3835 de
1479 3782 1586 3852 ejus
1614 3779 1724 3833 Vita
1753 3789 1900 3849 atque
1928 3777 2069 3848 Ope-

550 3878 692 3933 ribus
722 3877 1088 3933 Dissertatt'one
1115 3876 1388 3930 contendit.
1424 3873 1546 3929 Non
1572 3883 1737 3927 tamen
1775 3874 1885 3941 eius
1914 3888 2073 3942 argu-

551 3977 722 4025 menta
749 3985 906 4038 usque
949 3969 1076 4023 adeo
1107 3967 1235 4022 bona
1261 3968 1364 4022 visa
1390 3975 1506 4020 sunt
1529 4007 1542 4029 ,
1580 3974 1631 4018 et
1653 3966 1850 4036 gravia,
1877 3975 1931 4017 ut
1964 3979 2072 4017 rem

552 4063 939 4136 persuadeant;
959 4063 1094 4131 quod
1127 4062 1258 4114 enim
1282 4061 1368 4114 ille
1387 4058 1634 4129 singulari
1663 4059 1798 4111 cultu
1857 4058 1918 4112 S.
1947 4055 2073 4110 Hie-

550 4170 758 4224 nymum
806 4161 1208 4223 prosequentur,
1247 4167 1394 4220 seque
1433 4149 1577 4203 vellet
1620 4149 1730 4218 ejus
1767 4146 2072 4214 discipulum

551 4246 606 4300 in
634 4243 862 4297 doctrina
887 4242 1081 4306 haberi,
1109 4241 1284 4294 evincit
1313 4240 1468 4311 fuisse
1492 4239 1640 4292 etiam
1676 4236 1906 4290 absurdis
1929 4251 2071 4288 eom-

551 4335 734 4391 mentis
779 4351 926 4389 usum
951 4376 966 4400 ,
991 4333 1059 4386 ad
1096 4333 1150 4385 id
1174 4371 1190 4398 ,
1215 4332 1351 4402 quod
1391 4328 1661 4396 affectabat
1684 4369 1699 4395 ,
1722 4327 2069 4382 obtinendum.

551 4427 802 4484 Erasmus
841 4436 886 4481 et
923 4423 1223 4481 Criticorum
1262 4422 1391 4491 ﬁlii,
1421 4420 1489 4474 ad
1516 4435 1728 4489 quorum
1771 4418 1878 4473 hac
1901 4433 2075 4472 censo-

550 4521 683 4575 riam
710 4518 957 4590 virgulam
984 4515 1242 4580 devenere,
1269 4513 1400 4567 nihil
1426 4529 1532 4566 esse
1563 4510 1834 4564 admonent
1851 4551 1867 4579 ,
1893 4510 1946 4564 in
1973 4523 2074 4580 quo

465 4603 468 4606 ’
554 4614 795 4668 horarum
824 4612 981 4666 ullam
1008 4619 1198 4682 partem
1225 4609 1336 4680 quis
1361 4605 1594 4662 collocat.

697 4745 1048 4812 EUSEBIUS,
1083 4745 1177 4803 DE
1203 4743 1446 4806 MORTE
1484 4740 1861 4799 lllERONYMl

1093 4873 1162 4914 AD
1201 4873 1445 4913 DAIIASUI
1454 4899 1467 4912 .

488 4969 641 5029 Patri
690 4969 1124 5026 Reverendissimo
1179 4967 1406 5023 Damaso
1463 4967 1732 5023 Parmensi
1779 4965 2034 5036 Episcopo
2055 4981 2074 5020 :

561 5073 610 5118 et
634 5061 1065 5118 Christianissimo
1107 5059 1392 5114 Theodosio
1437 5057 1783 5112 Romanorum
1816 5055 2075 5122 Senatori,

560 5157 814 5212 Eusebius
884 5155 1006 5208 olim
1046 5152 1346 5223 Hieronymi
1419 5150 1722 5206 sanctissimi
1774 5148 2077 5218 discipulus,

561 5264 699 5303 nunc
738 5262 853 5301 vero
897 5245 1071 5300 eodem
1119 5245 1326 5298 orbatus
1357 5242 1584 5310 lumine,
1614 5241 1754 5312 pium
1780 5239 2005 5296 dolerent
2031 5249 2080 5294 et

559 5338 914 5393 suavissimum
938 5335 1203 5406 gaudium.

559 5431 691 5487 (In.
747 5430 786 5485 l.
836 5426 1175 5484 Multifariam
1228 5424 1514 5497 multisque
1565 5422 1738 5480 modis
1782 5423 1908 5479 olim
1939 5422 2082 5479 Deus

489 5528 705 5583 locutus
747 5533 830 5580 est
870 5519 1118 5577 omnibus
1148 5518 1303 5574 nobis
1347 5535 1441 5591 per
1487 5533 1639 5574 suum
1676 5517 2080 5574 dilectissimum

492 5619 661 5676 ﬁlium
687 5625 930 5674 sanctum
957 5615 1361 5686 Hieronymum,
1387 5613 1456 5670 de
1482 5613 1770 5684 Scripturis
1790 5611 1989 5667 sanctis
2027 5611 2080 5666 in

490 5711 778 5767 virtutibus
796 5719 850 5767 et
875 5707 1133 5781 prodigiis
1157 5707 1360 5775 multis,
1385 5723 1504 5778 qua:
1523 5721 1618 5779 per
1643 5705 1789 5760 illum
1821 5703 1945 5760 fecit
1969 5703 2084 5774 ipse

495 5801 753 5862 Dominus
793 5801 848 5862 in
876 5799 1054 5866 medio
1083 5799 1249 5860 nostri
1271 5842 1286 5873 ,
1307 5800 1442 5860 sicut
1475 5814 1570 5860 vos
1595 5799 1742 5859 scitis
1764 5841 1780 5871 ,
1807 5796 1876 5857 de
1900 5810 2006 5870 quo
2029 5805 2083 5856 ct

2171 3513 2335 3560 testes
2359 3518 2564 3571 smnus,
2597 3501 2687 3574 qui
2716 3517 2838 3560 eum
2866 3501 3116 3569 vidimus,
3134 3511 3190 3558 et
3213 3504 3384 3560 oculis
3413 3505 3612 3560 nostris
3649 3507 3767 3577 ejus

2167 3596 2503 3652 sanctitatem
2536 3596 2948 3666 perspeximus:
2975 3603 3031 3650 et
3076 3609 3266 3650 manus
3306 3606 3502 3652 nostra:
3545 3607 3766 3655 contre-

2176 3697 2457 3744 ctaverunt
2497 3687 2565 3744 de
2595 3687 2759 3744 verbo
2789 3688 2904 3758 ejus
2925 3688 3160 3743 scientiae
3187 3697 3241 3744 et
3266 3687 3539 3754 doctrinm,
3571 3691 3768 3759 quibus

2173 3782 2278 3836 vita
2309 3781 2646 3837 manifestata
2668 3788 2771 3837 est.
2797 3781 2950 3850 Quod
2974 3795 3103 3851 ergo
3131 3781 3360 3837 vidimus
3386 3791 3441 3838 et
3463 3781 3767 3839 audivimus

2174 3873 2558 3929 annuntiamus
2597 3872 2772 3929 vobis.
2803 3871 3032 3928 Eramus
3058 3872 3202 3927 enim
3239 3882 3482 3942 tanquam
3511 3887 3641 3928 oves
3675 3890 3767 3930 er-

2175 3975 2356 4020 rantes
2380 4006 2394 4030 ,
2423 3965 2664 4022 erroneis
2707 3973 2762 4020 et
2797 3963 3184 4034 superstitiosis
3249 3963 3480 4019 fabulis:
3513 3980 3621 4019 non
3667 3981 3766 4020 au-

2174 4055 2382 4112 dientes
2432 4067 2616 4111 sanam
2661 4055 2964 4111 doctrinam
2989 4095 3003 4119 ,
3046 4054 3144 4110 sed
3187 4064 3565 4111 coacervantes
3614 4056 3767 4110 nobis

2176 4146 2669 4216 pseudoprophetas
2693 4186 2710 4210 ,
2736 4146 2825 4215 qui
2865 4153 3145 4218 surgentes
3187 4145 3240 4200 in
3287 4146 3480 4217 p0pulo
3527 4146 3767 4216 magistri

2176 4236 2502 4302 mendaces,
2551 4236 2960 4293 introducebant
3006 4244 3184 4292 sectas
3220 4239 3380 4292 varia:
3430 4236 3764 4309 perditionis,

2175 4328 2468 4384 doneciste
2494 4328 3001 4398 illucesccretdics,
3045 4329 3136 4400 qui
3177 4337 3426 4400 tanquam
3477 4329 3555 4383 sol
3600 4327 3768 4383 reful-

2176 4433 2328 4491 gens,
2357 4420 2736 4491 quinquaginta
2785 4423 2938 4476 annis
2994 4430 3053 4476 et
3101 4435 3197 4476 sex
3247 4421 3556 4485 mensibus,
3587 4421 3768 4476 multis

2176 4511 2447 4566 laboribus
2488 4520 2543 4566 et
2568 4513 2843 4579 aerumnis,
2888 4511 2940 4567 in
2983 4511 3304 4567 lectionibus
3345 4521 3402 4568 et
3441 4513 3678 4582 vigiliis;
3712 4525 3770 4568 ut

2178 4603 2332 4658 nobis
2380 4602 2654 4674 frangeret
2695 4619 2886 4675 panem
2916 4603 3172 4659 doctrina:
3198 4603 3462 4659 desudans
3482 4647 3497 4670 ,
3519 4605 3770 4660 tenebras

2177 4711 2415 4750 errorum
2445 4695 2756 4766 profugans,
2783 4706 2836 4751 et
2862 4704 3084 4751 cunctos
3107 4710 3143 4770 _a
3175 4696 3472 4766 perditione
3511 4696 3767 4761 liberans,

2178 4787 2373 4843 effulsit
2396 4790 2449 4842 in
2473 4789 2678 4859 templo
2705 4787 2830 4854 Dei;
2863 4787 3230 4860 incipiensque
3255 4788 3322 4841 ah
3353 4786 3572 4842 Oriente
3598 4803 3770 4857 usque

2133 4953 2140 4959 μ
2178 4877 2244 4932 ad
2269 4877 2634 4946 Occidentem,
2660 4877 2913 4933 auferens
2942 4877 3082 4934 bella
3116 4878 3486 4933 haereticorum
3506 4919 3523 4944 ,
3550 4893 3770 4932 corum-

2179 4983 2282 5038 que
2307 4983 2487 5023 areum
2517 4976 2825 5033 conterens,
2852 4982 3001 5023 arma
3015 4977 3069 5023 et
3098 4978 3245 5023 scuta
3263 4984 3447 5024 eorum
3476 4969 3772 5025 combussit

2182 5059 2311 5130 igni.
2349 5061 2608 5126 Quoniam
2653 5059 2706 5114 in
2753 5060 2870 5130 ipso
2913 5059 3055 5116 Deus
3098 5061 3276 5132 posuit
3325 5061 3563 5133 prodigia
3609 5075 3772 5132 super

2184 5159 2403 5217 terram,
2433 5160 2489 5206 ut
2507 5165 2701 5204 nomen
2729 5165 2884 5205 suum
2913 5149 3250 5206 manifestum
3279 5153 3430 5208 ﬁeret
3459 5153 3511 5207 in
3538 5153 3772 5208 nationi-

2183 5241 2302 5298 bus.

2251 5334 2381 5390 CAP.
2411 5335 2469 5390 ll.
2509 5332 2708 5390 Deinde
2734 5335 3101 5404 pertransiens
3124 5351 3296 5408 usque
3335 5336 3402 5392 ad
3430 5337 3567 5394 ﬁnes
3590 5347 3769 5404 terrae,

2184 5427 2426 5483 sanando
2450 5440 2735 5496 oppressos
2782 5428 2850 5484 ab
2896 5429 3266 5485 haereticorum
3310 5430 3500 5500 jaculis
3527 5473 3544 5496 ,
3579 5431 3774 5486 illumi—

2186 5520 2368 5578 nanda
2391 5530 2594 5575 mentes
2623 5518 2920 5590 hominum,
2954 5521 3346 5592 Scripturarum
3375 5523 3662 5593 aenigmata
3687 5539 3777 5578 re-

2185 5611 2435 5680 serando,
2465 5610 2721 5667 solvendo
2745 5613 2936 5679 nodos,
2968 5613 3195 5669 obscura
3223 5613 3584 5680 dilucidando,
3614 5613 3776 5670 dubia

2187 5704 2509 5774 exponendo
2535 5744 2548 5769 ,
2580 5703 2906 5761 confutando
2953 5713 3009 5761 et
3052 5705 3367 5776 corrigendo
3406 5706 3698 5770 falsitates,
3726 5713 3777 5761 el

2191 5793 2469 5854 verissima
2494 5807 2561 5855 ex
2585 5793 2779 5868 linguis
2807 5794 3215 5870 quamplurimis
3251 5795 3539 5858 adunando
3555 5837 3573 5871 ,
3597 5806 3659 5856 ut
3677 5813 3765 5858 no-
