4052 6338
265 255 545 349 241,

263 396 350 453 bis
369 405 548 454 notas
581 399 797 458 faceret
820 399 931 454 vias
960 399 1102 464 vitae,
1130 406 1185 454 et
1217 411 1314 451 nos
1339 389 1656 467 adimpleret
1681 392 1896 466 gaudio,

262 488 456 543 laetitia
494 501 557 545 et
582 492 920 548 exultatione
954 509 966 544 :
997 489 1248 559 templum
1279 487 1486 542 Domini
1513 485 1896 549 corroboravit,

259 589 318 636 et
346 580 478 651 ejus
530 583 757 638 aditum
807 584 972 638 instar
1017 581 1249 634 lucerna:
1293 594 1396 632 non
1433 577 1532 630 sub
1555 575 1734 630 modio
1757 615 1773 641 ,
1801 573 1894 628 sud

1237 357 1240 361 ἴ
1317 248 1698 349 “resectos,
1739 251 1831 335 oe
1865 275 2102 336 monre
2141 279 2538 340 "meum.
2577 281 2585 292 ‘

3484 287 3593 346 918

2006 396 2274 450 contrahit
2299 413 2494 454 arcem.
2529 398 2678 455 llune
2707 413 2817 470 pra:
2857 384 3068 456 caeteris
3113 397 3404 469 potioribus
3433 415 3590 456 orna~

2007 499 2116 542 tum
2145 489 2383 559 insigniis
2413 489 2724 560 dignitatum
2745 532 2760 555 ,
2795 491 2850 545 in
2887 493 3166 548 cantilenis
3190 500 3244 549 ct
3269 485 3587 563 proverbiis,

2003 582 2402 651 operationibus
2431 591 2485 638 et
2523 582 3049 654 interpretationibus
3075 587 3282 642 miratae
3305 594 3431 642 sunt
3452 591 3586 658 gen-

261 688 434 742 snpra
467 675 876 730 candelabrum
904 675 956 728 in
1000 670 1209 726 Domini
1238 670 1355 724 aula
1383 667 1567 739 positi?
1585 708 1602 734 .
1629 665 1899 720 ἀυῐηῖηῖεο
1947 697 1962 711 ι
2006 683 2106 730 tes.
2134 674 2300 745 Cujus
2324 685 2448 732 uota
2475 677 2611 732 facta
2655 685 2739 732 est
2768 677 2820 732 in
2854 678 3064 748 populis
3086 679 3255 736 virtus
3284 698 3299 736 :
3331 680 3452 750 quia
3481 679 3609 734 im-.

261 764 483 835 irriguo
514 781 665 822 rore
691 765 995 837 plenissime
1042 759 1376 824 fmeundatze,
1405 759 1631 829 posteris
1648 757 1895 811 omnibus

259 871 504 913 suorum
564 861 862 919 verborum
908 873 1019 928 prae
1055 855 1266 912 exeteris
1316 851 1578 923 elegantia
1618 848 1894 921 singulari,

259 951 660 1007 excellentius
687 950 934 1006 omnibus
956 949 1077 1003 aliis
1105 946 1354 1018 patefecit
1381 961 1395 998 :
1427 953 1486 998 ut
1513 944 1650 998 irent
1675 944 1729 997 in
1759 941 1892 995 civi-

259 1052 436 1099 tatem
469 1043 865 1110 habitationis,
894 1050 945 1098 et
973 1042 1146 1100 locum
1174 1037 1356 1107 gloria:
1376 1035 1675 1090 invenirent
1702 1049 1716 1086 :
1744 1041 1799 1088 et
1824 1045 1892 1086 ne

259 1133 476 1189 tierent
502 1137 672 1191 velut
695 1135 900 1205 priores
925 1149 1132 1197 eorum,
1154 1145 1325 1204 genus
1353 1141 1688 1200 peramarnm
1709 1166 1724 1192 ,
1757 1138 1892 1196 quos

255 1225 499 1294 direxit,
521 1236 588 1282 et
609 1226 854 1282 liberavit
868 1225 938 1280 ab
953 1238 1196 1282 errorum
1219 1221 1535 1292 perditione.

326 1318 484 1376 Cu.
515 1320 624 1376 ιιι.
650 1321 785 1376 Cum
809 1320 952 1375 enim
997 1319 1096 1374 sim
1135 1317 1276 1372 sicut
1314 1315 1506 1385 stipula
1546 1319 1673 1371 ante
1702 1311 1889 1367 faeiem

255 1413 455 1478 venti,
483 1422 556 1469 et
604 1414 743 1469 sicut
786 1413 954 1468 lutum
1005 1412 1299 1483 platearum
1354 1408 1695 1473 balbutiens,
1746 1405 1889 1476 loqui

255 1504 566 1572 nesciens,
606 1502 708 1560 nec
732 1505 890 1560 verba
917 1504 1073 1575 plene
1114 1502 1346 1557 formare
1373 1501 1554 1555 valens
1584 1515 1599 1550 :
1630 1496 1755 1569 quid
1788 1497 1890 1551 im-

257 1597 484 1664 pertiar
513 1598 700 1662 vobis,
727 1597 988 1652 carissimi
1020 1605 1198 1666 patres
1225 1603 1279 1650 et
1304 1594 1653 1658 domini,sua:
1677 1589 1888 1645 laudis?

255 1683 488 1756 Nempe
513 1687 677 1757 juxta
700 1687 828 1742 illud
856 1687 1098 1758 Apostoli
1129 1704 1142 1738 :
1170 1683 1231 1741 Si
1277 1682 1465 1754 linguis
1506 1683 1764 1736 hominum
1807 1680 1886 1734 lo-

252 1793 457 1846 querer
490 1787 548 1833 et
589 1777 899 1850 Angelorum
922 1819 939 1845 ,
968 1792 1120 1832 suum
1149 1774 1399 1830 laudandi
1450 1787 1620 1844 genus
1660 1771 1884 1827 necdum

253 1871 640 1942 attingerem.
695 1871 894 1926 Idcirco
940 1885 1047 1925 non
1095 1870 1147 1924 in
1195 1885 1318 1923 arcu
1362 1884 1472 1921 meo
1518 1867 1767 1937 sperabo:
1797 1881 1888 1918 nec

254 1961 488 2031 gladius
522 1980 668 2018 meus
697 1962 908 2017 salvabit
947 1979 1025 2016 me
1047 1977 1068 2026 ,'
1094 1961 1186 2016 sed
1215 1961 1472 2015 Dominus
1486 1959 1588 2015 erit
1617 1957 1887 2013 illumina-

259 2053 337 2107 tio
372 2069 544 2110 mea.
573 2055 674 2122 Qui
699 2055 875 2109 docuit
903 2062 956 2108 et
975 2052 1186 2108 docebit
1213 2067 1428 2106 manum
1457 2065 1628 2105 meam
1658 2048 1724 2103 ad
1749 2047 1886 2102 scri-

257 2141 552 2210 bendum,
577 2155 633 2202 et
654 2144 836 2216 dirigit
869 2145 1099 2215 linguam
1141 2157 1314 2198 meam
1343 2140 1409 2196 ad
1444 2140 1766 2211 loquendum
1787 2181 1800 2203 ,
1826 2147 1886 2193 ut

255 2236 564 2306 quondam
595 2236 760 2293 asina:
794 2237 1029 2290 Balaam.
1061 2236 1321 2302 Quoniam
1353 2233 1517 2302 ipsius
1544 2240 1626 2286 est
1661 2247 1883 2300 regnum

254 2336 311 2382 cl
337 2327 677 2399 imperium,
704 2338 760 2385 et
781 2329 1072 2382 dominatur
1094 2343 1124 2379 a
1150 2325 1278 2378 mari
1298 2340 1452 2394 usque
1471 2323 1538 2376 ad
1568 2340 1705 2376 mare
1735 2337 1753 2376 :
1778 2332 1825 2376 et
1853 2339 1886 2376 a

251 2420 506 2488 ﬂumine
549 2437 709 2490 usque
741 2420 808 2473 ad
861 2419 1098 2473 terminos
1152 2416 1286 2471 orbis
1325 2425 1591 2469 terrarum.
1633 2413 1691 2468 In
1731 2413 1886 2483 cujus

251 2520 480 2566 cuneta
512 2520 640 2565 sunt
662 2511 833 2580 posita
862 2509 1063 2564 ditione
1091 2526 1104 2562 :
1131 2523 1312 2564 coram
1348 2522 1453 2577 quo
1480 2507 1755 2576 procident
1793 2522 1882 2563 re-

253 2617 358 2672 ges
400 2623 416 2655 :
461 2618 571 2658 nec
599 2613 679 2658 est
701 2601 790 2672 qui
820 2616 930 2655 sum
952 2601 1117 2670 possit
1142 2600 1391 2654 resistere
1422 2599 1696 2654 voluntati.
1737 2599 1882 2664 Quo-

255 2695 419 2750 niam
457 2694 645 2747 omnia
667 2707 1014 2762 quwcumqne
1041 2690 1223 2754 voluit,
1255 2688 1400 2755 fecit,
1429 2689 1480 2743 in
1503 2690 1634 2743 cmlo
1657 2730 1670 2754 ,
1705 2699 1842 2743 terra
1862 2731 1877 2756 ,

261 2789 415 2840 mari
451 2794 514 2840 et
546 2786 597 2839 in
630 2785 860 2856 ahyssis.
895 2785 962 2838 Et
1010 2783 1087 2837 sic
1116 2781 1290 2852 lingua
1329 2795 1446 2836 mea
1475 2781 1602 2834 tanti
1631 2780 1726 2834 viri
1770 2781 1881 2835 latt-

259 2877 405 2932 dem
461 2876 809 2932 meditabitur
836 2895 850 2930 :
881 2883 936 2930 et
963 2889 1156 2929 nomen
1187 2887 1342 2927 suum
1379 2870 1713 2926 annuntiabit
1756 2870 1878 2926 uni-

263 2969 478 3025 versis.

341 3060 489 3115 CAP.
536 3059 627 3115 Ν.
658 3058 755 3114 llic
782 3074 907 3114 vere
938 3057 1032 3112 fuit
1061 3056 1290 3112 Israelita
1314 3098 1332 3124 ,
1365 3056 1417 3110 in
1447 3071 1551 3126 quo
1589 3053 1742 3110 dolus
1771 3068 1876 3109 non

267 3147 376 3204 fuit
411 3166 429 3206 :
462 3151 667 3206 electus
715 3149 1006 3205 secundum
1062 3165 1156 3205 cor
1220 3147 1467 3214 Domini,
1523 3145 1589 3201 ad
1649 3146 1876 3217 loquen-

268 3246 408 3300 dum
440 3245 621 3299 omnia
651 3258 768 3313 qua:
797 3244 898 3300 sibi
925 3243 1264 3297 mandaverat
1293 3241 1547 3296 Dominus
1571 3282 1585 3304 ,
1614 3240 1877 3295 universis

271 3339 552 3408 gentibus,
570 3346 625 3392 et
642 3338 840 3408 regnis,
857 3347 907 3392 et
923 3337 1110 3392 doctor
1125 3335 1280 3390 datus
1305 3336 1355 3390 in
1373 3334 1621 3406 gentibus
1638 3352 1650 3386 :
1666 3347 1722 3388 ut
1746 3348 1873 3389 sen-

273 3439 359 3484 tes
388 3431 645 3486 evelleret
672 3470 690 3497 ,
709 3429 1376 3498 destrueret,disperderet
1396 3436 1450 3483 et
1468 3427 1748 3497 dissiparet
1777 3443 1791 3480 :
1821 3434 1878 3481 et

273 3522 600 3592 sapientiam
626 3537 807 3576 veram
829 3523 1138 3588 seminaret,
1169 3520 1454 3576 a-dificaret
1474 3530 1631 3589 atque
1663 3518 1874 3586 planta-

277 3622 386 3668 ret.
418 3614 516 3669 llic
541 3622 626 3668 est.
654 3614 872 3668 fratrum
898 3625 1104 3667 amator
1137 3633 1150 3669 :
1186 3611 1272 3667 hic
1293 3612 1475 3683 estqui
1503 3612 1700 3682 populo
1722 3610 1876 3666 Chri-

278 3705 461 3760 stiano
490 3713 567 3759 tot
597 3705 856 3759 librorum
889 3704 1156 3758 volumina
1199 3718 1262 3758 ex
1296 3703 1486 3773 linguis
1531 3701 1789 3757 Hebraica
1819 3709 1875 3756 et

278 3793 468 3850 Graeca
491 3797 543 3852 in
564 3794 830 3861 Latinam,
855 3811 957 3850 non
981 3810 1142 3865 parvo
1183 3793 1417 3864 pondere
1443 3793 1728 3847 transtulit.
1768 3793 1873 3848 Ec-

279 3888 465 3944 clesia:
489 3887 723 3945 officium
755 3889 1052 3959 primitivus
1085 3886 1352 3941 ordinavit
1381 3904 1394 3939 :
1425 3893 1479 3940 et
1519 3885 1680 3939 totius
1705 3899 1871 3939 sacra:

282 3979 574 4051 Scriptura:
600 3996 791 4052 aspera
825 3980 951 4036 fecit
979 3981 1155 4051 plana.
1185 3979 1340 4034 Certe
1380 3978 1432 4032 in
1485 3976 1644 4047 hujus
1671 3977 1873 4033 lumine

280 4067 526 4123 videmus
569 4068 748 4123 lumen
789 4083 803 4121 :
845 4078 900 4122 et
943 4082 1078 4136 pane
1124 4081 1234 4120 sua:
1281 4064 1570 4120 salutifera:
1611 4063 1872 4118 doctrina:

282 4161 442 4228 pasti,
469 4159 805 4214 ambulamus
832 4175 1001 4230 usque
1019 4157 1083 4212 ad
1104 4165 1338 4211 montem
1367 4155 1458 4210 Dei
1483 4153 1642 4210 Oreb.
1669 4153 1766 4209 Hic
1791 4161 1871 4208 est

283 4251 478 4308 ﬂumen
508 4267 662 4322 aquae
709 4251 841 4306 viva:
887 4249 1220 4319 Splendidum
1268 4258 1514 4317 tanqnam
1549 4246 1870 4316 crystallus,

283 4343 575 4412 procedens
601 4343 671 4420 de
696 4344 824 4398 sede
851 4343 943 4398 Dei
967 4344 1016 4396 in
1046 4341 1223 4396 medio
1250 4338 1525 4407 Ecclesiae,
1553 4346 1608 4394 et
1633 4353 1699 4394 ex
1726 4348 1873 4394 utra-

281 4451 384 4505 que
435 4445 585 4506 parte
625 4435 741 4505 ejus
786 4435 984 4506 lignum
1028 4433 1440 4498 viue,all‘erens
1482 4431 1682 4488 fructus
1732 4440 1872 4488 tem-

283 4541 413 4595 pore
449 4542 548 4581 suo
578 4544 592 4580 :
622 4525 774 4596 cujus
818 4524 942 4581 folia
995 4525 1121 4594 ligni
1149 4533 1272 4582 sunt
1299 4525 1365 4578 ad
1404 4524 1643 4595 gentium
1669 4523 1867 4578 sanita-

283 4629 411 4676 tem.
436 4621 530 4676 Vir
560 4622 659 4676 iste
687 4621 738 4675 in
781 4621 976 4692 populo
1019 4634 1118 4675 suo
1157 4620 1469 4674 mitissimus
1503 4622 1766 4690 apparuit,
1810 4626 1865 4674 et

284 4713 392 4768 Deo
417 4713 645 4769 dilectus
683 4721 738 4768 et
769 4714 1073 4768 hominibus
1094 4755 1110 4777 ,
1137 4722 1252 4767 orat
1297 4727 1442 4768 nunc
1480 4727 1580 4783 pro
1625 4712 1865 4767 Ecclesia

280 4813 483 4860 sancta.
519 4804 625 4860 Vas
651 4819 776 4860 vere
812 4804 1124 4860 admirabile
1153 4845 1168 4872 ,
1197 4805 1345 4860 omni
1395 4813 1642 4859 ornatum
1694 4803 1868 4874 lapide

281 4896 536 4964 pretioso,
570 4909 704 4966 opus
727 4895 946 4952 excelsi.

351 4984 470 5040 Cn.
483 4985 937 5043 V.Verumtamen
953 4987 1020 5043 de
1047 4987 1148 5043 hoc
1171 4985 1298 5058 quid
1320 4986 1470 5058 plura
1483 4983 1697 5042 dicam?
1714 4985 1870 5058 cujus

282 5088 530 5136 enarrant
556 5079 680 5135 coeli
705 5079 1019 5148 gloriam,et
1037 5096 1200 5152 opera
1221 5082 1601 5152 scripturarum
1617 5097 1869 5136 manuum

282 5171 393 5242 ejus
418 5170 703 5226 annuntiat
729 5170 1122 5227 ﬁrmamentum
1147 5171 1172 5226 ν
1201 5187 1299 5228 nec
1320 5173 1426 5228 sint
1447 5171 1671 5241 loquela:
1694 5187 1867 5242 neque

282 5276 581 5332 sermones,
611 5262 767 5332 cujus
795 5279 898 5318 non
927 5264 1210 5320 audiantur
1235 5264 1493 5320 doctrinae
1522 5253 1719 5319 verba:
1743 5279 1865 5320 cum

281 5355 333 5411 in
359 5371 577 5412 omnem
604 5364 802 5412 terram
836 5357 967 5412 exiit
1006 5373 1171 5413 sonus
1199 5358 1352 5428 ejus?
1378 5358 1424 5414 Ο
1453 5357 1732 5415 inell‘abilis
1760 5358 1866 5413 mi-

278 5447 567 5505 sericordia
595 5446 921 5512 Salvatoris,
953 5463 1071 5519 qua:
1098 5457 1174 5503 tot
1199 5449 1483 5519 gratiarum
1525 5449 1767 5505 cumulos
1814 5450 1869 5506 in

279 5539 607 5613 Hieronymo
631 5540 875 5596 adnuasti
907 5557 921 5594 :
952 5550 1010 5596 ut
1053 5541 1118 5596 ad
1166 5557 1227 5596 ea
1274 5557 1392 5612 qua:
1432 5543 1578 5598 solus
1609 5543 1864 5614 possidet,

279 5645 413 5702 pene
431 5631 567 5687 nulli
590 5633 864 5687 hominum
892 5633 990 5687 nisi
1009 5632 1400 5703 particularitcr
1420 5631 1500 5688 fas
1525 5635 1865 5705 sitaspirarc.

281 5721 374 5783 llic
395 5731 544 5782 certe
575 5721 684 5780 dux
717 5731 912 5781 nostra:
953 5721 1074 5780 fidei
1102 5721 1171 5778 ad
1212 5738 1271 5782 sc
1313 5733 1590 5782 currentes
1639 5725 1692 5782 in
1741 5725 1862 5784 coeli

2001 769 2176 835 pletus
2194 766 2293 822 fuit
2318 768 2467 838 quasi
2489 767 2706 823 flumine
2727 767 3007 839 sapientia.
3025 769 3129 826 Sed
3152 779 3210 826 ut
3235 785 3360 826 vera
3387 770 3584 834 dicam,

1995 856 2148 926 juxta
2177 857 2303 912 illud
2332 857 2547 929 Regina:
2576 858 2732 915 Saba:
2756 878 2769 915 :
2795 857 2970 931 Major
2996 870 3067 915 est
3100 863 3234 916 enim
3259 863 3509 932 sapientia
3539 872 3586 914 et

1997 965 2155 1018 opera
2194 967 2292 1004 sua
2315 991 2330 1016 ,
2357 968 2508 1022 quam
2551 968 2724 1007 rumor
2762 969 2908 1019 quem
2947 953 3181 1008 audistis.
3225 953 3392 1022 Quam
3439 964 3584 1010 certe

1997 1040 2174 1096 bonus
2199 1050 2284 1096 est
2304 1043 2405 1098 iste
2427 1042 2510 1097 his
2535 1043 2624 1113 qui
2654 1053 2801 1098 recto
2827 1052 2952 1099 sunt
2973 1042 3135 1099 corde
3163 1061 3178 1098 :
3201 1045 3448 1114 quoniam
3473 1059 3584 1098 ma-

1996 1133 2163 1189 litiam
2210 1148 2422 1204 semper
2456 1134 2640 1190 odivit.
2685 1136 2835 1191 Fecit
2874 1136 3016 1192 enim
3063 1134 3323 1191 mirabilia
3352 1135 3404 1190 in
3443 1143 3581 1191 terra

1995 1234 2197 1281 nostra.
2233 1227 2343 1282 Sub
2388 1228 2575 1282 umbra
2618 1227 2760 1283 illius
2799 1227 3068 1295 sedimus,
3104 1236 3158 1283 et
3186 1226 3391 1282 fructus
3439 1226 3582 1280 illius

1993 1316 2168 1374 dulcis
2190 1318 2389 1388 gutturi
2419 1328 2621 1376 nostro.
2641 1319 3045 1387 Quantaautem
3072 1319 3146 1375 de
3174 1333 3242 1375 eo
3277 1318 3578 1375 audivimus

1993 1415 2049 1464 et
2077 1410 2424 1479 cognovimus
2452 1429 2466 1464 :
2493 1409 2761 1480 quomodo
2787 1409 3263 1466 annuntiabimus?

2063 1499 2194 1556 Car.
2227 1501 2310 1556 Vl.
2333 1502 2507 1571 Atque
2546 1517 2646 1573 ego
2688 1502 2807 1575 quis
2837 1517 2978 1570 sum,
3006 1511 3067 1558 ut
3105 1516 3315 1558 narrem
3366 1498 3577 1556 laudem

1993 1591 2146 1661 ejus,
2188 1601 2243 1647 et
2287 1593 2509 1648 virtutes
2557 1594 2785 1662 ejus,et.
2816 1593 3076 1649 mirabilia
3109 1608 3238 1665 qua:
3276 1592 3442 1648 fecit?
3471 1591 3576 1648 Sed

1993 1681 2245 1753 quoniam
2271 1699 2380 1738 non
2407 1699 2524 1739 sum
2559 1683 2813 1755 eloquens
2837 1683 2905 1738 ab
2930 1683 3045 1738 heri
3072 1692 3125 1739 et
3147 1682 3338 1739 nudius
3369 1683 3574 1748 tertius,

1992 1783 2050 1827 ut
2081 1774 2314 1829 breviter
2340 1774 2534 1842 dicam,
2551 1776 2597 1830 si
2626 1776 2784 1830 vultis
2811 1773 3320 1846 accipcrc,Joannes
3340 1775 3576 1845 Baptista

1991 1865 2110 1936 ipse
2140 1879 2222 1922 εει
2250 1883 2264 1920 :
2295 1875 2519 1938 uterque
2549 1868 2716 1937 virgo,
2742 1877 2965 1939 uterque
2985 1867 3232 1925 eremita.
3262 1869 3337 1924 De
3371 1867 3577 1924 Joanne

1989 1957 2183 2014 dicitur
2207 1977 2220 2013 :
2256 1959 2385 2014 Erat
2407 1959 2638 2016 Joannes
2659 1961 2881 2016 vestitus
2901 1960 3020 2031 pilis
3042 1959 3368 2016 camelorum
3393 1958 3445 2016 in
3475 1958 3576 2014 dc-

1990 2061 2154 2106 scrto.
2186 2051 2261 2107 De
2285 2066 2343 2107 se
2370 2051 2506 2107 idem
2532 2052 2886 2124 Hieronymus
2910 2051 3068 2108 dicit:
3093 2050 3394 2108 Horrebam
3421 2065 3575 2106 sacco

1993 2143 2234 2197 membra
2259 2142 2541 2209 deformia,
2573 2152 2628 2198 et
2660 2142 2900 2212 squalida
2941 2136 3079 2198 cutis
3115 2142 3274 2197 situm
3303 2140 3574 2210 Ethiopi-

1989 2246 2068 2294 ca:
2089 2233 2266 2286 carnis
2297 2233 2607 2288 obduxerat.
2643 2233 2715 2287 De
2739 2231 2942 2288 Joanne
2968 2233 3159 2288 iterum
3193 2248 3206 2286 :
3235 2232 3490 2288 Locustas
3519 2237 3575 2285 et

1989 2322 2096 2376 mel
2117 2323 2376 2393 sylvestre
2398 2323 2610 2380 edebat.
2643 2325 2716 2380 De
2737 2340 2794 2380 se
2821 2324 3008 2380 iterum
3031 2324 3386 2398 Hieronymus
3413 2325 3570 2380 dicit:

1991 2416 2067 2471 De
2092 2416 2226 2471 cibis
2250 2426 2306 2472 et
2347 2427 2474 2487 potu
2505 2426 2657 2472 taceo
2677 2435 2689 2470 :
2708 2431 2829 2472 eum
2855 2417 3016 2473 etiam
3045 2417 3357 2489 languentes
3383 2432 3576 2474 mona-

1987 2506 2072 2562 chi
2099 2523 2234 2579 aqua
2265 2507 2452 2579 frigida
2482 2518 2719 2576 utantur,
2741 2517 3024 2566 etcoctum
3053 2509 3250 2580 aliquid
3279 2503 3572 2582 accepisse.

1987 2598 2194 2654 luxuria
2211 2599 2299 2654 sit.
2316 2599 2450 2668 Quid
2482 2599 2632 2669 plura
2653 2600 2676 2654 ’ἒ
2699 2599 2791 2654 Ille
2815 2607 3036 2670 propter
3057 2600 3316 2671 justitiam
3336 2611 3570 2673 martyr:

1985 2691 2088 2747 iste
2132 2707 2261 2746 vero
2304 2693 2403 2746 etsi
2443 2691 2562 2760 ejus
2608 2690 2853 2761 Spiritum
2887 2689 3172 2748 materiale'
3212 2692 3413 2749 ferrum
3464 2708 3573 2748 non

1983 2783 2222 2847 abstulit,
2257 2792 2430 2838 tamen
2462 2784 2700 2855 martyrii
2727 2783 2929 2854 praemii
2957 2799 3065 2840 non
3105 2793 3187 2840 est
3223 2799 3437 2854 expers.
3463 2784 3574 2840 Du-

1982 2876 2101 2946 plex
2131 2889 2358 2946 namque
2381 2877 2692 2946 martyrium
2714 2885 2814 2931 est.
2842 2875 3038 2943 Unum,
3066 2878 3419 2934 succumbere
3454 2878 3576 2948 glae

1979 2969 2084 3025 diis
2111 2971 2392 3041 impiorum
2427 2987 2441 3023 :
2473 2971 2698 3026 alterum
2721 3013 2734 3036 ,
2765 2971 2816 3026 in
2841 2971 3233 3029 infirmitatibus
3253 2981 3308 3030 et
3330 2972 3574 3031 adversi~

1983 3059 2178 3114 tatibus
2199 3060 2250 3113 in
2280 3061 2459 3114 animo
2489 3061 2795 3130 patientiam
2822 3062 3116 3119 custodire.

1961 3185 1968 3188 -
2051 3149 2303 3208 Csp.VIl.
2333 3150 2490 3207 Certe
2521 3151 2605 3208 hic
2635 3164 2711 3209 εει
2733 3162 2953 3225 martyr,
2972 3155 3060 3224 qui
3081 3153 3570 3226 propterjustitiam

1978 3255 2033 3300 et
2061 3245 2544 3313 mansuetudinem,
2576 3256 2630 3303 et
2655 3247 2925 3303 salutifera
2960 3246 3217 3303 doctrinae
3244 3263 3356 3302 sua:
3385 3249 3566 3315 verba,

1980 3335 2032 3389 in
2080 3334 2237 3406 hujus
2276 3335 2459 3391 mundi
2501 3336 2858 3408 lacrymarum
2885 3337 3000 3392 salo
3023 3380 3039 3405 ,
3067 3318 3340 3393 certamen
3369 3337 3510 3395 forte
3537 3355 3568 3395 a

1979 3429 2243 3482 maiorum
2274 3437 2415 3484 metu
2462 3428 2684 3483 viriliter
2712 3429 3082 3500 supportavit,
3117 3430 3291 3486 sciens
3317 3432 3566 3501 quoniam

1977 3519 2213 3574 omnium
2259 3519 2448 3574 fortior
2503 3529 2586 3574 est
2639 3520 2920 3590 sapientia.
2976 3520 3086 3576 Nec
3134 3521 3294 3590 impie
3319 3523 3483 3591 ges$it
3515 3523 3565 3576 in

1975 3618 2265 3679 conspectu
2310 3610 2422 3672 Dei,
2455 3609 2549 3665 sed
2591 3611 2642 3664 in
2687 3611 2934 3666 omnibus
2977 3611 3408 3668 tribulationibus
3433 3612 3563 3675 suis,

1978 3701 2232 3756 invocans
2278 3701 2562 3756 Dominum
2593 3743 2607 3766 ,
2637 3716 2742 3755 non
2792 3702 3029 3770 peccavit
3074 3701 3228 3757 labiis
3266 3703 3379 3758 suis
3419 3719 3432 3755 :
3468 3719 3565 3757 nec

1976 3793 2196 3848 stultum
2247 3792 2448 3863 aliquid
2494 3801 2680 3848 contra
2727 3793 2894 3848 Deum
2940 3794 3152 3848 locutus
3188 3802 3292 3850 est.
3335 3793 3562 3848 Taceam

1976 3899 2204 3954 namque
2229 3893 2359 3954 quot
2390 3885 2779 3950 tribulationes,
2815 3885 3044 3950 labores,
3069 3885 3386 3940 afflictiones
3408 3925 3422 3951 ,
3444 3899 3564 3940 cru-

1973 3975 2167 4041 ciatus,
2198 3988 2420 4046 agones,
2444 3973 2651 4044 ﬂagella
2675 4016 2689 4040 ,
2718 3975 2885 4031 fames
2904 4018 2919 4043 ,
2947 3977 3089 4030 sitim
3107 4015 3122 4042 ,
3150 3974 3561 4039 amaritudines,

1977 4073 2342 4138 tempestates,
2375 4067 2716 4132 tentationes,
2746 4067 3114 4134 abstinentias,
3145 4067 3351 4138 vigilias
3370 4109 3387 4136 ,
3409 4082 3561 4138 pere-

1971 4161 2318 4232 grinationes,
2337 4159 2514 4216 carnis
2557 4161 2978 4228 macerationes,
3017 4160 3314 4230 nuditates,
3338 4160 3558 4232 jejunio,

1973 4267 2239 4310 aerumnas
2262 4295 2276 4320 ,
2306 4263 2361 4311 et
2412 4270 2518 4310 non
2552 4255 2721 4311 solum
2754 4254 2871 4310 lucc
2891 4297 2906 4322 ,
2928 4254 3022 4310 sed
3047 4254 3288 4325 graviora
3311 4263 3364 4310 et
3403 4255 3560 4309 innu-

1973 4345 2250 4401 merabilia
2278 4354 2497 4416 propter
2515 4344 2642 4401 Jesu
2669 4345 2869 4401 Christi
2915 4361 3134 4412 nomen,
3154 4345 3208 4400 in
3237 4359 3336 4400 suo
3364 4347 3560 4415 glorio-

1972 4437 2186 4492 sissimo
2210 4451 2497 4507 perpessus
2522 4447 2604 4492 est
2624 4449 2880 4506 corpore,
2913 4445 2971 4489 ut
2996 4435 3136 4489 idem
3166 4436 3415 4505 loquitur.

2045 4527 2259 4584 Stabam
2297 4529 2349 4582 in
2376 4545 2539 4583 eremo
2566 4529 2864 4582 constitutus
2883 4567 2898 4592 ,
2930 4535 2975 4580 et
3003 4525 3056 4580 in
3085 4526 3179 4580 illa
3205 4535 3346 4580 vasta
3371 4526 3552 4580 solitu-

1973 4622 2120 4688 dine,
2161 4636 2276 4688 qua:
2304 4629 2481 4674 exusta
2509 4621 2631 4674 solis
2660 4617 2931 4672 ardoribus
2949 4659 2964 4683 ,
2993 4616 3254 4673 monachis
3297 4618 3558 4671 horridum

1975 4726 2183 4785 prccstat
2209 4715 2586 4781 habitaculum,
2609 4714 2837 4784 cogitans
2865 4729 2944 4768 me
2969 4713 3212 4768 Romanis
3243 4713 3395 4783 potiri
3422 4713 3524 4766 deli
3533 4744 3554 4754 -

1973 4809 2089 4865 ciis.
2121 4807 2345 4878 quotidie
2374 4806 2610 4876 gemitus,
2644 4803 2867 4875 quotidie
2895 4803 3150 4876 lacrynur.
3184 4802 3249 4857 Et
3279 4805 3322 4858 si
3353 4805 3556 4875 quando

1974 4917 2054 4954 me
2081 4915 2286 4953 somnus
2316 4899 2584 4953 imminens
2613 4897 2943 4968 Oppressisset
2986 4906 3385 4968 repugnantem,
3413 4897 3556 4950 mula

1975 4995 2128 5049 humo
2170 4994 2255 5048 via:
2301 5009 2417 5048 ossa
2458 4992 2702 5046 ha'renlia
2732 4989 3051 5045 collidebam.
3084 4989 3375 5044 Horrebam
3411 5005 3558 5043 sacco

1973 5087 2196 5141 membra
2244 5084 2529 5157 deformia,
2561 5099 2696 5154 aqua
2738 5082 2929 5154 frigida
2974 5082 3219 5154 languens
3265 5082 3469 5144 utebar,
3513 5090 3558 5132 et

1975 5187 2170 5233 coctum
2198 5175 2394 5246 aliquid
2422 5176 2696 5246 accepisse,
2731 5174 2938 5229 luxuria
2963 5182 3094 5229 erat.
3123 5171 3264 5228 Cutis
3301 5188 3411 5225 mea
3438 5187 3558 5241 pro-

1977 5281 2088 5338 pter
2115 5269 2437 5323 incommoda
2465 5266 2720 5339 squalida,
2754 5265 2923 5320 carnis
2946 5264 3264 5334 1Ethiopica:
3285 5263 3438 5317 silum
3463 5260 3554 5314 ob-

1977 5358 2192 5414 duxerat
2214 5376 2233 5416 :
2253 5367 2301 5413 et
2328 5369 2496 5413 tamen
2525 5357 2693 5413 socius
2733 5357 3062 5427 scorpionum
3100 5363 3294 5409 tantum
3323 5369 3383 5406 ac
3410 5351 3552 5419 fera-

1976 5469 2090 5507 rum
2111 5494 2125 5519 ,
2155 5468 2290 5523 stcpe
2331 5450 2498 5507 choris
2539 5451 2808 5505 intereram
2839 5449 3126 5520 puellarum
3154 5462 3172 5500 :
3197 5455 3246 5500 et
3283 5445 3336 5498 in
3364 5441 3552 5513 [rigillo

1977 5561 2209 5616 corpore,
2241 5543 2392 5599 etiam
2423 5554 2728 5614 prtemortuo
2747 5543 2860 5613 jam
2891 5541 3112 5606 homine,
3144 5535 3255 5593 sola
3283 5535 3551 5589 libidinum

1977 5638 2212 5692 incendia
2235 5637 2530 5692 bulliebant.
2553 5635 2704 5689 Teste
2731 5633 2859 5697 Deo,
2883 5631 3106 5695 utentini,
3132 5645 3210 5682 me
3228 5627 3362 5680 diem
3382 5625 3556 5681 crebro

1971 5729 2204 5800 junasisse
2229 5744 2340 5783 cum
2372 5735 2517 5782 nocte
2535 5766 2550 5794 ,
2578 5741 2667 5780 nec
2697 5742 2728 5778 α
2759 5721 2973 5793 pec:oris
2999 5733 3220 5774 cessasse
3243 5716 3554 5784 verberibus,
