4052 6338
475 273 577 336 2ιῖ
609 291 621 299 ‘

473 390 632 443 donec
652 388 860 460 jubontc
881 387 1124 455 Domino,
1147 387 1205 442 in
1228 403 1308 443 me
1335 388 1520 444 rediret
1543 390 1906 460 tranquillitas.
1933 387 2049 442 Fle-

471 481 587 535 bant
613 481 849 534 continue
867 521 882 546 ,
914 489 960 534 et
992 489 1359 552 repugnantem
1383 498 1588 536 carnem
1614 482 2053 537 hebdomadarum

469 572 640 626 inedia
663 569 1017 642 subiugabam.
1048 569 1298 626 Cellulam
1327 589 1488 627 meam
1512 573 1662 644 quasi
1687 574 2049 645 cogitationum

468 662 726 717 consciam
771 660 1183 731 pertimescebam
1203 703 1220 730 ,
1247 671 1294 716 et
1319 663 1545 717 mihimet
1572 663 1734 718 iratus
1761 673 1806 717 et
1830 663 2048 734 rigidus,

466 757 607 812 solus
631 755 829 811 deserta
855 754 1216 822 penetrabam:
1234 767 1280 810 et
1302 757 1348 811 si
1369 772 1588 810 concava
1609 755 1840 822 vallium,
1859 768 1904 810 et
1926 771 2050 827 pra:-

464 856 616 918 rupta
644 847 892 900 montium
918 846 1214 912 cernebam,
1243 843 1379 900 illud
1407 861 1531 899 metu
1557 845 1853 900 miserrima:
1879 845 2048 900 carnis
2085 888 2088 891 .

465 944 574 990 erat
601 935 932 1007 ergastulum,
964 934 1034 989 ibi
1063 949 1186 989 mea
1211 935 1461 989 orationis
1491 934 1654 988 locus.

540 1026 673 1082 Car.
709 1025 846 1081 VIII.
885 1025 1017 1094 Quis
1044 1040 1172 1098 ergo
1199 1025 1498 1080 inﬁrmatus
1525 1033 1609 1080 est
1629 1067 1642 1089 ,
1671 1033 1728 1080 et
1758 1039 1871 1079 non
1895 1025 2049 1095 ipse?

465 1117 600 1186 Quis
629 1116 1027 1173 scandalizatus
1050 1159 1066 1185 ,
1098 1126 1152 1173 et
1179 1131 1287 1172 non
1318 1116 1441 1172 ille?
1470 1115 1576 1172 Sed
1603 1117 1646 1170 si
1679 1116 1730 1171 in
1762 1116 2047 1172 inﬁrmita-

395 1232 398 1235 ·
473 1210 619 1266 tibus
645 1218 700 1266 et
732 1209 1008 1269 laboribus
1029 1208 1290 1287 laudandi
1321 1218 1448 1263 sunt
1476 1208 1680 1274 Sancti,
1707 1217 1855 1264 certe
1881 1217 1936 1264 et
1961 1207 2048 1264 hic

467 1295 774 1358 laudandus
809 1309 912 1356 est.
945 1283 1172 1355 Veniam
1212 1307 1390 1353 autem
1441 1298 1507 1353 ad
1553 1299 1946 1366 contumelias,
1995 1306 2051 1354 et

470 1392 922 1461 persecutiones,
959 1406 1092 1464 quas
1135 1389 1204 1446 ab
1247 1391 1504 1462 improbis
1540 1401 1595 1448 et
1634 1391 1792 1448 falsis.
1831 1393 2052 1463 pertulit

466 1483 723 1542 fratribus
755 1466 995 1554 iu'bttjus
1021 1483 1158 1540 valle
1184 1485 1436 1540 miserim.
1470 1484 1616 1556 Quid
1649 1485 1805 1540 aliud.
1842 1485 1897 1540 in
1946 1485 2049 1540 hoc

467 1575 668 1631 mundo
693 1592 789 1632 sua
816 1591 1030 1648 semper
1051 1577 1148 1632 iuit
1175 1577 1282 1632 vita
1305 1617 1326 1643 ,
1349 1577 1452 1633 nisi
1497 1577 1741 1648 quaedam
1779 1577 1920 1649 jugis
1949 1577 2049 1633 ad-

464 1681 656 1724 versus
686 1667 964 1738 improbos
995 1667 1373 1723 ltmreticorum
1402 1669 1641 1724 omnium
1685 1677 1740 1729 et
1782 1669 2052 1725 malorum.

465 1773 666 1814 cuneos
696 1774 893 1829 pugna,
925 1759 1349 1829 continuumque
1379 1759 1689 1816 certamen?
1717 1759 1892 1831 Super
1922 1777 2046 1816 eum

469 1849 780 1919 rugierunt,
825 1858 882 1904 ut
924 1850 1147 1916 leones,
1181 1849 1456 1917 lnerctici,
1489 1851 1743 1921 quoniam
1788 1852 2047 1923 corripuit

464 1952 651 2009 eos,et
671 1943 948 1998 tabescere
972 1943 1095 1998 fecit
1110 1939 1336 2016 sicut(a‘)
1352 1958 1577 1999 araneas
1597 1944 1804 1999 animas
1825 1959 2008 2000 eorum
2032 1963 2046 2002 :

468 2047 525 2090 et
554 2034 759 2092 fructus
782 2052 971 2092 eorum
1001 2039 1068 2092 de
1099 2045 1236 2092 terra
1271 2035 1535 2107 perdidit,
1566 2046 1620 2092 et
1649 2051 1830 2093 semen
1861 2053 2047 2094 eorum

467 2145 509 2182 a.
531 2129 652 2184 ﬁliis
681 2129 985 2185 hominttm.
1019 2130 1364 2200 Aperuernnt
1405 2131 1457 2186 in
1500 2145 1623 2186 eum
1660 2130 1855 2188 Clerici
1887 2132 2049 2188 lasci-

464 2221 564 2278 viis
611 2219 777 2276 dediti
825 2236 916 2276 ora
959 2235 1076 2288 sua,
1111 2231 1164 2277 et
1209 2220 1576 2292 despexerunt
1618 2239 1764 2291 eum,
1792 2234 1846 2280 et
1875 2226 2042 2282 locuti

465 2322 590 2371 sunt.
617 2313 775 2370 labiis
799 2313 1022 2380 dolosis,
1046 2324 1101 2372 et
1120 2315 1246 2372 odio
1272 2316 1452 2388 inique
1478 2316 1707 2373 oderunt
1727 2333 1851 2374 eum
1878 2337 1890 2373 :
1915 2336 2050 2390 quo.

467 2408 610 2464 niam
637 2423 822 2464 eorum
851 2409 1158 2465 insectatus
1171 2418 1251 2464 est
1277 2409 1442 2464 vitam
1472 2411 1761 2481 pessimam
1785 2420 1840 2466 et
1870 2413 2050 2468 crimi-

468 2515 554 2560 na.
595 2500 1079 2557 Circumdederunt
1104 2517 1226 2558 enm
1253 2517 1416 2558 canes
1447 2503 1598 2559 multi
1625 2545 1640 2570 ,
1670 2514 1724 2559 et
1755 2506 1891 2560 tauri
1925 2505 2048 2576 pin-

464 2606 598 2662 gues
639 2591 966 2648 obsederunt
1013 2608 1136 2648 eum
1183 2611 1197 2647 :
1241 2602 1296 2649 et
1345 2593 1759 2650 insurrexerunt
1816 2596 1868 2650 in
1926 2613 2055 2657 cum

469 2693 636 2741 testes
665 2684 857 2755 iniqui,
888 2675 1145 2742 acuentes
1171 2685 1380 2756 linguas
1409 2700 1537 2741 suas
1563 2686 1702 2743 sicut
1732 2697 2012 2757 serpentes
2031 2729 2047 2754 ,

466 2785 521 2831 ot
549 2791 814 2832 venenum
858 2777 1103 2848 aspidnm
1143 2779 1244 2834 sub
1292 2777 1449 2834 labiis
1490 2792 1679 2836 eorum
1702 2819 1718 2846 ,
1751 2780 2050 2851 cogitantes

467 2868 699 2924 malitias
749 2868 806 2924 in
857 2867 1060 2937 corde,
1111 2877 1220 2925 tota
1267 2868 1356 2925 die
1403 2869 1799 2926 constituentes
1847 2870 2046 2940 przelia,

467 2960 872 3032 supplantantes
895 2975 1120 3032 gressus
1148 2959 1289 3031 ejus.
1328 2959 1396 3014 Et
1423 2958 1579 3016 funes
1608 2960 1968 3018 extenderunt
1995 2963 2048 3018 in

468 3053 688 3124 laqueos
712 3054 942 3125 pedibus
962 3054 1102 3125 ejus,
1124 3063 1184 3108 ut
1203 3052 1448 3108 delerent
1474 3052 1542 3110 de
1569 3063 1712 3111 terra
1735 3055 2051 3112 memoriam

465 3145 602 3212 ejus,
633 3153 689 3200 et
714 3145 974 3217 ejicerent
999 3160 1129 3201 eum
1149 3143 1216 3200 de
1239 3143 1569 3215 nationibus,
1603 3155 1662 3201 ut
1691 3145 2048 3223 opprobrium

467 3240 620 3294 ﬁeret
647 3238 836 3294 vicinis
866 3239 996 3294 suis.

535 3327 663 3384 CAP.
709 3327 804 3384 lx.
845 3328 1018 3400 Super
1043 3329 1348 3386 Romanum
1391 3329 1650 3401 populum
1682 3331 1781 3388 fuit
1808 3334 2051 3406 magniﬁ-

465 3421 644 3476 centia
671 3421 810 3492 ejus,
839 3430 895 3477 et
916 3421 1090 3476 virtus
1115 3422 1234 3492 ejus
1259 3422 1522 3478 mirabilis
1551 3424 1603 3478 in
1627 3425 1823 3492 verbis,
1853 3436 1905 3482 et
1927 3442 2050 3482 san-

465 3522 582 3567 ctus
609 3513 662 3570 iu
691 3512 942 3568 omnibus
967 3513 1225 3582 operibus
1256 3513 1369 3569 suis
1399 3533 1412 3569 :
1440 3514 1680 3571 allevans
1706 3527 2046 3584 corruentes,

466 3604 686 3659 solvens
729 3603 1099 3674 compeditos,
1131 3605 1439 3662 illnminans
1479 3617 1771 3679 caecos,,et
1811 3608 2048 3679 dirigens

459 3695 636 3764 justos
659 3734 673 3759 ,
705 3694 840 3749 dans
891 3694 1255 3750 fortitudinem
1288 3707 1340 3752 et
1371 3697 1620 3753 virtutem
1648 3677 1788 3768 plebi
1825 3677 1952 3765 Deli,
1993 3711 2047 3756 et

462 3788 615 3858 quasi
665 3787 789 3843 tuba
833 3788 1168 3855 altisonans,
1215 3789 1542 3846 annuntians
1597 3792 1805 3846 cunctis
1852 3793 2047 3864 iniquis

463 3872 668 3934 scelera
698 3897 711 3933 :
744 3887 926 3949 portas
954 3887 1333 3949 peccatorum,
1358 3889 1413 3936 et
1441 3889 1627 3938 vectes
1663 3881 1870 3939 ferreos
1913 3899 2046 3940 con-

461 3969 620 4040 fregit
649 3969 922 4038 romphaea
953 3969 1216 4027 doctrinae
1245 3986 1379 4030 suae.
1409 3971 1703 4029 Audientes
1727 3983 1905 4029 autem
1933 3974 2048 4032 lucc

461 4062 649 4133 impii,
691 4061 1103 4126 dissecabantur
1149 4063 1405 4120 cordibus
1451 4066 1610 4122 suis:
1654 4075 1709 4121 et
1758 4067 2054 4146 stridentes

461 4152 711 4210 dentibus
740 4154 800 4209 in.
821 4169 972 4221 eum,
1001 4156 1400 4226 cogitaverunt,
1428 4165 1482 4212 et
1513 4158 1676 4213 locuti
1706 4168 1830 4214 sunt
1863 4161 2048 4230 nequi-

465 4243 586 4297 tias.
620 4243 818 4298 Arcum
849 4258 1009 4300 suum
1037 4245 1408 4310 tetenderunt.
1443 4256 1498 4302 et
1525 4247 1673 4305 illum
1702 4259 2044 4319 paraverunt,

459 4334 598 4390 etin
629 4338 747 4404 ipso
774 4329 1103 4405 paraverunt
1127 4350 1254 4396 vasa
1283 4337 1494 4395 mortis.
1537 4337 1674 4396 Cum
1700 4349 1876 4394 autem
1902 4352 2046 4397 esset

460 4428 553 4482 ille
583 4427 772 4498 plenus
803 4427 1009 4498 Spiritu
1041 4428 1242 4485 Sancto
1256 4420 1282 4495 ‘,
1311 4429 1364 4483 in
1393 4429 1727 4491 orationibus
1754 4439 1810 4487 et
1839 4432 1890 4485 in
1918 4447 2048 4501 ope-

459 4519 783 4576 ribusbonis
806 4531 1177 4591 perseverans,
1206 4519 1332 4575 vitia
1363 4518 1725 4588 mortiﬁcans,
1745 4521 1884 4576 bona
1911 4522 2045 4578 vivi-

459 4612 662 4678 ficans,
691 4611 956 4666 suscitans
981 4609 1050 4666 de
1093 4611 1311 4680 pulvere
1337 4625 1565 4680 egenum
1589 4651 1604 4676 ,
1635 4620 1688 4666 et
1711 4611 1778 4671 de
1808 4619 2047 4671 stercore

457 4705 672 4775 erigens
703 4719 1012 4774 pauperem.
1059 4703 1325 4773 Quoniam
1368 4719 1476 4760 non
1525 4705 1579 4760 in
1637 4705 1840 4761 viribus
1883 4707 2042 4777 equi,

449 4809 632 4864 neque
676 4795 732 4848 in
773 4795 1135 4852 tabernaculis
1173 4795 1273 4848 viri
1319 4793 1714 4866 beneplacitum
1757 4797 1857 4852 fuit
1900 4796 2039 4866 sibi,

457 4901 558 4940 nec
586 4885 820 4952 speravit
848 4885 900 4939 in
927 4884 1166 4948 divitiis,
1194 4885 1290 4940 sed
1318 4871 1632 4942 fortitudine
1664 4888 1872 4943 Domini
1915 4903 2040 4944 cor-

455 4977 777 5042 roboratus,
821 4991 930 5032 non
976 4975 1286 5036 formidavit
1333 4976 1710 5047 adversarios,
1738 4979 1834 5036 sed
1877 4995 2042 5051 super

411 5071 421 5085 ‘
456 5072 604 5141 ipsos
635 5070 1064 5130 eorrectionibus
1089 5079 1144 5126 et
1168 5069 1431 5131 doctrinis
1459 5072 1659 5133 sanctis
1687 5073 1877 5140 tonuit,
1905 5073 2040 5139 dans

456 5161 740 5230 imperium
770 5161 888 5231 regi
927 5175 1026 5216 suo
1045 5203 1061 5228 ,
1093 5169 1150 5216 et
1177 5161 1672 5224 sublimansrorttu
1703 5163 1902 5218 Christi
1931 5166 2035 5221 sui.

457 5256 610 5310 Alios
634 5255 837 5310 docens
873 5254 1202 5320 laborando,
1230 5255 1372 5312 sicut
1414 5254 1589 5314 bonus
1637 5256 1792 5319 miles
1840 5257 2037 5320 Christi

451 5349 629 5403 sciens
653 5347 796 5417 quod
825 5362 929 5407 non
956 5346 1302 5406 coronabitur
1322 5346 1412 5418 qni
1437 5346 1489 5401 in
1515 5359 1689 5418 agone
1710 5355 1898 5415 certat,
1924 5349 2025 5409 nisi

449 5438 688 5510 legitime
711 5438 1019 5494 certaverit.
1053 5437 1528 5498 Videntesautem,
1562 5439 1677 5497 lucc
1703 5439 1800 5494 viri
1829 5440 2033 5521 iniqui,

450 5530 572 5586 irati
591 5537 735 5594 sunt,
761 5539 814 5584 et
839 5528 1054 5584 dolores
1074 5528 1601 5598 comprehenderunt
1621 5545 1714 5586 eos
1734 5547 1747 5584 :
1766 5531 1888 5602 quia
1911 5543 2036 5598 sunt

447 5624 726 5694 generatio
751 5637 924 5695 prava
940 5631 991 5678 et
1022 5636 1275 5692 perversa
1297 5662 1312 5686 ,
1342 5621 1436 5677 ﬁlii
1464 5623 1518 5678 in
1545 5622 1740 5692 quibus
1777 5623 1910 5680 ﬁdes
1931 5615 2031 5680 ali;

513 5722 588 5791 (tt)
621 5724 889 5790 Perpetem
902 5729 1070 5776 autem
1091 5722 1296 5788 lectum,
1317 5719 1442 5775 sicut
1463 5735 1652 5776 arenas.

1857 5798 1970 5831 ’μὶν
2011 5817 2026 5828 δ

1515 274 1863 346 Ευεεθιυε,
1905 275 1994 334 DE
2031 275 2268 335 ΙΟΒΤΕ
2305 277 2706 342 lliERONYbll.
2751 323 2759 330 .

3636 293 3747 356 2H

2160 402 2262 460 qua
2292 406 2398 446 non
2424 402 2528 454 est.
2576 395 2644 459 Et
2667 397 3124 458 exacerbaverunt
3149 411 3273 459 eum
3299 401 3350 456 in
3380 404 3621 466 consiliis
3641 449 3655 472 ,
3688 419 3746 464 ct

2157 477 2211 532 in
2232 477 2724 540 abominationibus
2744 486 2856 543 suis
2877 487 2944 543 ad
2973 489 3308 546 iracundiam
3335 495 3746 554 concitaverunt

2157 569 2350 640 ipsum.
2385 571 2454 627 Et
2481 575 2689 644 perdito
2715 579 2942 636 consilio
2967 581 3085 637 sine
3108 581 3414 654 disciplina,
3439 595 3594 644 veste
3622 605 3748 645 mn-

2157 658 2309 715 Iiebri
2340 661 2622 720 irridentes
2641 667 2712 732 ei,
2739 676 2997 740 tanquam
3018 672 3134 729 viro
3156 673 3508 732 luxuriosoet
3528 677 3737 750 iniqtto,

2156 750 2416 821 impetum
2467 755 2708 812 fecerunt
2746 761 3070 817 unanimiter
3098 762 3159 818 in
3177 779 3336 833 eum,
3372 774 3429 822 et
3461 767 3745 838 eiecerunt

2155 855 2274 928 eam
2297 854 2448 900 extra
2476 845 2772 903 Romanam
2802 849 3090 907 civitatem.
3127 853 3196 909 At
3221 855 3311 911 ille
3339 856 3626 929 benignus,
3657 876 3743 931 pa-

2159 931 2314 1000 tiens,
2349 935 2566 993 humilis
2585 978 2600 1002 ,
2628 946 2685 994 et
2705 951 3050 1010 mansuetus,
3078 959 3266 1000 eorum
3293 949 3524 1003 vesanae
3555 950 3738 1008 locum

2156 1023 2324 1091 dans,
2359 1026 2645 1098 projiciens
2688 1039 2812 1101 post
2855 1041 3058 1105 tergum
3101 1049 3266 1091 suum
3298 1039 3486 1095 omnia
3521 1053 3741 1110 peccata

2156 1129 2339 1171 eorum
2348 1155 2363 1171 ο

2217 1207 2351 1262 CAP.
2370 1207 2440 1265 Χ.
2459 1209 2738 1269 Recedens
2759 1213 2882 1269 inde
2899 1218 3203 1287 peragravit
3220 1218 3272 1273 i'n
3289 1217 3744 1295 Constantinopo-

2156 1297 2270 1363 lim,
2299 1299 2366 1355 ad
2395 1302 2700 1359 Antistitem
2731 1307 3129 1364 sanctissimum
3159 1303 3741 1388 GregoriumgN'a'ziatr

2156 1406 2366 1446 zenum.
2401 1391 2445 1447 Ο
2473 1393 2554 1448 vir
2579 1395 2866 1452 ineﬁabilis
2887 1439 2904 1464 ,
2930 1414 2964 1452 ο
2995 1400 3247 1456 virtutum
3277 1419 3373 1460 vas
3398 1406 3737 1476 admirabile,

2155 1498 2190 1538 ο
2217 1484 2470 1554 splendor
2493 1487 2767 1558 patientia:
2788 1531 2803 1557 ,
2835 1503 2869 1544 ο
2896 1491 3099 1561 lampas
3129 1494 3438 1566 prmfnlgida
3456 1539 3473 1564 ,
3496 1513 3531 1553 o
3555 1499 3744 1555 diade-

2155 1590 2239 1632 ma
2273 1575 2491 1632 honoris
2520 1587 2574 1633 et
2602 1579 2820 1650 gloriae,
2862 1583 3131 1654 angularis
3177 1586 3312 1656 lapis
3359 1588 3700 1645 ﬁrmissimus
3721 1633 3745 1658 ,

2154 1671 2428 1741 exemplar
2448 1670 2788 1739 innocentiae,
2810 1675 3056 1731 columna
3078 1693 3264 1746 aurea,
3288 1688 3342 1734 et
3363 1681 3524 1736 totius
3553 1681 3742 1739 Eccle-

2156 1761 2249 1816 sia:
2272 1762 2854 1822 fundamentum.Ctun
2882 1769 3004 1838 plus
3027 1769 3290 1839 tund‘eris,
3315 1774 3494 1830 minus
3519 1776 3740 1832 confun-

2155 1853 2319 1909 deris.
2351 1857 2536 1926 Agnus
2579 1856 2838 1914 innocens
2874 1861 3002 1929 quid
3044 1861 3281 1933 loqueris
3303 1905 3318 1930 ,
3347 1879 3565 1935 pressus
3594 1868 3740 1923 collo

2156 1953 2235 1998 tot
2276 1947 2454 2017 jugis?
2499 1947 2710 2004 Gratias
2739 1965 2840 2020 ago
2871 1949 2981 2006 Deo
3009 1966 3167 2018 meo,
3209 1954 3331 2024 quia
3373 1955 3564 2028 dignus
3607 1972 3728 2014 sum

2156 2035 2369 2092 habitus
2386 2078 2402 2104 ,
2428 2047 2485 2093 ut
2511 2055 2597 2094 me
2619 2039 2769 2095 odiat
2794 2042 3044 2098 mundus.
3091 2041 3215 2099 Scio
3241 2060 3328 2101 me
3357 2061 3584 2118 namque
3610 2065 3737 2120 per-

2154 2130 2339 2185 venire
2364 2129 2430 2187 ad
2455 2132 2730 2189 caelestem
2757 2134 2986 2205 gloriam
3015 2151 3113 2207 per
3145 2135 3416 2193 infamiam
3444 2148 3499 2194 et
3543 2139 3765 2215 bonam

2154 2219 2372 2278 famam.
2402 2225 2627 2296 Aperuit
2650 2234 2828 2282 autem
2855 2228 3024 2283 caelos
3051 2230 3305 2299 patientia
3329 2230 3446 2300 ejus
3472 2250 3487 2288 :
3512 2233 3636 2302 quia
3666 2233 3738 2290 ibi

2154 2316 2469 2371 conﬁrmata
2499 2331 2713 2388 semper
2742 2317 2838 2374 fuit
2865 2319 3036 2375 virtus
3064 2321 3249 2392 gloria:
3271 2321 3391 2392 ejus
3414 2339 3427 2376 :
3453 2333 3508 2380 et
3541 2324 3592 2379 in
3627 2325 3746 2382 Deo

2154 2407 2334 2478 posuit
2359 2406 2566 2462 ﬁrmam
2599 2408 2967 2465 fortitudinem
2995 2425 3149 2466 suam
3177 2429 3190 2465 :
3218 2427 3319 2468 nec
3342 2427 3374 2468 a
3399 2413 3627 2470 Domino
3654 2432 3742 2472 re-

2155 2497 2318 2553 cessit
2343 2514 2573 2570 unquam
2600 2514 2698 2556 cor
2721 2501 2858 2570 ejus.
2889 2501 3060 2558 Arcus
3087 2501 3300 2558 fortium
3323 2515 3605 2574 superatus
3626 2516 3736 2562 est:

2155 2599 2210 2646 et
2235 2591 2348 2663 ipse
2372 2595 2645 2649 accinctus
2668 2603 2753 2649 est
2777 2594 2991 2661 robore,
3013 2605 3071 2650 et
3099 2596 3381 2666 prmvalnit
3419 2598 3474 2653 in
3509 2598 3738 2654 inﬁrmi-

2157 2694 2265 2743 tate
2293 2703 2386 2743 sua
2411 2730 2425 2756 ,
2453 2698 2506 2745 et
2536 2689 2690 2747 fortis
2717 2690 2890 2746 factus
2914 2699 2999 2746 est
3025 2691 3076 2746 in
3102 2691 3242 2748 bello
3263 2734 3279 2758 ,
3309 2700 3364 2747 et
3388 2692 3610 2749 dextera
3643 2710 3738 2749 sua

2155 2772 2451 2851 gloriﬁcata
2477 2790 2560 2836 est
2586 2781 2637 2837 in
2665 2783 2880 2839 virtute.
2915 2783 3144 2844 Dextera
3179 2798 3369 2838 manus
3399 2798 3493 2839 sua
3523 2785 3740 2840 confre-

2155 2871 2234 2941 git
2261 2870 2507 2927 inimicos
2533 2889 2546 2924 :
2573 2873 2826 2942 quoniam
2847 2873 3062 2943 adiutor
3083 2882 3135 2928 et
3159 2883 3432 2943 protector
3459 2874 3630 2928 factus
3655 2883 3740 2929 est

2155 2963 2256 3018 sibi
2289 2963 2541 3018 Dominus
2570 2964 2622 3017 in
2649 2963 2895 3018 salutem.
2931 2965 2993 3019 Et
3024 2964 3144 3020 ideo
3174 2975 3451 3020 cantemus
3491 2965 3737 3030 Domino,

2155 3054 2408 3124 quoniam
2441 3054 2720 3125 magniﬁce
2749 3054 2894 3111 fecit.
2942 3057 3334 3114 Annuntiemus
3379 3056 3488 3113 hoe
3521 3057 3573 3109 in
3619 3059 3740 3110 uni-

2155 3159 2310 3200 versa
2342 3154 2502 3214 terra.
2547 3145 2868 3201 llauriatnns
2906 3161 3072 3216 aquas
3098 3147 3149 3201 in
3179 3147 3373 3217 gaudio
3402 3147 3470 3202 de
3501 3147 3739 3202 fontibus

2154 3235 2466 3302 Salvatoris.
2495 3239 2842 3294 Evanuerunt
2868 3240 3012 3310 impii
3043 3238 3110 3294 de
3135 3239 3554 3309 cogitationibus
3591 3241 3699 3294 suis
3723 3258 3736 3294 :

2155 3330 2276 3400 quia
2305 3330 2655 3386 obscuratum
2681 3329 2777 3384 fuit
2806 3330 3063 3401 insipiens
3087 3345 3180 3386 cor
3201 3345 3406 3395 eorum,
3440 3341 3492 3386 et
3513 3332 3738 3387 creden-

2158 3428 2237 3481 tes
2257 3437 2316 3476 se
2337 3436 2458 3477 esse
2479 3422 2748 3492 sapientes
2775 3421 2826 3476 in
2857 3421 3073 3477 tnalitiis
3093 3422 3229 3486 suis,
3261 3422 3406 3476 stulti
3433 3421 3554 3477 facti
3580 3436 3734 3478 sun':

2155 3512 2276 3587 quia
2309 3521 2648 3567 mutaverunt
2664 3513 2940 3567 veritatem
2964 3513 3015 3567 in
3039 3511 3374 3568 mendacium
3401 3527 3415 3566 :
3439 3513 3532 3568 sed
3559 3523 3734 3569 tamen

2155 3605 2349 3658 veritas
2367 3604 2436 3659 de
2459 3613 2594 3659 terra
2617 3615 2732 3659 orta
2753 3613 2859 3672 est,
2885 3612 2942 3659 et
2975 3604 3179 3675 juStitia
3202 3604 3267 3659 de
3283 3604 3423 3659 caelo
3441 3607 3731 3675 pr05pexit.

2156 3696 2364 3752 Etenim
2385 3695 2512 3755 fatui
2537 3696 2592 3750 in
2621 3696 2816 3758 lacum.
2840 3711 2998 3765 quem
3019 3705 3364 3766 aperuerunt,
3389 3704 3443 3750 et
3461 3696 3513 3750 in
3527 3695 3734 3750 foveam

2153 3802 2314 3857 quam
2347 3787 2604 3854 fecerunt,
2637 3786 2961 3842 inciderunt.
2995 3786 3063 3842 Et
3108 3788 3284 3858 justus
3325 3801 3592 3859 nunquam
3637 3787 3738 3842 fuit

2153 3878 2499 3932 eontttrbatus
2524 3896 2537 3932 :
2563 3877 2684 3948 quia
2718 3878 2970 3933 Dominus
2994 3878 3226 3933 ﬁrmavit
3245 3879 3360 3948 ejus
3389 3894 3621 3933 manum.

2223 3969 2350 4023 CAP.
2383 3968 2477 4023 XI.
2517 3968 2692 4033 Unde,
2715 3969 3039 4024 sanctissimi
3072 3969 3257 4025 Patres
3282 3977 3339 4024 et
3363 3969 3584 4035 domini,
3608 3983 3738 4024 con-

2154 4059 2384 4114 siderate
2412 4060 2586 4115 virum
2615 4060 2774 4116 istum
2798 4101 2814 4126 ,
2845 4076 3005 4131 qnam
3036 4059 3207 4116 ﬁdelis
3239 4069 3296 4115 et
3318 4061 3495 4130 justus
3521 4075 3735 4130 semper

2155 4151 2206 4205 in
2247 4151 2409 4206 domo
2453 4151 2664 4213 Domini
2706 4153 2800 4208 fuit
2819 4194 2835 4219 ,
2863 4152 2930 4207 ad
2957 4151 3257 4207 docendum
3288 4147 3384 4207 nos
3406 4195 3421 4218 ,
3449 4162 3502 4208 et
3532 4152 3734 4207 illumi-

2154 4243 2387 4298 nandum
2417 4243 2729 4299 abscondita
2759 4244 3136 4308 tenebrarum,
3167 4255 3222 4300 et
3251 4245 3592 4316 elfugandum
3633 4261 3730 4300 ne-

2153 4335 2348 4402 quitias
2373 4343 2736 4405 peccatorum.
2770 4335 2845 4392 De
2873 4352 2982 4414 quo
3011 4336 3168 4393 nobis
3190 4338 3410 4408 grandis
3432 4347 3575 4393 esset
3615 4351 3732 4392 ser-

2153 4442 2262 4494 mo,
2309 4437 2365 4484 et
2410 4428 2885 4498 ininterpretabilis
2939 4429 3008 4485 ad
3054 4429 3376 4496 dicendum,
3434 4427 3530 4484 sed
3575 4428 3735 4482 nimis

2154 4518 2430 4575 imbecillis
2469 4519 2641 4576 lactus
2684 4535 2802 4576 sum
2825 4564 2838 4588 ,
2867 4522 3121 4593 quoniam
3163 4521 3404 4576 introb'it
3444 4529 3646 4575 tremor
3676 4520 3729 4574 in

2152 4624 2272 4670 ossa
2311 4625 2428 4666 mea
2455 4627 2468 4664 :
2492 4619 2548 4667 et
2571 4611 2759 4667 subtus
2795 4627 2880 4668 me
2917 4613 3128 4667 turbata
3168 4620 3295 4667 sunt
3323 4611 3546 4682 vestigia
3574 4626 3690 4665 mea
3713 4653 3734 4677 ,,

2151 4716 2218 4757 ne
2248 4702 2404 4758 nimis
2429 4702 2734 4758 ascendam.
2764 4703 2862 4759 Est
2885 4704 3026 4760 enim
3049 4712 3275 4775 angusm
3308 4713 3484 4774 porta,
3508 4711 3566 4759 et
3585 4715 3729 4760 arcta

2150 4795 2254 4860 via,
2275 4805 2330 4852 et
2357 4796 2509 4852 cibus
2533 4797 2635 4852 iste
2660 4797 2863 4852 solidus
2886 4795 3244 4867 perfectornm
3276 4804 3361 4852 est
3385 4797 3728 4866 sapientium,

2149 4889 2238 4960 qui
2263 4890 2582 4951 exercitatos
2609 4889 2808 4945 habent
2833 4904 3028 4944 sensus
3048 4889 3114 4943 ad
3140 4889 3544 4945 discretionem.
3580 4888 3727 4955 Qua-

2151 4991 2368 5055 propter
2409 4996 2516 5039 non
2565 4980 2773 5043 modica
2822 4980 3170 5050 relinquens,
3217 4979 3457 5034 difﬁcilia
3485 4987 3542 5034 et
3566 4979 3732 5033 ardua

2149 5077 2280 5132 tanti
2301 5077 2401 5131 viri
2424 5076 2714 5131 incl‘l‘abilis
2738 5091 2753 5129 :
2776 5073 2931 5143 cujus
2959 5073 3118 5128 laude
3151 5075 3304 5143 plena
3334 5084 3418 5130 est
3444 5085 3608 5141 terra,
3637 5089 3732 5130 cu-

2142 5166 2232 5239 jus
2257 5167 2515 5239 Splendor
2535 5177 2618 5222 est
2638 5166 2776 5220 sicut
2801 5164 2892 5234 (al.
2919 5163 3112 5233 iumen)
3137 5164 3281 5229 luna,
3307 5173 3362 5219 ct.
3382 5181 3582 5220 cornua
3606 5173 3733 5220 sunt

2147 5259 2199 5315 in
2233 5259 2477 5325 manibus
2505 5257 2620 5335 ejus
2641 5297 2657 5322 ,
2688 5255 2758 5316 ad
2787 5268 3024 5324 praesens
3050 5255 3130 5308 sui
3165 5257 3344 5321 exitus
3373 5257 3596 5327 gloriosi
3626 5258 3730 5311 ali-

2145 5366 2250 5422 qua
2292 5349 2609 5410 brevissime
2648 5345 2806 5414 cupio
2835 5359 3099 5399 reserare.
3141 5345 3280 5400 Deus
3310 5347 3452 5401 enim
3481 5347 3728 5417 omnipo-

2147 5451 2300 5507 tens,
2331 5441 2484 5511 cujus
2525 5435 2892 5492 misericordia
2937 5435 3092 5504 praeit
3129 5449 3254 5492 ante
3298 5438 3490 5496 faciem
3535 5453 3726 5494 suam:

2098 5600 2102 5604 ι
2143 5536 2239 5606 qui
2267 5543 2322 5590 et
2341 5533 2516 5608 justus
2545 5537 2656 5596 est,
2675 5538 2728 5585 et
2752 5539 2958 5592 rectum
2981 5527 3240 5596 judicium
3274 5545 3431 5585 suum
3453 5572 3468 5598 ,
3497 5531 3729 5588 reddens

2144 5622 2450 5682 mercedem
2473 5621 2715 5678 laborum
2739 5618 3056 5675 Sanctorum
3078 5633 3339 5676 suorum:
3365 5631 3546 5693 pastor
3569 5637 3729 5680 verus

2145 5730 2200 5778 et
2229 5715 2401 5774 bonus
2419 5753 2436 5785 ,
2464 5713 2516 5770 in
2546 5709 2911 5768 misericordia
2939 5708 3233 5788 disponens
3260 5715 3443 5771 omnia
3463 5755 3478 5786 ,
3509 5725 3565 5774 et
3590 5730 3724 5779 con~
