4052 6338
217 325 356 408 ηδ’

1238 305 1592 394 EUSEBIUS,
1631 321 1721 381 us
1755 317 1993 379 monre
2030 318 2426 404 lllERONYm.
2481 308 2484 310 ‘

3362 326 3469 388 266

219 458 442 539 gregans
471 462 606 520 oves
630 446 754 516 suas
781 446 981 514 in'sinu
1005 446 1122 518 suo,
1145 465 1264 522 quae
1285 447 1575 539 novissime
1598 438 1811 539 diebus.
1896 416 2117 539 rituales
2135 437 2286 505 estis,
2307 453 2404 493 cur
2423 436 2552 493 istas
2577 444 2653 494 tot
2680 418 3033 500 infructuosas
3054 440 3276 500 funditis
3295 443 3468 518 lacry-

221 561 330 617 istis
356 571 517 613 cursu
548 548 868 610 intolerabili
899 554 954 602 et
982 556 1215 599 oneroso
1244 538 1429 609 agonis
1457 529 1784 606 gravissimi,

220 656 269 707 in
289 665 394 720 quo
419 661 544 703 caro
565 641 892 712 concupiscit
915 637 1174 692 adversus
1198 629 1465 702 spiritum,
1489 634 1544 682 et
1566 621 1786 694 spiritus

217 744 468 799 adversus
510 751 726 793 carnem
748 777 762 800 ,
793 729 1016 788 feliciter
1038 731 1412 783 consummato
1432 761 1447 786 ,
1475 726 1630 790 portu
1673 714 1782 784 jam

216 834 301 889 diu
328 829 633 898 concupita,
662 825 730 880 de
751 821 1087 891 navigatione
1108 816 1268 886 hujus
1291 811 1454 868 maris
1473 803 1783 898 proecilosi,

217 927 392 992 inquo
411 929 535 974 sunt
561 915 767 986 reptilia
794 907 1227 973 innumerabilia,
1249 902 1587 960 inimicorum
1616 893 1786 966 agmi-

215 1032 276 1071 na
319 1011 659 1068 colluctantia
702 1026 716 1061 :
753 1014 812 1062 ut
857 1003 1161 1074 decipiant,
1201 1006 1256 1053 et
1299 993 1566 1050 trucident
1607 995 1814 1044 rectos.

211 1106 368 1163 corde
388 1105 498 1174 jam
529 1101 752 1156 obtento
773 1139 788 1164 ,
816 1093 1222 1152 dilectissimum
1252 1088 1416 1143 ﬁlium
1461 1096 1616 1138 suum
1655 1079 1785 1134 llic-

213 1169 485 1268 ronym'nin
526 1199 755 1248 exutum
796 1196 917 1258 toga
964 1182 1340 1245 mortalitatis,
1381 1186 1436 1232 et
1485 1169 1780 1245 putrediuis

211 1261 361 1355 hujus
380 1282 559 1338 carnis
586 1279 924 1344 miserrimae,
949 1283 1208 1346 perpetuo
1235 1264 1648 1324 immortalitatis
1669 1261 1784 1316 bra-

209 1380 286 1432 vio
312 1377 622 1432 decoratum
644 1414 659 1440 ,
685 1370 751 1426 ad
780 1369 998 1426 caeleste
1024 1366 1218 1421 atrium
1247 1359 1520 1423 evocavit,
1552 1363 1610 1412 ut
1637 1351 1780 1426 quod

207 1470 414 1525 videbat
440 1467 526 1522 hic
557 1468 608 1520 in
635 1463 942 1532 aenigmate,
970 1458 1045 1513 ibi
1074 1457 1254 1512 videat
1278 1451 1414 1507 facie
1449 1448 1518 1505 ad
1563 1447 1776 1502 faciem.

269 1560 397 1615 Car.
433 1559 546 1614 XII.
588 1558 758 1623 Quem
789 1568 908 1607 cum
939 1559 1183 1607 extrema
1228 1547 1348 1617 ejus
1393 1544 1522 1598 hora
1545 1581 1567 1608 ,i
1592 1537 1777 1610 egredi

205 1653 264 1706 de
291 1664 518 1719 corpore
542 1647 659 1715 ejus
691 1654 898 1715 urgeret
922 1637 1355 1711 :jaineompletis
1383 1632 1463 1707 (a),
1489 1631 1779 1701 nonaginta
1807 1658 1813 1664 -

204 1754 252 1798 et
279 1757 373 1796 sex
403 1740 584 1802 anuis,
613 1737 761 1791 febre
789 1744 1023 1789 aestuans
1053 1729 1246 1795 valida,
1274 1741 1406 1782 suos
1427 1725 1571 1779 circa
1595 1736 1654 1776 se
1682 1736 1776 1774 vo-

202 1835 291 1888 luit
317 1847 438 1888 esse
469 1832 520 1884 in
551 1844 712 1884 unum
742 1827 913 1889 ﬁlios,
943 1838 1079 1892 quos
1123 1823 1260 1876 sicut
1303 1817 1543 1872 novellas
1572 1813 1780 1884 planta-

135 1946 138 1952 λ
204 1926 368 1976 tiones
389 1919 646 1975 stabilivit
671 1933 700 1971 a
721 1917 1002 1988 juve..tute
1024 1927 1141 1966 sua.
1167 1910 1404 1979 Quorum
1428 1907 1574 1960 luctu
1595 1903 1775 1956 vultus

199 2029 383 2084 graves
427 2013 640 2065 intuens
662 2049 677 2074 ,
708 2018 764 2062 ut
793 2007 912 2077 pitts
943 2013 997 2059 et
1022 2001 1332 2058 misericors
1352 2037 1368 2064 ,
1399 1996 1480 2050 his
1509 1992 1776 2063 paulisper

199 2115 370 2160 motus
401 2103 615 2158 ﬂetibus
644 2099 916 2156 infremuit
944 2095 1138 2164 spiritu
1176 2101 1231 2148 et
1277 2092 1582 2160 Iacrymans
1605 2125 1621 2151 ,
1665 2084 1773 2137 imo

197 2197 584 2267 aliquantulum
626 2194 842 2249 elevans
883 2188 1104 2250 oculos,
1155 2186 1312 2254 plana
1357 2194 1532 2246 voce,
1563 2174 1768 2244 inquit:

199 2289 232 2347 F
235 2263 293 2344 ili
308 2287 532 2353 Eusebi,
553 2300 650 2341 cur
670 2285 800 2338 istas
821 2279 1036 2336 inutiles
1063 2274 1244 2330 fundis
1266 2266 1565 2339 lacn-nias?
1588 2263 1777 2318 Nonne

197 2396 384 2435 vanum
415 2386 500 2434 est
528 2391 694 2446 super
722 2372 1028 2428 defunctum
1057 2364 1284 2421 fundere
1313 2355 1618 2430 lacryinas?
1647 2353 1776 2420 Quis

196 2473 375 2527 vivens
422 2485 530 2524 non
578 2444 779 2521 videbit
829 2459 988 2529 hujus
1036 2452 1281 2524 corporis
1330 2444 1774 2506 dissolutionem?

195 2563 337 2631 Quod
373 2559 547 2616 semel
577 2557 790 2610 loeutus
812 2559 894 2606 est
923 2550 1081 2613 Deus,
1111 2555 1166 2601 et
1190 2541 1384 2598 audisti
1408 2580 1424 2608 ,
1455 2536 1620 2594 audes
1648 2549 1776 2590 con-

194 2626 500 2710 tradicere?
545 2647 612 2702 Et
637 2646 778 2701 nosti
805 2642 1010 2698 nullum
1043 2653 1210 2710 posse
1232 2636 1492 2692 resistere
1512 2626 1771 2684 voluntati

192 2747 320 2816 ejus.
347 2745 494 2808 Jam,
521 2741 616 2805 fili,
648 2752 778 2808 rogo
806 2751 911 2790 non
937 2731 1233 2790 seCundum
1254 2740 1473 2783 carnem
1495 2721 1772 2778 ambules:

191 2815 316 2892 dicre
339 2834 554 2891 desine.
583 2832 744 2885 Certe
771 2836 969 2883 nostra:
997 2822 1202 2878 militia:
1227 2834 1374 2874 arma
1401 2815 1637 2872 carnalia
1665 2828 1770 2867 non

194 2938 342 2984 sunt.
370 2922 574 2980 Deinde
599 2921 748 2976 vultu
777 2917 932 2973 liilati
958 2924 1012 2972 et
1036 2911 1296 2985 jucunde,
1324 2908 1486 2963 alacri
1511 2919 1642 2961 voce
1671 2918 1775 2959 cte-

196 3037 337 3078 teros
383 3019 666 3087 alloquens
714 3013 890 3077 ﬁlios,
930 3002 1501 3066 esclamavit:Cesset
1549 3011 1772 3061 mceror,

197 3122 364 3168 ructus
387 3110 582 3175 abeat,
608 3105 677 3160 sit
701 3103 943 3159 omnium
963 3114 1071 3153 una
1096 3111 1202 3152 vox
1227 3091 1596 3165 gaudentium.
1631 3087 1775 3156 Quo-

199 3207 332 3261 niam
362 3216 488 3258 ecce
515 3209 730 3267 tempus
755 3189 1081 3260 acceptabile
1101 3228 1116 3254 ,
1142 3201 1269 3243 ecce
1297 3183 1414 3239 dies
1441 3177 1775 3252 jubilationis

199 3309 247 3352 et
285 3294 501 3358 lictitim,
545 3304 669 3367 pra:
695 3285 948 3343 omnibus
989 3280 1179 3337 diebus
1211 3277 1335 3332 vita:
1365 3287 1538 3329 meai:
1574 3270 1628 3325 in
1668 3282 1776 3340 quo

199 3389 366 3444 fidelis
395 3363 735 3442 Dominusin
765 3377 944 3436 verbis
971 3375 1103 3440 suis,
1127 3381 1182 3429 et
1207 3376 1427 3427 sanctus
1449 3367 1506 3422 in
1525 3363 1774 3424 omnibus
1801 3443 1808 3451 θ

200 3483 445 3553 operibus
466 3479 598 3544 suis,
624 3473 833 3547 aperuit
853 3484 1069 3526 manum
1091 3482 1266 3532 suam,
1287 3472 1343 3518 ut
1363 3475 1537 3516 meatu
1561 3456 1773 3513 exulem

200 3549 424 3627 animam
457 3572 734 3638 hucusque
763 3567 818 3620 in
842 3569 1058 3618 carcere
1082 3556 1270 3613 mortis
1315 3552 1474 3622 bujus
1503 3549 1574 3605 ob
1599 3557 1777 3603 reatus

203 3665 298 3720 mei
341 3662 599 3735 genitoris
639 3657 804 3721 Adai,
830 3662 1044 3712 revocet
1067 3650 1134 3704 ad
1176 3661 1464 3717 supernam
1512 3640 1774 3713 patriam,

205 3731 566 3826 recuperatam
595 3750 678 3808 sui
706 3748 829 3805 Filii
857 3745 1118 3815 sanguine
1144 3741 1404 3812 pretioso.
1430 3735 1609 3791 Nolite
1631 3775 1647 3798 ,
1680 3731 1775 3785 ﬁlii

205 3847 525 3906 dilectissimi
547 3888 562 3909 ,
587 3858 723 3916 quos
747 3855 963 3912 semper
990 3837 1149 3894 habui
1178 3837 1230 3890 in
1260 3829 1553 3888 visceribus
1577 3828 1776 3882 carita-

207 3944 286 4011 tis,
315 3941 576 4012 impedire
603 3936 856 4008 gaudium
882 3947 1083 3997 meum,
1112 3945 1179 3985 ne
1201 3923 1532 3998 prohibeatis
1552 3920 1778 3976 reddere

206 4043 353 4090 terra:
392 4011 539 4103 quod
581 4044 734 4083 suum
773 4035 876 4082 est.
907 4023 1112 4093 Corpus
1141 4034 1320 4075 meum
1350 4015 1530 4070 statim
1557 4011 1737 4068 exuite
1756 4047 1774 4075 ,

208 4137 355 4182 terra:
385 4125 529 4190 date,
565 4138 632 4178 ex
658 4135 760 4192 qua
789 4118 987 4174 factum
1012 4123 1112 4180 est,
1145 4122 1202 4168 ut
1228 4111 1416 4167 redeat
1441 4106 1583 4162 unde
1610 4104 1774 4159 venit.

206 4217 401 4291 Quibus
449 4215 615 4270 ﬁnitis
653 4211 1076 4278 verbis,omnes
1101 4205 1293 4260 fratres
1320 4199 1573 4272 lacrymis
1597 4195 1780 4251 made-

206 4287 351 4375 facti,
383 4305 722 4362 denudantes
768 4316 926 4357 suum
967 4296 1394 4354 sacratissimum
1431 4305 1661 4360 corpus,
1707 4287 1778 4342 ita

205 4399 495 4471 squalidum
523 4407 579 4454 et
601 4396 841 4452 deforme
867 4390 1229 4457 abstinentiis,
1257 4387 1402 4460 quod
1428 4383 1646 4456 quidem
1675 4388 1794 4435 ωτι

207 4493 352 4548 ribile
377 4499 695 4547 cunctorum
725 4487 896 4552 visui,
920 4483 1245 4541 cernebatur
1276 4495 1293 4535 :
1333 4493 1456 4534 nam
1485 4484 1629 4531 tanta
1659 4480 1780 4528 erat

207 4585 445 4642 affectum
475 4583 668 4648 macie,
699 4591 757 4636 ut
781 4594 903 4634 ossa
929 4577 1046 4648 ejus
1075 4576 1376 4647 potuissent
1405 4585 1502 4642 per
1522 4565 1780 4622 articulos

207 4679 467 4735 numerari
498 4694 514 4734 :
543 4678 621 4732 sic
649 4673 962 4730 verberibus
991 4678 1352 4732 cruentatum,
1382 4674 1439 4718 ut
1466 4660 1660 4732 leprosi
1687 4674 1783 4728 po-

210 4769 304 4825 tius
326 4785 520 4838 corpus
546 4765 857 4822 crederetur
882 4781 895 4817 :
921 4760 1058 4816 nuda
1086 4761 1248 4814 humu
1276 4755 1520 4826 protinus
1548 4748 1783 4806 tradide-

207 4873 344 4930 runt,
373 4872 428 4918 et
457 4862 632 4932 ipsum
661 4873 818 4914 sacco
847 4856 990 4911 lineo
1017 4856 1438 4922 coeperuerunt.

271 4955 396 5010 CAP.
417 4929 564 5008 xiu.
604 4951 704 5007 Ast
727 4949 818 5005 ubi
840 4948 918 5002 vir
946 4945 1174 5008 Domini,
1205 4937 1362 4996 terra:
1386 4929 1554 4994 sensit
1576 4931 1781 5004 asperi-

209 5055 359 5103 tatem
385 5064 400 5099 :
423 5044 649 5100 nimium
675 5039 998 5111 jucundatus
1016 5078 1032 5103 ,
1059 5045 1461 5100 conversusque
1485 5025 1553 5081 ad
1580 5023 1777 5080 fratres

209 5153 310 5208 pra:
335 5137 520 5194 dolore
565 5144 621 5191 et
657 5132 900 5203 angustia
944 5131 1302 5199 lacrytuarum
1345 5119 1580 5178 fontibus
1624 5117 1781 5170 inun-

210 5233 409 5299 dantes,
437 5230 648 5301 inquit:
674 5227 870 5281 Hortor
892 5239 1006 5288 vos,
1034 5213 1298 5276 carissimi
1327 5215 1432 5270 mei
1459 5221 1514 5267 et
1539 5208 1778 5266 dilectis-

211 5327 324 5381 simi
351 5326 440 5380 lilii
461 5365 477 5389 ,
503 5336 640 5393 quos
664 5319 823 5388 genui
851 5317 905 5372 in
935 5307 1230 5370 viSceribus
1254 5309 1383 5365 .lesu
1413 5303 1651 5367 Christi,
1685 5315 1778 5370 per

211 5417 546 5474 dilectionem
571 5423 627 5469 et
650 5411 927 5468 caritatem
952 5422 1056 5478 qua
1080 5403 1240 5460 dilexi
1271 5416 1367 5456 vos
1392 5418 1406 5454 :
1432 5409 1490 5453 ut
1518 5394 1786 5468 pacificati

212 5525 341 5565 nunc
361 5522 549 5580 pacem
571 5503 833 5559 habeatis.
868 5499 1082 5556 Debetis
1104 5495 1250 5552 enim
1275 5507 1389 5559 vos,
1409 5500 1660 5560 tanquam
1685 5486 1781 5541 Del

212 5579 502 5667 ministros,
531 5596 876 5660 domesticos,
905 5602 961 5648 et
987 5589 1190 5643 amicos
1212 5585 1366 5640 decet
1391 5624 1406 5646 ,
1435 5581 1501 5636 ad
1532 5579 1782 5651 spiritua-

213 5694 274 5748 lia
299 5693 552 5748 anhelare
577 5706 590 5744 :
616 5696 674 5744 ut
697 5685 813 5743 sitis
837 5683 956 5739 aliis
980 5682 1047 5734 ad
1071 5677 1374 5747 exemplum
1424 5673 1530 5728 Vos
1555 5672 1647 5741 qui
1676 5671 1783 5741 Spi-

246 5785 339 5864 (a)
370 5791 496 5862 Quid
517 5789 722 5860 propius
743 5798 862 5841 vero
883 5785 963 5848 sit,
987 5781 1148 5834 disces
1167 5791 1228 5830 ex
1253 5777 1304 5828 S.
1325 5775 1552 5830 Det-toris
1570 5774 1664 5826 vita

1895 527 2044 583 mas?
2071 527 2420 584 Peccatorum
2446 528 2597 605 vobis
2633 544 2845 600 semper
2870 533 3169 590 recordatio
3199 523 3466 606 laerymas

1892 619 2130 677 inducat.
2159 620 2330 676 Tanto
2360 621 2590 692 prompti
2617 629 2789 678 estote
2825 622 2890 677 ad
2933 624 3196 696 lacrymas
3217 667 3233 694 ,
3265 635 3464 697 quanto

1893 711 2068 781 fuistis
2093 709 2160 766 ad
2183 711 2417 781 culpam.
2441 710 2497 767 Si
2524 711 2644 782 quis
2664 721 2880 782 peccato
2903 714 3147 781 moritur,
3171 713 3313 771 ﬁcte.
3333 715 3462 770 Nam

1892 802 2138 873 simalus
2155 817 2276 858 cum
2299 817 2393 872 per
2419 788 2786 872 pteuitentiam
2807 816 2837 856 a
2861 811 3031 858 morte
3060 804 3248 874 surgit,
3273 805 3463 876 Angeli

1891 895 2130 968 gaudent
2151 895 2204 950 in
2230 895 2382 952 ctelis
2407 913 2427 952 :
2452 903 2601 952 certe
2647 894 2695 951 si
2737 894 2912 950 bonus
2953 904 3172 966 peccato
3218 897 3462 961 moritur,

1891 989 2083 1061 Angeli
2126 988 2329 1044 dolent.
2384 987 2469 1043 Me
2515 1001 2646 1044 vero
2691 1001 2801 1042 non
2847 994 3099 1057 tanquam
3146 987 3460 1043 morientem

1892 1079 2114 1151 lugentis
2151 1097 2166 1134 :
2202 1079 2296 1134 sed
2325 1093 2534 1134 mecum
2569 1087 2816 1149 tanquam
2848 1086 3058 1148 portum
3086 1077 3270 1146 salutis
3307 1079 3465 1132 attin-

1889 1179 2105 1244 gentem
2147 1169 2444 1240 gaudeatis.
2492 1169 2628 1254 Quid
2675 1167 2996 1226 imbecillius
3041 1168 3254 1223 miseria
3305 1167 3463 1239 hujus

1889 1262 2034 1328 vitae,
2058 1277 2162 1333 qua
2206 1268 2284 1316 tot
2329 1260 2574 1316 dolorum
2614 1267 2670 1315 et
2696 1259 3004 1330 passionum
3034 1259 3330 1330 agminibus
3358 1259 3464 1314 cir-

1886 1354 2243 1410 cumdamur:
2275 1362 2332 1408 ut
2378 1353 2523 1409 nulla
2568 1367 2708 1422 pene
2752 1351 2882 1407 liora
2907 1352 3010 1417 sit,
3042 1353 3095 1406 in
3137 1365 3242 1420 qua
3280 1351 3463 1406 vivens

1884 1448 2206 1520 quicumque
2253 1443 2416 1500 homo
2445 1444 2580 1500 liber
2621 1458 2651 1498 a
2695 1443 2881 1521 dolore
2909 1442 3172 1498 transeat?
3203 1442 3260 1498 Si
3290 1440 3459 1510 dives,

1884 1541 2120 1611 undique
2147 1541 2478 1610 angustiatur
2505 1538 2718 1604 timore,
2743 1552 2810 1593 ne
2838 1536 2978 1607 quod
3012 1534 3268 1607 possidet,
3301 1535 3461 1591 atnit-

1885 1640 1979 1686 tat.
1998 1632 2052 1686 Si
2081 1647 2281 1700 pauper
2300 1645 2569 1699 nunquam
2592 1628 2817 1700 quiescit
2837 1638 2892 1682 ut
2921 1627 3175 1683 inveniat.
3193 1626 3246 1683 Si
3265 1626 3458 1690 bonus,

1884 1721 2008 1777 hinc
2035 1721 2232 1790 diaboli
2262 1721 2411 1792 timet
2437 1719 2735 1789 periculum
2758 1735 2771 1772 :
2798 1718 2922 1774 hinc
2949 1733 3020 1777 ne
3047 1719 3194 1776 navis
3215 1717 3460 1774 mortalis

1882 1813 2124 1881 corporis
2171 1813 2224 1866 in
2273 1811 2430 1881 hujus
2478 1809 2658 1864 mundi
2706 1809 2895 1880 pelago
2939 1808 3309 1879 naufragi-tur,
3346 1823 3454 1862 non

1883 1902 2224 1958 mediocriter
2272 1901 2618 1971 pertimescit.
2664 1899 2870 1954 Idcirco
2914 1899 3090 1953 nullus
3136 1913 3331 1965 sexus,
3372 1897 3457 1952 vel

1881 2005 2012 2050 mtas
2031 2035 2048 2061 ,
2074 1993 2158 2048 vel
2183 1992 2419 2048 conditio
2440 2033 2454 2056 ,
2486 1991 2688 2046 doloris
2717 1989 2910 2044 transit
2935 2003 3149 2058 expers,
3177 2002 3454 2060 quonsque

1882 2088 1934 2142 in
1965 2087 2062 2140 hac
2091 2096 2269 2139 manet
2296 2085 2509 2138 miseria
2537 2083 2679 2138 vine.
2710 2083 2764 2138 Si
2795 2081 2926 2152 quid
2966 2081 3018 2136 in
3053 2095 3139 2136 me
3162 2095 3283 2136 esse
3306 2079 3458 2136 scitis

1881 2192 2058 2231 Ineunt
2089 2175 2379 2244 impediens
2404 2174 2526 2239 iter,
2554 2173 2754 2228 delete.
2785 2157 2900 2226 Heu
2927 2171 3068 2242 quod
3094 2171 3452 2241 navigantium

1882 2281 1976 2334 per
2003 2266 2104 2318 hoc
2127 2278 2274 2318 mare
2301 2278 2548 2332 magnum
2572 2272 2625 2317 et
2649 2262 2944 2332 spatiosum
2971 2262 3024 2315 in
3054 2277 3161 2331 quo
3190 2276 3306 2316 sum
3328 2302 3346 2328 ,
3379 2270 3458 2316 tot
3486 2249 3490 2253 ’

1880 2355 2088 2418 diversa
2114 2368 2311 2423 genera
2338 2353 2674 2408 inimicorum
2691 2393 2708 2419 ,
2737 2351 3034 2408 secundum
3059 2337 3346 2422 cujuslibet
3368 2352 3454 2407 vi-

1881 2448 2018 2500 rium
2045 2445 2394 2514 quantitatem
2419 2443 2819 2500 colluctantium
2841 2485 2857 2510 ,
2889 2453 3011 2513 post
3045 2442 3268 2498 multam
3309 2444 3455 2499 navi-

1880 2537 2037 2609 gandi
2066 2537 2394 2604 felicitatem,
2421 2544 2542 2606 post
2567 2535 2761 2591 multas
2783 2534 3062 2602 victorias,
3088 2535 3199 2604 jam
3222 2535 3452 2590 credeno

1882 2640 1962 2686 tes
1985 2630 2146 2684 linem
2169 2644 2364 2699 capere
2391 2637 2749 2698 peroptatum,
2775 2629 2951 2700 aliqua
2977 2628 3236 2684 diabolica
3261 2645 3449 2700 sugge-

1879 2723 2051 2777 stione
2092 2721 2147 2776 in
2191 2720 2293 2776 hac
2331 2720 2462 2776 hora
2491 2721 2545 2776 in
2574 2721 2823 2793 laqueum
2853 2721 3168 2792 perditionis
3194 2737 3287 2777 sua
3317 2721 3457 2778 indi.

1878 2815 2146 2870 scretione
2171 2814 2570 2884 pervenerunt?
2597 2792 2712 2870 Heu
2736 2823 2866 2885 quot
2896 2813 2984 2869 hic
3016 2823 3070 2870 et
3107 2792 3212 2870 vita
3246 2829 3458 2871 recom-

1880 2906 2099 2962 mendat
2139 2915 2196 2963 et
2237 2905 2378 2961 fama
2402 2945 2418 2972 ,
2452 2906 2644 2978 quibus
2668 2907 2827 2962 unico
2857 2907 3057 2976 peccati
3088 2894 3310 2962 assensu
3341 2906 3458 2962 dira

1880 3012 2026 3053 mors
2054 2998 2295 3054 imminet
2319 3006 2376 3054 et
2401 2998 2590 3052 ruina?
2617 2996 2822 3053 idcirco
2842 2997 2968 3052 dum
2993 2998 3192 3063 vivitis,
3224 2997 3458 3053 timeatis

1883 3086 2100 3143 fratres.
2127 3087 2448 3157 Principium
2476 3089 2758 3159 sapientiae,
2787 3090 2937 3143 timor
2965 3087 3192 3142 Domini.
3215 3087 3332 3143 Vita
3361 3103 3459 3143 no-

1880 3188 1990 3234 stra
2014 3218 2030 3244 ,
2059 3179 2248 3234 militia
2278 3188 2360 3234 est
2385 3193 2554 3259 super.
2580 3189 2778 3236 terram
2805 3196 2820 3234 :
2847 3178 2936 3250 qui
2966 3178 3052 3234 hic
3079 3177 3298 3245 vicerit,
3327 3177 3459 3233 alibi

1879 3273 2244 3328 coronabitur.
2270 3273 2407 3328 Dum
2429 3271 2530 3329 hac
2547 3273 2686 3344 pelle
2708 3273 2954 3342 tegimur,
2978 3272 3123 3327 nulla
3145 3271 3300 3328 nobis
3319 3269 3482 3326 inest,

1889 3377 2036 3424 certa
2064 3368 2308 3424 victoria.
2336 3366 2394 3424 Si
2423 3376 2605 3424 noster
2631 3367 2842 3438 genitor
2871 3366 3156 3432 timuisset,
3187 3378 3460 3436 nunquam

1880 3461 2186 3518 cecidisset.
2204 3460 2529 3531 Principium
2547 3461 2786 3516 omnium
2807 3457 3093 3524 malorum,
3111 3456 3191 3512 sui
3211 3469 3462 3527 praesum-

1883 3554 2013 3624 ptio.
2042 3554 2144 3620 Qui
2165 3569 2272 3609 non
2299 3553 2473 3619 timet,
2501 3551 2570 3608 de
2597 3566 2656 3607 se
2686 3550 2982 3622 prazsumit.
3012 3545 3294 3615 Quomodo
3321 3546 3462 3600 inter

1882 3647 2122 3702 latrones
2145 3646 2266 3717 quis
2289 3653 2518 3700 onustus
2545 3658 2680 3698 auro
2703 3631 2932 3698 isecurus
2960 3638 3236 3710 graditur?
3280 3635 3464 3692 Salva-

1882 3747 1966 3793 tor
1984 3736 2110 3808 quid
2138 3750 2237 3792 nos
2256 3735 2400 3790 aliud
2423 3735 2599 3798 docet,
2623 3733 2724 3789 nisi
2747 3731 2972 3786 timere?
3005 3729 3242 3799 Vigilate,
3268 3726 3461 3796 inquit,

1881 3829 2001 3900 quia
2027 3828 2227 3883 nescitis
2253 3843 2355 3897 qua
2380 3827 2508 3880 liora
2533 3829 2618 3896 fur
2643 3831 2882 3878 venturus
2905 3831 3002 3876 est.
3027 3820 3160 3894 Nam
3207 3818 3270 3875 Si
3312 3818 3464 3872 sciret

1884 3919 2252 3991 paterfamilias
2280 3935 2380 3988 qua
2405 3918 2533 3971 liora
2559 3919 2645 3982 fur
2676 3914 2883 3979 veniret,
2911 3911 3142 3984 vigilaret
3168 3910 3340 3975 utique
3361 3948 3379 3976 ,
3412 3917 3463 3961 et

1885 4028 1985 4066 non
2012 4011 2198 4064 sineret
2227 4009 2430 4079 perfodi
2456 4007 2667 4062 domum
2691 4020 2860 4060 suam.
2903 4003 3158 4058 Summus
3181 3999 3270 4055 ille
3295 3997 3462 4053 clavi-

1883 4120 1978 4174 ger
2001 4103 2188 4158 Petrus
2213 4118 2228 4156 :
2253 4099 2445 4166 Sobrii,
2473 4096 2680 4168 inquit,
2705 4103 2890 4162 estote,
2917 4096 3102 4166 fratres
3121 4130 3138 4157 ,
3164 4097 3212 4145 et
3238 4089 3464 4161 vigilate,

1884 4171 2003 4266 quia
2045 4192 2365 4248 adversarius
2404 4200 2562 4245 vester
2601 4188 2835 4242 diabolus
2864 4194 3106 4255 tanquam
3131 4181 3209 4237 leo
3237 4171 3475 4252 rugiens.

1885 4289 2115 4345 circumit
2144 4301 2371 4356 quarens
2395 4300 2544 4353 quem
2569 4281 2790 4336 devoret.
3358 4273 3362 4278 ’

1953 4383 2083 4437 Car.
2120 4353 2260 4442 XIV.
2300 4376 2473 4454 Nemo
2513 4377 2652 4430 inter
2690 4379 2970 4443 serpentes
3012 4381 3134 4425 cum
3179 4353 3467 4423 securitate

1887 4473 2088 4530 habitat
2111 4488 2126 4526 :
2149 4470 2250 4540 Qui
2275 4468 2513 4534 sanctior
2539 4476 2595 4523 et
2621 4465 2916 4536 sapientior
2940 4470 3056 4526 est,
3090 4458 3208 4530 plus
3249 4469 3465 4525 semper

1889 4568 2090 4620 timeat.
2135 4563 2266 4617 Nam
2311 4561 2402 4632 qui
2446 4560 2606 4614 altius
2646 4565 2728 4613 est
2763 4553 2992 4620 cadens,
3037 4550 3266 4619 majores
3308 4560 3465 4602 casus

1887 4656 2095 4727 recipit.
2125 4654 2264 4710 Esca
2293 4651 2510 4717 diaboli,
2541 4648 2712 4704 electa
2736 4655 2855 4702 est:
2882 4644 2950 4700 de
2976 4642 3129 4697 malis
3153 4655 3258 4695 non
3278 4644 3453 4700 curat,

1886 4750 2010 4820 quia
2049 4748 2132 4802 sui
2172 4754 2314 4800 sunt.
2347 4742 2554 4800 Cecidit
2580 4740 2674 4794 ille
2701 4738 2917 4807 sapiens
2951 4735 3245 4792 Salomon:
3271 4729 3466 4787 cecidit

1887 4852 1943 4898 et
1978 4840 2096 4910 ejus
2132 4836 2340 4908 genitor
2381 4833 2582 4898 David,
2627 4832 2832 4886 electus
2873 4826 3164 4884 secundum
3210 4839 3304 4880 cor
3347 4822 3460 4877 Dei.

1887 4931 2143 4990 Timeatis
2169 4928 2383 4995 fratres,
2413 4926 2605 4982 iterum
2631 4937 2761 4993 rogo
2786 4921 3020 4990 undique
3047 4917 3280 4996 timeatis
3303 4931 3318 4973 :
3341 4914 3464 4984 quia

1889 5026 2078 5083 beatus
2098 5032 2181 5078 est
2203 5022 2280 5075 vir
2308 5022 2502 5076 timens
2524 5017 2830 5073 Dominum.
2857 5013 3070 5068 Etenim
3100 5011 3144 5065 si
3167 5009 3469 5065 consistant

1889 5117 2171 5172 adversum
2215 5127 2338 5168 eum
2387 5119 2562 5166 castra
2612 5126 2626 5163 :
2673 5122 2779 5162 non
2829 5103 3036 5159 timebit
3079 5115 3173 5158 cor
3217 5100 3351 5169 ejus.
3407 5095 3466 5152 Si

1893 5205 2259 5265 exsurrexerit
2287 5203 2339 5258 in
2369 5217 2492 5257 eum
2520 5199 2765 5271 pra-lium
2790 5213 2804 5252 :
2844 5196 2898 5250 in
2925 5194 3030 5249 hoc
3056 5194 3169 5264 ipse
3197 5187 3456 5260 sperabit.

1891 5301 2170 5357 Perfectus
2197 5296 2285 5351 Dei
2314 5294 2473 5364 timor
2493 5291 2636 5346 foras
2661 5301 2856 5344 vanum
2883 5284 3042 5342 mittit
3075 5284 3341 5337 timorem.
3370 5276 3462 5330 Ti-

1892 5406 2097 5450 morem
2141 5404 2338 5445 vanum
2384 5400 2491 5441 non
2537 5382 2700 5439 habet
2737 5381 2953 5437 caritas.
2981 5376 3190 5433 Caritas
3217 5381 3272 5426 et
3301 5371 3459 5426 timor

1894 5485 2030 5549 Dei,
2055 5497 2220 5538 unum
2250 5486 2395 5535 sunt.
2445 5473 2804 5532 Consideraus
2828 5470 2972 5526 enim
3003 5467 3118 5522 haec
3150 5461 3412 5528 Pmphcta
3445 5498 3464 5524 ,

1893 5577 2132 5632 clamans
2151 5572 2360 5628 dicebat
2383 5586 2396 5624 :
2423 5566 2631 5636 Con/iga
2656 5565 2832 5618 timore
2858 5569 2945 5614 tuo
2970 5570 3146 5611 carnes
3176 5565 3329 5604 meas.
3359 5547 3462 5613 Qui

1896 5686 1962 5726 cx
1989 5668 2140 5722 vobis
2166 5675 2248 5720 est
2272 5661 2496 5731 cupiens
2526 5656 2708 5712 videre
2729 5652 2845 5709 dies
2871 5651 3062 5712 bonos,
3090 5637 3310 5696 accedat
3338 5635 3466 5702 huc,

1898 5773 1952 5823 et
1999 5727 2363 5820 illumincturi
2389 5761 2441 5812 et
2478 5751 2642 5807 facies
2677 5761 2771 5803 sua
2810 5756 2916 5799 nou
2946 5731 3321 5794 confundetur.
3357 5727 3458 5795 Qui
