4052 6338
493 428 648 484 timet
694 423 906 489 Deum,
939 418 1099 478 faciet
1141 418 1283 477 bona
1305 459 1320 488 ,
1351 426 1406 476 et
1435 416 1802 476 demorabitur
1827 415 1884 472 iu
1912 413 2069 472 bonis

488 517 665 573 anima
686 514 825 587 ejus,
854 517 909 568 et
937 525 1122 568 semen
1147 511 1266 582 ejus
1289 510 1609 568 haereditate
1635 506 1932 580 possidebit
1955 515 2070 562 ter-

491 620 626 660 ram.
679 604 812 674 Quia
865 603 1262 660 firmamentum
1305 611 1390 658 est
1439 601 1700 657 Dominus
1755 597 2070 654 timentibus

487 711 611 752 cum
637 712 652 748 :
677 705 733 759 et
772 703 1152 753 testamentum
1183 694 1388 768 ipsius,
1417 701 1478 750 ut
1516 691 1895 749 manifestetur
1937 691 2064 746 illis.

489 787 549 842 Si
575 785 701 857 quid
725 786 855 844 boni
885 785 1082 857 facitis,
1107 802 1228 846 cum
1255 800 1447 858 magna
1473 783 1682 841 cautela
1708 782 1784 856 (o)
1813 781 2066 838 timentis.

491 878 642 934 Multi
670 878 810 939 bella
836 879 1055 944 faciunt,
1079 893 1309 949 quorum
1334 876 1536 932 fructus
1567 874 1791 945 surripit
1819 873 2068 929 humanm

489 971 663 1027 laudis
685 972 974 1043 appetitus.
1025 971 1218 1027 Decem
1259 969 1482 1024 fuerunt
1507 968 1780 1038 virgines:
1809 973 1862 1021 et
1889 974 2068 1020 tamen

490 1064 736 1122 meditea
762 1064 886 1120 caeli
915 1064 1055 1118 ostio
1098 1070 1224 1119 sunt
1265 1061 1518 1118 exclusae.
1567 1059 1682 1116 Heu
1730 1065 1862 1129 quot
1907 1055 2070 1112 hodie

480 1170 649 1212 sacro
675 1163 798 1213 sunt
825 1155 998 1214 renati
1027 1154 1347 1224 baptismate
1365 1193 1382 1219 ,
1411 1160 1466 1208 et
1499 1150 1807 1206 Christiano
1834 1147 2071 1219 fungun-

491 1255 579 1302 tur
603 1245 852 1302 nomine:
873 1244 1067 1316 quibus
1089 1243 1226 1298 foret
1249 1242 1438 1298 melius
1461 1255 1574 1295 non
1601 1238 1792 1294 fuisse.
1807 1238 1904 1294 Est
1925 1237 2072 1292 enim

488 1335 803 1408 gehennalis
847 1348 1008 1404 poena
1049 1347 1381 1403 paganorum
1418 1331 1630 1387 infinito
1668 1329 1880 1395 minor,
1906 1342 2068 1398 quam

489 1427 752 1482 malorum
801 1423 1250 1480 Christianorum.
1283 1421 1505 1478 Utinam
1552 1435 1658 1476 non
1701 1419 1841 1476 foret
1881 1418 2070 1474 talium

491 1518 664 1590 major
694 1532 838 1590 pars.
871 1517 1034 1573 Navis
1059 1516 1296 1588 undique
1323 1529 1454 1571 sana
1476 1554 1493 1580 ,
1522 1513 1684 1569 unico
1710 1513 1967 1584 mergitur
1991 1511 2074 1566 fo-

488 1610 719 1666 ramine.
747 1609 1072 1665 Erraverunt
1101 1605 1348 1683 homines
1375 1606 1427 1661 in
1455 1604 1558 1661 hac
1597 1604 1704 1660 lata
1743 1602 2030 1660 solitudine
2049 1641 2072 1670 ,

489 1700 580 1757 alii
627 1701 763 1757 colla
805 1699 934 1772 jugo
973 1699 1211 1756 avaritia:
1253 1699 1670 1764 submittentes,
1702 1695 1793 1752 alii
1839 1693 2070 1750 luxuriat

488 1791 764 1856 Meditata,
807 1800 866 1846 ut
906 1790 1232 1862 turpissimae
1278 1803 1403 1845 sues
1449 1787 1720 1858 deturpati
1751 1805 1764 1842 :
1790 1786 1882 1842 alii
1927 1786 2070 1840 circa

488 1881 695 1938 inutilia
744 1881 1043 1952 diripienda
1086 1877 1354 1952 occupati.
1387 1879 1544 1937 Unde
1591 1879 1801 1949 abjecto
1844 1876 2070 1934 rationis

487 1987 622 2039 usu,
651 1981 1003 2043 cooperantes
1023 2013 1040 2039 ,
1068 1981 1127 2027 ut
1147 1973 1388 2042 jumenta
1419 1969 1747 2039 insipientia,
1781 1977 1838 2024 et
1866 1968 2070 2023 utinam

403 2090 420 2104 -
486 2061 694 2118 similes
738 2069 920 2118 essent
962 2063 1102 2130 illis,
1147 2063 1289 2117 viam
1315 2061 1552 2117 civitatis
1587 2075 1740 2115 novae
1767 2057 2067 2115 Jerusalem

488 2164 594 2206 non
626 2151 965 2208 invenerunt.
993 2151 1052 2207 In
1075 2167 1296 2224 regnum
1320 2151 1580 2208 caelorum
1605 2149 1867 2220 reprobus
1891 2148 2072 2205 nullus

486 2242 801 2314 ingreditur.
827 2242 1092 2314 Ceutuplo
1111 2252 1253 2298 arcta
1274 2251 1358 2299 est
1377 2243 1460 2298 via
1485 2242 1604 2313 ejus
1623 2255 1782 2313 quam
1803 2240 2065 2305 creditur,

487 2335 734 2404 quamvis
769 2335 917 2405 larga
957 2336 1028 2391 sit
1055 2349 1183 2391 vere
1227 2335 1560 2390 timentibus.
1586 2333 1821 2389 Timenti
1865 2332 2072 2388 Centu-

487 2425 627 2480 rioni
671 2425 935 2496 promittit
971 2425 1215 2482 Christus
1253 2424 1322 2480 ad
1372 2439 1496 2480 eum
1535 2423 1833 2480 accedere:
1859 2438 2069 2495 prmsu-

488 2515 656 2571 menti
684 2516 890 2587 regulo,
916 2530 1037 2570 cum
1067 2515 1162 2572 illo
1189 2515 1267 2570 ire
1288 2515 1400 2585 ipse
1428 2514 1679 2586 denegat.

559 2604 690 2661 Cu.
719 2604 838 2661 XV.
878 2605 1020 2660 Vere
1058 2620 1165 2660 non
1196 2619 1386 2661 omnes
1427 2603 1588 2660 hodie
1611 2603 1867 2662 obediunt
1893 2604 2074 2660 Evan-

486 2693 650 2766 gelio.
674 2693 868 2763 Veniet,
892 2693 1106 2750 dicebat
1125 2695 1436 2766 Apostolus,
1457 2705 1676 2766 tempus,
1697 2695 1751 2748 in
1771 2711 1870 2766 quo
1889 2710 2071 2749 sanam

487 2783 774 2840 doctrinam
813 2801 917 2840 non
960 2785 1276 2841 sustinebunt
1323 2784 1590 2841 homines.
1639 2784 1831 2841 Plures
1870 2784 2072 2856 pradi-

487 2885 614 2932 cant
647 2894 662 2932 :
691 2877 788 2934 sed
815 2890 922 2933 non
952 2891 1141 2933 omnes
1166 2877 1449 2932 veritatem
1479 2875 1779 2947 praedicant
1812 2893 1826 2930 :
1859 2875 2071 2946 simpli-

487 2968 631 3025 cium
655 2969 820 3025 corda
840 2969 894 3025 in
923 2970 1159 3041 peccatis
1178 2969 1415 3040 alligant.
1441 2969 1678 3040 Alligant
1699 2983 1865 3024 onera
1887 2969 2070 3039 gravia

487 3062 542 3118 in
566 3063 799 3134 peccatis
818 3063 1075 3130 minimis,
1101 3065 1153 3119 in
1179 3063 1430 3136 gravibus
1453 3063 1611 3120 ocqu
1640 3071 1923 3119 transeunt
1942 3076 2072 3118 con-

487 3154 725 3212 nivente.
757 3155 851 3211 Est
871 3155 1016 3213 enim
1038 3155 1231 3212 doctor
1256 3155 1420 3212 falsus
1443 3156 1652 3228 gladius
1677 3170 1878 3225 anceps
1905 3173 1919 3210 :
1946 3155 2072 3212 hinc

484 3246 683 3303 scindit
711 3263 874 3318 opere
902 3257 957 3304 et
982 3246 1238 3318 exemplo
1265 3264 1280 3301 :
1313 3247 1439 3304 hinc
1470 3248 1699 3318 percutit
1727 3256 1782 3303 et
1811 3246 2069 3302 interficit

487 3335 669 3394 verbis
696 3338 901 3395 dolosis
928 3349 982 3394 et
1009 3339 1224 3410 iniquis.
1251 3338 1532 3406 Quomodo
1559 3339 1695 3410 ignis
1724 3337 2067 3409 frigiditatent

487 3429 673 3498 donat,
689 3446 824 3502 aqua
841 3431 1223 3488 calliditatem?
1249 3431 1409 3502 Lapis
1429 3429 1699 3503 quomodo
1722 3445 1932 3486 sursum
1953 3445 2071 3501 gra-

487 3519 674 3577 ditur?
717 3522 782 3577 Et
804 3522 888 3577 vir
913 3522 1219 3578 luxuriosus
1242 3521 1516 3594 quomodo
1555 3520 1871 3592 prtedicabit
1901 3522 2068 3577 casti-

489 3612 686 3668 tatem?
712 3612 777 3668 Et
816 3613 860 3668 si
905 3614 1161 3684 praedicat
1179 3654 1194 3680 ,
1227 3629 1347 3686 qum
1371 3613 1714 3669 audientibus
1741 3611 1866 3669 inde
1891 3614 2071 3669 veniet

487 3703 726 3759 utilitas?
750 3703 888 3772 Quid
919 3713 1096 3776 potest
1123 3705 1305 3762 dicere
1335 3704 1582 3772 audiens,
1607 3705 1713 3761 nisi
1741 3719 1908 3774 quare
1936 3719 2070 3760 voce

487 3795 768 3867 praedicas,
796 3813 918 3868 qua:
945 3811 1108 3868 opere
1131 3797 1398 3870 deneges?
1427 3797 1577 3855 Bene
1602 3797 1830 3869 loquens
1853 3811 1949 3854 ore
1967 3838 1983 3866 ,
2014 3805 2071 3852 et

486 3889 625 3945 male
653 3890 837 3946 vivens
865 3905 1048 3960 opere.
1080 3892 1430 3961 semetipsum
1457 3891 1698 3946 damnat.
1727 3891 1870 3946 Ecce
1899 3905 2070 3960 quau-

487 3988 600 4034 tum
629 3979 740 4035 Deo
766 3979 884 4035 talis
911 3979 1218 4051 praedicatio
1245 3981 1316 4037 sit
1342 3980 1692 4052 acceptabilis
1710 4020 1727 4048 ,
1767 3980 2070 4036 ostenditur

486 4086 584 4142 per
612 4073 946 4128 Psalntistam
973 4091 986 4128 :
1009 4072 1277 4128 Peccatort'
1301 4073 1434 4129 dixit
1462 4073 1621 4139 Deus,
1648 4090 1807 4144 quare
1834 4083 1890 4127 tu
1911 4089 2067 4127 enor-

485 4178 572 4217 ras
604 4163 834 4233 justitias
874 4181 1013 4219 meas
1033 4205 1050 4232 ,
1079 4176 1125 4219 et
1151 4167 1370 4220 assumis
1395 4175 1749 4220 testamentum
1778 4181 1944 4219 meum
1975 4180 2068 4235 per

487 4270 544 4310 os
575 4257 755 4310 tuum?
779 4255 860 4310 Tu
888 4272 1005 4311 vero
1035 4258 1187 4312 odisti
1215 4257 1540 4327 disciplinam
1563 4273 1583 4312 :
1601 4266 1650 4312 et
1677 4257 1936 4328 projecistt'
1958 4274 2068 4313 ser-

486 4362 658 4402 mones
697 4363 835 4403 meos
873 4359 986 4419 post
1014 4358 1082 4404 te.
1110 4349 1256 4414 Multi
1287 4348 1470 4420 legunt
1495 4349 1714 4420 grandia
1737 4391 1753 4416 ,
1782 4348 2068 4407 addiscunt

484 4439 688 4508 ardua,
718 4440 987 4498 subtiliter
1028 4441 1332 4513 disputant,
1374 4449 1564 4498 ornate
1605 4440 1913 4513 loquantur,
1947 4451 2065 4497 uta

483 4533 681 4604 populo
708 4533 941 4591 honores
969 4535 1204 4604 capiant,
1237 4535 1290 4590 in
1324 4533 1568 4606 plebibus
1601 4535 1842 4606 magistri
1885 4536 2064 4592 nomi-

483 4633 798 4681 nentur:ct
839 4627 969 4680 nihil
1010 4628 1228 4684 faciunt.
1274 4627 1329 4683 Si
1373 4636 1597 4698 experto
1637 4627 1895 4694 creditur,
1933 4626 2065 4682 mihi

482 4713 706 4770 credite.
748 4715 876 4772 Plus
917 4727 1094 4773 movet
1133 4718 1297 4774 corda
1327 4719 1604 4775 hominum
1634 4718 1758 4775 vita:
1780 4720 2061 4787 sanctitas,

482 4821 642 4876 quam
689 4816 876 4862 ornata
915 4808 1146 4880 eloquia.
1174 4810 1387 4880 Facite,
1421 4822 1476 4868 et
1518 4821 1702 4884 postea
1749 4811 2062 4884 praedicate.

480 4893 657 4966 Coepit
674 4895 830 4954 Jesus
855 4897 1052 4966 facere,
1071 4910 1127 4956 et
1149 4911 1331 4971 postea
1353 4903 1666 4974 prmdicare.
1681 4903 1835 4960 Valet
1859 4905 2059 4972 facere,

485 4987 604 5042 sine
633 4987 958 5058 praedicare;
990 4991 1084 5047 sed
1113 5008 1222 5049 non
1247 4993 1539 5064 praedicare
1566 4997 1683 5051 sine
1713 4999 1909 5053 facere.
1941 4996 2060 5052 Non

482 5076 616 5134 dixit
642 5079 800 5141 Deus.
826 5081 926 5148 Qui
956 5085 1329 5154 przcdieaverit
1357 5086 1689 5144 voluntatem
1718 5090 1890 5145 Patris
1917 5089 2018 5146 mei
2045 5107 2060 5146 :

479 5169 610 5235 sed,
641 5169 730 5241 qui
758 5171 961 5231 fecerit.
990 5173 1107 5231 Non
1150 5176 1395 5247 vitupero
1442 5178 1874 5248 prmdicationem
1898 5223 1914 5248 ,
1961 5181 2064 5237 nisi

481 5274 590 5316 non
617 5260 924 5319 facientium
950 5281 1012 5322 ea
1040 5282 1157 5338 qua:
1188 5268 1499 5337 praedicant.
1547 5269 1838 5327 Subtilium
1864 5272 2063 5327 verho~

480 5365 600 5406 rum
625 5351 813 5409 doctor
841 5364 1045 5412 tantum
1071 5367 1128 5413 et
1156 5373 1261 5414 non
1291 5376 1538 5432 operum,
1557 5371 1644 5417 est
1664 5361 1906 5434 qumdam
1931 5364 2064 5421 levis

482 5445 691 5501 aurium
735 5446 972 5518 inatio,
1003 5459 1059 5507 et
1083 5451 1327 5508 veritatis
1368 5452 1581 5524 fumus,
1609 5455 1715 5512 cito
1741 5455 1861 5513 sine
1888 5455 2062 5512 fructu

533 5623 608 5700 ()
642 5623 918 5700 Gregorius
930 5626 1112 5700 .
1131 5626 1240 5700 xu.
1267 5628 1314 5677 in
1344 5629 1522 5700 Matth.
1623 5628 1744 5680 bona
1765 5641 1878 5700 qum
1899 5630 2059 5700 agitis,

469 5697 781 5764 flammaque
807 5690 996 5764 caueto
1013 5690 1210 5764 teneatis
1233 5693 1722 5764 :quodpostremum
1753 5690 1959 5744 verbum
1982 5690 2064 5747 Vi-

469 5747 614 5801 detur
636 5747 750 5803 hic
773 5753 918 5806 etiam
940 5766 1014 5816 re;
1031 5753 1274 5806 oneudum
1288 5747 1388 5816 -
1404 5747 1625 5807 tumetis.

1563 299 1918 370 suasurus,
1957 295 2049 356 ns
2083 291 2322 354 norm:
2357 294 2754 354 mancum.

2185 409 2570 484 pertransiens.
2592 409 2894 481 lntell-igitc,
2914 409 3130 481 fratres,
3150 409 3434 483 iutelligite
3456 425 3578 485 qua
3596 412 3754 471 dico:

2177 502 2348 559 Multo
2368 501 2486 572 plus
2510 511 2750 557 meretur
2771 501 2862 572 qui
2896 502 3022 557 facit
3059 511 3116 559 et
3154 501 3443 574 praedicat,
3470 520 3633 576 quam
3663 509 3755 578 qui

2175 593 2303 650 cit
2321 602 2376 648 et
2403 592 2638 648 taeeLSi
2659 592 2856 648 bonum
2878 593 3024 648 solus
3046 594 3204 660 facio,
3227 594 3359 650 mihi
3379 596 3480 650 soli
3504 611 3753 667 prosum:

2175 684 2270 742 sed
2295 685 2341 739 si
2368 685 2664 754 praedicans
2693 684 2853 752 facio,
2875 693 2930 740 et
2952 684 3084 740 mihi
3108 693 3163 741 et
3189 685 3308 741 aliis
3340 701 3582 756 prosum.
3609 688 3757 745 Unde

2175 777 2264 844 qui
2285 773 2354 829 ad
2372 775 2637 845 justitiam
2665 774 2901 830 erudiunt
2929 775 3178 846 plurimos
3196 817 3212 843 ,
3242 788 3390 830 erunt
3417 779 3568 848 quasi
3595 782 3760 836 stet/te

2174 865 2230 920 in
2258 875 2531 937 perpetuas
2551 867 2886 921 aterm'tates.
2904 864 3040 922 Sunt
3063 867 3209 923 enim
3231 868 3404 923 sancti
3436 870 3757 938 praedicato-

2175 973 2266 1016 res
2288 960 2377 1015 lux
2407 960 2472 1014 ad
2501 959 2904 1015 illuminandum
2927 977 2943 1014 :
2967 961 3088 1030 quia
3118 975 3214 1030 per
3237 976 3424 1017 eorum
3454 962 3755 1019 doctrinam

2176 1049 2337 1105 corda
2366 1050 2649 1121 caligantia
2675 1059 2731 1106 et
2755 1065 2896 1106 caeca
2925 1051 3068 1106 nube
3089 1052 3313 1121 peccati,
3333 1067 3368 1107 a
3388 1052 3604 1110 Christo
3625 1071 3756 1112 vero

2178 1139 2382 1195 lumine
2405 1140 2500 1210 qui
2523 1139 2669 1196 lucet
2695 1140 2750 1194 in
2780 1139 3015 1196 tenebris
3033 1179 3053 1207 ,
3080 1141 3468 1198 illuminantur.
3514 1143 3654 1200 Sunt
3680 1146 3752 1204 sal

2176 1234 2338 1288 etiam
2378 1232 2445 1288 ad
2490 1232 2850 1288 condiendum
2891 1233 3116 1290 verbum
3166 1234 3296 1300 Dei,
3320 1234 3463 1306 quod
3492 1237 3646 1293 cibus
3673 1246 3757 1294 est

2175 1326 2368 1381 anima:
2419 1325 2676 1396 operibus
2729 1326 2906 1382 bonis.
2950 1326 3180 1384 Cuilibet
3226 1327 3413 1382 scienti
3461 1328 3756 1399 iujungitur

2174 1416 2567 1488 pradicationis
2589 1417 2848 1484 officium,
2868 1417 3160 1473 dummodo
3184 1416 3362 1485 faciat,
3391 1419 3522 1484 imo,
3547 1431 3606 1474 ut
3631 1421 3752 1490 plus

2174 1509 2348 1565 dicam
2373 1527 2387 1564 :
2409 1510 2509 1579 Qui
2537 1510 2642 1565 scit
2667 1520 2723 1566 et
2749 1511 2926 1566 solum
2948 1510 3111 1578 facit,
3135 1519 3191 1566 et
3227 1511 3364 1566 alios
3407 1528 3511 1567 non
3554 1514 3752 1580 docet,

2175 1600 2446 1657 tenebitur
2470 1601 2698 1658 Domino
2719 1601 2948 1660 reddere
2974 1603 3260 1659 rationem.
3287 1602 3422 1659 Cum
3443 1603 3585 1660 enim
3602 1604 3760 1676 juxta

2174 1693 2490 1763 Apostolutn
2519 1693 2783 1749 Joannem
2807 1709 2823 1748 :
2845 1693 2946 1762 Qui
2976 1694 3088 1748 odit
3117 1695 3336 1749 fratrem
3364 1709 3550 1761 suum,
3578 1697 3756 1752 homi-

2176 1783 2294 1840 cida
2320 1785 2429 1839 sit:
2460 1793 2518 1839 et
2536 1825 2552 1850 ,
2581 1785 2685 1852 Qui
2713 1785 2962 1840 habuerit
2985 1785 3336 1840 substantiam
3361 1786 3521 1856 hujus
3547 1787 3754 1854 mundi,

2173 1883 2230 1930 et
2253 1874 2447 1931 viderit
2477 1874 2696 1931 fratrem
2722 1891 2880 1931 suum
2920 1877 3302 1932 necessitatem
3345 1879 3671 1946 patientem,
3703 1888 3758 1935 et
3863 1921 3877 1928 -

2173 1965 2427 2021 clauserit
2451 1967 2656 2022 viscera
2683 1983 2777 2021 sua
2808 1966 3032 2035 abillo,
3057 1968 3330 2036 quomodo
3373 1977 3554 2024 manet
3595 1969 3650 2024 in
3689 1985 3756 2026 eo

2173 2056 2370 2112 caritas
2399 2057 2492 2112 Dei
2517 2074 2530 2110 :
2553 2066 2757 2128 quanto
2795 2059 2964 2128 magis
3009 2058 3100 2127 qui
3127 2058 3319 2114 viderit
3355 2061 3572 2114 fratrem
3599 2075 3756 2115 suum

2173 2155 2478 2213 errantem,
2519 2156 2576 2203 et
2617 2147 2933 2203 mortalibus
2961 2162 3279 2219 oppressum
3309 2149 3624 2206 criminibus
3645 2191 3662 2217 ,
3704 2161 3761 2208 et

2175 2252 2283 2292 non
2305 2238 2686 2295 ministraverit
2705 2240 2757 2294 ei
2779 2239 3002 2294 verbum
3025 2239 3317 2296 doctrinm:
3347 2241 3437 2298 ille
3456 2243 3546 2313 qui
3567 2241 3758 2299 doctus

2173 2337 2277 2396 est,
2305 2329 2572 2386 homicida
2601 2341 2654 2386 et
2679 2333 2797 2388 sine
2823 2331 3047 2388 caritate
3068 2333 3192 2388 est?

2245 2421 2376 2478 Car.
2409 2421 2552 2477 XVI.
2591 2423 2868 2489 Timea'tis,
2896 2440 2931 2478 o
2957 2425 3228 2492 doctores,
3259 2434 3314 2482 et
3344 2434 3602 2491 rectores,
3631 2428 3755 2498 qui-

2174 2513 2274 2570 bus
2295 2515 2523 2586 injungit
2547 2516 2804 2572 Dominus
2829 2517 3227 2588 praedicationis
3246 2517 3423 2574 oflicia
3444 2534 3461 2578 :
3481 2529 3540 2574 ut
3561 2521 3760 2590 popqu

2173 2619 2273 2661 suo
2299 2605 2525 2662 verbum
2551 2606 2880 2663 dominicum
2911 2609 3244 2666 ministretis.
3273 2609 3418 2677 Quot
3457 2612 3601 2668 enim
3623 2653 3639 2680 ,
3667 2614 3755 2668 vel

2177 2705 2359 2753 vestro
2403 2699 2688 2768 exemplo,
2717 2699 2799 2754 vel
2824 2700 2992 2755 vestri
3015 2700 3336 2771 negligentia
3376 2703 3610 2773 peccatis
3637 2720 3755 2757 mn-

2175 2787 2416 2843 riuntur:
2437 2797 2516 2843 tot
2529 2788 2599 2844 de
2617 2804 2782 2845 manu
2804 2798 2978 2846 vestra
2995 2792 3234 2862 requiret
3250 2791 3529 2847 Dominus.
3544 2792 3758 2860 Quanto

2172 2881 2317 2936 enim
2342 2881 2473 2938 estis
2499 2881 2722 2938 altiores
2745 2883 2914 2953 gradu
2942 2901 2955 2937 :
2989 2891 3141 2938 tanto
3164 2883 3458 2953 majoribus
3483 2883 3756 2939 cruciabi-

2175 2976 2304 3030 mini
2353 2975 2698 3032 cruciatibus.
2748 2975 2866 3032 Non
2909 2975 3043 3032 estis
3081 2975 3440 3032 domiuizsed
3484 2985 3754 3046 pastores.

2179 3067 2327 3123 Unus
2373 3067 2632 3122 Dominus
2673 3077 2756 3123 est
2778 3107 2795 3134 ,
2826 3075 2882 3124 et
2908 3082 3049 3124 unus
3075 3076 3258 3138 pastor
3282 3067 3594 3138 principalis
3613 3107 3631 3136 ,
3663 3069 3758 3140 qui

2173 3162 2447 3232 cognoscit
2467 3175 2608 3217 oves
2629 3145 2756 3215 suas
2773 3200 2790 3225 ,
2819 3170 2875 3218 et
2898 3161 3144 3231 exquiret
3166 3175 3259 3218 eas
3281 3160 3350 3216 de
3377 3160 3624 3217 manibus
3655 3177 3752 3216 ve-

2173 3253 2323 3306 stris.
2355 3250 2470 3306 Heu
2496 3259 2627 3322 quot
2653 3251 2814 3306 hodie
2842 3251 2898 3306 in
2924 3251 3167 3308 Ecclesia
3193 3260 3317 3308 sunt
3345 3267 3453 3307 non
3486 3261 3756 3322 pastores,

2172 3339 2268 3396 sed
2290 3341 2632 3410 mercenarii,
2653 3341 2721 3397 ad
2745 3357 2882 3413 quos
2905 3341 3039 3397 nihil
3069 3338 3395 3412 pertinctde
3414 3343 3604 3398 ovibus
3627 3343 3756 3398 Jesu
3832 3388 3838 3393 .

2173 3432 2395 3488 Christi.
2419 3432 2692 3500 Quiuimo,
2715 3443 2774 3488 ut
2794 3441 2851 3489 et
2874 3448 3002 3488 vera
3027 3433 3223 3502 dicam,
3243 3441 3304 3489 et
3321 3434 3532 3504 ipsimet
3555 3434 3756 3501 sciunt,

2169 3532 2298 3579 sunt
2327 3523 2436 3594 lupi
2466 3538 2723 3596 rapaces:
2750 3524 2842 3594 qui
2867 3533 2924 3581 et
2945 3540 3075 3582 oves
3105 3527 3315 3596 rapiunt
3339 3534 3396 3581 et
3418 3525 3755 3596 dispergunt.

2171 3613 2330 3671 Certe
2359 3615 2431 3670 nil
2461 3615 2635 3685 pejus,
2660 3615 2736 3671 nil
2761 3615 3193 3684 abominabilius,
3218 3631 3380 3687 quam
3404 3631 3524 3672 cum
3550 3617 3641 3672 ille
3664 3618 3754 3686 qui

2171 3705 2442 3762 custodire
2462 3706 2704 3773 deberet,
2725 3705 2970 3776 dissipat.
2996 3707 3114 3762 lleu
3139 3707 3278 3778 quod
3306 3705 3463 3762 hodie
3485 3707 3539 3760 in
3560 3707 3754 3778 aliqui-

2169 3795 2270 3852 bus
2316 3796 2570 3853 Ecclesia:
2609 3811 2715 3853 non
2759 3797 3066 3868 pastoribus
3089 3837 3106 3864 ,
3155 3796 3253 3853 sed
3295 3797 3751 3863 destructorihus,

2170 3905 2397 3962 quorum
2427 3904 2534 3945 non
2563 3900 2650 3946 est
2674 3905 2800 3961 pars
2828 3891 3024 3957 minor,
3049 3891 3252 3947 factum
3280 3900 3394 3958 est,
3426 3900 3486 3946 ut
3506 3890 3756 3946 substan-

2172 3981 2273 4037 tias
2299 3990 2364 4037 et.
2383 3982 2597 4038 labores
2620 3980 2900 4038 hominum
2927 3990 3180 4054 tanquam
3213 3981 3454 4037 infernus
3480 3981 3752 4038 insatura-

2170 4071 2349 4128 biliter
2375 4071 2690 4143 deglutiant.
2739 4073 2807 4128 Et
2845 4089 2950 4128 non
2997 4073 3172 4128 solum
3201 4086 3296 4128 eos
3321 4087 3352 4127 a
3380 4073 3618 4143 peccatis
3644 4088 3750 4127 non

2170 4166 2478 4232 emendant,
2512 4165 2608 4222 sed
2637 4177 2692 4222 et
2721 4167 2932 4236 ipsimet
2957 4166 3039 4222 vel
3070 4181 3136 4221 ex
3166 4165 3250 4220 sui
3277 4164 3601 4236 negligentia
3621 4207 3638 4233 ,
3672 4165 3753 4218 vel

2170 4257 2282 4313 suis
2324 4258 2570 4326 pessimis
2615 4257 2914 4324 ministris,
2956 4256 3040 4312 vel
3088 4256 3201 4312 suis
3227 4255 3472 4311 nefandis
3497 4255 3753 4324 operibus

2169 4361 2264 4402 eos
2285 4346 2607 4403 contrahunt
2626 4347 2694 4402 ad
2714 4347 2919 4403 illicita.
2941 4347 3018 4403 Ita
3038 4346 3257 4418 quidem
3277 4346 3473 4414 dicant,
3498 4345 3598 4402 hos
3621 4346 3754 4401 tales

2169 4439 2214 4494 si
2237 4439 2480 4509 impunes
2506 4439 2646 4496 Deus
2664 4441 3013 4512 relinqueret,
3037 4441 3176 4496 Deus
3201 4439 3430 4510 amplius
3454 4453 3562 4494 non
3583 4447 3746 4494 esset.

2170 4529 2240 4586 Et
2265 4531 2406 4598 ideo,
2440 4538 2498 4587 ut
2520 4547 2665 4603 saepe
2689 4533 2889 4590 dictum
2919 4543 3034 4601 est,
3064 4533 3157 4589 filii
3183 4533 3483 4598 carissimi,
3511 4533 3638 4588 dum
3670 4533 3750 4588 vi-

2168 4623 2292 4677 vitis
2312 4665 2329 4690 ,
2359 4623 2554 4679 servile
2597 4625 2823 4680 Domino
2870 4627 2920 4680 in
2967 4626 3182 4690 timore,
3209 4635 3264 4680 et
3289 4624 3525 4682 exultale
3553 4624 3600 4678 ei
3631 4638 3751 4678 Ctttll

2171 4727 2423 4773 tremore.
2450 4717 2852 4787 Apprehendite
2879 4717 3220 4786 disciplinam
3249 4716 3368 4786 ejus
3388 4756 3405 4784 ,
3438 4732 3504 4772 ne
3530 4718 3750 4786 quando

2171 4810 2402 4881 preatis
2446 4808 2515 4865 de
2557 4811 2644 4866 via
2684 4809 2850 4880 justa.
2895 4809 3154 4877 Gustate,
3187 4807 3283 4863 filii
3314 4809 3417 4864 mei
3443 4808 3710 4863 carissimi
3734 4849 3747 4869 ,

2170 4905 2362 4960 iterum
2401 4903 2557 4970 dico,
2588 4903 2831 4968 Gustate.
2860 4915 2916 4960 et
2941 4901 3149 4970 videte,
3179 4901 3432 4972 quoniam
3464 4902 3644 4958 suavis
3670 4910 3753 4956 est

2168 4997 2444 5053 Dominus.
2469 4997 2672 5052 Divites
2692 5005 2954 5067 eguerunt
2975 5004 3028 5050 ct
3053 4995 3375 5060 esurierunt,
3399 5003 3453 5049 et
3478 4993 3743 5048 dormien-

2169 5099 2249 5146 tes
2275 5090 2364 5146 hic
2391 5090 2445 5146 in
2475 5087 2677 5144 divitiis
2699 5098 2753 5143 et
2779 5089 3135 5158 voluptatibus
3163 5088 3275 5143 suis
3293 5127 3309 5154 ,
3363 5086 3494 5142 nihil
3527 5087 3751 5142 invene-

2167 5189 2295 5238 runt
2335 5183 2388 5238 in
2434 5181 2680 5235 manibus
2721 5180 2853 5235 suis.
2902 5177 3240 5249 lnquireutes
3276 5193 3404 5233 vero
3436 5177 3747 5240 Dominum,

2167 5291 2274 5330 non
2301 5275 2554 5331 deficient
2576 5274 2721 5327 omni
2750 5274 2910 5327 bono.
2935 5272 3124 5351 Junigr
3150 5273 3223 5326 fui
3251 5283 3304 5327 et
3329 5271 3510 5336 senui,
3536 5281 3591 5324 et
3618 5287 3754 5324 nun-

2165 5353 2325 5438 quam
2353 5366 2459 5420 vidi
2483 5365 2686 5434 justum
2715 5364 2766 5420 in
2794 5363 2900 5420 fiuc
2923 5363 3264 5432 derelictum,
3293 5379 3395 5420 nec
3420 5377 3608 5420 semen
3634 5361 3750 5432 ejus

2164 5475 2331 5530 egens
2362 5473 2575 5528 panem.

2233 5555 2363 5610 Car.
2393 5551 2557 5607 XVII.
2587 5551 2882 5608 Imitatorcs
2909 5551 3232 5623 paupertatis
3261 5557 3455 5615 estote,
3485 5557 3541 5603 ut
3561 5563 3751 5619 sequa-

2163 5647 2293 5703 mini
2325 5645 2545 5714 vestigia
2575 5644 2711 5714 ejus,
2740 5645 2826 5701 cui
2854 5660 2975 5700 cum
3004 5645 3054 5698 iu
3085 5643 3253 5697 forma
3283 5642 3376 5697 Dei
3410 5649 3590 5706 esset,
3620 5655 3751 5710 por-

2168 5748 2286 5798 tans
2301 5739 2478 5796 omnia
2500 5737 2662 5796 verbo
2690 5738 2902 5798 virtutis
2924 5751 3056 5807 sum,
3084 5735 3138 5792 in
3169 5733 3322 5808 cujus
3342 5735 3504 5794 domo
3523 5743 3648 5791 sunt
3670 5731 3750 5790 di-
