4052 6338
224 358 323 428 "9
353 406 358 410 .
381 407 392 412 ,
888 402 958 422 ,κ

224 474 358 530 vitia:
383 478 436 527 et
459 467 634 543 gloria
653 481 678 523 ε
697 463 1041 536 semetipsum
1061 461 1372 527 exinanivit,
1397 461 1623 516 formam
1648 457 1791 514 servi

1249 342 1600 417 sessurus,
1639 341 1731 401 nu
1767 339 2004 402 IlOit’t‘E
2041 341 2446 402 IIIERONYMI.

3370 326 3481 404 250

1907 471 2080 512 mana:
2106 467 2366 514 creatur-te
2397 465 2614 529 promer
2641 459 2831 516 Deum.
2861 457 3238 525 Considerate,
3269 454 3364 510 lilii
3391 469 3482 509 ca.

223 563 512 633 accipiens,
544 568 598 616 et
628 574 867 630 pauper,
898 566 952 612 et
979 554 1132 626 inops
1171 564 1326 610 natus
1365 561 1467 608 est.
1509 552 1718 621 Pauper
1742 557 1800 605 et
1901 550 2119 615 rissimi,
2153 565 2260 621 quo
2280 551 2605 607 ceuseamini
2629 552 2886 607 vocabulo
2913 570 2926 606 :
2952 551 3265 614 Monachus,
3289 549 3341 606 id
3370 555 3477 615 est,

226 661 338 728 pius
377 670 534 726 quam
577 653 732 722 inops
773 650 872 706 I'uit
909 664 1186 720 quousque
1225 647 1377 701 vixit.
1419 644 1796 714 Pauperrimus

224 760 461 806 mortuus
487 755 540 802 ει
569 744 810 816 sepultus
837 753 937 799 est.
967 741 1121 798 Unde
1158 739 1348 809 Vulpes
1369 781 1384 804 ,
1415 736 1585 808 inquit
1615 736 1753 790 idem
1777 773 1794 800 ,

229 846 391 912 foveas
416 838 620 902 habent,
652 845 700 891 et
727 835 956 890 volucres
983 834 1096 889 cwlt'
1125 833 1291 897 nidos,
1333 829 1475 901 ﬁlius
1500 833 1668 883 autem
1705 827 1798 880 Ito-

225 931 366 985 nn'm's
394 946 494 984 non
529 929 712 994 habet,
755 926 842 981 ubi
878 934 1031 997 caput
1068 941 1218 979 suum
1258 922 1486 976 reclinet.
1528 917 1800 989 Apostolis

227 1024 376 1080 etiam
408 1022 554 1076 Iubet
579 1036 683 1075 non
715 1029 931 1091 portare
955 1016 1225 1074 sacculum
1271 1031 1442 1085 neque
1487 1026 1689 1084 peram.
1733 1010 1801 1066 Et

225 1117 396 1188 juveni
424 1114 693 1171 consuluit
721 1111 954 1168 vendere
979 1126 1098 1181 qua:
1125 1107 1375 1172 habebat,
1398 1115 1448 1162 et
1478 1102 1803 1175 pauperibus

227 1221 463 1276 erogare.
488 1205 544 1260 Si
587 1203 861 1259 Christum
899 1202 1065 1257 Deum
1111 1199 1361 1264 creditis,
1394 1212 1515 1252 eum
1545 1195 1656 1266 (al.
1697 1209 1800 1246 non

229 1300 354 1372 falli)
383 1298 490 1354 l’alli
527 1313 631 1353 non
657 1312 814 1367 posse
838 1294 1062 1359 credite;
1092 1292 1326 1362 alioquin
1348 1305 1451 1344 non
1470 1295 1614 1343 esset
1636 1286 1798 1340 Deus:

227 1401 278 1446 ct
299 1391 343 1445 si
370 1390 546 1460 ipsutn
569 1388 679 1442 falli
703 1402 808 1441 non
833 1399 991 1458 posse
1017 1382 1258 1447 creditis,
1283 1381 1455 1450 ipsum
1477 1374 1800 1447 sequamini.

228 1477 554 1550 Impossibile
594 1486 676 1533 est
711 1476 913 1532 divitiis
948 1474 1205 1540 afﬂuere,
1231 1480 1287 1527 et
1323 1469 1596 1526 Christum
1626 1465 1800 1536 sequi.

228 1571 416 1627 Natura
441 1568 691 1637 denegat,
709 1577 763 1622 ut
785 1565 1050 1622 contraria
1074 1564 1418 1619 misceantur.
1442 1560 1549 1615 Aut
1568 1572 1671 1628 ego
1706 1556 1807 1611 lal-

228 1661 324 1726 Ior,
347 1668 438 1714 aut
455 1659 559 1729 ipsi
578 1659 631 1712 in
653 1657 757 1712 line
776 1656 1130 1726 decipiantur.
1152 1653 1251 1722 Qui
1273 1651 1404 1706 mihi
1426 1666 1533 1704 non
1555 1647 1803 1711 credunt,

228 1754 444 1809 credent
458 1765 578 1806 eum
593 1751 791 1806 divitia:
807 1764 917 1804 sure
935 1746 1242 1803 transierint
1259 1747 1309 1799 in
1322 1750 1638 1813 egestatem.
1650 1737 1808 1792 Dives

230 1846 312 1900 hic
343 1845 661 1914 epulabatur
689 1840 927 1914 quotidie
949 1838 1245 1910 splendide,
1266 1835 1481 1890 indutus
1500 1845 1732 1903 purpura
1752 1839 1808 1884 et

230 1939 384 2010 bysso
411 1953 430 1992 :
461 1937 554 1992 sed
587 1945 850 2002 mortuus,
882 1933 1024 2004 quod
1055 1931 1220 2004 Moysi
1248 1939 1302 1984 et
1332 1926 1617 1998 Prophetis
1640 1923 1810 1978 noluit

229 2029 446 2086 credere
467 2071 480 2094 ,
513 2030 565 2083 in
599 2027 880 2083 tormentis
921 2027 1130 2096 positus
1167 2023 1351 2078 sensit.
1381 2020 1553 2076 Nemo
1575 2017 1809 2071 militans

231 2123 357 2187 Deo,
387 2121 626 2190 implicat
652 2136 709 2174 se
733 2118 962 2189 negotiis
987 2114 1352 2172 smeularibus.
1380 2111 1496 2166 Non
1521 2108 1812 2165 salvabitur

231 2227 317 2267 rex
342 2227 435 2281 per
458 2211 677 2265 multam
701 2210 952 2264 virtutem
977 2221 1128 2261 suam
1150 2223 1163 2257 :
1185 2219 1283 2258 nec
1303 2199 1662 2258 divesdivitiis
1676 2197 1808 2250 suis.

230 2303 322 2358 Est
341 2304 485 2358 enim
505 2317 674 2373 equus
695 2300 1017 2356 divitiariuut
1046 2297 1203 2350 fallax
1234 2293 1300 2348 ad
1333 2293 1589 2347 salutetur
1625 2287 1814 2342 Nonne

229 2395 426 2450 divitiis
457 2395 741 2462 conjuncta
782 2401 866 2446 est
890 2388 1180 2461 superbia?
1210 2386 1276 2440 Et
1301 2384 1390 2439 ubi
1417 2380 1666 2452 superbia
1694 2387 1812 2444 est,

229 2487 302 2544 ibi
329 2489 507 2558 pejus.
537 2486 724 2542 Nonne
751 2484 932 2538 omnia
973 2481 1219 2536 oriuntur
1257 2476 1394 2532 mala
1434 2491 1501 2530 ex
1531 2469 1810 2542 superbia,

230 2592 487 2651 tauquam
514 2594 580 2633 ex
623 2591 727 2630 una
768 2572 992 2630 radice?
1020 2572 1151 2627 Cum
1182 2568 1324 2624 enim
1353 2567 1505 2622 dives
1533 2564 1706 2619 factus
1735 2569 1818 2617 est

230 2673 427 2728 homo:
460 2678 514 2724 et
542 2684 662 2724 cum
693 2665 1042 2735 multiplicata
1069 2660 1233 2717 fuerit
1259 2658 1427 2732 gloria
1456 2657 1648 2712 domus
1677 2653 1814 2724 ejus,

231 2779 411 2819 nonne
445 2758 708 2832 superbit,
732 2765 926 2812 etcum
950 2753 1292 2824 superbierit,
1315 2763 1494 2806 nonne
1510 2747 1818 2818 polluuntur

232 2856 329 2910 viae
359 2853 477 2923 ejus
501 2851 554 2905 in
582 2845 1038 2918 omnitempore?
1069 2845 1133 2899 Et
1155 2852 1282 2898 tunc
1306 2840 1501 2896 sedens
1533 2839 1583 2892 in
1611 2833 1818 2890 insidiis

235 2961 353 3001 cum
385 2942 640 2999 divitibus
669 2943 723 2995 in
748 2939 961 2995 occulto
984 2979 1000 3007 ,
1032 2936 1230 3006 cogitat
1263 2943 1320 2989 ut
1348 2929 1636 2987 interﬁciat
1665 2928 1819 2982 iuno-

237 3046 466 3093 ecntem.
502 3035 656 3090 Oculi
685 3035 802 3103 ejus
832 3033 884 3087 in
926 3045 1217 3102 pauperem
1248 3025 1573 3096 respiciunt,
1603 3033 1659 3078 et
1683 3021 1816 3076 insi-

241 3131 451 3184 diantur
481 3127 532 3180 in
566 3126 799 3190 occulto,
828 3133 886 3178 ut
917 3121 1088 3191 rapiat
1114 3134 1234 3174 cum
1267 3125 1516 3188 tanquam
1544 3113 1630 3169 leo
1652 3113 1705 3168 in
1735 3127 1822 3168 cu-

242 3222 330 3276 bili
355 3237 472 3286 suo,
503 3219 690 3274 dicens
713 3217 765 3271 in
787 3214 950 3270 corde
973 3227 1072 3268 suo
1097 3230 1110 3266 :
1142 3209 1342 3266 Oblitus
1364 3219 1438 3264 est
1459 3205 1617 3273 Deus,
1644 3204 1822 3260 avertit

244 3314 414 3385 {aciem
441 3327 609 3375 suam,
643 3325 706 3364 ne
733 3297 897 3361 uideat
919 3321 1073 3377 usque
1097 3303 1151 3358 in
1176 3303 1347 3373 ﬁnem.
1379 3299 1592 3356 Etenim
1619 3306 1704 3355 est
1721 3298 1824 3352 Do-

246 3405 418 3460 minus
441 3399 732 3472 aliquando
757 3398 1055 3464 dormiens,
1083 3396 1234 3468 quasi
1262 3394 1574 3466 crapulatus
1615 3407 1645 3447 a
1670 3391 1820 3446 vino.

246 3498 370 3554 Cum
398 3512 527 3551 vero
552 3495 671 3566 plus
699 3501 940 3547 moratur
963 3490 1104 3546 Deus
1126 3489 1377 3558 patientia
1399 3487 1465 3543 ad
1488 3485 1824 3542 inferendum

244 3588 454 3658 judicia,
486 3586 606 3657 plus
634 3584 926 3640 inebriatur
953 3582 1052 3637 ira.
1082 3581 1152 3637 Et
1179 3580 1299 3635 ideo
1325 3579 1446 3650 plus
1469 3577 1724 3646 eeutuplo
1760 3575 1827 3630 ti-

249 3681 494 3736 mendum
525 3689 643 3744 est,
684 3692 805 3733 cum
831 3673 1208 3746 longanimiter
1232 3673 1425 3728 tolerat
1450 3670 1623 3737 mala,
1664 3683 1826 3738 quam

248 3789 363 3829 cum
413 3772 731 3827 festinanter
770 3769 941 3839 punit.
992 3765 1258 3823 Permittit
1285 3765 1428 3820 enim
1465 3763 1607 3818 Deus
1648 3759 1828 3829 aliquo

161 3918 164 3920 ν
251 3877 484 3937 tempore
513 3864 743 3921 cruciari
773 3863 943 3918 bonos
971 3860 1039 3915 ab
1066 3859 1263 3930 iniquis
1287 3866 1342 3911 et
1371 3854 1637 3925 superbis,
1660 3860 1720 3908 ut
1738 3865 1830 3905 su-

251 3975 337 4030 pra
366 3959 586 4014 dorsum
619 3957 882 4011 bonorum
914 3952 1171 4007 labriceut
1215 3957 1526 4019 peccatores
1548 3986 1564 4013 ,
1609 3953 1666 4000 et
1706 3956 1831 4013 pro-

251 4053 458 4123 longent
494 4051 831 4120 iniquitatem
860 4047 984 4102 sibi.
1009 4045 1076 4100 Et
1107 4044 1228 4098 ideo
1256 4040 1500 4112 quamvis
1528 4037 1833 4108 aliquantu-

253 4143 354 4198 lum
381 4143 728 4197 obliviscatur
751 4139 914 4203 Deus,
943 4149 1230 4206 pauperem
1255 4143 1431 4186 tamen
1455 4131 1509 4185 in
1535 4129 1696 4183 linem
1724 4141 1830 4181 non

253 4235 597 4290 obliviscetur
624 4230 891 4288 misereri.
931 4228 1038 4285 Sed
1069 4226 1319 4299 quoniam
1357 4221 1559 4295 pupillo
1590 4220 1707 4291 ipse
1735 4217 1831 4274 ad-

251 4328 389 4396 jutor
417 4335 536 4392 est,
571 4323 655 4380 cui
686 4323 972 4379 derelictus
1000 4329 1080 4376 est
1107 4333 1342 4389 pauper,
1378 4327 1434 4372 et
1469 4313 1718 4386 superbis
1747 4325 1835 4367 re-

254 4418 388 4474 sistit
403 4419 564 4483 Deus,
580 4415 870 4471 humilibus
885 4415 1018 4468 dans
1035 4412 1257 4484 gratiam
1277 4425 1292 4464 :
1311 4408 1541 4465 conterit
1556 4403 1834 4462 brachium

257 4510 549 4582 peccatoris
572 4518 625 4564 et
641 4506 877 4578 maligni,
901 4504 1190 4562 exaudiens
1213 4501 1536 4558 desiderium
1560 4494 1833 4569 pauperis,

254 4603 605 4674 judicausque
635 4599 833 4671 pupillo
875 4608 928 4653 et
954 4595 1141 4651 humili
1172 4613 1184 4649 :
1220 4603 1276 4649 ut
1305 4609 1408 4648 non
1441 4598 1675 4663 apponat
1700 4588 1837 4644 ultra

256 4701 516 4765 superbus
550 4691 886 4761 magniﬁcare
918 4705 974 4743 se
1002 4689 1160 4742 homo
1183 4700 1346 4756 super
1368 4694 1585 4740 terram.

313 4785 441 4840 CAP.
464 4782 649 4839 XVIII.
670 4783 1022 4850 Quapropter,
1042 4777 1373 4833 dilectissimi
1397 4774 1489 4829 lilii
1507 4773 1632 4838 mei,
1650 4770 1694 4826 si
1710 4785 1841 4841 pau-

258 4893 410 4950 peros
430 4879 584 4942 estis,
611 4872 962 4929 humiliamini
984 4871 1082 4926 sub
1105 4869 1305 4942 potenti
1331 4881 1488 4922 manu
1511 4865 1632 4919 Dei:
1654 4869 1712 4916 ut
1735 4876 1838 4915 non

259 4970 533 5032 amittatis,
555 4965 694 5038 quod
717 4964 877 5031 absit,
909 4979 1028 5034 qua:
1049 4961 1242 5016 facitis.
1272 4957 1412 5012 Nihil
1431 4964 1715 5026 paupertas
1732 4951 1844 5007 Deo

259 5063 485 5132 gratiosa
506 5068 609 5124 est,
633 5058 751 5113 sine
777 5056 1094 5110 humilitate.
1115 5051 1296 5107 Maluit
1319 5051 1458 5105 Deus
1472 5047 1540 5103 de
1561 5046 1718 5102 beata
1735 5043 1846 5098 Ma-

263 5154 338 5209 ria
356 5151 622 5209 incarnari
649 5158 862 5221 propter
884 5147 1258 5207 humilitatem,
1275 5156 1432 5213 quam
1452 5145 1671 5211 propter
1687 5134 1844 5189 aliam

263 5259 652 5316 quamcumque
686 5241 958 5296 virtutem.
985 5237 1133 5294 Sicut
1163 5237 1306 5292 enim
1334 5249 1400 5289 ex
1423 5233 1538 5288 sola
1581 5226 1848 5298 superbiae

268 5340 467 5404 radice,
496 5337 679 5392 omnia
707 5339 952 5389 oriuntur
977 5331 1118 5387 mala
1141 5373 1154 5396 ,
1187 5330 1268 5385 sic
1293 5343 1357 5382 ex
1389 5326 1502 5380 sola
1533 5323 1711 5379 radice
1749 5319 1848 5374 hu-

269 5431 504 5486 militatis
531 5435 862 5500 generantur
887 5424 1063 5478 omnia
1090 5421 1252 5477 bona.
1281 5419 1475 5473 Discite
1495 5432 1524 5470 a
1547 5415 1848 5480 Salv-atere,

268 5526 387 5596 quia
418 5523 565 5579 tnitis
595 5529 699 5587 est,
728 5529 783 5576 et
811 5517 1027 5572 humilis
1049 5513 1210 5571 corde
1234 5531 1249 5567 :
1278 5511 1575 5566 hutniliavit
1596 5506 1853 5575 semetip-

269 5632 384 5672 sum
413 5633 512 5688 pro
554 5615 709 5669 nobis
729 5653 744 5679 ,
773 5610 944 5665 factus
968 5607 1226 5662 obediens
1263 5616 1430 5671 usque
1470 5599 1538 5655 ad
1579 5608 1806 5653 mortem
1837 5614 1852 5652 :

279 5718 506 5765 mortem
533 5715 713 5762 autem
741 5700 935 5758 crucis.
965 5698 1193 5768 Propter
1219 5693 1361 5765 quod
1390 5693 1512 5747 dico
1532 5691 1716 5757 vobis,
1747 5688 1851 5744 etsi

271 5801 497 5862 humiles
525 5813 645 5860 esse
667 5796 844 5868 vultis,
869 5799 1043 5853 estote
1063 5788 1226 5849 etiam
1243 5783 1556 5846 obcdientes
1575 5782 1720 5843 omni
1741 5780 1846 5841 bu-

1904 655 2062 695 uuus.
2092 639 2207 696 Non
2235 641 2391 697 decet
2433 642 2752 696 monachum
2798 643 2937 697 velle
2967 642 3164 698 habere
3208 650 3262 696 et
3301 639 3479 704 nolle,

1903 732 2006 786 nisi
2033 731 2086 786 in
2118 748 2220 788 non
2252 733 2540 803 peccando.
2583 733 2672 789 Sic
2710 732 2853 789 enim
2881 733 3032 788 vobis
3059 734 3194 789 velle
3233 741 3289 788 et
3336 731 3480 787 nolle

1905 825 2008 880 hoc
2035 841 2220 891 unum,
2253 825 2303 880 iu
2332 825 2580 882 omnibus
2599 826 2776 890 bonis,
2801 825 2852 880 in
2873 825 3030 881 rebus
3056 825 3210 879 licitis
3243 825 3480 880 obedire.

1903 917 2012 974 Nec
2042 919 2150 974 sint
2176 919 2328 974 vobis
2357 920 2507 989 plura
2539 927 2796 990 prtecepta
2817 958 2835 984 ,
2877 926 2938 972 ut
2977 917 3202 972 l’aeiatis.
3242 917 3358 971 Non
3402 926 3487 972 est

1904 1012 2180 1086 obediens,
2207 1013 2301 1068 sed
2325 1012 2598 1083 negligens
2617 1012 2708 1082 qui
2729 1009 3021 1066 secundum
3040 1019 3314 1079 exspectat
3336 1025 3484 1063 man-

1905 1103 2108 1158 datum.
2141 1104 2222 1158 Ad
2255 1105 2410 1159 unius
2441 1104 2592 1161 vobis
2617 1105 2814 1159 dicitur
2836 1102 3098 1174 jussiouis
3125 1117 3310 1157 vocem
3333 1143 3349 1168 ,
3378 1101 3483 1157 Pc-

1907 1203 2049 1249 trum
2076 1203 2131 1249 et
2155 1194 2426 1249 Andream
2446 1193 2650 1249 relictis
2671 1194 2873 1249 retibus
2897 1203 2953 1249 et
2981 1192 3232 1249 omnibus
3247 1206 3364 1262 qna-
3389 1189 3483 1242 ha-

1907 1286 2137 1352 bebant,
2167 1286 2377 1341 Domini
2423 1296 2638 1342 secutos
2681 1299 2803 1342 esse
2839 1284 3087 1357 vestigia.
3119 1283 3232 1338 Iloc
3273 1297 3489 1352 semper

1906 1394 2034 1434 vera
2077 1388 2226 1450 optat
2255 1378 2594 1446 obedientia,
2639 1393 2907 1449 nunquam
2953 1392 3066 1433 sua:
3113 1377 3488 1447 obtemperare

1907 1471 2191 1535 voluntati,
2221 1471 2315 1526 sed
2343 1480 2655 1527 reverenter
2674 1471 2888 1527 alienae.
2915 1468 3058 1526 Istud
3081 1484 3310 1540 namque
3336 1469 3387 1524 in
3409 1467 3491 1523 ul-

1910 1563 2038 1620 tima
2068 1577 2221 1618 coena
2252 1562 2557 1633 exemplum
2581 1562 2824 1619 Christus
2851 1561 3088 1633 reliquit,
3115 1577 3238 1617 cum
3267 1573 3489 1615 suorum

1908 1654 2136 1710 abluens
2164 1655 2326 1724 pedes
2351 1653 2736 1724 discipulorum
2758 1695 2774 1721 ,
2804 1654 2964 1710 Petro
2995 1655 3130 1709 dixit
3160 1672 3174 1709 :
3205 1653 3348 1724 quod
3389 1650 3493 1707 nisi

1909 1745 2170 1800 obediens
2197 1745 2370 1811 fleret,
2403 1761 2508 1800 non
2539 1743 2760 1800 haberet
2787 1754 2993 1815 partem
3017 1758 3222 1800 secum.
3254 1744 3455 1800 Idcirco
3475 1785 3493 1811 ,

1910 1837 2244 1895 dilectissimi
2277 1837 2402 1904 lilii,
2435 1837 2574 1892 sicut
2604 1837 2753 1891 vobis
2778 1853 2940 1892 unum
2971 1845 3056 1892 est
3082 1851 3274 1890 nomen
3306 1849 3494 1890 m0na-

1911 1930 2020 1995 cbi,
2049 1931 2118 1985 ita
2143 1931 2216 1985 sit
2235 1945 2396 1985 unum
2421 1928 2560 1987 velle
2580 1939 2637 1985 et
2658 1945 2825 1985 unum
2838 1918 3001 1984 nolle.
3022 1929 3226 1983 Bonum
3251 1937 3334 1984 est
3352 1927 3496 1982 enim

1912 2029 1965 2075 et
1982 2019 2280 2092 jucundum
2314 2019 2557 2076 habitare
2588 2019 2780 2075 fratres
2806 2020 2857 2074 in
2888 2034 3072 2074 unum.
3095 2018 3204 2074 Nec
3231 2019 3297 2073 sit
3320 2018 3373 2072 in
3399 2032 3498 2071 vo-

1916 2111 2000 2168 bis
2032 2112 2204 2181 major
2226 2124 2319 2166 aut
2348 2113 2525 2164 minor
2549 2129 2562 2164 :
2595 2110 2690 2166 sed
2717 2111 2803 2180 qui
2833 2124 3128 2180 prmeessor
3151 2118 3233 2164 est
3253 2149 3270 2175 ,
3303 2109 3393 2162 ﬁat
3420 2106 3498 2162 si-

1915 2212 2008 2256 cut
2033 2202 2254 2271 junior:
2288 2219 2356 2256 ne
2386 2201 2629 2256 videlicet
2659 2217 2844 2269 regum
2889 2202 3128 2271 gentium
3161 2201 3362 2267 instar,
3407 2199 3500 2269 qui

1919 2292 2094 2362 major
2119 2303 2202 2346 est
2232 2291 2288 2346 in
2312 2290 2496 2356 vobis,
2525 2291 2832 2345 dominetur
2860 2292 3068 2346 czeteris
3099 2289 3353 2346 fratribus
3376 2326 3395 2355 ,
3440 2297 3502 2343 ut

1919 2386 1987 2440 ab
2030 2385 2112 2441 eis
2154 2383 2381 2455 gaudeat
2407 2383 2757 2454 supervncuis
2791 2381 3036 2438 laudibus
3063 2382 3253 2436 attolli.
3281 2380 3387 2437 Sed
3426 2380 3496 2436 ad

1919 2474 2226 2544 exemplum
2253 2475 2394 2544 regis
2417 2473 2544 2529 Jesu
2571 2471 2793 2539 Christi,
2826 2473 3001 2541 major
3048 2472 3345 2526 humilitate
3385 2471 3506 2528 eili-

1920 2567 2093 2622 ciatur
2119 2565 2268 2636 quasi
2296 2565 2491 2628 minor,
2523 2564 2717 2634 quibus
2746 2563 2997 2634 regendis
3019 2572 3226 2632 praeest.
3255 2561 3336 2617 Sit
3361 2562 3504 2619 enim

1920 2665 2100 2714 vester
2118 2656 2291 2727 major
2317 2671 2413 2726 per
2438 2655 2794 2710 humilitatem
2813 2655 2992 2710 socius
3011 2654 3204 2710 minori
3227 2669 3346 2709 cum
3371 2653 3507 2710 bene

1921 2749 2031 2820 agit
2055 2765 2068 2800 :
2099 2748 2193 2804 sed
2210 2763 2331 2804 cum
2356 2747 2642 2818 delinquit,
2666 2747 2735 2802 sit
2754 2757 2966 2802 erectus
2989 2755 3175 2802 contra
3204 2744 3389 2800 vitium
3414 2759 3508 2816 per

1921 2840 2093 2896 zelum
2111 2839 2352 2909 justitize.
2383 2836 2597 2893 Nullum
2625 2837 2696 2892 sit
2720 2852 2953 2908 unquam
2981 2851 3101 2892 cum
3123 2837 3268 2893 vitiis
3290 2835 3464 2891 foedus
3489 2852 3504 2891 :

1923 2931 2004 2988 sic
2033 2930 2289 3001 diligatur
2316 2929 2480 2984 homo
2504 2971 2521 2996 ,
2554 2937 2614 2984 ut
2640 2927 2758 2998 ejus
2786 2928 2973 2984 vitium
3001 2928 3233 2984 odiatur.
3262 2927 3506 2996 Magnum

1922 3023 2226 3079 dilectionis
2255 3023 2467 3094 signum
2514 3030 2632 3087 est,
2663 3019 2936 3076 hominem
2983 3020 3038 3074 iu
3085 3019 3509 3089 quibuscumque

1924 3114 2162 3170 minimis
2191 3111 2611 3184 reprehendere.
2636 3110 2790 3180 Saepe
2816 3108 3042 3165 multum
3070 3123 3205 3164 vana
3229 3115 3386 3163 uocet
3407 3106 3509 3160 hu-

1925 3205 2146 3262 militas.
2173 3204 2288 3260 Non
2310 3218 2436 3261 vera
2460 3202 2732 3258 humilitas
2757 3209 2862 3267 est,
2885 3199 3012 3256 vitia
3037 3197 3261 3254 tacendo
3288 3198 3512 3268 permit-

1925 3307 2063 3354 tere.
2091 3297 2290 3363 Clama,
2318 3312 2382 3352 ne
2405 3311 2588 3362 cesset,
2620 3294 2788 3350 Isaias
2815 3292 3009 3364 inquit,
3029 3284 3178 3361 quasi
3204 3289 3321 3344 tuba
3345 3289 3514 3344 exaltu

1926 3405 2097 3445 uocem
2126 3399 2267 3444 tuam
2295 3387 2584 3443 :anmtntia
2609 3385 2800 3456 populo
2827 3399 2937 3438 meo
2961 3383 3150 3439 scelera
3164 3397 3360 3437 eorum.
3391 3379 3514 3436 Uti-

1928 3499 2053 3540 nam
2082 3491 2139 3539 et
2160 3490 2350 3538 contra
2378 3480 2508 3535 vitia
2535 3478 2711 3535 omnis
2740 3477 3000 3534 clamaret
3028 3483 3296 3530 creatura.
3319 3473 3451 3540 Quia
3469 3473 3514 3527 si

1929 3583 2182 3647 peccator
2211 3573 2380 3629 Deum
2409 3586 2514 3626 non
2550 3570 2722 3635 timet,
2749 3576 2926 3624 tamen
2949 3566 3193 3622 homines
3217 3573 3514 3620 reveretur.

1930 3665 2083 3737 Quod
2103 3663 2391 3735 Apostolus
2422 3675 2521 3716 nos
2545 3659 2748 3717 docens
2774 3659 2922 3714 dicit:
2946 3656 3263 3722 Irascimt'ni,
3289 3663 3338 3709 et
3361 3653 3518 3708 nolite

1932 3774 2164 3831 peccare.
2209 3755 2303 3812 Sol
2333 3770 2440 3810 non
2471 3752 2684 3809 occidat
2711 3765 2874 3822 super
2903 3748 3232 3806 iracundiam
3259 3754 3517 3802 vestram.

1931 3851 2116 3908 Justus
2143 3856 2227 3904 est
2249 3848 2512 3904 Dominus
2532 3885 2548 3911 ,
2580 3853 2635 3899 et
2668 3843 2934 3914 justitiam
2958 3842 3181 3897 dilexit:
3212 3839 3516 3910 aequitatem

1931 3943 2066 3999 vidit
2087 3941 2266 3996 vultus
2293 3938 2431 4009 ejus.
2456 3937 2512 3992 Si
2538 3935 2736 4005 justus,
2768 3942 2824 3988 et
2855 3948 2950 3988 vos
2971 3933 3102 4002 justi
3127 3939 3319 3985 estote.
3342 3927 3522 3998 Negli-

1932 4034 2111 4107 gentia
2126 4041 2183 4088 et
2196 4045 2329 4086 vana
2345 4026 2577 4100 pastoris
2594 4025 2867 4080 humilitas
2885 4023 3070 4081 efﬁcit.
3086 4029 3142 4076 ut
3158 4017 3268 4091 lupi
3284 4019 3334 4072 in
3351 4031 3520 4088 agnos

1935 4127 2135 4184 audere
2151 4123 2378 4196 possint.
2400 4119 2479 4177 Ne
2505 4117 2806 4190 respiciatis
2823 4118 2876 4172 in
2895 4116 3098 4177 vultum
3119 4111 3386 4186 potentis:
3411 4125 3522 4167 non

1935 4230 2019 4279 est
2044 4232 2398 4293 personarum
2431 4213 2674 4285 acceptio
2704 4211 2845 4283 apud
2873 4211 3060 4266 Deum.

2008 4311 2135 4369 CAP.
2177 4309 2324 4366 XIX.
2358 4307 2570 4379 Ubique
2616 4303 2760 4376 quod
2797 4303 3000 4375 justum
3052 4307 3138 4357 est
3183 4294 3525 4368 operemini:

1938 4403 2067 4460 Vult
2095 4417 2221 4458 vera
2253 4400 2456 4474 iustitia
2483 4383 2773 4469 unicuique
2795 4394 3021 4452 reddere
3059 4391 3200 4462 quod
3235 4405 3390 4444 suum
3417 4397 3523 4444 est.

1939 4496 2168 4553 Obcdire
2189 4503 2403 4566 oportet
2425 4494 2554 4559 Deo,
2582 4503 2637 4547 et
2665 4506 2773 4545 non
2800 4485 3126 4543 hominibus.
3149 4483 3340 4538 Nonne
3377 4480 3422 4535 si
3447 4494 3529 4536 ve.

1941 4591 2155 4646 ritatem
2178 4588 2366 4643 tacetis
2386 4595 2530 4640 metu
2553 4591 2847 4654 potentum,
2866 4574 3114 4647 judiea’tis
3135 4571 3274 4643 apud
3293 4578 3528 4626 vosmet-

1943 4679 2124 4751 ipsos,
2167 4686 2222 4732 et
2248 4675 2370 4731 facti
2416 4674 2496 4728 eis
2541 4671 2749 4740 judices
2774 4665 3156 4736 cogitationum
3186 4670 3484 4738 vestrarum
3510 4700 3528 4727 ,

1943 4780 1998 4826 et
2023 4785 2129 4824 non
2157 4769 2280 4838 plus
2303 4773 2484 4820 vestra
2510 4759 2744 4816 abundat
2765 4757 2995 4828 justitia,
3027 4768 3187 4826 quam
3227 4751 3530 4808 scribarum

1947 4871 2006 4918 et
2034 4856 2458 4932 pharisreoruml
2489 4853 2604 4909 Non
2637 4853 2757 4923 plus
2785 4850 3005 4905 divitem
3051 4846 3328 4904 bonoretis
3369 4859 3532 4916 quam

1947 4939 2261 5026 pauperem,
2288 4949 2392 5006 nisi
2419 4947 2609 5004 melior
2629 4947 2720 5001 sit.
2748 4943 3017 5012 Quinimo,
3045 4950 3104 4998 ut
3129 4940 3308 4998 verius
3329 4938 3532 5008 dicam,

1948 5043 2117 5100 multo
2141 5042 2258 5113 plus
2290 5054 2576 5112 pauperem
2601 5036 2900 5092 honoretis.
2923 5034 3148 5090 Relucet
3163 5032 3307 5089 enim
3327 5031 3381 5087 in
3405 5045 3536 5100 pau-

1949 5152 2130 5209 perem
2161 5137 2334 5206 imago
2357 5133 2484 5191 Jesu
2511 5131 2712 5186 Christi
2739 5150 2752 5186 :
2781 5130 2833 5185 in
2863 5128 3032 5184 divite
3062 5135 3240 5182 autem
3261 5165 3278 5190 ,
3321 5121 3533 5180 mundi.

1949 5230 2149 5285 Omnes
2171 5243 2270 5282 nos
2291 5242 2358 5281 ex
2385 5239 2488 5280 una
2509 5239 2698 5280 sumus
2717 5222 2896 5278 carnis
2915 5218 3095 5275 radice
3112 5217 3278 5288 geniti
3303 5232 3317 5270 :
3347 5226 3540 5270 omnes

1953 5321 2180 5376 invicem
2206 5317 2448 5373 membra
2479 5331 2668 5371 sumus
2699 5313 2754 5370 iu
2785 5327 2892 5368 uno
2921 5324 3172 5380 corpore,
3203 5305 3355 5376 cujus
3379 5309 3542 5372 caput

1953 5423 2037 5471 est
2063 5413 2218 5468 Jesus
2245 5410 2516 5466 Christus.
2539 5406 2680 5476 Quid
2700 5421 2829 5476 ergo
2854 5405 2974 5475 plus
2995 5401 3216 5458 honoris
3240 5395 3434 5452 meruit
3450 5393 3537 5448 di-

1955 5521 2048 5562 ves
2075 5515 2127 5561 et
2157 5512 2370 5575 potens,
2403 5515 2564 5573 quam
2597 5495 2828 5571 pauper?
2860 5494 3040 5559 Forte,
3074 5491 3196 5562 quia
3215 5488 3363 5541 dives
3379 5490 3464 5575 est
3485 5490 3547 5538 et

1955 5572 2184 5670 potensl
2209 5595 2313 5652 Sed
2343 5595 2389 5649 si
2416 5572 2554 5649 hoc:
2585 5605 2751 5661 quare
2799 5586 3012 5644 divitias
3057 5585 3109 5638 in
3160 5575 3358 5670 stucqu
3394 5572 3550 5670 det-e-

1956 5659 2201 5746 stamur'l
2231 5699 2398 5754 quare
2425 5659 2616 5739 mundi
2633 5681 2857 5752 gloriam
2885 5667 3326 5731 contemnendam
3351 5659 3553 5754 praedi-

1969 5777 2196 5842 camus?
2223 5747 2507 5840 Neminem
2549 5747 2698 5834 certe
2740 5766 3004 5830 malorum
3042 5775 3142 5823 usu
3175 5747 3555 5819 honorandum
