4052 6338
432 385 534 444 25!

443 511 590 573 puto.
619 497 676 553 Si
716 494 909 551 divites
934 491 1168 548 honoras
1210 488 1411 546 divitiis
1453 489 1574 561 plus
1606 501 1837 560 paupere
1859 528 1874 555 ,
1904 486 2016 542 Deo

435 589 706 665 prmpouis
735 585 1014 641 mundum.
1048 583 1110 638 Et
1136 584 1180 638 si
1209 583 1329 655 plus
1356 583 1466 637 Deo
1493 579 1695 652 aliquid
1726 580 1779 634 in
1815 576 2017 632 mundo

439 683 636 753 diligis,
662 694 768 734 non
800 677 992 750 dignus
1019 691 1077 732 es
1106 677 1237 731 Deo.
1270 674 1498 730 Reddite
1524 686 1707 744 quaeso
1745 686 1868 742 quae
1893 665 2020 725 sunt

445 774 561 840 Dei,
592 773 739 827 Deo:
771 779 826 826 et
853 785 972 841 qua:
1001 776 1126 822 sunt
1152 766 1358 833 mundi,
1385 764 1606 820 mundo.
1651 763 1872 819 Bonitas
1905 760 2020 815 ubi-

441 878 544 934 que
565 862 880 925 honoretur,
911 857 1112 914 malitia
1142 857 1362 912 omnino
1385 854 1718 925 deturpetur.
1746 851 1853 907 Sed
1879 865 2015 921 quo-

440 954 582 1009 niam
606 950 734 1006 mihi
759 963 900 1005 nunc
920 948 986 1004 de
1009 948 1092 1002 bis
1111 948 1200 1018 qui
1223 947 1276 1002 in
1299 945 1516 1002 caducis
1539 943 1738 1000 divitiis
1768 942 1878 997 suis
1898 939 2016 1012 glo-

442 1045 664 1110 riantur,
693 1043 890 1115 quique
913 1040 982 1096 de
1005 1038 1236 1112 quadam
1263 1037 1462 1094 foetida:
1487 1035 1664 1093 carnis
1686 1043 1806 1107 post
1847 1033 2021 1090 modi-

439 1152 560 1191 cum
597 1136 648 1190 in
671 1134 908 1190 cinerem
933 1145 1230 1187 reversum
1251 1129 1548 1195 nobilitate,
1575 1126 1831 1197 potentia,
1861 1135 1915 1181 et
1935 1124 2018 1180 di-

441 1229 646 1298 gnitate
675 1240 805 1281 vana
849 1232 906 1281 et
946 1223 1048 1280 levi
1079 1221 1391 1295 (siquidem
1426 1221 1634 1275 aurium
1664 1217 2019 1290 quorumdam

444 1319 732 1373 stultorum
759 1315 1034 1370 nominum
1060 1311 1420 1368 insufﬂatione
1439 1309 1791 1365 extolluntur:
1814 1315 1867 1363 et
1884 1307 2021 1362 alios

444 1406 840 1464 contemnendo
865 1404 1206 1475 deprimunt:
1236 1417 1300 1458 ac
1321 1417 1381 1458 se
1405 1400 1474 1456 ob
1497 1403 1597 1456 hoc
1625 1398 1851 1456 credunt
1875 1397 2020 1452 illam

442 1501 703 1571 attingere
721 1499 968 1571 gloriam,
991 1511 1148 1568 quam
1170 1495 1298 1552 solis
1319 1493 1606 1549 humilibus
1621 1500 1675 1548 et
1693 1489 1877 1546 mundi
1894 1504 2023 1544 con-

444 1591 797 1663 temptoribus
840 1591 958 1661 pius
988 1588 1246 1644 Dominus
1295 1583 1651 1657 praeparavit)
1681 1597 1862 1640 sermo
1898 1589 2020 1637 est:

447 1685 575 1756 quid
604 1685 672 1740 de
701 1686 780 1740 eis
807 1693 867 1739 ut
896 1682 1149 1738 convenit
1180 1680 1460 1736 disseram.
1494 1677 1586 1733 Vae
1623 1691 1705 1732 va:
1741 1673 1893 1732 vobis
1931 1673 2024 1745 qui

445 1777 513 1831 ad
537 1778 786 1832 cailorum
811 1789 972 1845 regna
994 1772 1298 1828 divitiarum
1340 1769 1530 1825 itinere
1551 1765 1813 1823 festinatis
1831 1764 1856 1819 f
1874 1764 2021 1832 Quo-

446 1866 590 1922 niam
619 1864 826 1921 facilius
845 1872 928 1919 est
949 1862 1175 1918 transire
1198 1859 1464 1916 camelum
1486 1873 1581 1930 per
1602 1857 1842 1912 foramen
1872 1869 2022 1921 acus,

450 1974 608 2029 quam
640 1958 860 2013 divitem
889 1956 1096 2010 intrare
1136 1954 1187 2008 in
1214 1967 1435 2023 regnum
1460 1950 1738 2006 caelorum.
1766 1947 1882 2003 Non
1909 1960 2028 2002 mea

449 2058 574 2104 sunt
605 2049 720 2104 haec
762 2048 956 2111 verba,
997 2044 1092 2102 sed
1122 2043 1340 2100 Christi.
1369 2042 1424 2099 Si
1455 2041 1570 2097 haec
1607 2039 1924 2097 revocabilis
1947 2046 2031 2094 est

449 2139 737 2203 sententia,
755 2137 1001 2193 Christus
1016 2135 1236 2190 omnino
1251 2148 1356 2188 non
1373 2141 1456 2188 est
1473 2132 1631 2186 Deus.
1656 2130 1866 2196 Cretum,
1886 2127 2027 2184 idem

452 2229 639 2300 inquit,
660 2237 705 2283 et
729 2237 862 2282 terra
889 2226 1170 2281 transibunt
1192 2242 1212 2280 :
1231 2223 1378 2279 verba
1401 2232 1570 2278 autem
1592 2239 1701 2277 mea
1735 2239 1834 2276 non
1861 2231 2028 2276 trans-

454 2321 619 2375 ibunt.
648 2320 864 2377 Ulutate
904 2333 1035 2386 vos,
1067 2332 1102 2374 o
1136 2317 1351 2384 miseri,
1385 2332 1578 2372 nomen
1619 2315 1878 2371 instabilis
1914 2313 2029 2369 for-

456 2423 619 2480 tunze,
649 2413 857 2470 nobiles
875 2421 930 2469 et
958 2421 1239 2483 potentes,
1279 2411 1370 2481 qui
1412 2410 1547 2465 alios
1587 2407 1942 2473 confunditis,
1973 2414 2032 2462 et

455 2515 708 2576 tanquam
735 2504 994 2576 ignobiles
1014 2503 1345 2560 conculcatis
1370 2519 1384 2556 :
1408 2502 1530 2573 quia
1553 2501 1710 2572 hujus
1738 2499 1919 2556 mundi
1943 2500 2035 2554 ho-

456 2613 648 2654 norum
686 2609 739 2654 et
781 2601 1030 2654 falsarum
1059 2598 1376 2668 dignitatum
1411 2597 1572 2652 fumis
1598 2594 1874 2660 obcmcati,
1907 2609 2029 2648 cum

455 2698 649 2746 vestra:
677 2689 798 2744 vita:
825 2689 1154 2747 brevissima:
1183 2689 1285 2746 tela
1313 2704 1343 2744 a
1372 2697 1544 2744 morte
1569 2687 1714 2744 velut
1739 2702 1768 2741 a
1794 2695 2029 2751 texente,

457 2780 597 2836 forte
625 2779 723 2834 hac
751 2791 910 2836 nocte
928 2821 945 2848 ,
971 2779 1310 2835 suceidetur:
1343 2779 1396 2834 in
1429 2777 1644 2834 luferno
1664 2776 1772 2832 fine
1796 2775 2034 2830 intermi-

458 2869 623 2925 nabili
649 2885 761 2940 pra:
789 2869 911 2924 aliis
937 2868 1331 2935 cruciabimini,
1363 2867 1614 2923 continue
1642 2865 1941 2922 moriendo.

497 2960 628 3016 CAP.
643 2959 763 3015 XX.
781 2959 1030 3015 Viventes
1050 2959 1101 3014 in
1120 2959 1389 3014 laboribus
1404 2956 1702 3022 hominum,
1726 2955 1906 3010 mundi
1929 2969 2034 3010 non

458 3053 590 3108 estis
614 3068 630 3108 :
658 3052 765 3108 imo
788 3065 910 3107 cum
933 3050 1239 3107 hominibus
1256 3065 1361 3106 non
1379 3050 1550 3106 solum
1571 3049 1787 3105 labores
1808 3064 1911 3102 non
1931 3048 2033 3104 fer-

460 3143 548 3211 tis,
569 3141 663 3199 sed
681 3142 986 3200 laborantes
1003 3142 1181 3199 vivere
1202 3156 1308 3197 non
1333 3142 1640 3213 permittitis
1662 3161 1674 3197 :
1706 3139 1904 3196 idcirco
1930 3154 2034 3194 nou

461 3249 586 3292 cum
625 3234 968 3302 hominibus,
1024 3234 1118 3291 sed
1169 3249 1290 3290 cum
1339 3233 1568 3290 diabolis
1613 3231 2033 3304 ﬂagellabimini.

463 3325 674 3394 Quanto
701 3326 844 3383 enim
873 3326 926 3381 in
953 3325 1153 3381 mundo
1182 3325 1353 3395 major
1378 3323 1478 3380 fuit
1505 3323 1671 3396 gloria
1692 3363 1708 3390 ,
1738 3330 1792 3380 et
1822 3321 2000 3377 laetitia
2021 3363 2038 3388 ,

465 3427 614 3472 tanto
653 3417 825 3487 major
866 3417 920 3472 in
951 3416 1159 3472 inferno
1188 3425 1520 3487 praparatur
1549 3429 1724 3486 paena.
1770 3413 1876 3468 Sed
1913 3412 2041 3484 quid

463 3507 682 3562 dicam?
715 3507 1006 3564 Duodecim
1039 3508 1270 3563 fatemur
1305 3506 1575 3563 Christum
1608 3505 1896 3577 Apostolos
1932 3504 2044 3560 ele-

465 3600 607 3670 gisse
635 3617 650 3654 :
677 3613 903 3668 quorum
934 3597 1008 3671 (a)
1037 3597 1274 3654 omnium
1300 3599 1447 3654 solus
1472 3597 1892 3653 Bartholomazus
1919 3612 2041 3652 car-

437 3694 550 3772 .nis
577 3693 784 3764 origine
817 3691 918 3748 fuit
950 3693 1182 3748 nobilis:
1210 3701 1265 3748 et
1291 3691 1572 3747 Matthzeus
1617 3690 1817 3746 divitiis
1857 3689 2047 3761 (ante-

465 3801 624 3858 quam
652 3786 916 3857 reciperet
943 3784 1349 3855 Apostolatum)
1376 3782 1675 3839 insistebat.
1700 3781 1891 3837 Cmteri
1917 3797 2046 3837 vero

469 3885 623 3932 erant
643 3876 970 3948 pauperrimi
1004 3875 1316 3948 piscatores.
1335 3873 1447 3931 Cur
1463 3873 1579 3930 haec
1600 3873 1776 3943 retuli,
1795 3873 2046 3929 audiatis.

467 3967 521 4024 Si
552 3967 797 4024 Christus
822 3982 982 4023 verax
1011 3975 1128 4035 est,
1172 3975 1228 4022 et
1260 3969 1307 4022 si
1345 3966 1524 4022 omnia
1555 3981 1674 4038 qua:
1704 3981 1770 4022 ex
1807 3981 1900 4021 ore
1930 3965 2048 4034 ejus

468 4058 665 4123 audivi,
699 4058 975 4114 mendacia
1005 4073 1113 4113 non
1139 4065 1296 4113 sunt:
1327 4057 1630 4128 hujusmodi
1656 4057 1932 4112 hominum
1960 4055 2048 4111 vix

471 4163 610 4202 unus
635 4156 788 4217 aptus
818 4164 985 4219 regno
1013 4149 1105 4204 Dei
1146 4149 1414 4205 invenitur
1454 4149 1524 4204 de
1562 4149 1730 4204 mille.
1773 4147 1876 4216 Qui
1918 4162 2049 4204 vero

473 4251 661 4292 eorum
701 4237 832 4291 mihi
876 4254 981 4294 non
1022 4237 1282 4306 credunt,
1309 4247 1433 4309 post
1459 4237 1729 4294 modicum
1755 4246 1966 4304 tempus
1993 4238 2048 4292 in

474 4329 752 4384 tormentis
777 4329 933 4399 positi
959 4331 1210 4386 sentient.
1240 4330 1346 4385 Sed
1387 4330 1523 4386 forte
1551 4329 1670 4400 quis
1704 4329 1944 4384 veritatis
1971 4329 2050 4383 lu-

472 4421 616 4477 mine
641 4435 817 4478 cmcus
835 4421 946 4493 jam
974 4421 1269 4478 mirabitur.
1300 4421 1382 4476 Ad
1408 4435 1570 4493 quem
1594 4433 1696 4491 ego
1714 4461 1731 4487 ,
1775 4420 1819 4475 si
1847 4435 1913 4475 ex
1945 4419 2049 4475 hoc

474 4527 559 4572 me
586 4513 971 4585 interrogaret,
1010 4511 1433 4584 responderem:
1461 4509 1648 4568 Nonne
1679 4509 1840 4566 unico
1867 4509 2045 4566 credi-

538 4728 612 4802 ςα)
637 4727 842 4802 incerta;
875 4728 1162 4802 traditionis,
1202 4730 1308 4780 haec
1349 4735 1463 4802 sunt
1492 4743 1697 4802 quaene:
1737 4730 1934 4802 ingenio
1952 4731 2048 4802 sibi

474 4790 682 4852 quithtc
719 4791 931 4855 cOntixit.
975 4790 1252 4855 Malthaaum
1281 4792 1479 4854 quidem
1509 4790 1850 4855 publicanum,
1877 4800 1927 4841 et
1951 4792 2049 4842 Pe-

476 4849 623 4909 trum,
649 4858 700 4899 et
723 4849 988 4908 Andream,
1030 4864 1138 4899 cum
1169 4849 1358 4902 duobus
1395 4849 1614 4903 Zebe'daai
1651 4853 1762 4903 filiis
1792 4849 1974 4904 Jacobo
1998 4860 2052 4904 et

474 4910 1174 4986 ἓοεοηφιρὶδεξιωτθξίιμίξεε
1209 4927 1308 4986 9°.“
1347 4914 1662 4986 ίεςξρηιιιειες
1699 4914 1932 4986 reliquos.
1967 4914 2049 4986 vel

475 4983 572 5034 qua
609 4971 863 5033 parentum
898 4971 1151 5022 nobilitate
1185 4975 1282 5024 sint
1303 4971 1484 5036 geniti,
1509 4976 1590 5024 vel
1613 4971 1707 5036 qua
1732 4971 1826 5025 sibi
1847 4985 1953 5026 arte
1976 4977 2050 5025 vi-

474 5041 608 5082 ctum
629 5036 974 5093 compararim.
1003 5036 1260 5085 nescimus.
1289 5035 1438 5084 Immo
1458 5035 1862 5086 Bartbolomreum
1885 5045 2051 5086 auctor

385 5102 397 5110 ‘
476 5093 680 5144 Indiculi
716 5093 870 5143 Graeci
895 5109 921 5144 a
945 5093 1188 5146 Cotelerio
1213 5097 1328 5146 editi
1353 5099 1401 5146 iu
1423 5095 1557 5146 calce
1579 5097 1781 5146 secundi
1807 5097 2063 5154 CODSlil|.l-_

476 5157 661 5219 tionum
684 5156 1067 5219 Apostolicarum
1091 5155 1217 5214 libri,
1244 5157 1358 5207 facit
1387 5157 1492 5219 «de
1512 5165 1649 5219 patre
1671 5157 1931 5217 Sosthene,
1956 5172 2052 5207 ma-

476 5223 556 5280 tre
582 5216 762 5274 Urinia,
789 5217 1025 5280 cultorem
1049 5220 1232 5280 pascui,
1265 5231 1354 5267 seu
1376 5216 1563 5268 olerum
1585 5226 1814 5280 saturem.
1830 5234 1856 5280 ψ
1883 5216 2050 5279 Adde,

477 5278 625 5352 plane
637 5286 801 5328 eonua
817 5278 1097 5352 llieroujjmi
1119 5288 1334 5350 mentem
1356 5281 1627 5352 esseunice
1648 5278 2049 5352 [lartbqlomzeum

477 5338 664 5403 nobilis,
682 5340 884 5403 generis
908 5338 1156 5403 extitisse,
1187 5341 1274 5403 qui
1307 5341 1357 5388 in
1379 5339 1631 5403 Epitaphio
1654 5338 1895 5403 Marcella:
1944 5349 2050 5390 tan-

477 5353 654 5388 nonius
682 5353 884 5401 generis
908 5353 1156 5396 exuusse,
1187 5353 1271 5403 qui
1307 5353 1357 5388 tn
1379 5353 1440 5449 is}

476 5408 574 5450 tam
609 5402 778 5450 tribuit
812 5401 983 5450 Joauni
1007 5400 1344 5451 nobilitatem:
1377 5419 1399 5446 ι

478 5462 836 5536 livauge'listam
851 5463 1402 5536 amabatlplurimumujui
1417 5463 2052 5536 proiiter‘generisnobilita-

477 5531 596 5581 tum,
622 5523 879 5575 eratnotus
897 5523 1132 5584 Pontilici,
1148 5531 1199 5573 et
1213 5523 1487 5574 Iudaeorum
1505 5523 1700 5573 insidias
1720 5536 1814 5572 non
1832 5523 2048 5585 timebat,

477 5587 528 5635 in
551 5595 733 5636 tantum
757 5594 812 5636 ut
845 5587 1047 5636 Petrum
1080 5586 1408 5636 introduceret
1433 5587 1478 5634 in
1498 5587 1700 5642 atrium,
1732 5600 1756 5629 ι
1787 5595 1882 5634 etc.
1897 5585 2053 5642 Quan-

475 5661 620 5710 quam
639 5650 872 5700 incertum
891 5650 1083 5697 omnino
1100 5655 1192 5706 est,
1210 5662 1270 5697 an
1284 5644 1385 5710 ille,
1399 5649 1480 5710 qui
1495 5653 1635 5696 notus
1655 5647 1865 5710 Pontitiei
1877 5646 2052 5710 dicitur

481 5707 524 5758 in
544 5709 826 5775 livaugelio,
849 5711 1064 5760 Joannes
1085 5710 1342 5775 Apostolus
1365 5707 1531 5758 fuerit.
1557 5710 1701 5757 Certe
1727 5707 2048 5775 Evangelist

479 5785 589 5818 eum
611 5807 624 5828 ,
649 5769 872 5837 fr'atrein,
899 5769 1181 5837 patremque
1206 5774 1484 5834 piscatores.
1512 5777 1593 5822 aut
1617 5784 1763 5832 κοί-ἓως,
1790 5779 1842 5823 ut.
1871 5769 2049 5837 Orige-

479 5847 568 5883 nes
592 5843 757 5888 contra
781 5832 970 5888 Celsum
992 5834 1075 5887 lib.
1105 5832 1148 5888 l.
1180 5832 1364 5886 vetant.

1449 5401 1591 5458 esus,
1617 5401 1789 5462 inquit,
1811 5401 2051 5452 Joannem

1478 373 1829 444 EUSEBIUS,
1872 371 1962 431 DE
2000 371 2236 448 MORTE
2276 370 2670 433 ﬂlERONYMI.

3587 377 3697 437 252

2126 499 2246 544 mus
2275 484 2513 542 damnari
2539 485 2809 542 hominem
2829 485 3040 544 mortali
3059 487 3318 560 peccato?
3340 485 3444 546 Sed
3483 485 3532 545 si
3569 485 3694 555 hoc,

2123 575 2347 648 inquiet,
2369 578 2440 633 ita
2459 586 2543 635 est
2567 597 2580 634 :
2601 594 2729 650 ergo
2745 580 3011 650 quomodo
3031 581 3321 638 salvabitur
3338 589 3553 638 centum
3575 583 3698 638 mil-

2123 673 2306 729 libus?
2330 673 2436 732 Sed
2464 676 2590 746 quid
2616 676 2768 733 dives
2803 686 2858 733 et
2883 678 3124 734 mortalis
3152 677 3308 734 famae
3349 692 3481 733 aura
3510 687 3700 747 pastus

2121 764 2264 820 aliud
2293 775 2410 834 est,
2452 781 2612 836 quam
2647 766 2910 838 quoddam
2957 777 3294 840 peccatorum
3324 768 3565 824 omnium
3607 783 3701 824 vas

2120 857 2439 926 putridum?
2467 858 2566 913 Ubi
2603 859 2892 930 superbia?
2919 859 3008 915 ubi
3035 861 3255 916 avaritia
3277 865 3302 915 ’ί
3331 861 3419 916 ubi
3445 861 3654 916 luxuria
3675 861 3700 916 2

2120 947 2308 1004 Nonne
2337 949 2392 1003 in
2417 948 2702 1015 divitibus,
2732 951 2998 1007 nobilibus
3040 962 3094 1007 et
3137 952 3484 1021 potentibus?
3512 952 3702 1008 Nonne

2123 1039 2360 1096 latrones
2383 1050 2530 1107 sunt,
2560 1042 2650 1112 qui
2680 1058 2971 1114 pauperum
3003 1044 3304 1100 mercedem
3331 1044 3592 1100 violenter
3617 1044 3702 1100 de-

2123 1133 2430 1202 pnedantur
2454 1152 2469 1189 :
2515 1144 2570 1189 et
2608 1149 2702 1189 eos
2725 1135 3033 1205 deprimunt
3069 1145 3230 1207 atque
3257 1137 3489 1191 necant?
3517 1135 3608 1206 qui
3637 1151 3704 1192 ex

2124 1222 2368 1279 ubertate
2394 1222 2588 1280 domus
2618 1224 2825 1280 Domini
2855 1224 3054 1280 faciunt
3079 1224 3278 1297 iniqua,
3303 1242 3461 1297 quam
3489 1235 3550 1281 ut
3577 1241 3708 1295 pau-

2123 1316 2340 1386 peribus
2377 1318 2678 1372 necessaria
2708 1316 3110 1386 condonarent,
3141 1319 3502 1390 receperunt?
3547 1318 3708 1374 Certo

2123 1407 2543 1477 superfluitatem
2564 1409 3007 1464 vestimentorum
3031 1407 3382 1480 superfluitati
3405 1409 3583 1466 nimia:
3607 1409 3709 1466 ad-

2125 1497 2299 1567 dunt,
2331 1499 2398 1554 de
2425 1500 2748 1570 pauperibus
2774 1500 2972 1573 frigore
2997 1509 3054 1557 et
3081 1502 3324 1558 nuditate
3347 1502 3706 1559 morientibus

2126 1606 2234 1646 non
2261 1599 2531 1648 curantes.
2566 1591 2792 1661 Palatia,
2819 1602 2874 1648 et
2903 1608 3091 1665 magna
3118 1593 3328 1665 erigunt
3353 1593 3575 1651 :cdifieia
3596 1635 3613 1661 ,
3649 1603 3712 1652 ut

2128 1680 2375 1736 humanis
2392 1683 2564 1738 oculis
2586 1683 3018 1754 coutemplentur
3045 1701 3060 1740 :
3083 1694 3137 1739 et
3159 1700 3420 1756 pauperes
3443 1687 3494 1740 in
3516 1686 3709 1756 plateis

2130 1775 2431 1829 moriuntur
2447 1774 2820 1830 incommodis.
2843 1775 3095 1832 Convivia
3110 1769 3416 1847 frequenter
3435 1777 3553 1834 aliis
3573 1793 3713 1847 pra:-

2131 1879 2321 1938 parant
2348 1868 2625 1936 divitibus,
2656 1880 2714 1936 ut
2734 1869 2954 1926 ferculis
2980 1869 3380 1926 delicatissimis
3400 1886 3551 1927 suam
3575 1886 3712 1926 ven-

2134 1961 2230 2016 tris
2259 1961 2500 2031 rcpleant
2528 1960 2812 2029 ingluviem
2848 1979 2862 2018 :
2891 1961 3083 2032 quibus
3120 1977 3384 2033 pauperes
3425 1961 3563 2018 fame
3588 1975 3714 2032 per-

2131 2061 2280 2109 eunt.
2309 2052 2446 2121 Quid
2472 2051 2615 2108 aliud
2645 2061 2729 2108 est
2767 2068 2953 2108 eorum
2983 2053 3093 2108 vita
3119 2095 3134 2122 ,
3165 2069 3326 2125 quam
3365 2055 3624 2124 peccata?
3651 2053 3712 2110 Si

2133 2155 2323 2202 venter
2363 2147 2602 2216 repletus
2633 2154 2780 2202 tanta
2811 2147 3052 2202 ciborum
3095 2155 3178 2202 est
3209 2146 3362 2217 c0pia
3381 2187 3399 2213 ,
3439 2161 3616 2202 nonne
3644 2145 3715 2204 ad

2133 2238 2274 2294 fores
2293 2237 2410 2309 ejus
2431 2238 2586 2294 adest
2606 2238 2810 2293 luxuria
2831 2239 2854 2292 ?
2876 2238 2942 2294 Et
2956 2237 3084 2308 quid
3107 2253 3236 2307 ergo
3250 2237 3476 2309 amplius
3501 2236 3716 2310 loquar,

2135 2344 2258 2386 cum
2283 2330 2458 2385 omnis
2478 2328 2786 2385 mortalium
2809 2329 2988 2400 lingua
3012 2328 3268 2385 deficeret
3292 2347 3306 2384 :
3335 2337 3394 2384 ut
3413 2344 3530 2400 qua:
3551 2329 3715 2384 millia

2135 2431 2476 2492 peccatorum
2506 2419 2742 2487 faciunt,
2789 2420 3102 2487 intimaret?
3153 2436 3253 2477 nec
3280 2421 3446 2477 Deum
3495 2421 3598 2477 nisi
3627 2437 3720 2478 so-

2140 2512 2396 2568 mniando
2421 2521 2772 2584 cognoscunt,
2799 2527 2895 2567 nec
2913 2526 2992 2579 se,
3016 2521 3070 2566 ut
3087 2521 3232 2581 puto,
3263 2515 3552 2567 morituros
3570 2512 3720 2567 arbi-

2139 2613 2365 2659 trantur.
2397 2603 2514 2660 Non
2539 2604 2683 2658 enim
2712 2603 2866 2658 facile
2909 2603 2961 2657 in
3000 2611 3218 2674 peccata
3261 2602 3491 2669 labitur,
3522 2603 3613 2673 qui
3657 2618 3721 2659 se

2139 2694 2456 2748 moriturum
2496 2694 2694 2764 cogitat
2727 2711 2741 2748 :
2773 2704 2827 2749 et
2857 2693 3024 2748 Deum
3069 2692 3169 2747 sibi
3198 2691 3314 2747 fore
3337 2692 3570 2763 judicem
3611 2709 3718 2749 nou

2141 2786 2370 2854 ignorat.
2406 2783 2548 2840 Vere
2579 2784 2738 2840 nimis
2765 2783 3048 2840 imbecillis
3076 2793 3130 2838 et
3160 2784 3323 2839 miser
3350 2791 3466 2850 est,
3505 2784 3586 2838 cui
3620 2783 3720 2838 ha-

2141 2892 2260 2932 rum
2307 2891 2484 2931 rerum
2506 2885 2590 2930 est
2616 2876 2913 2931 memoria:
2943 2875 2985 2931 si
3014 2884 3202 2930 cuncta
3240 2875 3502 2930 diabolica
3543 2884 3721 2932 tenta-

2143 2977 2322 3023 mcnta
2353 2982 2460 3022 non
2491 2965 2646 3022 facile
2671 2965 2973 3037 vilipendit.
3009 2965 3212 3022 idcirco
3244 2981 3373 3020 vere
3413 2965 3589 3021 dicam
3615 3008 3632 3034 ,
3672 2967 3719 3022 si

2146 3061 2311 3116 Deum
2335 3060 2572 3128 judicem
2600 3075 2756 3115 suum
2787 3069 3162 3130 agnoscerent,
3192 3067 3246 3114 et
3271 3073 3330 3114 se
3360 3059 3494 3113 mori
3532 3058 3723 3114 crede-

2144 3163 2285 3218 rent,
2317 3169 2422 3208 non
2456 3161 2740 3223 peccarent
2768 3151 2959 3207 saltem
2989 3161 3094 3206 tam
3126 3165 3333 3206 secure.
3387 3151 3494 3206 Cur
3542 3149 3594 3204 hi
3626 3151 3725 3204 mi-

2143 3246 2352 3301 serrimi
2383 3243 2450 3299 ad
2482 3243 2756 3299 Ecclesias
2787 3253 3111 3315 properant,
3160 3251 3216 3298 ut
3252 3241 3448 3297 divinis
3479 3243 3726 3297 intersint

2145 3338 2451 3409 mysteriis?
2467 3353 2536 3391 an
2556 3346 2611 3390 ut
2626 3336 2910 3391 mulierum
2929 3335 3357 3406 coutemplentur
3372 3335 3579 3390 vultus?
3601 3334 3726 3390 lla-c

2145 3445 2240 3485 sua
2264 3438 2346 3484 est
2367 3428 2660 3494 meditatio,
2689 3428 2802 3483 haec
2825 3426 3152 3498 pra‘dicatio,
3179 3435 3233 3482 et
3253 3427 3341 3481 Dei
3363 3427 3616 3497 cognitio.
3637 3425 3726 3482 Sic

2145 3521 2380 3578 divinam
2411 3528 2831 3593 percunctantur
2858 3519 3052 3590 legem,
3083 3529 3140 3573 ut
3171 3519 3480 3590 pecuniam,
3503 3529 3722 3582 terram,

2146 3630 2399 3688 mareque
2413 3613 2984 3686 peragrantes,crebris
2997 3613 3212 3684 vigiliis,
3225 3623 3278 3669 et
3294 3614 3414 3669 med
3420 3614 3727 3670 itationihns

2146 3711 2248 3769 sibi
2276 3719 2331 3768 et
2364 3714 2475 3770 suis
2502 3714 2625 3769 filiis
2653 3723 2976 3786 congregem
2999 3731 3012 3767 :
3039 3713 3280 3769 certatim
3314 3713 3626 3769 vestimenta
3675 3714 3727 3766 iu

2149 3807 2428 3872 societate,
2447 3797 2594 3862 mira
2621 3807 2830 3863 artificii
2865 3807 3124 3862 varietate
3148 3806 3451 3876 frequenter
3478 3813 3683 3860 mutent
3709 3820 3729 3858 :

2150 3898 2276 3968 quin
2299 3908 2356 3953 ut
2382 3897 2556 3962 ludos.
2573 3897 2880 3965 hastiludia,
2904 3897 3148 3966 choreas,
3171 3896 3526 3967 procationes,
3553 3894 3730 3949 ebrie-

2152 3998 2306 4058 tates,
2344 4005 2532 4061 magna
2562 3990 2830 4057 convivia,
2859 3989 3087 4046 delicata
3115 3988 3336 4055 fercula,
3359 3988 3471 4044 suis
3497 3987 3730 4043 alterna-

2155 4081 2246 4136 tim
2276 4079 2566 4137 exhibeant
2592 4079 2867 4136 sodalibus
2893 4097 2906 4134 :
2935 4080 3189 4136 mulieres
3215 4079 3280 4134 ad
3306 4095 3458 4134 suam
3484 4078 3729 4150 volupta-

2153 4183 2260 4230 tem
2287 4173 2603 4244 explendam
2633 4172 2963 4228 sufficienter
2985 4171 3236 4227 habeant.

2222 4265 2351 4320 Car.
2369 4262 2512 4319 XXI.
2535 4263 2639 4322 Sed
2667 4280 2747 4319 vae
2773 4263 2977 4331 miseri,
3007 4262 3134 4334 quid
3162 4262 3335 4319 facitis
3361 4278 3466 4318 non
3493 4267 3732 4334 agnosci-

2153 4357 2222 4410 tis
2241 4372 2254 4408 :
2273 4369 2466 4427 corpus
2481 4363 2602 4410 ante
2620 4362 2829 4424 tempus
2843 4355 3137 4422 destruitis,
3155 4365 3207 4410 et
3231 4356 3462 4410 animam
3482 4355 3736 4412 interfici-

2155 4449 2222 4502 tis
2246 4464 2258 4500 :
2281 4447 2420 4503 unde
2441 4447 2776 4502 infirmitates
2790 4457 2842 4504 et
2858 4463 3001 4503 mors
3015 4457 3118 4503 tam
3135 4450 3502 4520 intempestiva
3524 4451 3652 4506 :nisi
3668 4466 3734 4505 ex

2152 4539 2314 4595 nimia
2331 4539 2570 4595 ciborqu
2588 4539 2762 4609 copia’,
2780 4550 2834 4594 et
2849 4539 3110 4610 frequenti
3127 4540 3408 4595 mulierum
3427 4541 3550 4596 usu?
3570 4542 3733 4596 Deum

2152 4628 2408 4685 deludere
2434 4629 2694 4686 creditis?
2717 4631 2878 4685 Certe
2923 4629 3177 4685 deluditis
3213 4632 3588 4702 vosmetipsos.
3633 4632 3736 4688 Pro

2153 4737 2380 4792 oorpore
2407 4723 2790 4779 obliviscimini
2822 4725 3053 4776 animam
3074 4763 3089 4788 ,
3118 4730 3169 4777 et
3199 4736 3327 4777 ecce
3356 4737 3550 4793 corpus
3579 4723 3733 4776 simul

2153 4834 2274 4873 cum
2299 4817 2474 4871 anima
2505 4815 2781 4871 destruitis
2806 4827 2929 4870 ante
2961 4825 3170 4885 tempus
3196 4833 3208 4868 :
3241 4825 3294 4869 et
3330 4813 3733 4885 ideo‘gaudete,

2154 4919 2208 4966 et
2231 4905 2598 4979 jucundamiui
2622 4947 2637 4970 ,
2675 4913 2732 4961 et
2755 4905 3006 4960 hetamini
3035 4907 3088 4960 in
3120 4904 3220 4960 hoc
3247 4905 3564 4960 brevissimo
3605 4917 3737 4961 tern-

2155 5001 2301 5073 poris
2330 5001 2501 5072 spatio
2525 4999 2670 5071 quod
2697 4998 2901 5053 habetis
2927 5015 2940 5052 :
2970 5006 3027 5053 ut
3050 4998 3387 5067 postmodum
3411 5013 3531 5053 cum
3555 4997 3737 5053 diabo-

2157 5093 2222 5148 lis
2251 5092 2369 5147 sine
2396 5091 2501 5146 fine
2527 5089 2671 5145 omni
2698 5097 2936 5158 tempore
2964 5089 3209 5160 lugeatis.
3239 5088 3390 5156 Quod
3414 5087 3603 5154 facitis,
3633 5106 3736 5144 non

2154 5183 2451 5239 diiferatis:
2486 5181 2919 5252 frequentissime
2944 5183 3258 5237 vestimenta
3290 5183 3640 5252 permutatis:
3673 5200 3739 5236 ne

2157 5277 2296 5334 forte
2319 5286 2493 5334 vestra
2523 5276 2792 5346 diSpereat
2814 5276 3062 5331 nobilitas
3085 5294 3099 5330 :
3125 5292 3224 5331 uec
3248 5278 3317 5330 sit
3342 5277 3430 5347 qui
3463 5291 3559 5332 vos
3584 5292 3742 5332 exce-

2155 5368 2268 5436 dat,
2297 5377 2353 5422 nt
2381 5369 2432 5421 in
2453 5366 2659 5421 inferno
2689 5365 3062 5422 verecundiam
3095 5366 3368 5436 recipiatis
3386 5367 3735 5424 etconfusio-

2157 5476 2302 5516 nem.
2337 5457 2438 5514 Ubi
2476 5456 2769 5513 convivia?
2808 5456 2895 5511 ubi
2942 5455 3164 5513 delicata
3201 5457 3446 5514 fercula?
3489 5459 3580 5515 ubi
3615 5461 3738 5514 vina

2156 5551 2386 5622 pretiosa
2411 5549 2570 5605 melle
2595 5548 2779 5616 mixta,
2807 5559 2860 5605 et
2887 5549 3214 5606 aromatibus
3237 5553 3571 5623 praeparata?
3597 5553 3740 5623 Epu-

2159 5641 2360 5704 lemiui,
2391 5649 2444 5696 et
2475 5641 2807 5697 iuebriemiui
2841 5661 2854 5697 :
2885 5659 2989 5698 non
3017 5642 3158 5697 enim
3197 5655 3320 5714 post
3361 5657 3590 5700 mortem
3621 5661 3738 5698 am-

2159 5733 2296 5803 plius
2325 5731 2526 5788 facietis
2549 5749 2569 5796 ;
2597 5732 2688 5788 sed
2717 5749 2838 5789 cum
2870 5735 3035 5788 divite
3055 5773 3071 5797 ,
3099 5733 3185 5802 qui
3215 5735 3452 5803 quotidie
3482 5736 3738 5806 cpulabac

2162 5833 2245 5881 tur
2260 5823 2556 5897 splendide,
2587 5824 2637 5880 in
2661 5827 2934 5884 tormentis
2954 5823 3337 5900 geltcuualihus
3356 5837 3558 5898 git-itam
3588 5843 3739 5901 aqua:
