4052 6338
433 380 538 438 25!

446 505 592 567 puto.
623 492 678 548 Si
719 488 912 546 divites
936 485 1171 542 bonoras
1213 482 1414 540 divitiis
1455 483 1576 554 plus
1609 495 1840 553 paupere
1861 521 1877 548 ,
1905 479 2018 534 Deo

438 583 709 659 praeponis
737 579 1017 636 mundum.
1051 578 1113 633 Et
1139 578 1182 633 si
1212 577 1332 648 plus
1359 575 1468 630 Deo
1495 571 1697 645 aliquid
1729 573 1781 627 in
1817 569 2020 659 mundo

442 658 639 747 diligis,
665 689 770 729 non
803 671 994 744 dignus
1021 686 1080 726 es
1109 671 1240 726 Deo.
1273 667 1501 724 Reddite
1527 679 1710 738 quaeso
1747 679 1870 736 qua:
1896 658 2022 718 sunt

448 768 564 834 Dei,
594 767 742 821 Deo:
774 773 828 820 et
856 779 975 836 qua:
1004 770 1129 816 sunt
1155 759 1361 827 mundi,
1387 758 1608 814 mundo.
1653 756 1874 812 Bonitas
1907 754 2022 809 ubi-

445 873 548 928 que
568 856 884 919 honoretur,
915 852 1116 908 malitia
1145 851 1364 906 omnino
1387 849 1720 919 deturpetur.
1749 844 1856 901 Sed
1881 858 2018 914 quo-

443 948 585 1003 niam
610 944 738 1000 mihi
763 957 903 999 nunc
923 943 990 999 de
1013 943 1094 997 his
1115 941 1203 1012 qui
1227 941 1278 996 in
1303 939 1519 996 caducis
1542 937 1742 994 divitiis
1770 935 1880 991 suis
1901 933 2019 1006 glo-

446 1040 668 1104 riantur,
697 1037 894 1109 quique
917 1034 985 1090 de
1009 1033 1240 1106 quadam
1266 1031 1465 1088 fietida:
1490 1029 1667 1087 carnis
1689 1037 1810 1101 post
1850 1026 2022 1084 modi-

443 1147 564 1186 cum
601 1130 652 1184 in
675 1129 912 1184 cinerem
937 1139 1233 1181 reversum
1255 1123 1551 1188 nobilitate,
1578 1120 1834 1191 potentia,
1864 1128 1918 1174 ct
1937 1118 2020 1173 di-

445 1224 648 1293 gnitate
678 1235 809 1275 vana
852 1227 909 1275 et
949 1216 1053 1274 levi
1083 1214 1390 1289 (siquidem
1429 1215 1637 1269 aurium
1668 1211 2021 1284 quorumdam

448 1313 735 1367 stultorum
761 1309 1038 1364 nominum
1063 1305 1424 1362 insufﬂatione
1443 1303 1794 1359 extolluntur:
1817 1309 1870 1356 et
1887 1301 2023 1355 alios

448 1400 844 1458 contemnendo
868 1399 1210 1470 deprimunt:
1241 1411 1304 1452 ac
1324 1411 1384 1452 se
1409 1394 1478 1450 ob
1500 1396 1600 1450 hoc
1629 1392 1855 1449 credunt
1878 1391 2022 1446 illam

447 1496 706 1565 attingere
725 1493 972 1565 gloriam,
995 1506 1152 1563 quam
1173 1489 1302 1546 solis
1322 1487 1610 1543 humilibus
1624 1493 1679 1542 et
1697 1483 1880 1540 mundi
1897 1497 2026 1538 con-

448 1586 801 1657 temptoribus
844 1585 962 1655 pius
993 1583 1251 1638 Dominus
1299 1577 1655 1652 praeparavit)
1685 1591 1865 1634 sermo
1902 1582 2022 1631 est:

451 1679 579 1750 quid
609 1679 676 1734 de
705 1680 784 1734 eis
812 1688 872 1733 ιιι
901 1677 1153 1733 convenit
1184 1674 1464 1730 disseram.
1497 1671 1590 1727 Vae
1626 1685 1708 1726 va:
1745 1667 1896 1726 vobis
1935 1667 2028 1738 qui

449 1771 517 1825 ad
542 1771 791 1826 caelorum
815 1783 976 1839 regna
998 1766 1302 1822 divitiarum
1344 1764 1533 1819 itinere
1555 1759 1817 1817 festinatis
1835 1757 1860 1813 τ
1878 1757 2025 1826 Quo-

450 1860 594 1916 niam
624 1859 830 1915 facilius
850 1866 932 1914 est
953 1856 1180 1912 transire
1201 1853 1467 1910 camelum
1491 1866 1584 1924 per
1606 1851 1845 1906 foramen
1875 1863 2025 1914 acus,

455 1968 613 2024 quam
645 1952 865 2007 divitem
894 1950 1100 2004 intrare
1139 1948 1191 2002 in
1218 1961 1438 2017 regnum
1463 1943 1741 2000 caelorum.
1770 1941 1886 1996 Non
1912 1953 2031 1995 mea

453 2052 578 2098 sunt
609 2043 725 2098 hmc
766 2041 960 2105 verba,
1002 2038 1096 2095 sed
1125 2037 1343 2094 Christi.
1372 2035 1428 2092 Si
1459 2035 1575 2091 hazc
1611 2031 1928 2090 revocabilis
1951 2039 2035 2087 est

453 2133 741 2197 sententia,
759 2131 1006 2186 Christus
1021 2129 1240 2184 omnino
1255 2141 1360 2182 non
1377 2134 1459 2182 est
1476 2125 1635 2180 Deus.
1659 2123 1870 2190 Caelum,
1889 2121 2030 2177 idem

456 2223 643 2295 inqttit,
665 2231 710 2277 et
733 2231 866 2276 terra
894 2220 1216 2275 transibunt:
1235 2216 1381 2273 verba
1405 2225 1574 2272 autem
1595 2232 1705 2270 mea
1738 2232 1838 2269 non
1865 2223 2032 2269 trans.

459 2315 623 2370 ibunt.
653 2314 869 2372 Ulutate
908 2327 1040 2380 vos,
1071 2327 1106 2368 ο
1140 2311 1354 2378 miseri,
1388 2326 1581 2366 nomen
1622 2308 1882 2364 instabilis
1917 2306 2033 2362 for-

460 2418 624 2474 tuntc,
653 2408 861 2464 nobiles
879 2415 934 2463 et
963 2415 1243 2477 potentes,
1283 2405 1374 2476 qui
1416 2404 1551 2459 alios
1590 2400 1946 2466 confunditis,
1976 2406 2036 2456 et

460 2509 713 2570 tanquam
739 2498 998 2570 ignobiles
1018 2497 1348 2554 conculcatis
1373 2513 1387 2550 :
1411 2497 1534 2566 quia
1557 2495 1714 2566 hujus
1741 2493 1922 2550 mundi
1946 2493 2038 2548 ho-

461 2608 652 2649 norum
691 2603 744 2648 et
786 2595 1034 2647 falsarum
1063 2592 1379 2662 dignitatum
1415 2591 1576 2646 fumis
1602 2589 1877 2653 obcaecati,
1910 2602 2033 2656 cum

460 2692 653 2740 vestra:
682 2683 802 2739 vita:
829 2683 1160 2741 brevissimae
1187 2683 1289 2739 tela
1318 2697 1347 2737 a
1376 2690 1548 2737 morte
1573 2680 1718 2737 velut
1743 2696 1772 2734 a
1798 2687 2033 2745 texente,

461 2774 601 2830 forte
629 2773 727 2829 hac
755 2785 914 2831 nocte
933 2815 950 2843 ,
976 2774 1314 2829 succidatur:
1347 2773 1400 2828 in
1433 2770 1648 2827 inferno
1669 2770 1775 2826 line
1799 2769 2038 2824 intermi-

462 2863 628 2920 nabili
653 2879 765 2934 pra:
793 2864 916 2918 aliis
943 2862 1336 2929 cruciahimini,
1368 2861 1618 2916 continue
1647 2858 1944 2914 moriendo.

502 2954 633 3011 CAP.
649 2953 768 3009 XX.
786 2953 1035 3009 Viventes
1054 2952 1106 3008 in
1125 2952 1394 3008 laboribus
1408 2949 1707 3016 hominum,
1731 2948 1910 3004 mundi
1933 2963 2038 3004 non

462 3047 594 3103 estis
618 3062 634 3102 :
663 3046 770 3102 imo
793 3059 915 3101 eum
938 3044 1243 3101 hominibus
1260 3058 1366 3100 non
1384 3043 1555 3099 solum
1576 3043 1791 3099 labores
1812 3057 1916 3096 non
1935 3042 2038 3097 fer-

465 3137 552 3206 tis,
573 3135 667 3194 sed
686 3136 990 3193 laborantes
1007 3136 1186 3192 vivere
1207 3150 1312 3191 non
1338 3135 1644 3206 permittitis
1667 3153 1679 3191 :
1711 3133 1908 3189 idcirco
1934 3147 2038 3187 non

465 3243 590 3287 cum
630 3229 973 3296 hominibus,
1029 3228 1124 3284 sed
1174 3243 1295 3284 cum
1344 3226 1572 3284 diabolis
1617 3225 2037 3298 ilagellabimini.

467 3320 679 3388 Quanto
705 3319 849 3376 enim
878 3320 931 3375 in
957 3318 1158 3375 mundo
1187 3318 1357 3389 major
1383 3317 1483 3373 fuit
1510 3317 1676 3390 gloria
1697 3357 1713 3384 ,
1743 3324 1797 3373 et
1826 3315 2004 3370 iretitia
2026 3357 2042 3381 ,

469 3421 619 3467 tanto
658 3411 830 3481 major
871 3411 924 3465 in
955 3410 1164 3466 inferno
1193 3419 1526 3481 prtrparatur
1554 3423 1730 3480 pcena.
1775 3406 1880 3462 Sed
1918 3405 2045 3478 quid

468 3501 686 3557 dicam?
720 3501 1010 3558 Duodecim
1044 3501 1274 3557 fatemur
1310 3501 1580 3556 Christum
1613 3498 1900 3570 Apostolos
1937 3498 2048 3554 eie-

469 3595 612 3665 gisse
640 3612 654 3648 :
681 3608 908 3664 quorum
939 3591 1013 3666 (a)
1042 3592 1278 3648 omnium
1305 3593 1452 3648 solus
1477 3589 1897 3646 Barthoiomaeus
1924 3605 2046 3645 car-

441 3689 556 3768 .nis
582 3688 789 3759 origine
822 3686 923 3743 fuit
955 3687 1186 3743 nobilis:
1215 3696 1269 3742 et
1296 3684 1578 3741 Matthmus
1622 3683 1822 3740 divitiis
1862 3682 2051 3754 (ante-

471 3797 628 3852 quam
658 3781 921 3852 reciperet
949 3778 1354 3850 Apostolatum)
1381 3776 1680 3833 insistebat.
1705 3775 1896 3831 Cmteri
1922 3790 2050 3830 vero

474 3879 628 3927 erant
649 3871 976 3943 pauperrimi
1009 3871 1321 3943 piscatores.
1340 3867 1453 3925 Cur
1468 3868 1584 3924 brcc
1605 3867 1782 3936 retuli,
1800 3867 2050 3922 audiatis.

473 3961 526 4018 Si
557 3962 802 4017 Christus
827 3977 988 4018 verax
1017 3971 1133 4029 est,
1177 3970 1233 4017 et
1265 3963 1311 4016 sl
1351 3960 1530 4016 omnia
1560 3975 1679 4032 qua:
1709 3975 1776 4016 ex
1812 3974 1905 4014 ore
1935 3959 2053 4028 ejus

473 4051 671 4117 audivi,
704 4051 981 4108 mendacia
1011 4067 1117 4108 non
1144 4060 1302 4108 sunt:
1332 4051 1636 4122 hujusmodi
1661 4049 1936 4106 hominum
1965 4049 2054 4105 vix

477 4157 615 4196 unus
641 4151 794 4212 aptus
823 4158 990 4213 regno
1018 4143 1110 4198 Dei
1150 4143 1420 4198 invenitur
1459 4142 1529 4198 de
1567 4142 1734 4198 mille.
1779 4141 1881 4209 Qui
1924 4155 2054 4196 vero

478 4246 666 4286 eorum
707 4231 838 4286 mihi
882 4247 986 4287 non
1028 4231 1287 4299 credunt,
1315 4241 1438 4303 post
1465 4231 1734 4287 modicum
1760 4239 1971 4298 tempus
1997 4231 2053 4285 in

479 4323 758 4378 tormentis
782 4323 938 4394 positi
964 4324 1216 4379 sentient.
1245 4324 1352 4379 Sed
1393 4323 1529 4379 forte
1556 4323 1675 4393 quis
1708 4321 1948 4377 veritatis
1976 4322 2056 4375 lu-

478 4417 622 4472 mine
647 4430 822 4472 crecus
840 4415 950 4487 jam
979 4413 1275 4471 mirabitur.
1305 4414 1388 4470 Ad
1413 4429 1574 4485 quem
1599 4427 1701 4484 ego
1719 4453 1736 4480 ,
1780 4413 1824 4467 si
1851 4428 1917 4468 ex
1951 4411 2054 4468 hoc

481 4521 565 4566 me
592 4508 976 4579 interrogaret,
1015 4504 1396 4578 responderem
1421 4520 1440 4559 :
1466 4502 1653 4561 Nonne
1685 4501 1844 4559 unico
1872 4501 2050 4558 credi-

545 4721 618 4786 (ιι)
644 4721 848 4786 Incerta:
880 4721 1168 4786 traditionis,
1208 4723 1314 4773 haec
1354 4727 1469 4786 sunt
1498 4735 1704 4786 quteex
1742 4722 1940 4785 ingenio
1958 4723 2053 4786 sibi

481 4783 688 4845 qnistpte
725 4785 936 4848 confixit.
979 4783 1258 4848 Matthmnm
1287 4785 1485 4848 quidem
1514 4783 1856 4848 publicanum,
1882 4793 1933 4848 et
1957 4785 2054 4834 Pe-

482 4841 629 4902 trum,
655 4851 706 4892 et
729 4841 992 4902 Andream,
1035 4857 1144 4892 cum
1174 4841 1364 4894 duobus
1399 4841 1620 4896 Zebe'daei
1657 4845 1768 4895 ﬁliis
1797 4841 1980 4896 Iacobo
2004 4853 2058 4897 et

480 4904 694 4979 Joanne,
708 4903 1180 4979 1piscatores"fuisse
1215 4920 1314 4979 non
1351 4907 1668 4979 ignoramus;
1705 4907 1938 4979 reliquos.
1972 4907 2056 4979 vel

480 4977 577 5028 qua
615 4963 870 5026 parentum
903 4963 1157 5015 nobilitate
1191 4968 1288 5017 sint
1309 4963 1490 5028 geniti,
1515 4968 1596 5016 vel
1619 4963 1712 5028 qua
1737 4963 1831 5018 sibi
1852 4976 1958 5018 arte
1981 4970 2056 5018 vi-

479 5027 612 5086 ctum
635 5029 979 5086 compararim.
1007 5028 1266 5078 nescimus.
1295 5027 1443 5076 Immo
1463 5027 1868 5078 Bartholommum
1890 5037 2057 5080 auctor

391 5096 404 5103 '
481 5085 686 5137 lndieuli
722 5085 874 5136 Graeci
900 5103 927 5137 a
950 5086 1194 5139 Cotelerio
1218 5089 1334 5139 editi
1357 5091 1406 5139 in
1428 5087 1562 5138 calce
1585 5091 1786 5139 secundi
1812 5089 2069 5148 Constitu-,

481 5151 666 5212 tionum
690 5149 1073 5212 Apostolicarum
1097 5148 1222 5207 libri,
1249 5149 1364 5200 facit
1392 5149 1497 5212 «Ade
1518 5157 1656 5212 patre
1676 5151 1937 5209 Sosthene,
1962 5165 2058 5201 ma-

482 5217 562 5273 ke
586 5210 768 5268 Urinia,
794 5211 1031 5273 cultorem
1055 5214 1238 5273 pascui,
1270 5225 1359 5260 seu
1382 5210 1569 5261 olerum
1591 5219 1820 5261 satorem.
1836 5227 1862 5273 ιι
1888 5211 2057 5273 Adde,

483 5271 631 5344 plane
642 5281 806 5322 contra
820 5271 1103 5344 Ilieronymi
1124 5281 1339 5344 mentem
1361 5273 1632 5344 eiseunicc
1654 5271 2056 5344 Darthqlomzeum

483 5332 670 5397 nobilis
688 5334 890 5397 generis
913 5332 1162 5397 extitisse,
1193 5335 1276 5397 qui
1313 5335 1362 5382 in
1384 5333 1637 5397 Epitaphio
1660 5332 1900 5397 Marcella:
1950 5342 2057 5384 tan-

482 5402 579 5443 tam
615 5393 784 5456 tribuit
818 5394 989 5444 Joanni
1012 5393 1349 5456 nobilitatem:
1383 5393 1597 5450 «Iesus,
1621 5395 1795 5456 inquit,
1817 5394 2058 5446 Joannem

485 5455 842 5530 livange‘listant
856 5455 1408 5530 atnabat‘plurimutnaui
1423 5455 2059 5530 proliter‘gencris‘nohilita-

484 5525 607 5577 ιυιιι,⁵
627 5516 884 5568 eratnottts
903 5516 1138 5578 Pontiﬁci,
1154 5524 1206 5567 et
1219 5516 1494 5567 Judzeorum
1511 5516 1706 5566 insidias
1726 5530 1821 5565 non
1838 5517 2055 5578 timebat,

483 5580 534 5628 in
557 5587 738 5630 tantum
763 5587 818 5630 ut
852 5580 1053 5630 Petrum
1086 5579 1412 5630 introduceret
1438 5580 1485 5627 in
1504 5579 1706 5635 atrium,
1738 5593 1762 5624 ι
1794 5587 1888 5627 etc.
1903 5578 2060 5634 Quan-

482 5655 625 5704 quam
645 5643 878 5693 incertum
897 5643 1089 5690 omnino
1107 5649 1198 5704 est,
1216 5655 1276 5691 an
1290 5639 1392 5704 ille,
1405 5641 1493 5704 qui
1501 5647 1641 5704 notus
1661 5640 1871 5704 Pontiliei
1883 5639 2058 5704 dicitur

487 5699 531 5751 in
552 5703 832 5769 Evangeiio,
855 5704 1071 5754 Joannes
1091 5699 1349 5769 Apostolus
1371 5699 1538 5752 fuerit.
1563 5703 1708 5750 Certe
1733 5699 2056 5769 livangclisiae

485 5779 596 5813 eum
617 5800 631 5823 ,
655 5761 879 5825 fratrem,
905 5761 1188 5829 pattfetwtnc
1213 5768 1490 5828 Nicatores.
1519 5771 1598 5814 aut
1623 5778 1768 5824 nam,
1796 5771 1848 5815 ul
1877 5761 2056 5829 Origc~

485 5841 575 5877 ttcs
598 5837 763 5882 contra
787 5827 977 5882 Celsttttt
999 5827 1082 5880 lib.
1114 5827 1155 5882 Vl.
1187 5839 1370 5880 iuuant.

1481 367 1831 437 EUSEBIUS,
1874 364 1964 423 DE
2003 364 2237 442 MORTE
2277 363 2672 426 HIERONYMI.

3588 368 3698 429 252

2127 492 2248 536 mus
2275 477 2514 534 damnari
2540 478 2811 535 hominem
2829 477 3042 536 mortali
3060 479 3320 552 peccato?
3342 477 3446 538 Sed
3484 477 3534 536 si
3571 477 3695 546 hoc,

2125 569 2349 641 inquiet,
2370 570 2441 626 ita
2461 579 2544 628 est
2568 589 2581 626 :
2603 587 2730 643 ergo
2746 572 3013 644 quomodo
3032 572 3323 630 salvabitur
3340 581 3555 629 centum
3577 574 3701 630 mile

2124 665 2308 722 libus?
2331 666 2438 724 Sed
2465 668 2592 739 quid
2618 668 2770 726 dives
2805 679 2860 726 et
2885 669 3126 726 mortalis
3154 669 3310 726 famae
3351 683 3483 724 aura
3512 678 3702 739 pastus

2122 757 2266 813 aliud
2294 768 2412 826 est,
2454 774 2613 829 quam
2649 759 2913 830 quoddam
2959 769 3296 832 peccatorum
3326 760 3567 816 omnium
3609 775 3703 815 vas

2122 851 2441 920 putridum?
2469 851 2568 907 Ubi
2605 853 2894 923 superbia?
2920 853 3010 908 ubi
3036 853 3256 909 avaritia
3279 857 3304 907 Υ
3333 852 3421 908 ubi
3447 852 3702 908 luxuria?

2122 940 2310 997 Nonne
2338 942 2394 996 in
2419 941 2704 1009 divitibus,
2734 944 3000 1000 nobilibus
3042 955 3095 1000 et
3138 943 3486 1014 potentibus?
3513 944 3704 1000 Nonne

2124 1033 2362 1089 latrones
2385 1043 2532 1100 sunt,
2563 1035 2651 1106 qni
2682 1051 2973 1107 pauperum
3005 1036 3307 1092 mercedem
3333 1036 3595 1091 violenter
3619 1036 3704 1091 de-

2125 1126 2432 1196 pnedantur
2457 1145 2471 1182 :
2518 1137 2573 1182 et
2610 1143 2704 1182 eos
2727 1128 3034 1198 deprimunt
3071 1138 3231 1199 atque
3259 1129 3491 1183 necant?
3519 1127 3609 1198 qui
3639 1142 3706 1183 ex

2126 1215 2370 1272 ubertate
2397 1215 2590 1272 domus
2621 1217 2827 1272 Domini
2857 1217 3056 1273 faciunt
3081 1217 3280 1289 iniqua,
3306 1233 3464 1290 quam
3492 1227 3553 1273 ιιι
3579 1233 3710 1287 pau-

2125 1309 2342 1379 peribus
2378 1311 2680 1365 necessaria
2711 1309 3112 1378 condonarent,
3143 1311 3504 1382 receperunt?
3549 1310 3710 1366 Certe

2125 1401 2546 1471 superﬂuitatem
2566 1401 3009 1456 vestimentorum
3034 1399 3384 1472 superfluitati
3408 1401 3586 1458 nimiae
3609 1401 3711 1458 ad-

2128 1490 2301 1561 dunt,
2333 1492 2401 1548 de
2428 1493 2750 1564 pauperibus
2777 1493 2974 1565 frigore
2999 1502 3056 1550 et
3083 1494 3326 1550 nuditate
3350 1494 3708 1551 morientibus

2130 1599 2237 1639 non
2265 1593 2534 1641 curantes.
2568 1584 2795 1654 Palatia,
2821 1595 2877 1641 et
2905 1601 3093 1658 magna
3121 1585 3331 1658 erigunt
3355 1585 3578 1643 aedilicia
3599 1627 3616 1653 ,
3651 1595 3715 1644 ut

2131 1673 2378 1730 humanis
2395 1677 2566 1732 oculis
2588 1675 3020 1748 contemplentur
3047 1694 3062 1733 :
3086 1686 3140 1732 et
3161 1692 3423 1749 pauperes
3446 1679 3496 1733 in
3520 1678 3712 1748 plateis

2133 1768 2434 1822 moriuntur
2450 1767 2822 1823 incommodis.
2845 1767 3098 1824 Convivia
3113 1762 3419 1840 frequenter
3437 1770 3556 1826 aliis
3576 1785 3716 1839 prte-

2134 1873 2324 1932 parant
2351 1861 2627 1929 divitibus,
2659 1873 2716 1930 ut
2736 1861 2956 1919 ferculis
2983 1862 3383 1918 delicatissimis
3403 1878 3554 1920 suam
3578 1878 3714 1918 ven-

2137 1953 2233 2008 tris
2262 1954 2504 2024 repleant
2530 1953 2814 2022 ingluviem
2850 1972 2865 2012 :
2893 1954 3086 2024 quibus
3123 1969 3388 2026 pauperes
3428 1953 3566 2010 fame
3591 1968 3717 2024 pero

2135 2055 2283 2101 eunt.
2312 2045 2449 2114 Quid
2475 2045 2618 2101 aliud
2647 2054 2731 2101 est
2770 2061 2956 2101 eorum
2986 2046 3096 2101 vita
3121 2087 3137 2114 ,
3169 2061 3329 2118 quam
3369 2047 3627 2116 peccata?
3653 2046 3714 2102 Si

2137 2148 2326 2194 venter
2366 2139 2605 2209 repletus
2636 2147 2783 2195 tanta
2813 2139 3055 2194 ciborum
3099 2148 3181 2194 est
3212 2138 3365 2210 copia
3385 2179 3402 2205 ,
3442 2153 3619 2194 nonne
3647 2138 3717 2196 ad

2137 2231 2278 2286 fores
2296 2231 2413 2302 ejus
2435 2231 2588 2287 adest
2609 2231 2812 2286 luxuria
2834 2232 2857 2285 ?
2879 2231 2944 2288 Et
2959 2229 3087 2301 quid
3109 2245 3239 2300 ergo
3253 2229 3479 2301 amplius
3505 2228 3719 2301 loquar,

2139 2337 2262 2378 cum
2286 2323 2462 2377 omnis
2481 2321 2788 2377 mortalium
2811 2321 2992 2393 lingua
3015 2320 3271 2378 deﬁceret
3296 2339 3309 2376 :
3337 2329 3397 2376 ut
3416 2336 3534 2392 qua:
3554 2321 3718 2376 millia

2139 2424 2480 2486 peccatorum
2509 2413 2744 2480 faciunt,
2791 2413 3104 2469 intimaret?
3156 2429 3256 2470 nec
3284 2414 3450 2470 Deum
3497 2414 3602 2469 nisi
3630 2429 3724 2470 so-

2144 2504 2399 2561 mniando
2425 2514 2774 2576 cognoscunt,
2802 2520 2898 2560 nec
2916 2519 2995 2573 se,
3019 2513 3074 2559 ut
3090 2515 3236 2575 puto,
3267 2508 3555 2560 morituros
3574 2504 3722 2559 arbi-

2143 2606 2368 2652 trantur.
2401 2595 2518 2652 Non
2543 2597 2687 2652 enim
2715 2596 2869 2651 facile
2911 2596 2964 2650 in
3003 2605 3220 2667 peccata
3265 2595 3494 2662 labitur,
3525 2595 3616 2666 qui
3661 2610 3724 2651 se

2143 2688 2459 2742 moriturum
2499 2687 2698 2757 cogitat
2731 2704 2745 2740 :
2776 2697 2830 2741 et
2861 2687 3026 2741 Deum
3071 2685 3172 2740 sibi
3202 2685 3317 2740 fore
3340 2685 3573 2756 jndicem
3615 2702 3720 2742 non

2145 2780 2374 2848 ignorat.
2409 2777 2552 2833 Vere
2583 2777 2742 2832 nimis
2769 2776 3052 2832 imbecillis
3079 2785 3134 2830 et
3163 2777 3327 2831 miser
3354 2785 3468 2843 est,
3507 2777 3590 2830 cui
3623 2775 3724 2830 ha-

2145 2885 2263 2925 rum
2311 2885 2487 2924 rerum
2511 2878 2594 2924 est
2620 2868 2917 2923 memoria:
2947 2867 2988 2923 si
3017 2876 3206 2922 cuncta
3243 2867 3503 2922 diabolica
3544 2877 3724 2924 tenta-

2147 2971 2326 3016 menta
2358 2975 2464 3015 non
2494 2959 2649 3014 facile
2676 2957 2976 3029 vilipendit.
3012 2957 3216 3013 Idcirco
3249 2973 3377 3012 vere
3417 2957 3591 3013 dicam
3617 2999 3634 3025 ,
3675 2958 3722 3014 si

2151 3055 2315 3109 Deum
2339 3053 2576 3122 jndicem
2603 3067 2760 3108 suum
2790 3061 3166 3122 agnoscerent,
3196 3059 3250 3106 et
3275 3065 3334 3106 se
3365 3050 3498 3105 mori
3535 3050 3726 3106 crede-

2148 3156 2289 3211 rent,
2321 3163 2426 3200 non
2459 3153 2743 3216 peccarcnt
2771 3143 2962 3200 saltem
2993 3153 3098 3197 tant
3131 3157 3337 3199 secure.
3391 3142 3498 3198 Cur
3545 3141 3597 3196 hi
3629 3143 3728 3196 nti-

2148 3239 2356 3294 serrimi
2387 3236 2454 3292 ad
2487 3236 2759 3292 Ecclesias
2791 3245 3115 3307 properant,
3164 3244 3220 3290 ut
3256 3233 3452 3289 divinis
3482 3234 3730 3289 intersint

2149 3331 2456 3402 mysteriis?
2472 3346 2540 3384 an
2560 3339 2615 3384 ut
2629 3329 2914 3384 mulierum
2932 3327 3360 3398 contemplemur
3377 3327 3582 3381 vultus?
3605 3325 3730 3380 ":l‘c

2150 3438 2244 3478 sua
2268 3431 2351 3478 est
2371 3421 2664 3487 meditatio,
2693 3420 2805 3476 lucc
2829 3419 3156 3491 pra'dicatio,
3183 3427 3238 3474 et
3257 3419 3345 3474 Dei
3368 3418 3620 3489 cognitio.
3641 3417 3730 3473 Sic

2150 3515 2385 3572 divinam
2415 3521 2835 3586 percunctantur
2861 3511 3056 3582 legem,
3087 3522 3144 3566 ut
3175 3511 3482 3582 pecuniam,
3507 3521 3726 3574 terram,

2151 3623 2404 3681 mareque
2418 3606 2987 3679 peragrantes,crebris
3001 3605 3216 3676 vigiliis,
3229 3615 3281 3660 et
3298 3605 3731 3662 meditationibus

2151 3704 2252 3761 sibi
2281 3712 2335 3761 et
2368 3707 2480 3762 suis
2506 3706 2630 3762 (iiiis
2657 3715 3015 3778 eongregent:
3043 3705 3284 3762 certatim
3318 3704 3630 3760 vestimenta
3679 3706 3732 3758 in

2153 3799 2432 3864 societate,
2466 3799 2598 3854 mira
2625 3799 2834 3855 artificii
2869 3799 3127 3854 varietate
3152 3798 3455 3868 frequenter
3482 3805 3688 3851 mutent
3714 3813 3734 3850 :

2154 3891 2280 3962 quin
2304 3901 2360 3946 ut
2386 3889 2560 3954 ludos,
2579 3889 2884 3956 hastiiudia,
2908 3890 3152 3958 choreas,
3175 3888 3531 3959 procationes,
3557 3887 3735 3941 ebrie-

2157 3991 2311 4050 tates,
2348 3997 2537 4054 magna
2567 3983 2835 4050 convivia,
2863 3981 3090 4038 delicata
3118 3980 3340 4047 fercula,
3364 3980 3476 4036 suis
3502 3979 3736 4035 alterna-

2159 4073 2250 4128 tim
2280 4073 2571 4130 exhibeant
2597 4073 2872 4128 sodalibus
2897 4090 2911 4126 :
2939 4072 3193 4128 mulieres
3218 4072 3284 4127 ad
3310 4086 3462 4127 suam
3489 4069 3734 4142 volupta-

2158 4175 2264 4223 tem
2291 4166 2608 4236 explendam
2637 4165 2968 4221 sufficienter
2989 4163 3240 4220 habeant.

2227 4258 2356 4313 CAP.
2374 4256 2517 4312 XXI.
2540 4257 2645 4314 Sed
2672 4273 2752 4312 vae
2778 4256 2982 4324 miseri,
3011 4255 3137 4326 quid
3166 4255 3338 4312 facitis
3365 4271 3470 4312 non
3496 4258 3738 4326 agnosci-

2159 4349 2226 4403 tis
2246 4365 2259 4400 :
2278 4362 2471 4419 corpus
2486 4357 2607 4403 ante
2625 4356 2834 4417 tempus
2847 4347 3142 4414 destruitis,
3159 4357 3212 4402 et
3236 4349 3467 4402 animam
3487 4348 3742 4404 interlici-

2160 4442 2228 4495 tis
2251 4457 2264 4493 :
2286 4439 2425 4495 unde
2447 4439 2781 4495 infirmitates
2795 4449 2846 4496 et
2862 4449 3123 4496 morstam
3140 4441 3507 4512 intempestiva
3529 4443 3656 4498 :nisi
3673 4459 3739 4497 ex

2158 4531 2320 4587 nimia
2336 4530 2575 4586 ciborum
2593 4531 2767 4601 copia‘,
2785 4543 2838 4586 et
2854 4531 3115 4603 frequenti
3133 4532 3412 4588 mulierum
3431 4534 3554 4588 usu?
3574 4535 3738 4588 Deunt

2157 4620 2414 4678 deludere
2440 4621 2656 4677 creditis
2677 4622 2698 4676 ?
2722 4622 2883 4678 Certe
2928 4622 3182 4678 deluditis
3218 4624 3592 4694 vosmetipsos.
3636 4623 3742 4679 Pro

2158 4730 2386 4784 corpore
2413 4714 2795 4772 obliviseimini
2827 4717 3094 4780 animam,
3123 4723 3174 4770 et
3204 4729 3331 4770 ecce
3361 4730 3554 4786 corpus
3581 4715 3738 4768 simul

2159 4825 2279 4866 cum
2305 4809 2480 4864 anima
2511 4807 2786 4864 destruitis
2811 4819 2934 4862 ante
2967 4817 3175 4878 tempus
3201 4826 3214 4861 :
3245 4817 3298 4862 et
3334 4806 3473 4862 ideo‘
3493 4805 3738 4877 gaudete,

2159 4912 2213 4958 et
2236 4899 2604 4972 jucundamini
2627 4940 2642 4963 ,
2681 4907 2736 4954 et
2759 4897 3012 4953 Itctamini
3041 4899 3093 4953 in
3125 4897 3224 4952 hoc
3251 4898 3568 4952 brevissimo
3611 4909 3742 4953 tern-

2161 4995 2307 5066 poris
2336 4994 2508 5066 spatio
2532 4991 2674 5064 quod
2701 4991 2906 5046 habetis
2932 5007 2946 5045 :
2975 4999 3033 5045 ut
3056 4990 3391 5060 postmodum
3415 5005 3536 5046 cum
3559 4989 3743 5045 diabo-

2163 5086 2228 5140 lis
2257 5086 2376 5140 sine
2403 5084 2507 5139 line
2533 5082 2677 5138 omni
2703 5089 2942 5150 tempore
2969 5082 3214 5152 lngeatis.
3243 5081 3394 5149 Quod
3418 5080 3608 5147 facitis,
3637 5099 3742 5138 non

2160 5175 2457 5232 diii'eratis:
2492 5173 2924 5244 frequentissime
2949 5175 3263 5229 vestimenta
3294 5176 3646 5244 permutatis:
3679 5193 3744 5229 nc

2164 5270 2302 5326 forte
2325 5278 2499 5326 vestra
2529 5269 2797 5338 dispereat
2819 5268 3068 5323 nobilitas
3092 5287 3104 5322 :
3131 5284 3229 5324 nec
3253 5269 3322 5322 sit
3346 5270 3435 5339 qui
3467 5285 3563 5324 vos
3589 5284 3748 5324 exce-

2162 5361 2274 5428 dat,
2303 5369 2359 5414 nt
2387 5361 2438 5413 in
2459 5359 2664 5414 inferno
2694 5357 3068 5414 vcrecnndiam
3101 5358 3373 5429 recipiatis
3391 5370 3447 5415 et
3464 5359 3740 5416 confusio-

2164 5468 2309 5508 nem.
2343 5450 2444 5507 Ubi
2482 5450 2774 5506 convivia?
2813 5449 2900 5504 ubi
2947 5449 3169 5506 delicata
3207 5451 3451 5506 fercula?
3495 5452 3584 5507 ubi
3620 5453 3743 5506 vina

2163 5544 2393 5615 pretiosa
2418 5543 2575 5598 melle
2599 5542 2784 5608 mixta,
2813 5551 2866 5598 et
2893 5543 3219 5598 aromatibns
3242 5546 3576 5614 prmparata?
3602 5545 3746 5615 Epu-

2165 5635 2367 5699 Icmini,
2397 5643 2450 5689 et
2481 5635 2813 5690 incbriemini
2847 5653 2859 5690 :
2891 5651 2995 5690 non
3023 5635 3162 5689 enim
3203 5647 3324 5704 post
3365 5649 3594 5692 mortem
3626 5652 3744 5690 ant-

2165 5725 2302 5796 plins
2331 5725 2532 5781 facietis
2555 5742 2574 5790 ;
2602 5726 2693 5782 sed
2723 5743 2844 5781 cum
2875 5727 3040 5780 divite
3061 5765 3076 5789 ,
3104 5725 3190 5793 qui
3219 5725 3458 5793 quotidie
3487 5727 3744 5797 epulaba-

2169 5827 2251 5874 tur
2266 5817 2562 5890 splcndide,
2593 5818 2642 5874 in
2666 5817 2940 5875 tormentis
2960 5813 3342 5890 gehennalibus
3361 5827 3563 5889 guttam
3593 5837 3746 5894 aqua:
