4052 6338
261 357 366 414 353

225 489 228 493 '
265 473 540 529 minimam
584 473 963 546 peroptabitis,
993 487 1094 532 nec
1143 473 1345 530 habere
1376 471 1640 544 poteritis.
1684 469 1841 540 Agite

227 627 232 630 _
263 566 451 622 solatia
478 575 656 626 vestra
677 608 694 635 ,
735 567 788 623 in
828 567 1054 624 luxuriis
1079 566 1288 638 expiete
1311 565 1632 634 voluptates.
1665 561 1842 618 Semi-

266 665 386 714 nate
409 657 463 713 in
488 658 853 730 corruptione,
885 669 944 715 ut
973 659 1042 716 de
1070 659 1414 728 corruptione
1459 653 1720 725 colligatis
1760 651 1845 724 di-

268 749 438 807 vinam
463 751 784 807 sententiam
813 769 826 806 :
873 765 1034 822 quam
1069 749 1247 820 justus
1273 748 1364 803 ille
1392 746 1540 804 dabit
1564 743 1758 816 judes,
1789 744 1842 797 in

271 857 457 914 magno
475 843 662 914 iudicii
683 841 772 898 die
792 842 1015 903 dicens:
1042 840 1122 895 Ite
1143 839 1396 894 maledicti
1431 827 1485 893 iii
1507 837 1673 908 ignem
1692 843 1836 890 arter-

191 922 196 927 ’
269 949 382 990 itum
401 972 416 996 ,
443 933 531 1002 qui
555 941 764 1002 paratus
785 942 862 988 est
888 931 1091 986 diabolo
1128 939 1174 985 et
1211 929 1406 1000 angelis
1433 928 1564 998 ejus.
1605 925 1722 980 Heu
1749 937 1845 978 cor

270 1022 530 1092 lapideum
559 1039 573 1075 :
602 1022 670 1088 si,
701 1037 823 1078 cum
848 1021 1008 1078 talem
1030 1021 1124 1075 tibi
1151 1020 1352 1091 cogitas
1379 1018 1447 1074 ob
1473 1017 1632 1087 hujus
1656 1013 1843 1070 mundi

271 1127 424 1183 prava
451 1111 644 1168 solatia
673 1112 958 1168 imminere
982 1111 1325 1178 sententiam,
1355 1123 1460 1165 non
1487 1106 1760 1163 formidas.
1787 1104 1846 1160 Si

272 1203 415 1258 illum
445 1211 728 1274 exspectas
755 1203 896 1257 diem
928 1211 1034 1258 tam
1067 1202 1360 1258 terribilem
1385 1208 1439 1255 et
1465 1197 1760 1262 crudelem,
1791 1195 1845 1250 in

269 1308 369 1364 quo
396 1308 502 1348 non
532 1293 706 1348 solum
737 1291 806 1348 de
832 1293 1078 1358 Iusuriis,
1099 1291 1358 1358 vestibus,
1387 1297 1442 1345 et
1469 1288 1844 1354 ebrietatibus,

267 1383 768 1451 comessationibus,
800 1384 947 1439 etde
978 1392 1089 1439 toto
1119 1392 1359 1453 tempore
1385 1379 1583 1435 amisso
1622 1392 1729 1451 quo
1765 1377 1847 1432 vi-

270 1476 410 1542 xisti,
441 1475 537 1533 sed
565 1477 727 1532 etiam
757 1476 826 1532 de
850 1475 1085 1547 qualibet
1131 1483 1184 1532 te
1223 1473 1488 1544 oportebit
1525 1470 1848 1542 cogitatione

269 1584 398 1624 vana
425 1567 655 1624 Domino
682 1568 910 1624 reddere
933 1567 1197 1624 rationem
1224 1583 1238 1620 :
1265 1581 1360 1621 cur
1386 1579 1491 1621 non
1520 1561 1848 1620 cmendaris?

271 1676 363 1717 cur
388 1662 614 1715 moraris
639 1660 708 1716 de
732 1660 821 1715 die
847 1660 898 1714 in
929 1658 1072 1715 diem
1100 1659 1264 1714 miser
1291 1657 1530 1713 converti
1569 1655 1638 1710 ad
1671 1654 1853 1710 Domi-

271 1753 434 1810 num?
458 1768 555 1808 cur
596 1762 648 1808 te
671 1751 785 1823 jam
820 1751 1086 1808 malorum
1114 1766 1221 1806 non
1251 1749 1512 1821 paenitet?
1539 1749 1679 1803 Ecce
1705 1762 1851 1802 mors

272 1853 536 1917 properat,
566 1855 625 1900 ut
653 1853 704 1900 te
731 1853 995 1910 conterat,
1027 1844 1116 1902 die
1143 1852 1409 1913 noctuque
1436 1854 1677 1905 currens.
1713 1839 1851 1894 Ecce

273 1936 512 1994 diabolus
535 1936 644 2006 jam
669 1945 920 2007 praperat
941 1944 998 1991 ut
1019 1943 1071 1990 te
1096 1935 1335 2005 recipiat.
1363 1933 1504 1988 Ecce
1530 1931 1726 1987 divitia:
1745 1939 1851 1985 tuae

275 2027 364 2082 tibi
390 2027 664 2082 deiicient.
694 2026 832 2082 Ecce
863 2041 1076 2082 vermes
1119 2040 1336 2095 corpus,
1365 2024 1508 2096 quod
1544 2031 1690 2078 tanta
1715 2037 1850 2078 enu-

277 2121 369 2176 tris
396 2119 692 2192 diligentia,
724 2128 1056 2190 exspectant,
1085 2127 1143 2174 ut
1168 2117 1296 2173 illud
1320 2117 1543 2173 rodant:
1573 2129 1852 2186 quousque

274 2212 460 2266 iterum
503 2211 849 2282 coniunctum
894 2211 1120 2277 animai,
1149 2225 1268 2265 cum
1297 2208 1383 2263 illa
1427 2208 1627 2278 pariter
1669 2221 1854 2276 poenas

275 2303 470 2360 habeat
489 2303 743 2360 inﬁnitas.
767 2302 904 2371 Quid
932 2288 1163 2358 errando
1185 2316 1279 2370 per
1299 2300 1458 2370 hujus
1485 2298 1666 2353 sreculi
1689 2297 1851 2362 invia,

275 2393 326 2449 iu
347 2393 674 2448 vanitatibus
696 2393 832 2462 petis
852 2391 1083 2446 solatia?
1106 2390 1343 2454 Divitias,
1367 2389 1580 2459 gaudia,
1605 2386 1851 2458 gloriam,

235 2524 246 2556 ._
274 2492 328 2539 et
350 2493 551 2540 cmtera
577 2483 674 2539 tibi
705 2482 895 2554 placita
925 2497 1033 2538 non
1059 2472 1298 2537 invenies
1327 2479 1449 2535 hic:
1476 2478 1600 2551 quia
1631 2494 1738 2534 non
1769 2479 1857 2533 hic

270 2583 415 2631 sunt.

339 2664 476 2720 Car.
499 2663 670 2719 XXII.
694 2662 798 2721 Sed
824 2665 870 2718 si
891 2679 1014 2720 vera
1036 2665 1232 2734 quieris
1253 2662 1465 2734 gaudia,
1493 2661 1560 2717 ad
1585 2663 1726 2716 illam
1749 2675 1858 2716 cm-

265 2755 462 2812 lestem
493 2754 720 2825 gloriam
747 2768 998 2825 prepera,
1026 2754 1092 2809 ad
1117 2768 1275 2824 quam
1308 2752 1477 2807 factus
1501 2766 1578 2808 es.
1612 2751 1685 2806 lbi
1710 2764 1857 2807 certe

274 2850 360 2904 illa
388 2856 518 2904 sunt
540 2847 731 2918 gaudia
759 2861 884 2902 vera
908 2888 924 2913 ,
955 2862 1074 2916 qua:
1104 2861 1203 2901 nec
1231 2845 1414 2900 oculus
1434 2844 1584 2911 vidit,
1615 2858 1718 2900 nec
1757 2858 1854 2898 au-

277 2939 350 2996 ris
373 2938 612 3004 audivit,
645 2951 747 2993 nec
775 2937 827 2992 in
858 2951 954 2992 cor
977 2935 1210 2991 hominis
1236 2935 1612 2992 ascenderunt.
1642 2935 1858 2990 Dimitte

280 3043 459 3100 quaeso
487 3027 686 3084 caduca
715 3035 1193 3094 et-momentanea,
1223 3034 1279 3082 et
1303 3040 1484 3096 quaere
1515 3025 1712 3081 habere
1735 3039 1857 3096 per-

278 3129 452 3192 petua.
479 3119 585 3176 Sed
612 3118 739 3190 quid
758 3118 826 3174 de
847 3118 930 3174 his
955 3119 1042 3189 qui
1065 3133 1165 3173 nec
1187 3117 1278 3173 Dei
1299 3118 1510 3181 timore,
1533 3131 1632 3172 nec
1651 3131 1852 3184 amore,

280 3227 376 3268 nec
401 3211 593 3268 mortis
618 3220 674 3267 et
699 3219 1090 3266 tormentorum
1116 3211 1553 3281 subsequentium
1595 3221 1797 3266 terrore
1825 3225 1856 3264 a

281 3303 508 3374 peccatis
532 3311 766 3368 cessant,
794 3302 889 3358 sed
913 3302 1202 3358 condolent
1220 3342 1236 3368 ,
1276 3303 1323 3358 si
1354 3311 1411 3357 ut
1437 3311 1656 3373 optant,
1695 3315 1858 3374 prava

281 3409 434 3465 agerc
460 3409 569 3464 non
596 3401 838 3464 possunt,
863 3393 1078 3448 dicam?
1107 3393 1195 3449 Va:
1215 3409 1296 3448 va:
1319 3395 1524 3462 miseri,
1553 3395 1642 3466 qui
1673 3393 1762 3450 hic
1784 3393 1861 3450 ri-

283 3485 440 3553 detis,
463 3486 589 3557 quia
609 3485 892 3555 plangetis.
915 3483 1008 3540 Va:
1027 3499 1149 3541 cum
1172 3486 1270 3540 ista
1292 3486 1489 3556 optatis
1505 3485 1694 3556 gaudia
1720 3495 1826 3541 tcm
1839 3515 1860 3528 ο

283 3579 480 3648 poralia
511 3597 526 3634 :
552 3577 679 3650 quia
707 3578 858 3634 vobis
884 3577 1064 3634 invitis
1103 3579 1434 3634 sustinebitis
1476 3587 1738 3634 tormenta
1779 3579 1860 3632 in-

285 3671 519 3726 fernalia.
536 3671 676 3728 Ecce
693 3671 846 3727 vobis
864 3671 1130 3728 modicum
1149 3680 1318 3727 restat
1333 3671 1586 3741 temporis
1606 3688 1622 3725 :
1645 3669 1861 3740 implete

283 3780 559 3822 mensuras
588 3765 910 3820 malitiarum
940 3773 1260 3828 vestrarum,
1293 3773 1352 3818 ut
1382 3764 1561 3819 veniat
1584 3777 1745 3834 super
1769 3778 1862 3818 vos

285 3857 454 3913 omnis
471 3857 650 3913 divina
667 3855 979 3928 indignatio.
1000 3856 1275 3912 Fruamini
1300 3854 1400 3910 hoc
1421 3869 1588 3926 parvo
1611 3863 1854 3924 tempore

253 3993 256 3996 .
287 3946 338 4002 in
361 3947 519 4017 jocis,
548 3947 916 4011 ebrietatibus,
941 3947 1164 4018 prtciiis,
1186 3955 1242 4001 et
1261 3945 1710 4012 contentionibus,
1733 3943 1864 3999 cho-

287 4039 410 4106 reis,
436 4047 491 4096 ct
516 4038 937 4110 procationibus,
969 4053 1070 4094 nec
1096 4052 1320 4092 vacuum
1348 4038 1627 4108 pra'terire
1653 4045 1864 4105 tempus

287 4117 582 4186 dimittatis.
608 4129 749 4198 Quid
774 4130 1078 4192 moramini,
1120 4129 1247 4184 dum
1289 4129 1502 4184 vivitis?
1530 4128 1864 4200 Congregate

289 4223 406 4278 filiis
436 4223 632 4280 vestris
661 4222 922 4288 honores,
954 4221 1189 4288 divitias,
1215 4231 1270 4277 et
1299 4221 1561 4292 potentias
1581 4263 1596 4288 ,
1627 4231 1864 4277 vestram

290 4329 477 4384 augere
503 4313 860 4381 nobilitatem,
886 4321 943 4368 et
968 4311 1184 4378 famam,
1216 4321 1274 4366 ut
1301 4311 1465 4367 vestri
1497 4311 1588 4366 lilii
1629 4327 1750 4382 qua:
1783 4311 1864 4368 fe-

292 4407 434 4463 cistis
457 4407 758 4478 explercct
784 4406 883 4475 ipsi
911 4417 1106 4476 queant
1125 4445 1143 4473 ,
1171 4414 1433 4475 quatenus
1461 4419 1583 4460 cum
1622 4403 1728 4459 illis
1768 4418 1865 4475 pa-

293 4499 417 4554 riter
443 4497 497 4554 iu
527 4498 734 4552 inferno
761 4497 1021 4566 ampliora
1051 4495 1322 4566 patiamini
1351 4494 1735 4550 cruciamenta.

356 4589 484 4645 Cn.
525 4587 721 4645 XXIII.
768 4587 874 4644 Sed
903 4587 1044 4645 forte
1087 4588 1207 4659 quis
1231 4587 1420 4642 dicet:
1469 4587 1740 4658 Benignus
1782 4595 1866 4642 est

293 4683 546 4738 Dominus
571 4677 626 4738 ei
648 4682 976 4747 misericors,
1007 4680 1096 4752 qui
1122 4695 1336 4736 omnem
1361 4689 1696 4751 peccatorem
1720 4679 1786 4735 ad
1809 4695 1868 4736 se

267 4777 600 4831 redeuntem
621 4777 828 4846 recipit,
851 4786 904 4830 et
927 4774 1179 4846 indulget.
1203 4774 1402 4830 Verum
1424 4775 1636 4845 quidem
1657 4773 1758 4828 hoc
1782 4789 1868 4829 es-

293 4880 347 4920 se
372 4867 652 4923 confiteor.
681 4867 967 4937 Benignior
987 4876 1069 4922 est
1093 4867 1234 4922 enim
1260 4866 1537 4932 Dominus,
1565 4881 1724 4936 quam
1747 4881 1882 4951 ore:

293 4957 463 5014 ditur:
497 4968 548 5014 et
581 4959 869 5030 unicuique
899 4959 1067 5029 parcit
1110 4957 1176 5013 ad
1206 4972 1266 5014 se
1288 4999 1304 5024 ,
1351 4965 1409 5011 ut
1446 4956 1741 5022 condecet,
1783 4971 1870 5011 re-

294 5051 492 5107 dcuuti.
521 5051 712 5106 Nonne
740 5051 1150 5122 benignissimus
1178 5058 1262 5106 est
1285 5049 1560 5112 Dominus,
1583 5048 1670 5118 qui
1694 5056 1869 5103 tantas

273 5143 480 5199 tolerat
501 5143 724 5215 injurias
747 5159 778 5198 a
807 5143 1191 5213 peccatoribus,
1213 5142 1347 5198 dans
1373 5143 1452 5197 eis
1473 5143 1726 5213 temporis
1749 5155 1871 5212 spa-

299 5237 447 5302 tium,
491 5245 553 5291 ut
575 5235 964 5292 emendentur?
998 5235 1104 5292 Sed
1132 5236 1233 5290 hoc
1261 5236 1476 5290 noveris
1515 5252 1528 5289 :
1559 5235 1678 5306 quia
1730 5236 1870 5290 sicut

271 5352 273 5356 -
300 5325 552 5398 benignus
577 5335 661 5382 est
685 5328 738 5382 in
767 5325 1066 5392 tolerando,
1093 5328 1164 5380 ita
1189 5327 1365 5395 justus
1391 5335 1475 5381 est
1497 5326 1548 5379 in
1577 5324 1866 5396 puniendo.

299 5415 394 5473 Sed
425 5419 560 5475 forte
581 5420 701 5489 quis
721 5419 913 5474 iterum
937 5419 1077 5473 dicet
1102 5436 1114 5471 :
1146 5420 1226 5473 vir
1253 5421 1341 5490 qui
1367 5429 1478 5474 toto
1500 5427 1740 5489 tempore
1763 5435 1871 5489 quo

299 5511 439 5575 visit,
463 5512 746 5577 maieIecit,
767 5513 820 5565 in
847 5513 1033 5566 mortis
1053 5513 1278 5565 articulo
1299 5521 1514 5581 accepta
1533 5512 1868 5582 pmnitentia,

301 5613 326 5652 τι
352 5600 458 5655 Deo
487 5600 698 5654 veniam
728 5601 1008 5655 obtinebit.
1037 5600 1148 5655 lien
1181 5617 1336 5670 quant
1363 5617 1492 5655 vana
1523 5602 1787 5672 suspicio,
1812 5612 1870 5658 et

301 5689 420 5746 falsa
451 5691 747 5746 meditatio.
797 5691 893 5746 Vix
936 5692 1005 5746 de
1041 5701 1253 5744 centum
1282 5691 1514 5747 millibus
1554 5691 1826 5747 hominum
1848 5734 1865 5762 ,

299 5797 512 5852 quorum
541 5783 680 5838 mala
709 5797 920 5855 semper
941 5783 1035 5838 fuit
1065 5782 1190 5852 vita,
1225 5791 1458 5840 meretur
1480 5798 1509 5838 a
1534 5783 1645 5842 Deo
1669 5784 1868 5844 habere

1144 356 1492 429 EUSEBIUS,
1536 351 1624 415 DE
1660 351 1895 415 MORTE
1931 351 2334 413 HIERONYMI.

3423 359 3530 419 254

1953 464 2336 537 indulgentiam
2366 478 2524 522 unus.
2554 459 2648 519 Vir
2672 472 2812 520 totus
2852 465 2905 522 in
2940 465 3175 538 peccatis
3220 468 3428 539 genitus
3469 479 3526 525 et

1949 557 2236 639 enutritus,
2269 556 2358 626 qui
2386 570 2485 611 nec
2510 555 2678 611 Deum
2701 556 2850 625 vidit,
2874 572 2972 613 nec
2996 559 3232 628 agnovit,
3259 573 3356 614 nec
3376 559 3444 615 de
3463 575 3531 614 eo

1909 708 1912 711 _
1950 649 2140 706 audire
2179 649 2375 716 voluit,
2404 663 2506 706 nec
2546 661 2606 704 se
2646 663 2897 718 peccasse
2935 652 3241 721 cognoscit,
3276 666 3376 707 nec
3400 651 3528 722 quid

1950 740 2266 812 pmnitentia
2285 740 2372 806 sit,
2397 740 2498 795 nisi
2521 739 2658 796 forte
2671 739 2986 797 dormiendo
3005 742 3172 808 novit,
3195 753 3338 799 totus
3353 744 3530 800 adhuc

1913 878 1916 880 η
1950 832 2300 889 saecularibus
2322 833 2606 889 innodatus
2625 833 2873 904 negotiis,
2895 849 3053 903 quem
3075 838 3313 906 angustia
3335 838 3532 907 premit

1951 922 2180 977 filiorum
2212 937 2347 993 quos
2368 922 2586 990 deserit,
2619 938 2776 994 quem
2799 922 3081 979 inﬁrmitas
3101 926 3345 991 conterit,
3372 942 3530 997 quem

1950 1015 2105 1071 dolor
2128 1015 2433 1071 divitiarum
2451 1057 2465 1081 ,
2499 1025 2552 1072 et
2578 1016 2950 1088 temporalium
2978 1017 3245 1073 honorum
3274 1021 3531 1087 concutit,

1949 1123 2072 1165 cum
2103 1109 2182 1164 eis
2212 1123 2318 1164 non
2347 1123 2507 1182 posse
2531 1108 2636 1164 frui
2664 1109 2896 1180 amplius
2920 1124 2982 1166 se
3009 1111 3208 1174 cernit,
3233 1123 3391 1180 quam
3436 1126 3531 1167 ac-

1951 1207 2162 1270 ceptam
2190 1199 2301 1255 Deo
2338 1200 2531 1270 accipit
2565 1200 2932 1270 pmniteutiam
2952 1240 2968 1266 ,
3001 1215 3159 1272 quam
3192 1215 3296 1256 non
3324 1203 3534 1273 accipe-

1949 1299 2056 1356 ret,
2080 1289 2124 1345 si
2147 1289 2322 1345 adhuc
2340 1305 2400 1346 se
2418 1304 2575 1360 posse
2597 1291 2772 1346 sanari
2793 1290 3058 1348 crederet.
3081 1293 3238 1348 Certe
3255 1307 3380 1348 vere
3399 1307 3536 1349 con-

1951 1381 2162 1437 cludam
2189 1397 2204 1435 :
2235 1381 2327 1452 qui
2355 1381 2482 1437 dum
2509 1395 2674 1438 sanus
2697 1390 2780 1439 est
2795 1382 3031 1454 juvenis,
3058 1384 3228 1439 Deum
3258 1383 3534 1440 offendere

1954 1487 2059 1528 non
2093 1473 2345 1528 formidat
2370 1495 2383 1530 :
2416 1475 2469 1529 in
2499 1483 2672 1530 morte
2692 1489 2796 1530 non
2819 1474 3118 1531 merebitur
3138 1475 3372 1531 divinam
3393 1477 3534 1532 obti-

1954 1578 2084 1620 nere
2109 1563 2524 1636 indulgentiam.
2551 1565 2681 1632 Quae
2702 1607 2718 1633 ,
2746 1565 3082 1622 dilectissimi
3109 1566 3222 1632 lilii,
3253 1575 3335 1622 est
3361 1567 3537 1637 νωιιὶ-

1905 1689 1910 1694 -
1957 1657 2144 1719 tentia,
2179 1671 2336 1726 quam
2368 1657 2543 1712 solum
2566 1658 2684 1728 quis
2703 1658 2919 1728 accipit,
2942 1659 3064 1730 quia
3109 1672 3168 1715 se
3208 1661 3388 1715 vivere
3426 1675 3536 1716 non

1956 1762 2114 1818 posse
2151 1748 2380 1820 amplius
2403 1749 2614 1805 cernit:
2644 1750 2732 1820 qui
2760 1750 2804 1804 si
2827 1765 2891 1805 ex
2921 1749 3230 1806 infirmitate
3255 1753 3536 1807 convales-

1954 1847 2124 1907 ceret,
2149 1839 2300 1910 pejor
2320 1854 2478 1911 quam
2505 1840 2652 1910 prius
2673 1841 2868 1896 iteret?
2895 1841 3020 1898 Scio
3045 1857 3149 1896 non
3177 1841 3416 1897 modicos
3445 1857 3538 1912 pe-

1955 1928 2326 1995 cuniosorum,
2369 1939 2585 2001 accepta
2627 1931 2678 1986 iu
2727 1931 2919 1987 mortis
2961 1932 3188 1987 articulo
3221 1933 3534 2001 paenitentia

1955 2022 2293 2077 convaluisse
2323 2037 2569 2092 corpore,
2603 2031 2651 2077 et
2686 2022 2958 2094 pejorasse
2987 2023 3172 2078 vitam.
3202 2023 3314 2080 lloc
3353 2032 3534 2093 teneo,

1959 2114 2062 2170 hoc
2101 2130 2286 2168 verum
2315 2124 2479 2184 puto,
2529 2114 2629 2168 hoc.
2675 2115 2951 2186 multiplici
2983 2116 3310 2187 experientia
3349 2117 3538 2184 didici,

1957 2205 2098 2275 quod
2120 2207 2169 2260 ei
2193 2220 2298 2260 non
2322 2207 2494 2260 bonus
2517 2215 2601 2261 est
2626 2206 2766 2275 finis,
2789 2208 2874 2262 cui
2895 2207 3033 2262 mala
3055 2215 3268 2278 semper
3289 2208 3387 2264 fuit
3408 2210 3536 2264 vita:

1959 2298 2049 2368 qui
2081 2312 2304 2368 peccare
2351 2314 2455 2353 non
2503 2299 2716 2368 timuit,
2765 2300 2857 2356 sed
2899 2302 2952 2357 in
2992 2302 3174 2358 mundi
3219 2304 3540 2362 vanitatibus

1963 2402 2178 2458 semper
2199 2389 2348 2443 visit.
2381 2388 2633 2457 Pretiosa,
2658 2391 2828 2461 inquit
2853 2391 3118 2462 Propheta
3140 2434 3155 2460 ,
3191 2394 3244 2447 in
3269 2405 3540 2464 conspectu

1962 2479 2174 2535 Domini
2197 2498 2332 2536 mors
2356 2481 2662 2538 Sanctorum
2686 2487 2835 2556 ejus,
2879 2485 2980 2554 Et,
3031 2486 3173 2544 Mors
3217 2498 3540 2559 peccatorum

1961 2589 2196 2642 pessima.

2031 2661 2159 2718 Car.
2193 2662 2382 2719 XXIV.
2412 2661 2479 2717 Et
2502 2663 2650 2731 ideo,
2685 2665 2779 2722 filii
2807 2666 3277 2737 praediiectissimi,
3309 2671 3542 2742 accingi-

1960 2755 2090 2809 mini
2120 2757 2354 2825 potentia
2385 2773 2397 2810 :
2427 2765 2602 2812 estote
2636 2757 2730 2812 filii
2760 2767 3006 2829 potentes
3027 2801 3043 2825 ,
3075 2769 3128 2815 et
3159 2761 3321 2817 nolite
3348 2762 3539 2818 horum

1961 2846 2280 2901 miscrorum
2309 2847 2554 2914 divitum,
2588 2858 2641 2904 et
2672 2857 2948 2918 potentum
2981 2851 3000 2921 (
3027 2866 3252 2921 quorum
3273 2853 3384 2924 jam
3427 2865 3544 2909 tan-

1962 2948 2071 2994 tam
2126 2938 2462 3003 ostendimus
2512 2939 2928 2997 imbecillitatem
2971 2950 3027 2996 et
3069 2944 3336 2998 miseriam
3382 2959 3540 3013 esse,

1960 3035 2214 3099 quantam
2240 3043 2344 3082 non
2359 3028 2562 3084 diceret
2584 3029 2760 3100 lingua
2783 3031 2983 3103 carnis)
3007 3041 3218 3088 tenuem
3245 3036 3540 3103 potentium

1927 3137 1930 3140 ’
1961 3119 2256 3174 formidare
2281 3119 2333 3173 in
2364 3120 2639 3190 operando
2677 3121 2960 3192 ju~titiam.
3000 3122 3100 3190 Qui
3137 3123 3280 3178 enim
3322 3133 3542 3195 pr0ptcr

1961 3211 2228 3279 justitiam
2264 3213 2693 3282 persecutionem
2722 3213 2939 3282 patitur,
2970 3215 3159 3270 beatus
3185 3224 3287 3282 est,
3321 3226 3377 3272 et
3403 3217 3542 3272 bene

1967 3304 2069 3358 sibi
2096 3307 2234 3359 erit:
2266 3313 2318 3358 et
2347 3305 2390 3358 si
2423 3305 2668 3370 moritur,
2701 3305 2928 3361 beatior.
2961 3303 3197 3361 Pretiosa
3240 3322 3433 3378 nempe
3461 3318 3545 3364 est

1965 3395 2021 3450 in
2051 3402 2344 3465 conspectu
2373 3395 2581 3450 Domini
2612 3412 2748 3452 mors
2792 3396 3099 3452 Sanctorum
3145 3401 3274 3473 ejus.
3309 3401 3363 3456 Si
3394 3401 3545 3472 cupis

1961 3486 2125 3540 vitam
2159 3495 2342 3541 tenere
2364 3489 2415 3540 in
2437 3486 2673 3552 Christo,
2693 3487 2803 3542 noli
2820 3496 3048 3544 mortem
3072 3489 3262 3546 timere
3281 3507 3374 3562 pro
3391 3492 3546 3547 Chri-

1965 3592 2070 3637 sto.
2105 3582 2224 3638 Non
2253 3584 2394 3637 enim
2426 3592 2580 3652 potes
2609 3583 2700 3640 illa
2727 3583 2994 3640 sustinere
3039 3599 3137 3655 pro
3160 3585 3394 3651 Christo,
3427 3604 3545 3658 qua:

1967 3681 2094 3729 sunt
2119 3673 2384 3743 condigna
2416 3673 2480 3728 ad
2510 3673 2738 3728 futuram
2766 3673 2990 3744 gloriam
3013 3717 3028 3740 ,
3053 3691 3171 3744 quzc
3199 3678 3540 3744 revelabitur,

1927 3783 1930 3791 '
1965 3780 2086 3821 cum
2115 3765 2422 3835 apparuerit
2446 3765 2613 3836 gloria
2646 3773 2851 3832 nostra,
2869 3782 2988 3837 quae
3005 3781 3217 3822 sursum
3243 3777 3346 3835 est,
3366 3779 3419 3824 ct
3437 3784 3544 3826 non

1927 3879 1931 3884 '
1965 3873 2130 3928 super
2155 3867 2373 3913 terram.
2403 3857 2520 3913 Non
2550 3867 2736 3927 speret
2763 3859 3067 3915 mercedem
3089 3903 3104 3926 ,
3133 3861 3221 3930 qui
3253 3877 3357 3915 non
3399 3862 3548 3916 labo-

1924 3968 1930 3972 ·
1967 3958 2070 4005 rat.
2099 3948 2218 4003 Non
2239 3949 2434 4003 sufficit
2459 3950 2630 4004 solum
2655 3948 2945 4004 Christiani
2969 3964 3184 4005 nomen.
3207 3951 3544 4009 Christianus

1967 4055 2052 4107 es,
2091 4040 2300 4095 imitare
2341 4039 2632 4096 Christum.
2676 4040 2894 4095 Frustra
2941 4041 3226 4096 Christiani
3270 4042 3428 4099 habet
3459 4045 3546 4101 ille

1930 4147 1934 4152 ’
1968 4145 2186 4198 nomen,
2229 4131 2319 4202 qui
2359 4130 2628 4186 diabolum
2678 4131 2940 4203 sequitur.
2995 4131 3246 4201 Quinitno
3285 4134 3546 4192 Christia-

1929 4247 1932 4249 λ
1968 4240 2071 4281 nus
2117 4226 2337 4281 omnino
2363 4241 2468 4280 non
2499 4234 2609 4290 est,
2639 4224 2734 4282 sed
2777 4225 3176 4283 Antichristus:
3206 4226 3362 4283 Juxta
3419 4228 3546 4285 illud

1968 4317 2108 4373 beati
2163 4318 2518 4389 Evangelistzn
2561 4318 2821 4374 Joannis:
2852 4319 3083 4374 Audistis
3126 4322 3246 4391 quia
3291 4323 3550 4377 Antichri—

1969 4419 2076 4464 stus
2113 4411 2244 4464 venit
2274 4425 2293 4463 :
2322 4426 2455 4463 nunc
2484 4408 2786 4464 Antichristi
2811 4410 2958 4463 multi
2983 4418 3119 4464 sunt.
3156 4410 3249 4464 Vis
3289 4426 3417 4481 ergo
3463 4427 3550 4466 re-

1968 4516 2136 4573 gnare
2177 4517 2297 4556 cum
2341 4499 2594 4556 Christo?
2622 4499 2848 4555 Patiaris
2882 4516 3001 4555 cum
3041 4499 3275 4555 Christo.
3307 4501 3364 4556 Si
3389 4501 3548 4557 Chri-

1970 4602 2112 4648 stum
2162 4593 2442 4648 Domiuum
2506 4602 2560 4646 et
2619 4607 2796 4661 regem
2854 4591 2938 4646 cui
2990 4599 3072 4646 est
3138 4605 3331 4646 nomen
3389 4607 3552 4664 super

1971 4699 2131 4738 omne
2153 4697 2372 4746 nomen,
2398 4683 2634 4750 Oportuit
2657 4685 2786 4751 pati,
2816 4682 2975 4736 utsic
3003 4681 3226 4737 intraret
3253 4685 3305 4738 in
3323 4684 3550 4755 gloriam

1929 4793 1934 4797 '
1971 4791 2122 4831 suam
2144 4792 2158 4828 :
2181 4789 2338 4846 quam
2368 4772 2610 4828 fiduciam
2635 4771 2800 4828 habes
2827 4782 2878 4828 te
2903 4772 3099 4829 intrare
3120 4774 3236 4830 sine
3259 4775 3484 4832 labore?
3509 4776 3558 4834 Ο

1932 4885 1939 4893 ·
1971 4871 2138 4938 quam
2157 4866 2304 4921 stulti
2335 4878 2518 4918 smnus
2544 4873 2599 4918 et
2624 4863 2759 4918 tardi
2785 4863 2948 4920 corde
2974 4864 3038 4920 ad
3067 4865 3412 4922 credendum.
3445 4867 3555 4922 Vo-

1972 4961 2148 5014 lumus
2167 4958 2255 5013 hic
2273 4957 2504 5029 gaudere
2523 4971 2642 5012 cum
2664 4954 2888 5021 saeculo,
2919 4967 2972 5012 et
2995 4967 3176 5027 postea
3195 4973 3415 5028 regnare
3432 4975 3554 5015 cum
3638 4975 3642 4980 ‘

1974 5052 2214 5108 Christo.
2245 5050 2497 5106 Dominus
2522 5052 2693 5108 nudus
2716 5052 3008 5122 ingreditur
3027 5068 3045 5105 :
3069 5066 3257 5107 servus
3272 5052 3556 5123 superﬂui-
3643 5084 3652 5092 -

1977 5150 2084 5197 tate
2111 5149 2342 5196 onustus
2367 5143 2596 5196 "vestium
2621 5183 2636 5207 ,
2678 5142 2795 5196 auri
2841 5151 2896 5197 et
2933 5157 3263 5212 gemmarum
3303 5142 3556 5197 intrabit?

1975 5234 2068 5288 ille
2108 5233 2357 5304 jejunus,
2391 5234 2489 5289 istc
2515 5235 2731 5304 crapula
2776 5243 2827 5289 ct
2877 5234 3079 5288 luxuria
3109 5234 3336 5304 plenus:
3382 5234 3473 5289 llie
3499 5233 3554 5288 in

1975 5339 2134 5380 cruce
2178 5340 2272 5393 pro
2308 5324 2423 5393 ipso
2453 5324 2706 5386 moriens,
2748 5324 2847 5379 iste
2899 5324 2950 5377 in
2997 5323 3135 5379 lecto
3159 5323 3385 5378 delicate
3425 5323 3554 5376 dor-

1978 5416 2194 5470 micns?
2221 5415 2372 5482 Quod
2399 5416 2654 5471 Dominus
2674 5431 2777 5470 non
2810 5415 2963 5483 facit,
2988 5430 3173 5470 servus
3195 5413 3390 5469 faciet?
3420 5413 3553 5467 Pro-

1975 5509 2133 5564 tnittit
2155 5509 2410 5564 Dominus
2427 5509 2672 5564 Zcbedu'i
2693 5508 2815 5564 filiis
2831 5525 3049 5579 regnum
3069 5524 3243 5573 suum,
3266 5506 3308 5559 si
3331 5505 3552 5560 calicem

1979 5615 2139 5671 quem
2162 5599 2424 5654 hibiturus
2445 5608 2580 5663 erat,
2610 5608 2827 5668 possent
2857 5599 3056 5654 bibere.
3084 5596 3170 5651 Sic
3194 5596 3318 5648 fatui
3343 5593 3432 5646 IiIii
3457 5593 3555 5646 ho-

1980 5691 2184 5746 minum
2217 5704 2319 5745 non
2344 5699 2490 5744 recte
2515 5689 2838 5758 jndiCantes,
2869 5701 3041 5756 neque
3067 5685 3208 5754 quod
3240 5699 3424 5738 verum
3448 5696 3551 5750 est,

1976 5790 2363 5856 cognoscentes
2389 5798 2402 5835 :
2425 5780 2662 5836 dicentes
2681 5777 2874 5834 malum
2899 5777 3115 5842 bonum,
3144 5786 3197 5829 et
3220 5774 3412 5828 bonum
3439 5792 3547 5830 uta-
