4052 6338
497 475 632 530 lum.
662 465 1013 528 stertimini
1052 460 1120 521 ad
1140 476 1240 524 est
1269 503 1288 532 ,
1307 463 1586 520 venientes
1627 461 1810 518 audite
1846 474 1974 517 me:
2015 468 2071 514 et

495 561 726 620 narrabo
753 558 906 614 vobis
931 571 1050 628 quae
1071 554 1596 625 audivietmgnovi,
1617 562 1678 609 et
1693 561 1882 624 patres
1897 551 2070 607 nostri

497 658 852 710 narraverunt
898 648 1057 716 mibi,
1086 661 1189 704 nec
1219 647 1516 703 occultetur
1545 659 1577 700 a
1603 644 1730 699 ﬁliis
1772 642 2069 699 hominum.

495 747 769 801 Adluerere
795 743 901 798 Deo
924 743 1114 796 bonum
1135 749 1207 795 est
1233 755 1252 794 :
1280 747 1338 796 et
1361 739 1501 794 sicut
1526 737 1616 791 ille
1640 735 1954 800 ambulavit,
1995 733 2076 791 sic

498 837 793 893 ambulare.
821 834 971 890 Sicut
996 831 1242 889 Christus
1262 831 1492 885 animam
1513 840 1664 883 suam
1689 841 1788 896 pro
1807 825 1960 881 nobis
1981 839 2076 894 po-

502 929 610 984 suit
640 945 654 981 :
685 927 766 982 sic
795 934 849 980 et
875 937 998 990 nos,
1026 923 1071 977 si
1101 935 1236 992 opus
1261 929 1364 987 est,
1396 934 1493 990 pro
1537 918 1781 981 veritate,
1811 931 1931 986 qua:
1961 915 2076 984 ipse

499 1019 642 1075 Deus
667 1026 772 1081 est,
800 1015 1059 1071 debemus
1081 1013 1288 1067 animas
1313 1023 1530 1080 ponere.
1555 1007 1656 1075 Qui
1678 1015 1825 1060 amat
1842 1005 2073 1060 animam

498 1126 654 1166 suam
683 1111 737 1165 in
763 1109 870 1164 hoc
889 1105 1114 1172 mundo,
1145 1103 1335 1174 perdet
1351 1116 1495 1157 eam.
1523 1099 1772 1155 Christus
1800 1112 1896 1168 pro
1921 1095 2077 1151 nobis

500 1217 692 1274 passus
710 1209 794 1258 est
823 1217 837 1255 :
858 1198 1015 1254 nobis
1035 1197 1345 1266 relinquens
1357 1193 1683 1262 exemplum,
1711 1199 1770 1244 ut
1789 1203 2078 1259 sequamur

499 1292 722 1363 vestigia
760 1290 896 1359 ejus.
934 1287 1050 1345 Non
1093 1301 1154 1343 se
1195 1285 1392 1356 cogitet
1417 1279 1938 1350 Cbristianusn,qui
1977 1293 2076 1349 pro

501 1384 721 1439 Christo
749 1381 887 1437 mori
913 1394 973 1436 se
997 1394 1107 1435 non
1148 1378 1352 1434 invenit
1377 1385 1755 1447 prazparatum.
1787 1372 1886 1441 Qui
1920 1372 2076 1428 Chri-

499 1485 586 1530 sto
608 1474 893 1538 ministrat,
918 1472 1090 1541 ipsu-m
1113 1477 1386 1540 sequatur.
1409 1468 1564 1522 Dicas
1585 1465 1766 1528 homo,
1792 1463 1883 1536 qui
1905 1463 2078 1518 solum

501 1565 720 1622 nomine
747 1571 806 1620 et
829 1563 992 1618 verbo
1007 1561 1347 1616 Christianus
1363 1572 1423 1614 es
1446 1575 1461 1611 :
1483 1555 1669 1612 Fidem
1689 1555 1888 1612 Christi
1909 1554 2080 1610 habeo

504 1665 561 1713 et
586 1655 840 1726 pradico.
892 1653 1098 1708 Bonum
1143 1659 1262 1718 est,
1309 1649 1404 1706 sed
1436 1648 1524 1704 ubi
1551 1647 1750 1719 opera?
1791 1645 1948 1702 Fides
1973 1647 2082 1701 sine

501 1747 737 1818 operibus
762 1754 962 1800 mortua
987 1752 1079 1800 est.
1104 1741 1266 1799 Certe
1291 1742 1464 1799 dicam
1484 1782 1500 1808 ,
1545 1741 1637 1812 qui
1666 1739 1936 1795 Christum
1965 1747 2083 1794 tan-

459 1877 466 1880 -
501 1847 614 1894 tum
641 1852 736 1893 ore
759 1845 815 1893 et
841 1850 948 1891 non
975 1849 1143 1905 opere
1169 1833 1356 1889 laudas
1375 1873 1390 1898 ,
1435 1833 1611 1902 ipsum
1651 1845 1851 1901 negas:
1883 1830 2004 1900 quia
2034 1827 2080 1882 si

503 1942 624 1999 qua:
647 1926 802 1994 dicit,
827 1924 1107 1988 crederes,
1134 1923 1324 1978 saltem
1362 1937 1486 1977 eum
1517 1920 1753 1984 timeres,
1780 1928 1833 1973 et
1857 1917 1924 1972 de
1947 1931 2080 1987 pec-

499 2019 636 2075 catis
665 2015 1134 2074 verecundareris.
1163 2014 1230 2068 Et
1243 2013 1288 2068 si
1313 2012 1509 2078 credis,
1539 2020 1593 2066 ct
1619 2010 1756 2065 mala
1779 2007 1933 2072 facis.
1956 2021 2085 2062 cen-

503 2110 654 2179 tuple
697 2108 998 2180 puniendus
1035 2106 1135 2162 es?
1178 2104 1369 2161 Nonne
1407 2111 1682 2174 peccatum
1729 2099 1871 2171 quod
1918 2099 1987 2152 sit
2015 2113 2084 2152 ex

499 2211 648 2260 certa
679 2202 902 2266 malitia,
930 2197 1138 2254 inﬁnito
1168 2197 1319 2268 pejus
1341 2205 1429 2252 est
1457 2203 1678 2266 peccato
1720 2191 1862 2263 quod
1914 2189 1974 2245 ﬁt
2012 2205 2081 2245 ex

501 2291 844 2364 ignorantia?
891 2289 1128 2360 peccavit
1175 2287 1419 2357 angelus,
1471 2283 1710 2354 peccavit
1759 2281 1958 2337 homo:
2005 2281 2084 2334 al-

501 2397 586 2441 ter
631 2385 840 2440 veniam
899 2381 1070 2451 potuit
1125 2378 1403 2444 invenire,
1470 2378 1607 2430 alter
1664 2389 1790 2429 non.
1854 2373 1968 2441 Qua
2013 2372 2083 2428 de

501 2478 605 2530 re?
659 2475 750 2530 llle
792 2489 857 2528 ex
894 2471 1109 2542 propria
1143 2469 1344 2526 malitia
1374 2485 1387 2522 :
1415 2467 1578 2521 homo
1609 2465 1952 2536 suggestione
1971 2466 2086 2520 dia-

505 2566 700 2620 bolica.
825 2559 833 2563 ’
1208 2579 1214 2583 '

577 2655 706 2710 Car.
750 2652 912 2708 XXV.
955 2652 1022 2707 Et
1046 2650 1183 2706 forte
1211 2649 1392 2706 dices:
1420 2648 1486 2704 Et
1518 2663 1618 2718 ego
1647 2647 1892 2703 similiter
1922 2661 2084 2717 pecco

504 2743 846 2813 suggestione
874 2740 1155 2796 diabolica.
1175 2738 1254 2794 Ad
1279 2737 1420 2808 quod
1450 2752 1582 2808 ego:
1610 2737 1762 2803 Quod
1786 2737 1947 2790 miser
1972 2750 2086 2791 me-

506 2833 643 2888 reris
670 2832 968 2902 przetuium,
1007 2831 1053 2886 si
1100 2829 1305 2884 nullum
1334 2829 1558 2883 haberes
1599 2825 1874 2897 praelium?
1896 2824 2085 2881 Nonne

508 2923 779 2980 terrestris
807 2922 959 2976 miles
973 2919 1039 2976 ad
1056 2935 1214 2975 omne
1242 2933 1300 2974 se
1325 2919 1544 2988 exponit
1571 2915 1882 2988 periculum,
1911 2924 1968 2972 ut
1986 2929 2086 2970 suo

504 3017 618 3088 regi
641 3015 884 3088 placeat?
901 3014 1010 3070 Nec
1027 3022 1174 3070 certe
1193 3012 1295 3067 ulla
1325 3011 1418 3068 tibi
1438 3025 1556 3067 esse
1585 3020 1761 3080 potest
1785 3007 2082 3075 excusatio,

505 3111 552 3166 si
579 3119 631 3165 te
659 3121 882 3179 peccare
908 3105 1168 3161 diabolica
1197 3103 1331 3159 dicis
1355 3102 1714 3172 suggestione,
1732 3101 1935 3156 sicutet
1960 3100 2080 3154 ille:

505 3201 630 3271 quia
656 3199 750 3254 tibi
780 3213 888 3254 non
913 3206 996 3252 est
1022 3195 1234 3252 occasio
1260 3208 1380 3263 qua:
1422 3191 1517 3247 illi.
1551 3192 1727 3248 Unum
1768 3191 1943 3246 solum
1985 3189 2084 3245 ha-

506 3289 697 3345 buerat
727 3295 1072 3358 praeceptum,
1103 3293 1162 3338 ut
1185 3282 1253 3341 de
1281 3283 1422 3353 ligno
1449 3298 1554 3337 non
1581 3279 1904 3338 comederet.
1942 3279 2086 3336 Non-

509 3381 657 3445 dum,
711 3377 841 3448 quid
885 3374 1146 3432 diabolica
1188 3374 1325 3428 foret
1363 3373 1652 3443 suggestio,
1700 3379 1943 3438 noverat,
1988 3384 2086 3426 nec

509 3477 763 3542 quantum
795 3477 1070 3539 peccatum
1119 3467 1231 3523 Deo
1257 3465 1557 3535 displiceat,
1600 3466 1793 3520 scicrat
1813 3480 1827 3517 :
1849 3473 1902 3519 et
1927 3475 2002 3532 tu,
2029 3472 2088 3519 ut

509 3561 665 3628 dicis,
694 3558 851 3626 nosti,
882 3568 937 3614 et
965 3558 1101 3614 bene
1123 3556 1320 3622 credis,
1350 3565 1402 3612 et
1425 3563 1504 3611 tot
1519 3555 1684 3611 millia
1703 3553 1832 3609 facis
1851 3565 2086 3625 peccata.

513 3654 582 3710 Et
610 3651 736 3724 quid
760 3650 1108 3707 concludam?
1123 3649 1224 3717 Qui
1241 3648 1373 3706 tales
1395 3657 1520 3704 sunt
1537 3647 1845 3713 Christiani,
1865 3648 2089 3719 diligunt

509 3746 686 3802 inore
717 3758 838 3808 suo,
878 3751 934 3798 et
976 3741 1153 3813 lingua
1191 3755 1289 3796 sua
1337 3741 1666 3796 mentiuntur
1687 3740 1758 3795 ei.
1788 3739 1893 3795 Cor
1910 3748 2086 3794 autem

510 3851 699 3892 eorum
727 3849 834 3889 non
861 3842 944 3889 est
974 3843 1174 3889 rectum
1213 3847 1336 3888 cum
1363 3846 1462 3888 eo:
1497 3845 1596 3887 nec
1623 3831 1784 3888 ﬁdem
1809 3832 2008 3888 habent
2033 3831 2088 3887 in

512 3934 833 3999 testamento
861 3925 1000 3994 ejus.
1029 3925 1084 3981 Si
1111 3924 1229 3995 quis
1249 3925 1420 3995 diligit
1441 3923 1737 3991 Christum,
1779 3923 1824 3979 si
1851 3924 1971 3995 quis
1999 3938 2094 3980 ve-

512 4033 606 4075 rus
633 4026 716 4072 est
739 4015 1091 4082 Christianus,
1122 4025 1176 4071 et
1200 4017 1502 4088 specialiter
1530 4016 1794 4071 Sacerdos
1821 4024 1878 4072 et
1905 4031 2090 4072 mona-

510 4108 666 4172 chus,
688 4108 740 4162 iu
765 4122 872 4177 quo
892 4116 1142 4178 tauquam
1161 4107 1212 4162 iu
1230 4108 1448 4177 speculo
1467 4107 1670 4162 relucet
1687 4105 1962 4176 perfectio,
1981 4122 2088 4162 non

512 4197 688 4252 solum
719 4198 994 4252 renunciet
1015 4199 1262 4252 omnibus
1284 4213 1404 4268 qua:
1427 4197 1679 4267 possidet.
1706 4197 1802 4252 sed
1817 4199 1976 4253 etiam
1995 4196 2092 4252 ab-

514 4296 670 4358 neget
699 4289 1068 4356 semetipsum,
1103 4288 1177 4340 ita
1217 4295 1274 4340 ut
1314 4297 1454 4342 totus
1480 4288 1550 4341 sit
1578 4295 1820 4342 mortuus
1865 4287 2084 4342 mundo.

513 4379 647 4450 Quia
675 4377 776 4432 nisi
794 4391 1015 4446 granum
1045 4376 1295 4430 frumenti
1322 4375 1517 4430 cadens
1535 4376 1586 4428 in
1607 4384 1803 4428 terram
1824 4387 2088 4431 mortuum

513 4471 693 4536 fuerit,
721 4468 893 4540 ipsum
919 4470 1092 4525 solum
1124 4476 1322 4524 manet.
1351 4466 1451 4536 Qui
1481 4467 1661 4520 mundi
1685 4467 1814 4522 vivit
1839 4470 2087 4538 negotiis,

515 4572 755 4618 mortuus
783 4571 864 4617 est
895 4562 1024 4618 Deo.
1056 4561 1280 4633 Oportet
1308 4573 1536 4628 namque
1565 4557 1855 4625 hominem,
1874 4561 2094 4632 quivult

512 4669 708 4724 capere
757 4653 1142 4722 perfectionem
1191 4662 1244 4708 et
1293 4661 1497 4717 tenere,
1545 4650 1616 4705 ita
1659 4659 1926 4706 mortuum
1971 4667 2093 4709 esse

513 4745 736 4809 mundo,
767 4753 823 4797 ut
861 4753 1126 4814 tamquam
1152 4755 1396 4798 mortuus
1425 4743 1557 4818 nihil
1595 4741 1664 4800 de
1691 4744 1850 4800 rebus
1873 4747 2097 4802 sa'cula-

514 4838 663 4892 ribus
695 4835 913 4901 sentiat,
946 4836 1016 4890 ita
1046 4845 1102 4889 ut
1131 4851 1251 4890 cum
1280 4837 1538 4906 Apostolo
1557 4836 1732 4893 dicat:
1757 4836 1952 4894 Nostra
1973 4857 2094 4895 con-

513 4927 728 4980 versatio
750 4927 800 4980 in
821 4927 958 4980 cwlis
985 4935 1076 4979 est.
1109 4926 1172 4979 Et
1202 4927 1426 4980 iterum:
1460 4925 1584 4982 Vivo
1603 4929 1720 4999 jam
1745 4946 1847 4984 non
1874 4947 1986 5002 ego,
2013 4931 2090 4985 ri-

515 5020 583 5074 vit
609 5027 777 5070 autem
809 5017 863 5070 in
894 5031 972 5068 me
1013 5015 1264 5070 Christus.
1290 5015 1493 5071 Idcirco
1518 5018 1609 5086 qui
1637 5033 1762 5073 vere
1786 5019 1960 5088 justus
1989 5030 2090 5086 est,

516 5110 678 5162 vitam
703 5106 838 5163 hanc
867 5121 986 5175 qua:
1025 5121 1170 5160 mors
1209 5116 1313 5173 est,
1358 5120 1462 5160 non
1503 5118 1706 5162 metuat
1741 5109 2007 5170 amittere,
2037 5120 2095 5165 ut

512 5201 679 5254 vitam
695 5215 823 5269 qua:
843 5198 1089 5254 Christus
1117 5207 1222 5265 est,
1250 5199 1423 5254 valeat
1451 5200 1714 5256 invenire.
1746 5201 1853 5256 Eos
1877 5203 1967 5273 qui
1997 5217 2091 5259 oc-

512 5293 698 5350 cilunt
726 5307 942 5364 corpus,
975 5309 1079 5348 non
1113 5293 1325 5348 timeat:
1348 5294 1473 5362 quia
1489 5296 1721 5350 animam
1741 5313 1847 5352 non
1872 5308 2092 5369 possunt

509 5383 779 5442 occidere.
809 5385 906 5440 llic
937 5384 1304 5439 tribulationcs
1337 5401 1457 5454 qua:
1485 5389 1593 5441 cito
1627 5388 1896 5455 labuntur,
1925 5393 2090 5446 susti-

513 5483 659 5543 neat,
685 5484 742 5530 ut
767 5474 958 5546 gaudia
989 5489 1108 5545 qua:
1132 5474 1250 5529 sine
1287 5474 1396 5530 ﬁne
1435 5487 1672 5544 manent,
1705 5479 1916 5534 habeat.
1965 5481 2092 5536 lla-c

512 5568 628 5625 sola
660 5570 740 5623 via
766 5575 868 5633 est,
891 5583 994 5639 qua
1024 5567 1130 5623 itur
1165 5567 1232 5623 ad
1273 5567 1496 5638 patriam
1523 5570 1666 5626 cteli.
1709 5569 1867 5627 Certe
1903 5573 1950 5628 si
1986 5574 2093 5628 alio

511 5669 694 5732 posset
735 5661 798 5715 iri
829 5661 1065 5726 tramite,
1094 5659 1148 5714 in
1178 5667 1289 5713 toto
1313 5658 1545 5714 mendax
1576 5661 1714 5715 Deus
1758 5659 1930 5716 fieret.
1973 5662 2087 5717 Non

484 5738 488 5742 ’
509 5752 655 5809 enim
679 5768 795 5824 qua:
822 5751 942 5809 dico
969 5750 1120 5809 vobis
1140 5749 1324 5819 verba,
1349 5750 1528 5822 accepi
1549 5750 1616 5808 ab
1646 5751 1881 5820 homine,
1909 5769 2080 5825 neque

1371 350 1726 422 EUSEBIDS,
1750 349 1864 407 DE
1899 346 2133 406 MORTE
2171 344 2569 404 ιιιεΒοΝἳδιι.

2177 472 2274 528 per
2300 456 2569 514 hominem
2593 457 2776 526 didici,
2811 457 2905 515 sed
2942 473 3040 531 per
3071 457 3414 531 Evangeliam
3441 467 3626 518 suam.
3657 461 3759 518 ita-

2174 563 2280 620 que
2297 558 2511 620 oportet
2525 564 2624 604 nos
2643 564 2746 620 per
2765 550 2960 606 multas
2985 550 3354 606 tribulationes
3373 554 3654 622 acquirere
3674 567 3761 608 re-

2174 653 2337 710 gnum
2375 639 2492 695 Dei.
2539 639 2693 695 Errat
2721 641 2773 695 in
2799 641 2904 706 via,
2933 643 3023 712 qui
3063 657 3162 712 per
3193 641 3406 697 divitias
3433 649 3489 696 et
3539 642 3761 698 delicias

2178 732 2395 789 festinat
2434 733 2534 788 ire.
2584 731 2807 802 Signum
2856 733 3152 789 manifestae
3190 732 3550 788 damnationis
3575 740 3678 798 est,
3708 735 3762 787 ia
3802 747 3810 760 ·

2179 820 2283 877 hoc
2306 821 2507 877 mundo
2549 835 2644 877 sua
2671 822 3004 894 beneplacita
3039 823 3276 892 assequi,
3307 831 3364 878 et
3386 837 3418 876 a
3445 822 3650 878 mutido
3676 821 3761 877 di-

2175 913 2290 985 ligi.
2314 913 2461 983 Quos
2486 914 2626 970 Deus
2652 914 2842 986 diligit,
2875 914 2975 970 hos
2999 929 3142 985 saepe
3165 915 3387 984 corripit
3419 923 3476 970 et
3512 916 3758 985 castigat.

2250 1008 2378 1062 Cu.
2425 1006 2620 1063 XXVI.
2656 1007 2714 1063 Si
2742 1007 2796 1062 in
2820 1005 3020 1062 mundo
3040 1007 3255 1078 gloriari
3277 1015 3509 1076 oportet,
3537 1006 3765 1061 libenter

2181 1097 2479 1169 gloriemini
2504 1100 2558 1154 in
2581 1099 3012 1156 tribulationibus
3041 1108 3097 1154 et
3121 1098 3531 1154 adversitatibus
3547 1098 3762 1154 vestris.

2181 1191 2435 1248 Promisit
2451 1193 2591 1248 enim
2613 1192 2857 1249 Christus
2874 1191 2989 1248 htec
3003 1190 3115 1248 suis
3138 1190 3434 1261 discipulis,
3458 1207 3595 1262 quos
3627 1191 3766 1248 dile-

2185 1282 2266 1338 xit
2278 1297 2447 1353 usque
2461 1282 2513 1338 in
2527 1285 2687 1339 ﬁnem
2709 1283 2762 1338 in
2779 1283 2987 1354 signum
3004 1281 3622 1353 prmeipumdilectionis.
3637 1297 3762 1339 cum

2183 1374 2236 1428 in
2255 1374 2436 1429 ultima
2459 1388 2610 1429 caena
2625 1373 2791 1429 dixit:
2812 1375 2971 1428 Amen
2987 1374 3103 1428 dico
3117 1374 3256 1430 vobis
3271 1389 3292 1428 .'
3312 1374 3432 1444 quia
3443 1373 3706 1445 plorabitis
3719 1383 3767 1428 et

2183 1467 2366 1536 ﬂebitis
2393 1483 2499 1534 vos,
2539 1467 2758 1521 mundus
2791 1476 2956 1520 autem
2972 1463 3512 1536 gaudebit.Gaudete,
3546 1464 3639 1519 ﬁlii
3662 1464 3774 1519 mei

2184 1557 2651 1629 prmdilectissimi,
2675 1571 2796 1613 cum
2813 1557 2928 1612 odit
2950 1571 3046 1612 vos
3062 1555 3314 1610 mundus.
3341 1555 3652 1612 Desiderate
3664 1556 3768 1611 suf-

2187 1646 2327 1704 ferre
2338 1648 2688 1704 contumelias
2703 1655 2756 1703 et
2771 1646 3056 1717 opprobria
3074 1645 3142 1700 ab
3156 1645 3611 1717 hominibus,quia
3623 1644 3769 1700 Beati

2183 1739 2326 1793 eritis
2361 1755 2475 1792 cum
2502 1737 2853 1792 maledixerint
2891 1737 3028 1792 vobis
3053 1736 3300 1804 homines,
3342 1745 3388 1791 et
3412 1737 3658 1806 persecuti
3684 1753 3768 1792 ros

2185 1831 2393 1902 fuerint,
2423 1840 2471 1884 et
2498 1830 2718 1884 dixerint
2755 1844 2906 1883 eritne
2933 1829 3122 1883 malum
3162 1827 3427 1881 adversum
3472 1843 3579 1894 vos,
3629 1844 3772 1884 men-

2186 1923 2362 1977 tientes
2382 1931 2586 1993 propter
2600 1921 2763 1990 ﬁlium
2781 1921 3000 1975 hominis
3017 1935 3040 1974 :
3054 1918 3270 1990 gaudete
3291 1929 3409 1973 tunc
3428 1929 3475 1974 et
3495 1919 3766 1986 exsultnte,

2186 2014 2425 2084 quoniam
2453 2029 2643 2068 merces
2666 2021 2828 2067 vestra
2862 2011 3071 2080 copiosa
3099 2018 3173 2063 est
3199 2011 3251 2064 in
3277 2009 3434 2064 castis.
3471 2008 3683 2067 Utinam
3712 2009 3767 2065 in

2186 2118 2283 2159 vos
2322 2105 2621 2175 insurgeret
2667 2112 2810 2159 totus
2851 2104 2953 2158 iste
2994 2101 3246 2157 mundus.
3285 2101 3486 2158 Scitote
3527 2101 3671 2172 quod
3701 2101 3769 2157 de

2187 2197 2387 2250 mundo
2409 2211 2514 2250 non
2539 2196 2672 2250 estis
2691 2195 2970 2264 :quoniam
2993 2193 3039 2249 si
3067 2192 3135 2247 de
3153 2192 3351 2247 mundo
3371 2192 3580 2259 essetis,
3606 2207 3767 2246 mun-

2187 2286 2288 2342 dus
2307 2287 2447 2356 quod
2469 2303 2622 2341 suum
2639 2297 2783 2341 esset
2799 2287 3060 2358 diligeret.
3083 2286 3256 2341 Omne
3269 2283 3516 2355 gaudium
3533 2293 3766 2338 vestrum

2187 2381 2511 2448 exiStimate,
2552 2394 2675 2435 cum
2720 2379 2888 2434 multa
2935 2378 3146 2434 habetis
3176 2379 3228 2433 in
3257 2377 3456 2433 Steculo
3480 2377 3766 2447 opprobria

2187 2482 2243 2529 et
2267 2472 2613 2529 adversitates
2635 2491 2650 2529 :
2668 2473 2901 2528 scientes
2922 2471 3064 2543 quod
3088 2469 3340 2526 fortitudo
3360 2478 3416 2525 et
3437 2469 3684 2539 patientia
3702 2483 3768 2525 ex

2189 2564 2318 2632 ipsis
2345 2564 2610 2618 oriuntur.
2660 2563 2921 2618 Patientia
2962 2573 3138 2618 autem
3169 2559 3464 2633 perfectum
3511 2575 3646 2631 opus
3676 2560 3770 2616 ha-

2187 2654 2297 2708 bet.
2324 2654 2622 2709 Probautur
2645 2661 2822 2708 autem
2848 2653 3070 2708 virtutes
3095 2652 3149 2708 in
3186 2650 3403 2726 homine
3433 2665 3530 2722 per
3556 2651 3763 2720 patien-

2190 2746 2338 2810 tiam,
2369 2756 2637 2816 tamquam
2667 2758 2858 2798 aurum
2887 2759 2982 2815 per
3011 2743 3207 2816 ignem.
3231 2741 3332 2810 Qui
3359 2749 3583 2797 cazteras
3605 2739 3769 2796 habet

2191 2836 2412 2892 virtutes
2440 2837 2557 2891 sine
2587 2836 2862 2906 patientia,
2896 2851 3086 2891 aurum
3113 2836 3166 2890 in
3192 2835 3336 2890 vasis
3366 2833 3614 2889 ﬁctilibus
3642 2847 3768 2902 por-

2190 2938 2287 2984 tat.
2317 2927 2371 2982 ln
2394 2930 2529 2994 sola,
2549 2927 2766 2984 dicebat
2791 2929 3060 2995 Salvator,
3100 2930 3354 3001 patientia
3381 2935 3555 2984 vestra
3587 2925 3768 2997 possi-

2189 3020 2385 3076 debitis
2409 3020 2615 3075 animas
2640 3029 2866 3075 vestras.
2892 3009 3171 3076 Fortitudo
3193 3034 3433 3076 connexa
3461 3029 3543 3074 est
3563 3017 3770 3089 patien-

2191 3112 2299 3168 tiae.
2333 3110 2427 3166 Vir
2453 3111 2682 3182 patiens,
2707 3111 2860 3166 fortis
2883 3119 2967 3166 est
2994 3112 3194 3165 animo.
3223 3110 3326 3178 Qui
3352 3111 3560 3180 patiens
3584 3118 3639 3165 et
3657 3109 3770 3165 for-

2191 3205 2260 3260 tis
2287 3211 2390 3272 est,
2430 3217 2619 3260 secure
2660 3204 2800 3259 bona
2848 3202 3120 3273 sequentis
3157 3203 3278 3258 vita:
3316 3215 3534 3272 sperare
3573 3211 3766 3272 potest.

2191 3295 2414 3351 Servate
2445 3295 2755 3365 patientiam
2798 3293 2851 3349 in
2881 3303 3090 3350 mente:
3125 3307 3348 3362 eamque
3383 3292 3511 3347 dum
3561 3301 3770 3362 tempus

2191 3394 2296 3451 est,
2313 3394 2562 3441 exercete
2578 3387 2630 3440 in
2655 3385 2987 3455 operatione.
3019 3385 3111 3440 Est
3129 3384 3272 3440 enim
3296 3384 3550 3456 patientia
3571 3384 3767 3452 velum,

2191 3490 2300 3545 quo
2328 3475 2381 3530 in
2423 3473 2580 3544 hujus
2608 3474 2790 3528 mundi
2824 3475 3093 3544 procellis,
3123 3475 3272 3529 navis
3301 3483 3482 3529 nostra
3510 3489 3772 3544 quocum-

2194 3581 2300 3637 que
2328 3565 2490 3621 ﬁante
2515 3575 2678 3621 vento
2703 3566 2913 3636 navigat
2937 3580 3157 3621 secure:
3187 3565 3388 3621 nullum
3417 3566 3612 3622 timens
3633 3567 3773 3638 peri-

2192 3659 2396 3714 culum.
2418 3657 2633 3714 Nullum
2657 3667 2894 3713 vestrum
2918 3657 2985 3712 ad
3007 3657 3312 3724 vindictam,
3330 3656 3415 3713 vel
3439 3657 3619 3713 odium
3642 3671 3768 3730 pro-

2195 3749 2346 3814 ximi,
2375 3749 2760 3807 contumeliosa
2787 3748 2946 3803 verba
2971 3757 3362 3804 connnoveant.

2265 3840 2394 3895 Car.
2434 3837 2649 3893 XXVII.
2690 3839 2877 3895 Estote
2906 3839 3303 3904 misericordes,
3333 3838 3472 3893 sicut
3511 3846 3567 3894 et
3611 3837 3771 3894 Pater

2195 3939 2372 3986 vester
2400 3929 2728 3994 misericors,
2754 3937 2872 3984 est:
2898 3929 2989 3999 qui
3020 3928 3150 3998 pluit
3178 3943 3340 3998 super
3359 3928 3532 3998 justos
3553 3938 3609 3983 et
3635 3928 3774 3998 inju-

2194 4031 2338 4078 stos:
2367 4031 2422 4078 et
2459 4010 2628 4078 Solem
2657 4037 2811 4077 suum
2856 4021 2981 4076 facit
3006 4022 3132 4076 oriri
3163 4036 3326 4092 super
3354 4020 3550 4076 bonum
3577 4031 3630 4076 et
3658 4035 3773 4075 ma-

2195 4115 2327 4170 lum.
2355 4114 2621 4169 Judicium
2643 4114 2758 4169 sine
2781 4113 3146 4169 misericordia
3170 4113 3244 4168 illi
3274 4112 3381 4177 ﬁet,
3406 4113 3495 4182 qui
3518 4126 3623 4166 non
3653 4110 3776 4166 facit

2198 4206 2644 4262 misericordiam.
2691 4205 3452 4285 Misericordiasuperexaltat
3489 4203 3770 4274 judicium.

2195 4296 2250 4354 Si
2279 4312 2387 4352 non
2414 4297 2731 4352 remiscritis
2758 4296 2826 4352 de
2851 4296 3015 4351 corde
3043 4305 3224 4351 vestro
3250 4295 3354 4351 illis
3379 4296 3467 4365 qui
3497 4293 3776 4350 offendunt

2194 4403 2328 4443 vos:
2356 4401 2456 4443 nec
2479 4387 2638 4442 Pater
2679 4396 2856 4442 vester
2891 4371 3123 4442 dimittet
3164 4386 3332 4443 vobis.
3381 4384 3600 4440 Frustra
3644 4385 3777 4454 petit

2198 4479 2642 4543 misericordiam,
2661 4479 2752 4548 qui
2778 4478 2897 4532 aliis
2916 4476 3150 4547 denegat
3173 4474 3618 4531 miscricordiam.
3640 4474 3775 4530 Sus-

2198 4570 2387 4637 tinctis,
2409 4569 2582 4640 inquit
2602 4568 2908 4639 Apostolus,
2936 4568 2980 4622 si
3000 4567 3112 4638 quis
3137 4582 3223 4620 vos
3257 4567 3310 4620 in
3327 4566 3612 4620 servitutem
3639 4565 3778 4619 redi-

2196 4665 2304 4735 git:
2324 4663 2369 4716 si
2396 4662 2511 4733 quis
2547 4663 2600 4716 in
2622 4661 2802 4733 faciem
2831 4676 2917 4714 vos
2945 4660 3116 4715 caedit.
3147 4658 3245 4714 Hic
3289 4667 3466 4714 vestra
3509 4657 3776 4713 stabilitur

2198 4758 2405 4813 virtus:
2434 4755 2549 4811 haec
2581 4763 2690 4810 tota
2711 4768 2920 4809 merces
2943 4761 2996 4808 et
3017 4751 3317 4822 prtemium,
3345 4760 3403 4806 ut
3421 4750 3622 4805 amicos
3649 4749 3776 4804 dili-

2197 4863 2385 4919 gamus
2409 4847 2462 4902 in
2491 4847 2622 4911 Deo,
2648 4853 2703 4900 et
2727 4844 2970 4899 inimicos
2991 4851 3209 4912 propter
3241 4841 3429 4896 Deum.
3463 4841 3664 4896 Servus
3686 4839 3776 4894 ille

2199 4953 2449 5009 nequam,
2476 4942 2694 5006 accepta
2725 4933 3114 5000 misericordia,
3145 4947 3405 4988 conservo
3425 4945 3524 4987 suo
3546 4931 3779 5001 denega-

2198 5029 2274 5083 vit
2302 5025 2722 5084 misericordiam
2743 5042 2756 5078 :
2780 5033 2837 5080 et
2858 5024 2977 5079 ideo
2998 5023 3192 5079 meruit
3216 5023 3414 5078 habere
3433 5023 3776 5077 severitattm

2194 5117 2436 5189 justititn.
2461 5116 2674 5172 Justitia
2695 5115 2812 5170 sine
2839 5113 3226 5182 misericordia,
3259 5111 3548 5168 crudelitas
3574 5119 3691 5167 est:
3722 5119 3777 5166 et

2195 5212 2320 5268 ideo
2343 5210 2560 5282 iustitia:
2602 5207 2967 5265 misericordia
3010 5207 3283 5263 miscenda
3311 5215 3412 5260 est.
3440 5204 3552 5260 Lex
3596 5213 3774 5258 nostra

2201 5311 2310 5358 tota
2352 5302 2406 5357 in
2437 5298 2804 5355 misericordia
2834 5307 2936 5353 est.
2985 5299 3210 5368 Propter
3257 5304 3532 5367 peccatum
3565 5308 3778 5364 quoque

2201 5400 2409 5464 poterat
2433 5389 2686 5446 damnare
2710 5402 2812 5444 nos
2836 5387 2975 5443 Deus
2993 5389 3219 5460 justitia,
3242 5403 3380 5459 quos
3419 5403 3516 5442 sua
3547 5388 3692 5442 salva
3703 5387 3779 5440 vit

2199 5480 2588 5538 misericordia.
2609 5480 2944 5550 Quapropter
2957 5481 3046 5548 qui
3065 5478 3428 5534 misericordia
3443 5487 3613 5544 caret,
3631 5479 3780 5535 Chri-

2197 5571 2401 5625 stianus
2427 5586 2530 5624 non
2555 5577 2659 5625 est.
2691 5569 3023 5639 lmpossibile
3051 5576 3134 5622 est
3162 5581 3284 5623 esse
3321 5567 3593 5624 hominem
3617 5571 3780 5628 misc-

2173 5723 2176 5726 ,
2201 5659 2483 5727 ricordem,
2505 5668 2559 5714 et
2583 5660 2750 5730 pium,
2773 5669 2828 5714 et
2844 5660 2975 5713 iram
2996 5673 3100 5711 non
3123 5656 3336 5726 placare
3356 5657 3613 5716 divinam.
3634 5660 3778 5716 Beati

2202 5750 2578 5807 misericordes:
2605 5751 2840 5820 quoniam
2863 5749 2960 5820 ipsi
2977 5747 3368 5803 misericordiam
3389 5766 3772 5824 consequentur.
