2026 3169
160 196 210 225 857

158 252 288 281 Sacerdos
310 255 337 280 et
351 251 497 279 monachus
519 250 652 286 praecipue
671 251 729 278 sine
749 248 944 280 misericordia,

160 299 232 326 navis
245 301 286 325 est
301 297 327 325 in
343 296 432 325 medio
454 296 540 332 pelagi
563 295 679 330 undique
700 295 844 330 perforata.
871 294 945 321 Vana

160 344 248 378 religio
267 347 319 376 est,
339 350 398 378 qua:
419 346 494 370 caret
514 341 709 370 misericordia.
725 340 820 368 Parum
836 339 944 375 prodest

161 389 322 418 'liﬂ'erentem
337 396 398 416 esse
416 387 582 416 vestimentis
596 386 770 415 saecularibus
783 390 811 413 et
830 392 943 413 concor-

158 435 216 462 dem
231 435 293 461 vita.
311 433 368 460 Non
382 433 549 460 vestimentis
562 437 588 460 et
602 431 697 459 ordine
716 431 802 459 solum
823 431 883 466 quis
904 434 945 457 est

158 481 281 509 sacerdos
297 485 322 507 et
337 479 494 512 monachus,
519 478 568 506 sed
590 479 655 505 vita.
681 478 738 505 IIcu
759 477 823 512 quid
837 476 945 504 dicam?

159 526 232 561 Srpc
245 533 277 553 ex
291 533 385 560 magna
399 524 561 552 abundantia
575 524 699 557 tristitiae,
715 523 794 550 homo
810 522 893 549 multa
903 521 944 548 Io-

159 572 255 606 quitur.
267 571 335 598 Ecce
349 570 463 597 mundus
478 569 595 604 undique
608 573 697 597 servet
709 567 846 596 mouacltis
860 571 887 594 et
903 573 947 594 sa-

159 617 322 649 cerdotibus;
334 621 362 644 et
375 621 462 644 tamen
475 615 530 651 jam
543 620 605 642 sunt
615 615 742 643 rarissimi
755 613 909 642 sacerdotes
919 616 946 640 et

159 662 289 695 monachi,
300 661 370 696 quod
382 661 425 688 vix
439 661 473 688 de
487 666 594 688 centum
606 668 674 687 unus
686 659 834 694 reperiatur
847 658 944 685 bonus.

160 706 233 734 Nulla
246 711 321 734 certe
336 707 362 734 in
377 706 477 734 mundo
487 710 541 734 tam
551 705 667 733 crudelis
680 704 774 737 bestia,
785 710 865 739 quam
880 709 946 730 ma-

159 752 199 779 lus
209 752 334 779 sacerdos
345 752 386 779 vel
400 752 547 779 monachus
558 760 564 777 :
579 758 641 778 nam
651 748 748 785 corrigi
762 756 815 776 non
827 748 943 784 patitur:

159 805 209 825 nec
223 797 360 825 veritatem
380 805 497 832 unquam
509 796 600 824 audire
618 799 722 831 potest:
735 800 763 823 et
779 799 807 822 ut
829 794 946 822 breviter

159 843 355 876 dicam,omnes
362 842 518 878 pnneminet
527 842 638 870 malitia.
651 842 719 870 Sunt
732 841 759 868 lii
775 841 842 868 tales
854 847 946 868 sacer-

159 889 234 916 dotes
248 893 275 916 et
288 888 413 916 monachi
427 888 514 916 solum
529 888 621 916 habitu
640 893 668 916 et
690 887 809 919 nomine,
832 894 945 922 quorum

159 942 224 961 vana
239 939 280 962 est
295 935 398 969 religio.
414 934 518 969 Religio
531 934 631 962 munda
645 938 673 962 et
686 933 854 961 immaculata
875 932 946 968 apud

159 979 241 1007 Deum
254 980 360 1007 Patrem
373 980 431 1008 hzcc
444 984 495 1013 est,
508 980 617 1008 visitare
634 980 749 1015 pupillos
767 984 794 1007 et
814 978 907 1006 viduas
920 979 946 1006 in

159 1025 330 1052 tribulatione
343 1033 453 1054 corum:
467 1031 495 1053 et
509 1026 707 1053 immaculatum
722 1032 752 1052 se
765 1024 900 1052 custodire
913 1023 948 1051 ab

158 1069 209 1098 Itnc
219 1071 327 1098 smeulo.
343 1070 399 1098 Heu
409 1076 537 1106 quantum
554 1071 579 1098 in
592 1070 752 1105 quibusdam
765 1069 947 1104 spiritualibus

159 1116 249 1143 habitu
261 1121 288 1143 et
302 1117 410 1144 nomine
424 1117 508 1144 crevit
529 1116 671 1151 cupiditas,
695 1115 749 1142 imo
763 1121 791 1142 ut
804 1114 893 1142 verius
905 1114 947 1141 di-

157 1168 226 1192 cattt,
252 1168 332 1188 causa
360 1161 439 1195 hujus
463 1161 659 1196 spiritualitatis
684 1164 727 1188 cst
751 1160 860 1186 avaritia
880 1159 948 1194 :qui

157 1212 230 1234 certe
241 1211 304 1234 sunt
317 1207 372 1242 lupi
387 1214 498 1242 rapaces
513 1208 538 1233 in
553 1206 719 1234 vestimentis
731 1206 829 1233 oviunt.
841 1204 891 1233 Ubi
903 1212 948 1232 sa-

156 1252 254 1280 cerdos
266 1258 294 1280 et
308 1252 455 1280 monachus
467 1252 580 1287 cupidus
591 1256 643 1284 est,
652 1255 679 1278 et
689 1252 747 1279 sine
755 1250 947 1284 misericordia,

155 1299 192 1326 ab
205 1298 300 1325 eodem
315 1298 373 1333 plus
386 1305 464 1333 quam
475 1306 490 1324 a
502 1301 626 1334 serpente
641 1298 709 1332 fuge.

192 1343 259 1370 Car.
280 1343 399 1370 XXVIII.
419 1344 574 1371 Suntetiam
585 1343 705 1370 nonnulli
719 1343 763 1378 qui
778 1347 859 1370 totum
870 1349 947 1369 suum

155 1389 273 1416 fructum
290 1389 445 1416 existimant
458 1388 591 1416 Ecclesias
601 1392 628 1416 et
639 1389 800 1415 monasteria
815 1388 882 1415 miro
891 1395 949 1415 mo-

159 1434 195 1460 do
205 1438 232 1461 et
243 1441 325 1468 opere
340 1441 374 1462 ex
389 1441 534 1469 pauperum
550 1433 674 1460 mercede
686 1433 836 1461 :edilicare:
853 1433 880 1460 in
891 1432 949 1468 qui-

157 1480 207 1508 bus
218 1485 291 1508 tanta
307 1481 378 1516 viget
391 1480 533 1515 cupiditas,
549 1484 578 1507 ut
592 1484 691 1507 terram
701 1479 751 1507 sibi
762 1483 789 1507 et
801 1480 889 1507 omnia
902 1479 949 1507 de-

159 1527 238 1555 ﬁcere
252 1532 356 1562 putent.
372 1527 411 1554 Ibi
423 1534 481 1559 cor,
504 1526 540 1555 ibi
562 1533 648 1558 mens,
673 1526 709 1554 ibi
723 1533 831 1561 semper
844 1533 892 1553 sua
906 1530 949 1554 est

159 1574 295 1609 cogitatio,
311 1578 340 1600 ut
352 1573 439 1600 aliena
454 1573 556 1608 possint
569 1573 719 1608 exspoliare
732 1572 875 1607 marsupia.
893 1571 949 1600 llos

160 1620 225 1647 tales
235 1619 359 1648 Salvator
371 1620 509 1653 increpans
523 1627 530 1644 :
550 1618 594 1645 Vw
607 1618 685 1651 vobis,
697 1618 792 1653 inquit,
808 1618 851 1653 qui
864 1618 948 1652 redi/i-

160 1666 221 1693 cutis
242 1670 404 1692 monumenta
417 1665 615 1699 Prop/letarum.
630 1664 701 1692 Ecce
722 1664 767 1700 qui
788 1664 949 1692 monasteria

161 1711 302 1743 :edilicant,
318 1711 449 1738 Ecclesias
462 1711 528 1737 miro
542 1710 656 1737 artiﬁcio
668 1714 774 1745 aptant:
789 1710 888 1737 bonum
908 1710 949 1737 vi-

161 1755 255 1784 dentur
264 1764 331 1791 opus
341 1756 439 1783 facere.
456 1755 510 1783 Sed
523 1755 655 1790 siquidem
669 1754 879 1782 misericordiam
888 1762 950 1790 pau~

162 1803 267 1837 poribus
274 1802 384 1836 faciunt,
392 1802 491 1829 bonum
504 1805 554 1829 est.
568 1800 614 1828 Vis
628 1804 656 1828 ut
666 1808 733 1835 opus
746 1805 820 1827 tuum
833 1800 887 1827 Deo
899 1800 951 1834 pla-

162 1853 228 1881 ceat,
238 1850 277 1876 lac
291 1852 321 1876 ut
332 1848 367 1876 de
379 1847 431 1875 hoc
440 1854 569 1883 pauperes
583 1846 725 1881 gaudeant.
735 1845 810 1880 Quod
822 1845 967 1890 templum.

162 1898 202 1921 est
214 1893 269 1921 Deo
282 1892 381 1926 carius,
404 1900 483 1928 quam
497 1892 595 1919 homo?
608 1891 742 1927 Templum
763 1890 811 1918 Dei
824 1899 867 1918 vos
879 1891 947 1924 estis,

162 1938 245 1974 inquit
259 1938 416 1974 Apostolus.
430 1938 496 1966 Cum
511 1938 621 1973 pauperi
637 1945 745 1965 manum
761 1936 866 1970 tribuis,
889 1943 951 1964 cum

162 1984 219 2011 viro
238 1984 265 2011 in
280 1985 337 2011 suis
360 1984 565 2011 necessitatibus
584 1982 802 2011 subvenis:cum
817 1986 951 2010 errantem

163 2030 196 2057 ad
214 2031 282 2057 viam
296 2034 398 2058 rectam
419 2029 536 2061 reducis,
549 2036 567 2056 ο
579 2036 658 2064 quam
678 2028 836 2055 admirabile
849 2032 877 2056 et
895 2027 952 2055 Deo

164 2081 265 2112 gratum
281 2076 409 2112 templum
431 2075 586 2103 :edilicasti?
600 2074 703 2110 Frange
721 2075 841 2102 esurienti
862 2082 952 2110 panem

165 2128 232 2150 tuum
243 2131 252 2151 :
265 2128 288 2151 cl
298 2132 386 2159 egenos
399 2131 521 2158 vagosque
534 2123 611 2150 induc
624 2123 650 2149 in
661 2123 763 2150 domum
774 2127 854 2149 tuam.
868 2122 953 2150 Nemo

150 2164 195 2198 ’δα
209 2179 340 2198 excusans
360 2171 451 2197 dicat:
467 2177 520 2197 non
544 2169 629 2198 habeo
649 2169 719 2204 quod
740 2170 850 2205 pauperi
876 2169 952 2197 fratri

167 2216 288 2244 tribuam.
303 2217 331 2244 Si
345 2217 533 2244 vestimentum
545 2216 585 2244 vel
600 2216 698 2251 aliquid
722 2217 791 2244 ultra
806 2221 953 2244 extremam

167 2264 285 2299 possides
301 2264 505 2292 necessitatem:
519 2269 547 2292 et
557 2264 666 2300 pauperi
682 2263 810 2299 indigenti
826 2271 877 2291 non
890 2263 954 2292 sub-

167 2310 250 2343 venis,
262 2311 304 2337 fur
319 2317 348 2338 es
360 2314 387 2338 et
400 2310 478 2337 latro.
494 2309 602 2342 Sumus,
620 2310 785 2337 dilectissimi
801 2310 858 2343 lilii,
872 2310 898 2338 in
911 2317 955 2338 re-

167 2355 214 2383 bus
234 2356 426 2391 temporalibus
446 2356 533 2383 solum
554 2355 763 2390 dispensatores,
783 2361 810 2383 et
826 2364 877 2383 non
893 2363 956 2391 pos-

168 2408 295 2429 sossoms.
310 2401 337 2429 Si
352 2400 416 2436 quid
429 2400 603 2436 superﬂuum,
617 2408 671 2435 quo
685 2400 766 2428 frater
781 2406 855 2436 egeat
870 2401 956 2436 possi-

168 2447 270 2481 demus,
286 2447 414 2479 furamur,
430 2447 484 2474 imo
497 2446 573 2481 pejus
586 2453 665 2481 quam
686 2446 731 2481 qui
747 2446 848 2474 furatur
868 2447 955 2481 aliqua

169 2499 199 2520 ex
214 2493 301 2527 inopia
314 2497 342 2520 et
355 2493 537 2521 nccesssitate.
552 2492 603 2520 Iste
618 2497 720 2519 tantum
732 2492 800 2519 ultra
811 2493 956 2521 uecesaita-

170 2542 220 2565 tem
235 2539 342 2571 retinet,
357 2545 409 2573 quo
419 2543 526 2566 centum
541 2538 671 2571 viverent,
685 2538 729 2573 qui
741 2537 810 2565 fame
832 2544 955 2574 pereunt.

169 2584 215 2612 Ille
226 2586 270 2613 uni
286 2585 386 2613 furtum
398 2585 477 2613 facit:
494 2586 543 2613 iste
555 2590 603 2618 tot,
618 2589 684 2620 quot
699 2593 751 2612 nou
766 2585 900 2614 candonat
911 2593 957 2621 pa-

171 2631 295 2659 tientibus
308 2631 507 2659 necessitatem.
520 2630 596 2658 Dices
607 2630 676 2658 forte
689 2631 781 2664 miser,
796 2639 884 2659 memn
895 2637 955 2660 est:

170 2683 228 2703 nam
241 2677 290 2704 hoc
300 2676 459 2704 dimiserunt
473 2677 536 2704 mihi
551 2682 684 2711 parentes.
699 2677 840 2710 Quomodo
853 2679 898 2706 tibi
910 2687 958 2714 po-

172 2726 276 2750 tuerunt
290 2723 424 2750 dimittere
444 2722 514 2757 quod
536 2729 613 2749 suum
629 2731 681 2751 non
696 2724 772 2750 erat?
784 2724 833 2751 Ast
845 2725 867 2752 si
880 2732 957 2753 suum

171 2775 238 2801 erat,
259 2769 373 2804 inquies.
391 2767 465 2796 Unde
479 2768 644 2796 habuerunt?
658 2770 718 2804 quis
736 2769 810 2798 dedit
823 2771 880 2798 eis!
895 2772 957 2806 quid

172 2814 196 2842 in
208 2814 334 2842 mundum
347 2814 497 2846 venientes,
515 2815 740 2849 apportaverunt?
752 2817 814 2851 quid
829 2817 958 2845 receden-

173 2864 212 2888 tcr
224 2869 319 2890 sccuso
333 2860 439 2890 ferent?
455 2861 534 2889 Certe
547 2869 605 2895 qua:
619 2869 764 2896 pauperum
778 2864 955 2897 possidemus,

174 2906 199 2935 in
218 2908 260 2937 die
276 2908 370 2944 judicii
382 2915 471 2938 coram
488 2907 569 2936 oculis
582 2907 680 2937 diviam
691 2908 802 2945 justitia:
817 2910 958 2939 vindictam

687 190 863 225 EUSEBIUS,
883 190 928 218 DE
944 188 1062 218 HOR'I'E
1080 189 1278 219 HIERONYIII.

1410 179 1441 187 ’.ν

999 247 1201 275 exclamabunt.
1218 248 1269 281 Qui
1291 247 1364 275 habet
1383 256 1458 276 meres
1469 248 1600 283 dedicandi,
1620 249 1719 277 audiat.
1735 249 1787 283 Qui

997 293 1063 320 mihi
1085 301 1138 321 non
1153 293 1208 320 vult
1221 293 1348 321 credere:
1364 293 1415 321 heu
1436 301 1515 329 quam
1536 294 1652 329 graviter
1676 295 1786 328 sentiet,

997 346 1058 367 cum
1071 339 1170 367 divitia:
1182 346 1237 367 sua:
1250 338 1402 366 transierint
1413 339 1438 367 in
1449 344 1604 374 egestatem.

1032 385 1098 413 Cn.
1119 385 1217 413 XXIX.
1236 385 1293 413 Lex
1305 385 1434 413 naturalis
1455 385 1506 413 hoc
1520 386 1658 420 praecipit:
1675 390 1703 413 ut
1713 385 1787 421 quod

997 430 1031 459 ab
1041 431 1101 458 aliis
1115 431 1309 464 desideramus,
1325 430 1377 459 hoc
1397 430 1457 458 aliis
1477 430 1616 458 faciamus.
1630 432 1697 465 Quid
1711 430 1786 459 aliud

997 477 1040 505 lex
1054 482 1130 505 vetus
1145 477 1289 512 praedicat?
1300 478 1339 505 Ae
1355 476 1544 512 Evangelieam
1557 477 1707 505 doctrinam
1721 485 1786 512 per-

997 527 1124 550 cunctare
1143 523 1269 557 undique,
1285 523 1347 558 quid
1368 523 1440 551 aliud
1462 523 1587 551 insinuat.
1609 523 1678 552 Vere
1694 530 1786 551 eorum

998 567 1052 595 Deo
1060 567 1152 602 judice
1164 573 1243 596 erunt
1255 568 1415 596 testimonia.
1427 568 1496 602 Quid
1510 576 1575 603 ergo
1584 568 1673 596 dicam
1686 568 1721 596 de
1733 569 1784 601 his,

996 615 1041 649 qui
1056 615 1143 643 solum
1169 615 1270 650 lapides
1292 619 1463 650 congregant,
1486 619 1514 643 et
1534 621 1625 642 muros
1639 614 1746 649 erigunt
1760 614 1787 641 in
1822 626 1826 629 Α

995 660 1182 689 altitudinem:
1196 668 1309 695 quorum
1324 664 1365 688 est
1377 668 1425 688 cor
1438 664 1465 687 et
1474 659 1610 695 cogitatio,
1624 664 1654 687 ut
1664 659 1788 687 humanis

996 707 1081 734 oculis
1101 714 1170 741 opus
1181 706 1325 742 appareat?
1338 706 1476 734 Laudatur
1486 705 1646 734 aediﬁcium:
1661 710 1689 733 et
1704 709 1787 733 totam

997 752 1042 780 hic
1064 760 1140 780 suam
1154 753 1317 781 arbitrantur
1335 753 1488 789 justitiam?
1508 752 1577 781 Sunt
1600 753 1681 780 etiam
1705 752 1788 787 aliqui

996 799 1041 833 qui
1051 797 1085 826 de
1099 798 1200 833 rapinis
1210 803 1237 826 et
1248 806 1394 834 pauperum
1403 799 1500 827 sudore
1508 798 1660 827 oblationes
1672 802 1697 826 et
1711 797 1789 825 victi-

996 850 1055 871 mas
1071 843 1126 871 Deo
1137 843 1262 871 olferunt.
1276 844 1357 872 Tales
1372 844 1522 872 oblationes
1533 848 1596 871 ante
1608 843 1726 871 divinam
1733 842 1789 870 cle-

997 890 1124 917 mentiam
1142 897 1194 917 non
1220 897 1314 925 parum
1340 895 1401 917 sunt
1425 890 1632 918 abominabiles.
1654 888 1718 922 Quis
1733 892 1787 916 tam

997 935 1127 970 insipiens
1141 940 1192 969 est,
1208 940 1238 963 ut
1251 943 1303 963 non
1318 935 1445 971 intelligat
1455 935 1528 971 quod
1543 935 1604 962 talia
1614 934 1725 963 aedilicia
1733 940 1788 962 non

996 980 1092 1008 cedunt
1109 981 1142 1008 ad
1163 981 1209 1008 Dei
1221 981 1345 1016 gloriam,
1361 980 1408 1008 sed
1421 980 1455 1008 ad
1471 981 1562 1008 mundi
1577 987 1712 1015 pompam.
1733 978 1787 1007 Sed

997 1025 1020 1053 si
1031 1025 1091 1060 quis
1102 1025 1222 1053 diceret:
1234 1026 1303 1060 Quid
1322 1026 1407 1053 dicis?
1421 1025 1515 1053 Nonne
1529 1025 1627 1053 bonum
1642 1029 1684 1052 est
1702 1023 1789 1052 rediti-

998 1077 1060 1098 care
1084 1071 1258 1104 monasteria,
1283 1071 1353 1099 unde
1379 1072 1528 1099 Itonoretur
1541 1071 1629 1099 Deus?
1653 1070 1694 1098 Ad
1716 1069 1788 1106 quod

998 1123 1065 1150 ego:
1080 1116 1182 1143 Bonum
1195 1121 1246 1150 est,
1262 1116 1410 1144 dummodo
1423 1124 1554 1151 pauperes
1566 1116 1720 1144 violentiam
1735 1123 1789 1143 non

998 1161 1052 1188 sint
1066 1162 1155 1196 passi:
1171 1170 1222 1190 nec
1237 1162 1406 1197 interpellent
1425 1162 1509 1190 Deum
1530 1167 1624 1190 contra
1645 1169 1702 1189 eos.
1716 1161 1790 1196 Quo-

998 1207 1080 1235 modo
1102 1215 1212 1243 possum
1234 1208 1368 1235 mdiﬁeare
1389 1208 1497 1236 domum
1520 1208 1574 1236 Deo
1598 1208 1733 1242 placitam,
1747 1207 1789 1235 vel

998 1255 1099 1281 sanctis
1114 1254 1181 1289 ejus,
1198 1262 1230 1282 ex
1246 1254 1297 1281 illis
1307 1255 1428 1289 pecuniis
1441 1254 1475 1282 de
1487 1254 1584 1289 quibus
1591 1261 1722 1289 pauperes
1728 1254 1790 1289 plo-

998 1300 1076 1326 rant?
1089 1299 1181 1333 Qualis
1191 1299 1292 1334 justitia
1307 1304 1396 1334 potest
1415 1307 1475 1327 esse
1500 1307 1642 1327 munerare
1656 1303 1788 1332 mortuos,

998 1350 1025 1373 et
1038 1346 1155 1380 spoliare
1168 1346 1308 1374 viventes?
1325 1350 1352 1374 et
1365 1346 1398 1374 de
1412 1345 1555 1381 indigentia
1577 1353 1725 1380 pauperum
1748 1345 1790 1373 of-

998 1391 1068 1419 ferre
1080 1391 1155 1419 Deo?
1167 1391 1246 1419 Certe
1261 1392 1283 1419 si
1300 1391 1358 1419 haec
1373 1392 1490 1426 placeret
1507 1392 1562 1419 Deo
1581 1392 1695 1426 justitia,
1720 1391 1791 1419 foret

998 1436 1088 1464 socius
1101 1436 1244 1464 violentim.
1256 1436 1289 1464 Et
1300 1436 1322 1464 si
1332 1436 1421 1464 hauCa
1433 1437 1509 1465 nobis
1522 1437 1602 1464 vellet
1614 1436 1790 1468 oblationem,

998 1483 1123 1510 conscius
1137 1483 1212 1510 lieret
1227 1483 1254 1510 in
1268 1488 1390 1518 peccato.
1408 1484 1441 1510 At
1462 1484 1487 1511 si
1510 1483 1566 1511 Deo
1587 1483 1721 1516 displicet,
1736 1489 1791 1510 non

998 1533 1086 1563 potest
1101 1528 1208 1563 placere
1223 1529 1338 1557 Sanctis.
1362 1529 1419 1563 Qua
1439 1529 1473 1557 de
1496 1537 1536 1562 re,
1553 1529 1599 1556 filii
1614 1528 1790 1560 dilectissimi,

998 1574 1167 1609 deponentes
1180 1582 1287 1602 omnem
1303 1574 1442 1607 malitiam,
1457 1581 1564 1601 omnem
1583 1574 1686 1606 dolum,
1708 1578 1735 1601 et
1755 1573 1792 1601 si-

999 1619 1170 1653 mulationes,
1184 1624 1212 1647 et
1225 1619 1349 1652 invidias,
1364 1623 1392 1647 et
1404 1626 1499 1647 omnes
1511 1619 1708 1647 detractiones:
1722 1619 1792 1647 sicut

999 1666 1079 1694 modo
1091 1667 1173 1702 geniti
1188 1666 1304 1694 infantes
1327 1665 1485 1694 rationabile
1508 1665 1567 1694 sine
1586 1665 1649 1697 dolo
1671 1665 1712 1693 lac
1725 1674 1791 1694 con-

999 1712 1139 1747 cupiscite,
1152 1717 1181 1739 ut
1193 1712 1219 1740 in
1233 1720 1267 1740 eo
1279 1712 1408 1740 crescatis
1420 1712 1445 1739 in
1457 1712 1570 1740 salutem
1582 1722 1588 1740 :
1599 1712 1622 1739 si
1641 1716 1729 1739 tamen
1744 1719 1792 1747 gu~

999 1759 1086 1791 statis,
1099 1759 1225 1794 quoniam
1239 1758 1322 1785 dulcis
1333 1762 1374 1786 est
1386 1758 1523 1785 Dominus.

1035 1804 1099 1832 Car.
1121 1804 1206 1831 XXX.
1229 1803 1297 1831 Vere
1314 1803 1336 1830 si
1357 1810 1410 1830 non
1421 1803 1497 1830 eritis
1511 1803 1581 1830 sicut
1603 1803 1717 1837 parvuli,
1738 1811 1791 1831 non

1000 1850 1135 1878 intrabitis
1151 1850 1177 1877 in
1193 1856 1303 1884 regnum
1317 1848 1456 1876 caelorum.
1471 1847 1602 1875 Parvulus
1622 1848 1716 1875 videns
1732 1850 1792 1884 pul.

1000 1896 1094 1925 claram
1107 1896 1259 1928 mulierem,
1274 1902 1327 1921 non
1342 1894 1503 1922 delectatur.
1527 1892 1674 1921 Pretiosam
1690 1899 1792 1922 vestem

1002 1943 1119 1974 intuens,
1134 1949 1187 1969 non
1201 1940 1345 1969 desiderat.
1360 1940 1388 1967 In
1402 1939 1538 1967 iracundia
1552 1947 1605 1966 ncn
1620 1944 1792 1974 perseverat:

1001 1988 1082 2017 laesus
1096 1995 1149 2016 non
1171 1985 1338 2017 recordatur.
1362 1992 1411 2012 nec
1433 1984 1497 2012 odit.
1528 1984 1633 2012 Patrem
1656 1986 1792 2021 sequitur:

1003 2038 1115 2062 matrem
1128 2039 1179 2059 non
1200 2030 1309 2058 deserit.
1325 2029 1358 2057 Et
1369 2029 1429 2057 ideo
1440 2029 1530 2057 nullus
1542 2036 1572 2057 se
1584 2037 1693 2065 regnum
1707 2031 1794 2058 ctelo.

1003 2088 1062 2109 rum
1073 2080 1173 2114 cogitet
1183 2078 1325 2113 attingere,
1342 2077 1393 2104 nisi
1407 2076 1476 2104 hanc
1489 2077 1591 2111 parvuli
1612 2077 1792 2105 innocentiam

1003 2131 1031 2155 et
1044 2125 1240 2160 simplicitatem
1264 2124 1369 2151 imitare
1388 2122 1509 2151 studeat:
1526 2122 1551 2150 id
1575 2127 1625 2155 est,
1641 2124 1793 2152 castitatem

1004 2172 1114 2204 habere,
1129 2170 1256 2198 mundum
1277 2176 1414 2204 spernere,
1430 2168 1538 2195 fratrem
1554 2168 1674 2203 diligere;
1688 2169 1793 2203 patien-

1004 2218 1067 2246 tiatn
1082 2224 1235 2245 servarem:
1253 2220 1355 2251 patrem
1366 2214 1502 2242 Christum
1513 2214 1588 2249 sequi
1601 2224 1607 2241 :
1619 2220 1642 2241 et
1654 2214 1679 2241 itt
1693 2215 1795 2246 gremio

1004 2263 1099 2292 matris
1123 2262 1249 2290 Ecclesia:
1274 2268 1380 2295 semper
1404 2259 1568 2287 incumbere.
1585 2259 1618 2286 Et
1632 2261 1721 2287 exuite
1736 2268 1795 2294 vos,

1005 2309 1181 2341 dilec1issimi,
1194 2313 1311 2335 veterem
1322 2305 1457 2332 hominem
1472 2315 1479 2332 :
1495 2310 1522 2332 et
1532 2304 1633 2332 induite
1646 2312 1693 2332 vos
1706 2313 1795 2333 arma-

1005 2361 1064 2385 tura
1081 2355 1138 2387 Dei,
1161 2360 1187 2381 ut
1208 2353 1316 2389 possitis
1329 2357 1402 2379 stare
1416 2351 1545 2378 adversus
1561 2351 1671 2379 insidias
1685 2352 1795 2380 diaboli.

1007 2402 1133 2430 Diabolus
1157 2400 1221 2427 nihil
1248 2400 1273 2426 in
1298 2397 1397 2425 mmtdo
1412 2397 1538 2431 possidet.
1564 2397 1708 2432 Exspoliati
1733 2406 1796 2433 ergo

1006 2446 1149 2477 mundanis
1165 2454 1185 2473 r.
1195 2445 1246 2473 bus
1268 2442 1474 2475 momentaueis,
1489 2447 1516 2470 et
1531 2443 1585 2470 cito
1604 2443 1677 2470 velut
1695 2443 1795 2471 umbrat

1007 2493 1169 2525 labentibus,
1182 2498 1242 2518 cum
1260 2489 1359 2517 mundo
1369 2488 1500 2524 pugnetis.
1515 2488 1563 2521 Qui
1577 2493 1705 2516 oneratus
1717 2490 1792 2516 vesti-

1008 2541 1059 2568 bus
1071 2547 1131 2566 cutu
1142 2537 1250 2566 diabolo
1263 2537 1388 2568 luctatur,
1403 2535 1482 2562 citius
1492 2534 1525 2561 ad
1543 2539 1641 2562 terram
1656 2535 1798 2570 dejicitur:

1007 2587 1068 2622 quia
1083 2585 1152 2613 unde
1167 2589 1300 2615 teneatur,
1313 2582 1403 2610 habet.
1423 2581 1471 2608 Vis
1491 2581 1604 2609 ﬁrmiter
1619 2589 1678 2609 cum
1693 2582 1798 2609 diabolo

1007 2631 1152 2661 dimicare?
1168 2630 1329 2658 Vestimenta
1345 2628 1445 2663 projicc
1455 2635 1490 2655 ne
1502 2629 1669 2655 succumbas.
1681 2628 1798 2655 Terrena

1008 2686 1097 2707 omnia
1112 2680 1175 2705 sunt
1197 2675 1274 2711 quasi
1288 2674 1410 2710 qumdam
1431 2673 1552 2707 corporis
1567 2673 1732 2700 indumenta.
1748 2673 1799 2705 Qui
1842 2683 1846 2687 ~

1008 2724 1075 2753 nihil
1088 2721 1214 2758 possidet,
1235 2720 1313 2748 citius
1325 2720 1423 2747 vincet.
1445 2719 1525 2745 Arma
1538 2722 1627 2745 vestra
1643 2718 1799 2752 pugnaturis

1009 2771 1062 2798 sint
1074 2769 1194 2801 castitas,
1204 2766 1342 2802 patientia,
1354 2764 1500 2796 humilitas,
1511 2768 1538 2790 et
1547 2763 1655 2790 caritas.
1667 2762 1728 2788 llmc
1737 2767 1798 2789 sunt

1009 2823 1085 2844 arma
1109 2815 1238 2842 adversus
1261 2810 1393 2839 versutias
1414 2808 1523 2840 diaboli,
1547 2808 1643 2842 quibus
1667 2806 1689 2834 si
1705 2808 1799 2836 muniti

1010 2861 1125 2894 fueritis,
1137 2859 1283 2894 aceingetis
1295 2854 1451 2884 fortitudine
1466 2853 1571 2880 lumbos
1585 2856 1698 2883 vestros,
1712 2857 1738 2878 et
1754 2861 1798 2880 ro.

1013 2909 1143 2942 l-errliitis
1157 2905 1295 2936 brachium
1315 2906 1444 2931 vestrum.
1464 2898 1602 2928 Fortitudo
1616 2902 1643 2926 et
1657 2897 1738 2926 dt-cor
1758 2900 1798 2928 in.
