4052 6338
415 437 738 496 dumentum
766 436 1010 488 Vestrum
1033 427 1169 486 erit:
1205 435 1401 484 etcum
1423 427 1578 483 eritis
1603 427 1655 481 in
1685 425 1894 497 prcclio‘,
1925 424 2004 478 ri-

422 528 644 599 debitis.
673 525 788 582 Non
817 523 1072 580 timebitis
1099 535 1131 578 ι
1161 519 1446 593 frigoribus
1465 519 1636 574 nivis:
1664 527 1719 574 et
1743 531 1870 572 vere
1888 514 2008 570 fan-

422 620 545 675 data
573 618 678 674 erit
704 616 897 673 domus
934 623 1112 671 vestra
1151 627 1315 682 super
1353 611 1560 666 firmam
1604 618 1836 680 petram,
1884 620 2005 678 qua:

425 710 670 767 Christus
695 717 798 765 est.
1014 736 1024 745 -
1857 695 1860 698 ’

370 811 372 814 ’
491 800 623 856 Car.
667 798 863 854 XXXI.
902 797 1063 854 Ensis
1099 795 1317 863 diaboli,
1349 793 1555 850 luxuria
1591 799 1694 848 est.
1730 790 1845 847 Heu
1873 798 2004 860 quot

421 891 513 945 illa
569 888 824 946 interficit
867 888 1178 958 romphaea?
1206 886 1323 941 Non
1350 893 1432 940 est
1455 882 1669 954 aliquod
1702 889 2001 952 peccatum,

417 999 528 1056 quo
550 983 709 1039 toties
734 981 978 1039 diabolus
1003 980 1176 1035 victor
1202 978 1418 1034 existat.
1467 976 1659 1046 Fugite
1689 973 1953 1057 luxuriam
1985 988 2000 1025 :

419 1091 546 1133 nam
576 1075 717 1132 sicut
763 1074 1040 1146 virginitas
1087 1071 1366 1129 hominem
1414 1079 1593 1142 aequat
1624 1067 1861 1139 Angelis,
1893 1066 2000 1122 imo

423 1168 546 1238 plus
565 1183 688 1224 eum
717 1166 846 1223 facit
870 1181 1031 1238 quam
1059 1165 1358 1236 Angelum:
1391 1164 1463 1218 ita
1491 1161 1698 1216 luxuria
1727 1158 2004 1214 hominem

419 1259 539 1329 plus
567 1273 726 1330 quam
753 1257 1039 1324 bestificat,
1068 1265 1143 1322 et,
1175 1265 1235 1311 ut
1255 1256 1324 1310 ita
1347 1255 1542 1320 dicam,
1568 1253 1736 1308 multo
1766 1251 2002 1322 peiorem

421 1351 592 1408 bestia
617 1366 741 1406 eum
767 1349 953 1407 efficit.
989 1350 1064 1406 De
1085 1350 1232 1404 nullo
1259 1348 1368 1404 alio
1390 1346 1820 1419 peccatolegi‘tur
1837 1346 2002 1400 Deum

419 1442 646 1509 dixisse,
689 1457 749 1498 se
790 1442 1052 1513 pteuitere
1095 1440 1288 1497 fecisse
1330 1440 1628 1495 imminent.
1662 1437 1789 1493 Haec
1819 1436 2008 1508 hujus-

418 1532 568 1588 modi
614 1532 739 1590 facit
774 1548 973 1605 Opera:
992 1548 1194 1604 corpus
1224 1531 1488 1597 debilitat,
1517 1540 1573 1588 et
1610 1531 1762 1602 quasi
1792 1544 2006 1600 semper

419 1637 545 1678 cum
574 1633 748 1681 morte
767 1625 1017 1691 destruit,
1042 1623 1236 1679 famam
1273 1623 1537 1694 denigrat,
1570 1621 1841 1692 marsupia
1881 1635 2005 1678 eva-

420 1727 566 1786 euat,
594 1717 734 1774 furta
757 1719 994 1785 instruit,
1026 1718 1311 1775 homicidia
1339 1725 1546 1782 causat,
1570 1716 1886 1772 memoriam
1913 1715 2008 1770 he-

420 1811 590 1878 betat,
619 1827 715 1868 cor
740 1812 937 1879 aufert,
964 1811 1151 1868 oculos
1178 1811 1458 1881 utriusque
1485 1809 1717 1864 hominis
1745 1816 1931 1874 cmeat,
1947 1817 2007 1864 et

420 1917 534 1976 prae
579 1907 792 1961 caeteris
822 1905 1058 1975 peccatis
1088 1904 1220 1959 iram
1241 1903 1346 1958 'Dei
1393 1909 1664 1972 provocat.
1700 1901 1774 1956 Ex
1827 1900 2006 1956 radice

421 1996 560 2065 gulze
588 1997 776 2052 oritur.
817 1995 922 2051 Pro
969 1995 1118 2051 nullo
1169 1994 1278 2049 alio
1319 2003 1468 2050 reatu
1513 2001 1620 2048 tam
1669 1991 2005 2047 manifestam

421 2083 678 2160 justitiam
708 2088 949 2144 exercuit
981 2087 1120 2143 Deus
1147 2087 1264 2141 sine
1293 2084 1687 2150 misericordia,
1718 2099 1876 2154 quam
1909 2096 2006 2152 pro

421 2179 547 2235 isto.
598 2177 823 2248 Propter
868 2177 972 2234 hoc
1019 2192 1248 2248 namque
1294 2185 1571 2247 peccatum
1619 2175 1814 2246 legitur
1866 2167 2006 2231 Deits

422 2268 624 2325 mundo
657 2269 938 2325 induxisse
978 2267 1262 2334 diluvium,
1288 2266 1574 2324 Sodomam
1607 2274 1663 2321 et
1686 2265 2003 2322 Gomorram

423 2360 806 2426 eombussisse,
837 2369 893 2416 et
937 2360 1136 2414 multos
1181 2359 1318 2414 alios
1363 2357 1606 2412 homines
1648 2356 2003 2412 interemisse.

424 2451 540 2506 Iloe
566 2459 680 2507 rete
705 2450 903 2505 diaboli
925 2468 938 2505 :
959 2451 1005 2506 si
1032 2451 1153 2520 quis
1179 2450 1281 2504 hoc
1309 2449 1540 2519 capitur,
1566 2461 1676 2502 non
1704 2447 1810 2502 eito
1840 2447 2004 2502 solvi-

426 2552 530 2598 tur.
562 2542 618 2596 In
644 2543 746 2597 isto
772 2551 946 2596 tamen
971 2543 1119 2612 gravi
1149 2543 1357 2612 prtelio,
1391 2557 1550 2597 nemo
1572 2549 1745 2610 potest
1767 2541 2004 2608 vincere,

430 2635 536 2690 nisi
565 2634 761 2704 fugiat:
797 2650 954 2690 nemo
973 2642 1152 2705 potest
1171 2633 1400 2690 ﬁrmiter
1425 2634 1736 2704 perdurare,
1767 2633 1869 2688 nisi
1896 2645 2011 2689 car-

429 2741 554 2780 nem
573 2726 771 2780 domet.
800 2725 904 2793 Qui
933 2726 1057 2780 vino
1079 2726 1268 2794 utitur,
1294 2726 1469 2796 ignem
1494 2734 1672 2797 portat
1697 2726 1749 2780 in
1783 2727 2007 2796 gremio.

431 2814 628 2883 Nolite,
678 2817 854 2885 inquit
901 2816 1210 2884 Apostolus,
1260 2816 1497 2872 inebriari
1542 2817 1680 2882 vino,
1711 2817 1764 2871 in
1809 2831 1908 2888 quo
1936 2825 2010 2871 est

431 2905 657 2962 luxuria.
691 2905 805 2960 Iloc
833 2906 1077 2975 pra-lium
1106 2920 1213 2960 non
1243 2907 1560 2974 sustinetur,
1593 2906 1696 2962 nisi
1740 2909 1794 2962 In
1844 2906 2011 2962 absti-

431 2997 611 3055 nentia
633 3005 689 3052 et
715 2996 940 3066 jejunio.
974 2997 1166 3052 Vinum
1214 3006 1393 3064 nocet,
1435 2995 1530 3052 sed
1557 2998 1732 3052 vultus
1761 2997 2010 3067 centuplu

431 3090 600 3158 magis
627 3089 933 3144 mulierum.
976 3088 1180 3162 Mulier
1200 3087 1398 3144 diaboli
1449 3088 1640 3160 sagitta
1684 3100 1788 3156 est,
1825 3100 1930 3159 qua
1956 3088 2009 3143 in

431 3178 692 3234 luxuriam
729 3178 892 3233 homo
920 3179 1030 3234 cito
1060 3178 1308 3234 trahitur.
1343 3179 1529 3235 Nullus
1553 3180 1606 3234 in
1638 3179 1741 3236 hoc
1779 3180 2014 3236 confidat

432 3269 635 3323 vivens.
685 3266 742 3322 Si
781 3277 1001 3324 sanctus
1030 3284 1110 3335 es,
1140 3285 1240 3326 nec
1267 3278 1442 3326 tamen
1469 3285 1696 3326 securus
1719 3285 1799 3326 es.
1827 3271 2013 3326 Mulier

431 3359 530 3414 viri
561 3358 848 3429 pretiosam
883 3361 1115 3414 animam
1159 3362 1317 3432 rapit.
1370 3361 1638 3432 Numquid
1681 3361 2014 3417 abscondere

433 3456 608 3519 potest
637 3447 800 3503 homo
828 3449 1004 3519 ignem
1033 3450 1086 3504 in
1125 3453 1245 3506 sinu
1285 3465 1405 3517 suo,
1436 3461 1495 3507 ut
1522 3452 1841 3507 vestimenta
1873 3452 2015 3506 illius

433 3555 540 3599 non
564 3541 820 3596 ardeant?
836 3549 927 3595 aut
943 3541 1221 3597 ambulare
1242 3557 1405 3612 super
1421 3536 1640 3612 prunas,
1663 3553 1720 3598 ut
1737 3559 1840 3599 non
1867 3558 2014 3600 com-

436 3633 699 3688 burantur
721 3631 914 3701 planta:
938 3631 1088 3701 ejus?
1116 3631 1286 3687 llomo
1303 3641 1358 3688 et
1373 3633 1583 3700 mulier,
1604 3632 1741 3702 ignis
1761 3642 1815 3689 et
1841 3634 2013 3705 palea.

435 3722 688 3778 Diabolus
733 3737 1003 3793 nunquam
1034 3722 1286 3779 insuflare
1325 3731 1521 3790 cessat,
1568 3733 1626 3778 ut
1666 3724 2011 3780 accendatur.

433 3813 603 3884 Ilujns
631 3813 796 3883 prmlii
824 3828 1094 3884 nunquam
1134 3812 1224 3868 fiet
1250 3813 1437 3879 victor,
1475 3813 1577 3870 nisi
1609 3813 1833 3885 fugiens.
1867 3815 2016 3870 Nun-

433 3920 594 3976 quam
620 3906 735 3960 viro
755 3919 876 3960 cum
901 3905 1124 3960 muliere
1151 3908 1256 3960 sint
1278 3905 1434 3976 longa
1459 3905 1746 3976 colloquia.
1785 3906 1911 3961 Sola
1940 3906 2016 3961 si-

435 3997 548 4052 mul
571 3997 710 4067 loqui
734 3995 891 4052 faciat
915 3998 1234 4052 necessitas.
1262 3995 1357 4052 Vir
1378 3997 1618 4053 mulieris
1645 4008 1836 4052 cuncta
1867 4012 2020 4066 sper-

439 4097 533 4142 nat
561 4087 898 4154 muuuscula,
927 4096 983 4142 et
1009 4085 1198 4142 blanda
1220 4088 1404 4151 verba,
1431 4087 1478 4141 si
1513 4103 1620 4142 non
1663 4087 1774 4142 vult
1795 4089 2020 4143 luxuria:

440 4178 560 4248 capi
589 4177 810 4247 laqueis.
837 4177 1005 4231 Tanta
1035 4177 1107 4231 sit
1136 4177 1273 4232 inter
1300 4176 1472 4231 virum
1493 4185 1548 4231 et
1574 4176 1852 4232 mulierem
1879 4178 2018 4232 rari-

439 4279 546 4335 tas,
572 4276 628 4322 ut
657 4268 793 4322 alter
823 4267 1045 4324 alterius
1073 4282 1270 4322 nomen
1301 4269 1522 4324 nesciat.
1549 4268 1770 4324 Plurimi
1791 4271 2021 4325 sanctis-

443 4359 565 4414 simi
589 4359 698 4430 jam
725 4358 1037 4414 ceciderunt
1061 4358 1166 4414 hoc
1192 4358 1342 4423 vitio,
1372 4367 1592 4430 propter
1617 4360 1833 4414 nimiam
1869 4375 2024 4417 secu-

444 4450 681 4508 ritatem.
711 4449 993 4519 Timeatis,
1019 4451 1133 4518 filii,
1163 4450 1206 4506 si
1237 4451 1290 4504 in
1319 4450 1439 4506 aliis
1464 4451 1698 4522 peccatis
1728 4452 2020 4508 timendum

443 4549 561 4595 est:
591 4540 644 4594 in
676 4541 778 4596 isto
807 4541 978 4596 multo
1016 4541 1167 4612 plus;
1209 4540 1305 4597 sed
1335 4556 1462 4597 vere
1491 4541 1700 4598 dicam:
1729 4542 1898 4600 Ilodic
1925 4545 2025 4599 sub

442 4630 835 4701 spiritualitatis
867 4634 1105 4701 nomine,
1138 4623 1334 4689 novum
1364 4634 1424 4689 fit
1464 4635 1830 4692 fornicationis
1858 4652 2024 4708 genus

443 4735 474 4774 a
505 4720 764 4789 pluribus.
793 4721 906 4776 Ileu
934 4722 1058 4792 quid
1095 4724 1396 4792 proferam?
1439 4725 1606 4780 Hodie
1636 4741 1741 4781 non
1767 4742 2027 4783 verecun-

443 4812 640 4866 dautur
667 4811 935 4880 homines,
965 4814 1205 4884 quinimo
1243 4816 1561 4886 gloriantur,
1591 4834 1712 4874 cum
1743 4821 2026 4877 malefac-

448 4903 577 4958 riut.
609 4901 869 4972 Aliqualis
891 4903 943 4957 in
972 4905 1284 4961 mulieribus
1311 4907 1450 4976 viget
1477 4911 2027 4982 verecundia,quam-

445 5007 608 5063 quam
639 5007 834 5061 parva:
865 4993 956 5048 sed
990 4994 1042 5048 in
1084 4995 1211 5050 viris
1250 4996 1322 5050 ita
1361 4996 1478 5052 hzec
1505 4999 1676 5054 crevit
1712 5002 1931 5065 malitia,
1972 5012 2027 5056 ut

451 5083 542 5137 ille
570 5091 781 5152 putetur
809 5083 1086 5152 insipiens,
1115 5084 1206 5154 qui
1237 5085 1539 5156 lmjusmodi
1571 5089 1763 5146 doctus
1791 5108 1895 5147 non
1921 5103 2025 5148 est.

450 5174 587 5242 Quid
617 5175 802 5244 plura?
825 5174 950 5230 Hzcc
974 5191 1069 5230 sua
1094 5185 1179 5230 est
1215 5175 1499 5244 festivitas,
1543 5179 1658 5236 tunc
1683 5183 1856 5237 omnis
1887 5199 2026 5254 pra:-

450 5265 667 5321 dicatio.
696 5263 779 5321 0b
817 5265 922 5321 hoc
962 5265 1302 5336 frequentant
1344 5267 1628 5338 Ecclesias,
1677 5283 1732 5328 ut
1781 5277 2030 5332 mulieres

450 5355 686 5424 videant,
717 5365 772 5412 et
799 5371 982 5412 earum
1023 5365 1242 5414 utantur
1277 5360 1591 5432 colloquiis:
1616 5377 1876 5435 quatenus
1909 5369 2031 5424 inde

450 5449 674 5505 luxuria:
696 5450 923 5521 amplius
943 5461 1150 5508 crescat
1167 5455 1452 5524 appetitus.
1474 5456 1578 5512 Sed
1610 5458 1737 5529 quid
1762 5460 1842 5513 vir
1869 5461 2032 5516 miser

451 5539 698 5608 gloriaris
730 5541 783 5597 in
810 5541 1009 5598 malitia
1041 5543 1176 5599 ista?
1211 5545 1372 5602 Forte
1397 5549 1520 5619 quia
1546 5559 1738 5623 potens
1760 5565 1819 5604 es
1842 5552 1893 5604 in
1925 5551 2032 5605 ini-

451 5632 688 5698 quitate?
717 5634 976 5706 Centuplo
1018 5635 1136 5707 plus
1176 5652 1388 5709 peccas,
1407 5653 1575 5708 quam
1602 5638 1816 5693 mulier.
1846 5639 2032 5696 Mulier

452 5723 650 5792 mollis,
679 5733 733 5780 et
757 5732 812 5782 tu
835 5726 1025 5789 fortem
1054 5737 1105 5787 te
1135 5729 1432 5786 existimas.
1459 5727 1550 5786 Illa
1580 5727 1635 5784 in
1662 5727 1824 5785 domo
1844 5730 2026 5790 sedet:

1403 351 1406 356 -
1461 308 1816 378 EUSEBIUS,
1858 309 1947 365 DE
1982 307 2218 365 MORTE
2259 301 2656 364 IIIERONYMI.

3581 297 3689 361 260

2113 430 2171 478 et
2195 432 2249 477 tu
2275 421 2516 492 vagando
2543 421 2688 477 mille
2717 419 2890 478 modis
2916 436 3034 478 eam
3063 421 3343 493 illaqueas,
3374 429 3429 478 et
3448 422 3694 494 aliquan-

2109 513 2182 570 do
2209 529 2328 570 eam
2351 518 2520 584 cogis,
2547 523 2605 568 ut
2628 515 2679 569 vi
2704 513 2883 571 faciat.
2913 515 3037 570 Ilaec
3071 529 3191 570 eum
3224 514 3374 582 facis,
3399 515 3524 586 quia
3548 515 3691 571 Deus

2109 613 2280 661 tacet:
2315 613 2368 660 tu
2412 605 2634 676 cogitas,
2684 605 2823 675 quod
2869 606 2940 660 sit
2989 605 3081 660 tibi
3136 605 3347 660 similis.
3375 605 3484 660 Sed
3513 606 3693 660 veniet

2106 703 2322 767 tempus
2348 711 2454 766 quo
2480 706 2670 768 arguet
2691 705 2764 764 te,
2788 706 2842 752 et
2861 706 3058 752 statuet
3079 705 3264 753 contra
3294 695 3488 752 faciem
3517 705 3687 752 tuam.

2105 785 2280 853 Unde,
2313 787 2428 854 filii,
2452 796 2624 844 estote
2653 787 2940 858 prudentes
2967 789 3106 843 sicut
3138 800 3441 860 serpentes,
3475 799 3530 845 et
3557 791 3689 844 sim-

2052 875 2062 890 "
2105 877 2272 948 plices
2301 878 2441 933 sicut
2465 878 2746 944 columbte,
2794 889 2850 934 et
2888 890 3118 949 pugnate
3145 880 3371 935 viriliter
3395 895 3515 935 cum
3549 882 3691 935 anti-

2105 984 2213 1038 quo
2239 977 2509 1040 serpente.
2540 969 2658 1025 Sint
2680 969 2844 1026 lumbi
2867 972 3029 1027 vestri
3049 972 3347 1041 przrcincti,
3375 982 3431 1028 et
3459 973 3692 1028 lucerna:

2105 1057 2360 1115 ardentes
2404 1060 2459 1116 in
2499 1061 2750 1117 manibus
2774 1061 3004 1118 vestris:
3034 1070 3090 1118 et
3120 1072 3245 1119 tunc
3272 1063 3496 1120 viriliter
3523 1066 3684 1134 agite,

2103 1159 2160 1206 et
2187 1151 2632 1209 conforteturcor
2657 1163 2929 1211 vestrum:
2953 1157 3205 1227 quoniam
3239 1157 3316 1211 illi
3344 1158 3432 1227 qui
3455 1159 3690 1213 debella-

2107 1242 2235 1297 bant
2260 1258 2375 1311 vos,
2423 1245 2717 1301 timebunt:
2748 1255 2803 1302 et
2836 1247 2892 1301 in
2939 1247 3047 1302 Deo
3085 1240 3296 1303 facietis
3324 1249 3575 1305 virtutem
3596 1259 3613 1304 ':
3635 1259 3692 1306 et

2063 1347 2068 1349 ‘
2107 1334 2224 1406 ipse
2246 1335 2314 1392 ad
2343 1337 2570 1392 nihilum
2594 1337 2825 1394 deducet
2853 1337 3168 1396 tribulantes
3191 1354 3307 1396 vos.

2177 1427 2304 1483 CAP.
2347 1429 2564 1485 XXXII.
2606 1430 2907 1486 Praedilecti
2932 1431 3058 1498 mei,
3085 1430 3289 1503 diligite
3310 1446 3406 1488 vos
3435 1433 3685 1489 invicem.

2105 1518 2222 1576 Non
2253 1522 2396 1576 enim
2427 1523 2610 1593 accepi
2640 1521 2744 1578 hoc
2789 1522 2857 1579 ab
2889 1523 3126 1590 homine,
3175 1523 3269 1579 sed
3314 1538 3344 1578 a
3387 1523 3686 1581 Salvatore.

2109 1610 2224 1666 Hoc
2251 1621 2345 1679 est,
2371 1612 2557 1684 inquit,
2591 1623 2898 1684 prwceptum
2925 1631 3115 1682 meum,
3135 1616 3429 1687 utditigatis
3453 1616 3684 1672 invicem.

2107 1701 2164 1757 In
2194 1703 2310 1759 sola
2340 1702 2627 1760 dilectione
2651 1705 2893 1760 omnium
2919 1706 3172 1761 virtutum
3201 1705 3338 1761 bona
3364 1707 3685 1762 consistunt.

2104 1793 2258 1852 Sicut
2300 1811 2365 1852 ex
2407 1811 2510 1851 una
2536 1795 2715 1853 radice
2741 1798 2894 1854 multi
2924 1807 3121 1854 exeunt
3147 1797 3316 1853 rami:
3347 1799 3426 1855 sic
3453 1813 3520 1854 ex
3547 1800 3690 1855 cari-

2109 1896 2216 1942 tate
2241 1901 2431 1944 omnes
2452 1899 2779 1959 generantur
2806 1890 3054 1944 virtutes.
3085 1884 3146 1944 Si
3177 1890 3366 1960 linguis
3403 1891 3688 1958 hominum,

2107 1978 2280 2049 inquit
2303 1980 2611 2048 Apostolus,
2639 1980 2868 2051 loquerer
2891 1991 2938 2036 et
2960 1980 3288 2052 Angelorum,
3313 1983 3358 2036 si
3380 1998 3577 2037 onmem
3597 1983 3690 2037 Ita-

2105 2069 2260 2126 buero
2289 2070 2640 2142 Prophetiam,
2665 2081 2710 2127 et
2732 2088 2915 2127 novere
2939 2074 3178 2143 mysteria
3199 2074 3390 2142 onmia,
3419 2084 3465 2128 et
3493 2091 3691 2129 omnem

2106 2161 2393 2229 scientiam,
2442 2171 2490 2216 et
2533 2164 2577 2217 si
2622 2163 2846 2218 habuero
2873 2179 3072 2218 onmem
3114 2164 3290 2233 ﬁdem,
3320 2165 3392 2218 ita
3417 2174 3471 2220 ut
3499 2177 3690 2220 montes

2107 2257 2436 2325 transferam,
2465 2254 2728 2308 caritatem
2773 2262 2942 2308 autent
2984 2271 3085 2309 non
3137 2254 3370 2324 habeam,
3399 2255 3530 2309 nihil
3553 2267 3686 2310 sum.

2106 2343 2209 2410 Qui
2237 2359 2420 2399 veram
2453 2344 2617 2400 habet
2641 2344 2944 2414 caritatem,
2977 2345 3237 2416 benignus
3260 2355 3348 2401 est
3382 2355 3438 2402 et
3459 2347 3686 2417 patiens.

2108 2432 2203 2490 Ille
2228 2449 2410 2489 veram
2436 2434 2598 2490 habet
2613 2435 2912 2499 caritatem,
2941 2435 3031 2505 qui
3057 2449 3163 2490 non
3193 2443 3395 2491 tantum
3415 2437 3690 2507 proximos

2107 2525 2278 2598 diligit
2318 2542 2416 2598 per
2443 2526 2693 2582 affectum
2722 2527 3055 2598 cognationis
3083 2535 3138 2583 et
3167 2527 3366 2594 carnis,
3399 2528 3538 2582 sicut
3565 2525 3690 2583 eth-

2109 2619 2214 2674 nici
2261 2628 2316 2674 et
2360 2619 2626 2689 publicani
2656 2619 2875 2687 faciunt,
2923 2619 3018 2676 sed
3061 2619 3132 2674 ita
3173 2618 3344 2691 diligit
3392 2619 3688 2685 inimicum,

2109 2711 2246 2766 sicut
2269 2712 2520 2766 amicum.
2549 2712 2607 2767 In
2650 2711 2753 2767 hoc
2792 2729 2901 2768 uno
2933 2722 3111 2783 potest
3135 2712 3296 2768 homo
3322 2728 3613 2784 agnoscere
3643 2714 3690 2767 si

2111 2811 2292 2857 manet
2319 2803 2372 2858 in
2399 2804 2643 2870 caritate,
2675 2802 2720 2858 si
2751 2804 2818 2858 ab
2846 2819 2911 2859 eo
2939 2803 3195 2875 diligitur,
3229 2805 3318 2876 qui
3357 2805 3406 2862 ei
3434 2804 3689 2860 adversa-

2112 2901 2218 2948 tur.
2261 2893 2421 2949 Certe
2453 2893 2537 2950 hic
2563 2894 3012 2966 quamplurimum
3034 2895 3563 2951 animadvertendum
3584 2899 3688 2949 est.

2109 2984 2247 3042 Sunt
2275 2987 2652 3056 quamplurimi
2685 2987 2774 3057 qui
2799 2986 3046 3058 diligunt,
3092 2987 3186 3043 sed
3216 2987 3374 3043 male.
3396 2987 3456 3044 In
3486 2992 3691 3041 tantum

2111 3081 2255 3136 enim
2284 3079 2518 3150 aliquem
2545 3079 2792 3150 diligunt,
2837 3089 2893 3135 ut
2933 3080 3274 3136 dilectionem
3320 3078 3414 3136 Dei
3441 3080 3689 3152 perdant.

2111 3170 2212 3240 Qui
2241 3171 2442 3243 aliquid
2468 3187 2626 3242 supra
2649 3172 2813 3228 Deum
2840 3171 3088 3244 diligunt,
3109 3173 3220 3230 Deo
3239 3189 3346 3229 non
3371 3184 3498 3229 sunt
3523 3169 3689 3245 digni.

2113 3263 2170 3317 In
2200 3264 2408 3318 cunctis
2438 3263 2722 3318 virtutibus
2765 3264 3057 3335 requiritur
3095 3265 3469 3336 temperantia.
3513 3265 3694 3322 Virtus

2113 3371 2328 3428 semper
2356 3357 2464 3412 vult
2487 3357 2737 3412 medium.
2775 3358 2943 3413 Nimis
2963 3358 3188 3430 diligere
3217 3341 3414 3414 malum
3455 3367 3557 3427 est,
3588 3355 3692 3413 mi-

2113 3466 2214 3505 nus
2236 3433 2461 3521 diligere
2485 3451 2683 3505 malum
2707 3459 2808 3516 est,
2831 3451 2926 3506 sed
2959 3461 3016 3505 ut
3035 3451 3125 3521 jus
3151 3451 3315 3522 exigit
3334 3448 3577 3522 diligere,
3598 3451 3694 3505 bo—

2113 3558 2240 3597 num
2265 3552 2370 3598 est.
2392 3541 2580 3596 Omnis
2600 3540 2820 3597 dilectio
2845 3557 2966 3612 qua:
2996 3549 3152 3598 nocet
3181 3541 3391 3597 vitanda
3423 3551 3520 3597 est.
3558 3540 3664 3595 Pro
3681 3569 3697 3582 ο

2117 3641 2235 3702 pter
2264 3632 2482 3686 nimiam
2526 3631 2870 3687 dilectionem
2900 3633 3062 3702 aliqui
3094 3633 3145 3686 in
3177 3633 3436 3688 luxuriam
3479 3630 3696 3686 cecide-

2093 3734 2274 3789 runt;
2303 3731 2520 3794 propter
2547 3723 2836 3790 modicam,
2877 3723 3039 3794 aliqui
3071 3723 3123 3778 in
3173 3723 3422 3778 invidiam
3460 3722 3698 3776 devene-

2116 3823 2275 3870 runt:
2309 3814 2460 3869 multi
2491 3814 2765 3870 orationes
2805 3823 2860 3868 et
2911 3813 3005 3869 Dei
3049 3813 3304 3885 obsequia
3357 3812 3694 3868 dimiserunt.

2120 3906 2233 3961 Iloc
2258 3906 2456 3976 quippe
2481 3907 2592 3976 agit
2619 3905 2919 3976 superfluus
2966 3921 3141 3973 amor,
3194 3916 3250 3960 ut
3297 3922 3454 3976 quem
3503 3901 3697 3974 diligit,

2119 4011 2334 4065 semper
2355 3995 2537 4051 videre
2553 3995 2734 4052 vellet.
2757 3995 2964 4052 Nimius
2989 4006 3043 4051 et
3067 3997 3260 4051 stultus
3277 4005 3360 4052 est
3378 3996 3496 4050 talis
3512 4011 3663 4048 amor
3685 4011 3696 4046 :

2121 4089 2330 4158 ignorat
2373 4087 2635 4158 siquidem
2657 4086 2919 4156 justitiam
2947 4097 3001 4142 et
3027 4088 3328 4156 veritatem,
3374 4087 3580 4142 ratione
3609 4101 3700 4140 ra-

2122 4187 2226 4244 rct,
2253 4177 2474 4232 modum
2492 4176 2682 4241 nescit,
2707 4192 2881 4248 neque
2897 4177 3040 4232 aliud
3065 4178 3302 4248 cogitare
3333 4185 3526 4248 potest,
3544 4190 3702 4248 quam

2123 4267 2266 4338 quod
2286 4266 2481 4338 diligit.
2505 4268 2676 4322 Amor
2695 4267 2798 4322 iste
2825 4281 2930 4322 non
2957 4269 3153 4339 accipit
3180 4269 3248 4324 de
3275 4269 3706 4338 impossibilitate

2124 4359 2401 4424 solatium,
2433 4374 2610 4430 neque
2653 4375 2720 4416 ex
2749 4359 3068 4416 difficultate
3099 4361 3417 4417 remedium.
3450 4361 3706 4432 lmpossi-

2090 4474 2096 4479 λ
2125 4451 2232 4508 bile
2244 4461 2330 4507 est
2346 4451 2642 4520 hominem,
2661 4452 2751 4524 qui
2770 4453 2926 4508 talem
2945 4452 3105 4508 habet
3127 4468 3388 4522 amorem,
3415 4453 3524 4510 Deo
3551 4468 3708 4524 posse

2090 4569 2098 4572 —
2126 4543 2484 4612 acceptabiles
2523 4545 2797 4600 orationes
2826 4543 3025 4608 facere,
3052 4554 3144 4598 aut
3171 4544 3404 4615 placere.
3433 4544 3531 4599 llic
3557 4557 3710 4617 amor

2130 4652 2234 4691 non
2259 4646 2346 4692 est
2363 4637 2582 4704 caritas,
2609 4636 2704 4692 sed
2731 4638 2976 4692 stultitia.
2995 4637 3194 4692 Omnes
3213 4647 3426 4692 nostros
3451 4635 3710 4692 debemus

2130 4727 2355 4798 diligere
2378 4727 2591 4793 fratres,
2613 4727 2754 4783 sicut
2779 4728 3168 4797 nosmetipsos;
3200 4727 3271 4780 ita
3300 4737 3476 4781 tamen
3508 4736 3564 4781 ut
3585 4727 3710 4781 vitia

2132 4836 2236 4874 non
2268 4819 2579 4890 diligantur.
2609 4818 2810 4874 Punire
2837 4817 3057 4881 malum,
3090 4819 3287 4872 caritas
3315 4825 3429 4882 cst;
3462 4818 3579 4886 plus
3601 4833 3713 4872 tne-

2131 4908 2320 4964 liorem
2348 4908 2590 4978 diligere,
2619 4907 2821 4976 justum
2848 4917 2947 4962 est.
2981 4907 3067 4962 Sic
3091 4906 3344 4977 diligendi
3388 4919 3514 4962 sunt
3542 4910 3717 4962 homi-

2097 5039 2099 5042 ι
2134 5014 2250 5062 nes,
2276 5009 2334 5055 ut
2361 4999 2574 5054 bonitas
2597 4998 2884 5064 exaltetur,
2915 5007 2970 5052 et
2999 4999 3187 5053 vitium
3211 4999 3548 5070 deturpetur.
3577 4999 3714 5055 Vera

2132 5093 2328 5146 caritas
2353 5092 2541 5162 exigit,
2574 5101 2633 5145 ut
2664 5090 2831 5146 Deum
2878 5090 3163 5161 diligamus
3191 5107 3262 5149 ex
3290 5103 3403 5149 toto
3447 5093 3630 5161 corde,
3663 5106 3717 5149 et

2135 5200 2199 5240 ex
2230 5194 2338 5238 tota
2367 5174 2566 5249 mente,
2599 5193 2656 5239 et
2681 5199 2746 5238 ex
2785 5184 2909 5238 totis
2937 5184 3139 5241 viribus
3166 5187 3386 5254 nostris,
3416 5199 3471 5242 et
3508 5188 3579 5242 ita
3607 5188 3717 5241 sin-

2134 5277 2412 5347 gulariter,
2461 5276 2604 5347 quod
2647 5291 2768 5330 eum
2801 5278 2916 5333 Deo
2961 5278 3095 5333 nihil
3144 5278 3288 5334 aliud
3331 5281 3636 5351 diligamus,
3665 5289 3720 5335 et

2139 5369 2441 5439 proximum
2463 5377 2704 5424 nostrum
2727 5370 2865 5425 sicut
2891 5385 3005 5425 nos.
3034 5370 3091 5425 In
3123 5373 3239 5426 istis
3263 5371 3474 5428 duobus
3497 5372 3718 5427 manda-

2141 5461 2204 5514 tis
2237 5469 2345 5513 tota
2383 5459 2580 5530 pendet
2611 5459 2722 5524 lex,
2754 5469 2809 5515 et
2829 5461 3142 5536 Prophetas.
3171 5461 3302 5528 Quae
3350 5463 3470 5519 sine
3498 5464 3721 5519 caritate

2097 5583 2104 5587 -
2138 5559 2241 5612 est,
2271 5550 2389 5605 sine
2420 5549 2528 5604 Deo
2554 5559 2670 5604 est:
2704 5551 2828 5620 quia
2862 5551 3004 5606 Deus
3045 5552 3246 5607 caritas
3277 5562 3382 5619 est,
3429 5564 3485 5608 et
3525 5555 3721 5608 caritas

2142 5644 2282 5697 Deus
2309 5652 2411 5696 est.
2444 5643 2543 5710 Qui
2573 5653 2754 5698 manet
2784 5645 2835 5697 in
2876 5645 3119 5712 caritate,
3149 5645 3202 5698 in
3231 5644 3371 5699 εωιο
3411 5645 3522 5715 jam
3563 5646 3723 5715 carpit

2141 5735 2402 5792 habitare.
2433 5734 2490 5790 In
2515 5734 2652 5791 coelo
2674 5743 2794 5792 nata
2817 5743 2899 5792 est
2929 5735 3125 5791 caritas
3152 5737 3393 5792 ornnium
3424 5737 3715 5796 beatorum.
