4052 6338
246 387 345 445 ὀἱ
1264 386 1610 454 Ευδιειιιυε,
1653 388 1739 443 DE
1777 389 1793 444 l

1901 389 2010 446 lTE
2051 389 2444 450 IIIERONYMI.

249 504 344 560 'Jbi
372 501 564 559 caritas
592 517 718 558 vera
745 508 848 567 est,
867 501 946 555 ibi
969 500 1164 556 invidia
1191 502 1335 557 nulla
1363 511 1469 566 cst,
1495 502 1566 556 ibi
1589 501 1812 557 ambitio

244 594 385 650 nulla
405 593 774 663 cognoscitur,
803 607 924 647 nec.
941 594 1316 658 murmuratio,
1348 608 1448 648 nec
1473 592 1810 657 detrectatio,

3384 409 3490 466 982

1921 504 2056 558 mala
2079 505 2236 563 nocet
2255 509 2609 578 conversatio,
2636 512 2704 568 ita
2735 513 2869 571 bona
2893 517 3126 588 prodest.
3149 520 3287 577 Nihil
3315 534 3488 593 potest

1919 595 2041 648 huic
2065 599 2362 665 comparari
2393 598 2660 656 thesauro.
2683 602 2783 671 Qui
2813 604 3004 664 bonam
3031 611 3227 667 invenit
3252 615 3450 668 Suciela
3465 641 3500 664 ο..

243 701 342 742 nec
365 686 565 752 irrisio,
593 684 688 739 sed
722 694 805 740 est
824 684 1074 740 omnibus
1099 700 1201 739 una
1245 694 1301 740 et
1327 684 1514 740 eadem
1543 686 1806 740 voluntas.

245 776 350 833 Iloc
369 776 577 839 scitote,
593 774 812 839 fratres,
834 777 953 845 quia
973 775 1019 830 si
1040 790 1144 830 non
1177 775 1382 831 habetis
1399 775 1674 830 caritatem
1695 790 1814 845 per-

243 867 448 932 fectam,
481 867 581 922 sub
605 866 864 921 diabolica
893 875 1155 935 potestate
1175 867 1340 946 estis,
1351 880 1450 920 nec
1469 868 1606 921 ultra
1629 867 1809 923 vobis-

239 972 358 1012 cum
389 956 529 1011 Deus
550 955 774 1023 habitet,
798 965 852 1011 et
874 956 962 1026 qui
987 957 1104 1012 sine
1131 956 1238 1011 Deo
1266 965 1368 1022 cst,
1393 957 1447 1010 in
1470 956 1681 1011 inferno
1705 967 1804 1010 est.

303 1047 433 1104 Car.
469 1047 711 1102 XXXIII.
768 1047 1008 1114 Idcirco,
1059 1046 1496 1118 prardilecﬂssimi
1540 1047 1644 1102 mei
1693 1048 1804 1112 lilii,

239 1141 420 1196 hortor
445 1154 543 1195 vos
563 1138 689 1195 dum
727 1150 934 1208 tempus
963 1138 1168 1193 habetis
1191 1178 1207 1203 ,
1237 1152 1305 1191 ne
1349 1138 1400 1191 in
1437 1152 1657 1191 vacuum
1686 1151 1807 1207 gra-

240 1234 358 1286 tiam
408 1231 500 1286 Dei
547 1231 1058 1300 recipiatiszgratia
1115 1231 1206 1286 Dei
1254 1231 1374 1286 data
1413 1239 1496 1285 est
1535 1230 1803 1296 omnibus,

237 1339 325 1394 per
346 1331 574 1378 mortem
604 1322 720 1376 Filii
746 1321 883 1391 ejus.
933 1321 1064 1376 Dum
1098 1331 1338 1392 tempore
1363 1323 1463 1376 isto
1493 1320 1806 1377 brevissimo

236 1415 481 1478 vivimus,
510 1415 858 1480 semincmus,
884 1413 1026 1483 quod
1054 1413 1390 1482 postmodum
1421 1428 1520 1468 suo
1565 1421 1804 1483 tempore

233 1516 512 1564 metemus.
556 1506 752 1562 Breves
776 1506 892 1560 dies
929 1504 1160 1561 hominis
1185 1515 1331 1560 sunt.
1365 1503 1681 1560 Prteciditur
1713 1518 1805 1556 ve-

231 1600 306 1655 lut
331 1615 360 1654 a
393 1607 614 1654 texeute
644 1599 748 1652 vita
780 1607 955 1652 vestra
988 1615 1002 1652 :
1035 1607 1283 1668 tauquam
1311 1596 1395 1651 fur
1418 1638 1434 1662 ,
1467 1611 1612 1651 mors
1636 1596 1798 1651 venit.

231 1691 357 1747 Cum
385 1698 629 1744 mortuus
657 1688 816 1744 fuerit
845 1691 1021 1755 homo,
1055 1703 1160 1743 non
1184 1687 1343 1742 simul
1381 1685 1656 1743 descendit
1681 1700 1802 1740 cum

227 1796 292 1836 eo
319 1781 491 1853 gloria
521 1780 711 1835 domus
736 1779 870 1850 ejus.
898 1779 1096 1836 Divites
1123 1779 1176 1833 in
1205 1778 1355 1834 bouis
1377 1777 1617 1847 quamvis
1643 1776 1803 1831 mini-

231 1874 346 1938 mis,
380 1871 586 1927 ducunt
613 1871 728 1926 dies
755 1886 880 1926 suos
907 1911 922 1934 ,
948 1880 1006 1926 et
1031 1870 1083 1924 in
1127 1879 1322 1940 puncto
1349 1871 1417 1924 ad
1449 1868 1652 1924 inferna
1704 1867 1802 1922 dc-

228 1963 506 2020 scendunt.
531 1964 705 2034 Opera
725 1963 1006 2033 cujuslibet
1029 1973 1320 2033 sequuntur
1335 1962 1502 2018 illum.
1520 1961 1802 2016 Perrarum

229 2065 338 2124 est,
370 2065 430 2112 ut
460 2055 726 2119 hominis,
767 2055 920 2126 cujus
951 2069 1164 2124 semper
1209 2053 1346 2108 mala
1391 2053 1486 2106 fuit
1511 2055 1637 2115 vita,
1664 2051 1801 2106 bona

227 2130 291 2199 sit
309 2161 480 2202 mors.
503 2144 625 2202 Sive
646 2145 866 2211 malum,
889 2145 1001 2200 sive
1023 2143 1239 2208 bonum,
1263 2142 1404 2212 quod
1433 2153 1669 2212 tempore
1700 2141 1803 2195 isto

227 2235 530 2302 fecerimus,
559 2236 690 2291 illud
717 2235 854 2292 idem
889 2247 1006 2305 post
1038 2235 1194 2288 liuent
1221 2235 1408 2290 mortis
1436 2233 1788 2287 inveniemus.

224 2322 335 2380 Non
361 2327 688 2396 exspectetis
737 2343 751 2378 :
795 2326 916 2395 quia
941 2334 1151 2393 tempus
1178 2322 1316 2377 istud
1346 2323 1670 2390 acceptabile
1698 2333 1800 2376 est.

225 2416 358 2471 Dum
391 2417 571 2474 lucem
611 2417 837 2479 habetis,
869 2431 973 2469 non
1012 2414 1295 2469 ambulelis
1323 2415 1373 2466 in
1404 2415 1656 2468 tenebris.
1699 2413 1800 2481 Qui

218 2509 462 2563 ambulat
505 2509 558 2563 in
600 2507 832 2562 tenebris
876 2505 1049 2560 nescit
1092 2519 1197 2574 quo
1242 2503 1418 2559 vadat.
1465 2504 1574 2559 Lux
1627 2516 1802 2563 vestra

221 2601 469 2657 Christus
497 2609 602 2667 est,
633 2614 752 2669 qua:
781 2598 930 2653 lucet
957 2598 1009 2651 in
1040 2596 1294 2662 tenebris,
1322 2605 1379 2651 et
1403 2596 1660 2652 illuminat
1689 2613 1796 2651 om-

219 2707 336 2746 nem
373 2689 650 2744 hominem
675 2687 972 2742 venientem
1010 2687 1061 2740 in
1094 2686 1234 2741 hunc
1261 2685 1535 2740 mundum.
1570 2686 1634 2743 Ut
1663 2701 1790 2757 ergo

221 2775 311 2830 lilii
341 2774 484 2828 lucis
516 2772 635 2826 sitis
656 2812 671 2838 ,
698 2781 753 2825 et
796 2771 1026 2826 tenebrae
1052 2785 1147 2824 vos
1174 2785 1277 2823 non
1305 2769 1751 2839 comprehendant
1778 2788 1790 2823 :

221 2867 282 2921 ad
308 2867 494 2937 ipsum
540 2863 860 2918 accedentes
890 2861 1117 2933 lapidem
1155 2863 1331 2916 vivum
1353 2903 1368 2929 ,
1397 2863 1462 2917 ab
1491 2861 1797 2920 hominibus

221 2957 437 3028 quidem
466 2955 831 3025 reprobatum,
854 2969 884 3008 a
917 2954 1026 3008 Deo
1055 2962 1232 3007 autem
1256 2954 1483 3009 electum
1512 2963 1567 3008 et
1587 2954 1793 3025 glorifi-

222 3061 391 3102 calum
430 3065 444 3101 :
470 3055 523 3101 et
556 3045 656 3115 ipsi
686 3054 933 3114 tanquam
965 3043 1169 3114 lapides
1210 3044 1311 3099 vivi
1343 3045 1793 3115 superanlilicabi-

224 3135 346 3192 mini
379 3155 393 3190 :
426 3145 483 3193 et
511 3135 568 3190 in
593 3134 838 3190 omnibus
858 3134 1156 3190 cxhibeatis
1175 3137 1526 3205 vosmetipsos
1547 3136 1683 3192 sicut
1701 3137 1794 3194 Dei

224 3229 512 3292 ministros,
530 3225 588 3280 in
615 3226 777 3280 multa
803 3225 1074 3296 patientia,
1094 3226 1146 3280 in
1165 3226 1610 3296 tribulationibus,
1631 3229 1682 3284 in
1702 3246 1794 3285 ne-

223 3313 634 3384 cessitatibus,in
653 3304 927 3388 angustiis,
951 3318 1002 3371 in
1018 3317 1202 3387 plagis,
1224 3319 1276 3372 in
1289 3319 1612 3386 carceribus,
1635 3320 1684 3375 in
1702 3335 1791 3376 se-

223 3408 590 3473 ditionibus,in
612 3406 901 3475 laboribus,
923 3408 974 3461 in
1001 3407 1211 3477 vigiliis,
1234 3409 1285 3462 in
1299 3408 1536 3479 jejutiiis,
1553 3411 1602 3464 in
1626 3412 1789 3466 casti-

223 3505 343 3565 tate,
361 3501 415 3554 iu
438 3499 682 3566 scientia,
709 3499 760 3553 in
791 3498 1208 3570 longanimitate,
1227 3499 1278 3554 in
1295 3501 1575 3565 suavitate,
1600 3502 1650 3556 in
1673 3502 1787 3572 Spi-

222 3591 321 3645 ritu
334 3589 553 3657 Sancto,
582 3591 634 3644 in
664 3590 881 3645 caritate
899 3605 1005 3644 non
1025 3590 1165 3656 ficta,
1186 3590 1238 3644 in
1267 3590 1432 3646 verbo
1459 3593 1716 3659 veritatis,
1737 3595 1787 3648 in

223 3680 408 3738 virtute
439 3682 552 3737 Dei.
579 3680 693 3737 Non
721 3683 790 3737 sit
827 3679 967 3736 inter
994 3695 1089 3736 vos
1114 3681 1466 3737 mendacium.
1496 3681 1680 3740 Omnis
1712 3685 1790 3740 vir

223 3773 442 3829 mendax
467 3813 486 3842 ,
527 3772 900 3828 abominabilis
923 3782 1005 3827 est
1031 3772 1162 3827 Deo.
1192 3771 1291 3827 Est
1315 3774 1454 3828 enim
1487 3775 1629 3830 Deus
1655 3778 1788 3831 veri-

223 3870 317 3935 tas,
371 3875 430 3923 et
479 3865 693 3922 veritati
736 3867 914 3921 obstat
951 3864 1311 3920 mendacium.
1359 3864 1530 3922 Omne
1580 3867 1790 3939 fugiatis

223 3955 431 4011 verbum
477 3957 742 4020 otiosum;
781 3954 850 4011 de
875 3954 1114 4025 quolibet
1139 3955 1283 4010 enim
1327 3955 1490 4011 verbo
1534 3957 1708 4012 otioso
1736 3969 1792 4013 et

222 4059 348 4102 vano
364 4045 650 4102 reddemus
674 4046 784 4101 Deo
808 4047 1086 4100 rationem.
1123 4045 1400 4101 Silentium
1429 4046 1651 4118 diligite.
1688 4047 1786 4104 Ubi

221 4146 296 4190 εει
330 4137 756 4208 multiloquium,
805 4135 879 4191 ibi
922 4136 1229 4207 frequenter
1271 4137 1605 4194 mendacium
1640 4158 1654 4194 :
1698 4141 1786 4196 ubi

222 4228 548 4283 mendacium
579 4240 681 4296 est,
710 4227 780 4282 ibi
826 4237 1124 4299 peccatum.
1157 4227 1348 4284 Sermo
1385 4229 1585 4286 iudicat
1610 4233 1784 4302 qualis

222 4327 295 4374 est
314 4319 497 4377 homo.
528 4319 583 4374 lu
610 4334 703 4375 ore
727 4318 1017 4376 sacerdotis
1046 4319 1128 4374 vel
1155 4321 1424 4390 monachi,
1450 4323 1652 4378 nullutn
1683 4340 1786 4380 un-

223 4425 368 4480 quam
394 4412 468 4468 sit
495 4411 741 4478 verbum,
781 4411 834 4466 in
861 4426 966 4482 quo
995 4426 1101 4466 non
1127 4420 1280 4467 sonet
1309 4411 1505 4470 Christi
1548 4433 1739 4472 nomen
1767 4436 1780 4473 :

221 4516 422 4574 semper
449 4503 679 4559 divinam
720 4503 954 4557 ruminct
991 4503 1185 4574 legem.
1230 4503 1437 4560 Etenim
1469 4507 1558 4576 qui
1586 4509 1638 4563 in
1669 4510 1787 4580 lege

223 4595 419 4653 Domini
472 4597 755 4654 meditatur
782 4596 869 4652 die
911 4613 974 4656 ac
1000 4610 1157 4656 nocte
1179 4642 1194 4669 ,
1227 4617 1331 4660 non
1359 4604 1543 4661 abiens
1573 4606 1624 4661 in
1654 4620 1786 4661 con-

222 4691 334 4749 cilio
365 4691 648 4764 impiormn
673 4733 688 4758 ,
718 4707 890 4763 neque
916 4693 967 4748 iu
999 4695 1080 4750 via
1110 4705 1259 4752 stans
1284 4709 1656 4770 peccatorum,
1682 4703 1784 4758 erit

221 4790 459 4856 tanquam
491 4784 688 4854 lignum
712 4784 1001 4852 plantatum
1029 4801 1184 4842 secus
1209 4788 1467 4844 decursus
1487 4805 1782 4861 aquarum,

221 4874 360 4945 cujus
387 4876 515 4930 folia
559 4890 665 4930 non
696 4874 962 4941 dccident,
992 4877 1088 4933 sed
1115 4877 1261 4933 dabit
1286 4878 1515 4936 fructum
1559 4884 1611 4938 in
1647 4891 1783 4938 tem-

221 4977 340 5032 pore
395 4981 494 5021 suo
535 4983 548 5020 :
588 4975 642 5020 et
681 4966 859 5021 omnia
908 4983 1260 5039 quaecumque
1306 4969 1526 5039 fecerit,
1573 4987 1785 5043 semper

221 5057 686 5128 prosperabuntur.
727 5057 884 5113 Certe
924 5059 996 5113 nil
1021 5068 1126 5114 tam
1169 5069 1324 5116 nocet
1377 5062 1596 5130 homini,
1627 5081 1783 5135 quam

223 5147 349 5202 mala
375 5148 628 5204 societas.
671 5149 814 5204 Talis
861 5151 1002 5205 enim
1046 5151 1276 5209 efficitur
1315 5154 1493 5222 homo,
1549 5159 1782 5228 qualium

221 5238 465 5296 societate
492 5238 702 5294 fruitur.
728 5239 1008 5312 Nunquam
1050 5258 1170 5298 cum
1211 5261 1348 5314 agno
1372 5247 1529 5317 lupus
1560 5248 1782 5305 habitat.

223 5325 308 5382 Vir
331 5340 476 5387 certe
502 5339 679 5386 castus
708 5333 962 5388 luxuriosi
983 5335 1290 5392 societatem
1317 5337 1465 5408 fugit.
1499 5339 1783 5413 Plusquam

223 5416 542 5490 impossibile
569 5433 695 5495 puto
719 5467 734 5492 ,
765 5426 936 5481 virum
979 5427 1176 5484 diutius
1204 5431 1254 5484 in
1285 5430 1440 5487 bonis
1468 5449 1785 5504 permanere

221 5515 458 5579 operibus
482 5558 498 5585 ,
528 5517 616 5588 qui
646 5517 906 5573 malorum
933 5521 1144 5576 assidua
1168 5525 1572 5583 conversatione
1597 5529 1782 5583 utitur.

222 5600 346 5658 Cum
389 5617 576 5662 sancto
602 5649 618 5674 ,
651 5607 931 5663 Psalmista
965 5609 1220 5667 vociferat
1243 5654 1258 5681 ,
1292 5626 1506 5672 sanctus
1542 5619 1650 5674 eris
1685 5637 1698 5674 :
1733 5630 1785 5676 et

220 5705 334 5751 cum
373 5701 489 5755 viro
534 5701 834 5766 innocente,
878 5702 1131 5759 innocens
1174 5705 1301 5770 eris,
1348 5716 1402 5761 et
1441 5723 1560 5764 cum
1614 5712 1785 5767 electo

221 5785 411 5846 electus
436 5791 576 5855 eris,
601 5800 655 5846 et
680 5807 800 5846 cum
827 5807 1079 5862 perverso
1108 5797 1451 5867 pervcrteris.
1475 5798 1616 5855 Sicut
1638 5802 1777 5856 enim

495 5882 555 5946 S.
608 5884 974 5947 Htsnosrm
1020 5887 1064 5948 Ι.

1916 684 2042 751 'tem,
2071 686 2233 742 vitam
2265 690 2488 754 invenit.
2509 691 2710 749 divitiis
2733 694 2921 752 affluit.
2943 697 3102 756 Certe
3124 719 3246 758 vere
3262 704 3433 760 dicam
3466 722 3481 759 :

1916 777 2143 834 Perraro
2165 779 2328 835 homo
2354 783 2436 837 vel
2465 783 2655 849 bonus,
2685 788 2767 842 vel
2810 789 2982 845 malus
3011 791 3256 860 efficitur,
3288 797 3389 852 nisi
3411 797 3480 852 ob

1914 869 2183 925 societatis
2205 885 2444 928 causam.
2487 875 2642 930 Pueri
2679 893 2776 932 cur
2805 889 3053 949 tauquam
3087 885 3283 950 tabula,
3308 888 3479 959 inqua

1916 958 2048 1012 nihil
2077 959 2272 1029 pictum
2315 973 2420 1030 est,
2456 963 2570 1022 fore
2597 967 2808 1023 dicitur.
2843 969 2974 1026 Illud
3003 988 3130 1042 ergo
3153 976 3295 1046 quod
3322 993 3355 1032 a
3389 958 3497 1035 sua

1913 1047 2102 1102 cietate
2131 1051 2340 1121 recipit,
2366 1069 2533 1125 usque
2558 1057 2621 1112 ad
2655 1069 2924 1116 senectam
2967 1064 3198 1132 retinet,
3229 1067 3341 1124 sive
3384 1069 3494 1124 ιη»-

1915 1153 2038 1191 num
2066 1139 2180 1194 sive
2207 1143 2406 1198 malum
2435 1147 2524 1201 sit.
2553 1147 2697 1204 Raro
2741 1165 2861 1206 cum
2904 1153 3101 1224 juvene
3142 1157 3353 1225 juvenis
3382 1159 3490 1213 has.

1911 1225 2064 1283 bitet.
2114 1228 2246 1286 Nam
2288 1233 2426 1302 ignis
2467 1237 2511 1291 si
2553 1252 2851 1309 apponatur
2907 1244 3044 1315 igni,
3089 1247 3320 1304 calorem
3375 1267 3481 1307 non

1910 1319 2208 1390 extinguit,
2263 1323 2360 1380 sed
2401 1329 2618 1384 enutrit.
2659 1329 2884 1403 Semper
2927 1337 3006 1390 vir
3045 1353 3205 1407 quem
3252 1339 3484 1397 delectat

1909 1410 2188 1479 sapientia,
2211 1427 2271 1468 se
2297 1416 2485 1486 majori
2527 1429 2682 1475 tetate
2705 1431 2760 1477 et
2787 1425 3042 1494 sapientia
3073 1429 3247 1484 socius
3267 1432 3478 1487 existat.

1908 1499 2156 1570 Alioquin
2183 1504 2226 1557 si
2247 1504 2351 1560 sibi
2391 1507 2549 1563 simili
2574 1511 2824 1578 societur,
2854 1516 3067 1572 assidua
3095 1521 3351 1578 societate
3374 1565 3390 1592 ,
3415 1524 3480 1579 de

1909 1591 2133 1647 Stultitia
2156 1594 2207 1648 in
2235 1597 2509 1653 stultitiam
2535 1601 2819 1660 dilabetur.

1979 1684 2106 1739 Car.
2139 1685 2380 1746 XXXIV.
2408 1693 2547 1749 Ante
2573 1698 2750 1752 omnia
2787 1708 2984 1768 autem,
3019 1703 3110 1758 lilii
3155 1705 3279 1770 mei,
3319 1707 3481 1763 nolite

1903 1772 2087 1843 jurare
2115 1780 2352 1848 oumino,
2385 1798 2557 1855 neque
2586 1802 2683 1856 per
2703 1790 2922 1859 caelum,
2953 1810 3121 1864 neque
3141 1813 3235 1867 per
3259 1808 3475 1865 terram,

1909 1881 2082 1936 neque
2128 1869 2273 1926 aliud
2321 1875 2694 1950 quodcumque
2743 1883 3126 1952 juranientum.
3175 1889 3254 1944 Sit
3299 1899 3478 1946 autem

1907 1971 2086 2012 sermo
2111 1969 2306 2030 vester,
2333 1974 2434 2033 est,
2485 1980 2568 2024 est
2599 1989 2613 2025 :
2647 1987 2774 2040 non,
2817 1990 2944 2030 non.
2977 1976 3142 2047 Cujus
3167 1978 3218 2033 in
3246 1995 3342 2035 ore
3371 1981 3478 2034 fre-

1907 2059 2080 2112 quens
2107 2062 2262 2106 sonat
2295 2053 2655 2123 juramentum
2681 2103 2696 2128 ,
2730 2063 2780 2118 in
2810 2065 2925 2136 ipso
2951 2066 3166 2124 lmmiue
3209 2085 3369 2140 parva
3398 2081 3483 2126 est

1909 2134 2003 2189 Dei
2029 2140 2261 2207 cognitio
2301 2154 2353 2197 et
2377 2145 2612 2204 dilectio.
2637 2151 2697 2206 Si
2729 2134 2943 2211 nonest
2969 2158 3108 2226 quod
3133 2134 3277 2228 juro,
3313 2161 3481 2218 Deum

1908 2230 2034 2280 esse
2059 2243 2211 2298 nego.
2241 2232 2573 2306 Praeceptum
2617 2244 2756 2296 enim
2801 2245 2894 2300 Dei
2937 2247 3219 2317 prolubet,
3249 2250 3476 2306 dicens:

1909 2312 2023 2368 Non
2061 2323 2346 2378 assumatis
2396 2341 2594 2384 nomen
2651 2332 2739 2388 llei
2780 2336 2831 2388 in
2882 2353 3096 2392 vanum.
3139 2339 3479 2397 Orationibus

1909 2403 2102 2464 instate
2138 2415 2427 2472 continuis.
2475 2419 2694 2479 Multum
2725 2429 2868 2483 valet
2914 2428 3164 2500 frequens
3207 2435 3380 2489 oratio
3427 2445 3482 2489 ct

1907 2497 2117 2554 devota.
2167 2503 2348 2561 Oratio
2392 2509 2659 2568 hominem
2699 2533 2728 2569 ιι
2763 2526 2899 2574 terra
2927 2497 3201 2590 sublevet,
3232 2525 3298 2580 ad
3328 2527 3490 2581 caele

1905 2592 2008 2646 stia
2035 2594 2179 2649 vehit
2223 2608 2278 2653 et
2305 2599 2429 2656 facit
2456 2602 2724 2662 hominem
2768 2624 2888 2665 cum
2940 2613 3046 2670 Deo
3072 2614 3235 2686 loqui.
3271 2618 3480 2675 Gratias

1904 2683 1972 2737 ab
2014 2684 2201 2740 eodem
2233 2689 2454 2748 'obtinet
2479 2733 2495 2758 ,
2538 2695 2829 2757 dummodo
2870 2704 2940 2758 sit
2985 2683 3179 2761 devota
3221 2718 3277 2764 et
3315 2712 3478 2766 mixta

1905 2773 2177 2847 Iacrymis.
2219 2779 2440 2839 Multum
2496 2787 2640 2843 valet
2679 2794 2850 2847 oratio
2894 2793 3142 2866 frequens
3189 2814 3476 2873 conspersa

1905 2865 2158 2938 lacrymis
2204 2871 2270 2925 ad
2310 2879 2714 2943 promerendam
2745 2865 3378 2960 divinam,clementiam,
3409 2894 3476 2947 ad

1901 2961 2257 3019 exauditionis
2301 2966 2642 3026 beneficium.
2700 2973 2940 3034 Obtinuit
2989 2978 3248 3037 Ezechias
3295 2985 3474 3039 statim

1900 3053 2126 3121 gratiam
2165 3070 2198 3110 a
2231 3056 2458 3115 Domino
2488 3063 2601 3119 suis
2643 3064 2893 3137 Iacrymis
2920 3079 2975 3126 et
3019 3075 3349 3130 orationibus
3372 3118 3388 3144 ,
3419 3087 3477 3131 ut

1901 3154 2131 3200 mutaret
2177 3152 2502 3208 sententiam
2528 3171 2686 3226 quam
2718 3159 2818 3214 sibi
2865 3160 3150 3220 indixerat.
3206 3166 3475 3224 Liberavit

1901 3233 2162 3294 Dominus
2197 3238 2491 3300 Susannam
2536 3262 2568 3303 a
2613 3247 2815 3319 judicio
2842 3251 2974 3310 dira:
3015 3259 3222 3324 mortis,
3259 3271 3475 3334 propter

1899 3328 2191 3386 orationem
2221 3341 2274 3388 et
2301 3335 2583 3408 Iacrymas.
2614 3340 2956 3401 Orationibus
3001 3348 3134 3404 Elia:
3163 3328 3472 3411 cmlum—de-

1898 3417 1975 3473 dit
2028 3421 2280 3491 pluviam,
2335 3430 2474 3498 quod
2521 3433 2757 3489 clausqu
2787 3436 2959 3494 fuerat
2993 3442 3159 3500 tribus
3213 3448 3369 3502 anuis
3416 3459 3473 3503 et

1898 3525 1990 3566 sex
2017 3517 2310 3573 mensibus.
2349 3517 2408 3576 Si
2436 3538 2542 3593 quo
2565 3528 2733 3596 egetis
2757 3570 2772 3594 ,
2803 3533 2993 3601 petatis
3028 3550 3060 3590 a
3093 3537 3316 3595 Domino
3343 3557 3468 3596 ora-

1900 3603 2131 3702 tionibus
2174 3619 2226 3664 et
2285 3611 2536 3686 lacrymis
2587 3617 2640 3672 in
2690 3620 2793 3676 fide
2836 3623 2907 3678 nil
2966 3625 3286 3686 dubitantes.
3337 3633 3468 3702 Quia

1897 3695 1984 3762 qui
2012 3695 2168 3752 fidem
2198 3700 2374 3768 habet,
2402 3714 2460 3758 ut
2481 3720 2704 3776 granum
2733 3711 2952 3783 sinapis,
2979 3718 3230 3789 quicquid
3255 3695 3468 3790 petierit

1899 3785 1990 3838 lict
2018 3787 2197 3842 statim
2220 3790 2316 3846 illi.
2340 3791 2483 3849 Idem
2525 3795 2778 3855 Dominus
2809 3812 2889 3858 est
2917 3785 3065 3861 dives
3096 3785 3148 3862 in
3176 3785 3421 3867 omnibus
3451 3833 3465 3868 :

1895 3876 1986 3944 qui
2016 3886 2138 3933 tunc
2165 3890 2282 3936 erat
2307 3891 2364 3938 et
2392 3901 2533 3942 nunc
2573 3898 2674 3944 est.
2699 3890 2834 3961 Spes
2872 3905 3069 3962 vestra,
3095 3900 3346 3968 gaudium
3373 3919 3478 3959 ve-'

1893 3981 2084 4040 strum,
2115 3975 2368 4045 cogitatio
2397 3989 2593 4048 vestra,
2619 3992 2846 4042 etonme
2871 3987 3196 4047 desiderium
3233 4004 3464 4052 vestrum

1893 4063 1964 4118 sit
1989 4079 2202 4135 semper
2228 4067 2388 4124 Deus.
2413 4070 2672 4139 Quoniam
2699 4091 2763 4132 ex
2796 4077 2933 4149 ipso,
2959 4089 3013 4136 et
3041 4083 3092 4136 in
3115 4083 3250 4154 ipso,
3283 4097 3335 4143 et
3364 4103 3465 4158 per

1894 4156 2066 4226 ipsum
2094 4168 2217 4216 sunt
2243 4163 2420 4218 omnia
2443 4205 2458 4232 ,
2489 4164 2542 4220 in
2572 4183 2677 4237 quo
2699 4170 2945 4239 vivimus,
3000 4190 3094 4244 per
3142 4193 3298 4247 quem
3344 4156 3462 4236 mo-

1894 4261 2081 4302 vemur
2127 4259 2181 4304 et
2222 4264 2442 4320 sumus,
2489 4255 2606 4312 sine
2647 4272 2754 4329 quo
2797 4261 2930 4317 nihil
2993 4267 3201 4335 penitus
3255 4285 3460 4327 sumus.

1963 4338 2090 4395 CAP.
2121 4340 2340 4398 XXXV.
2362 4344 2502 4412 Jam,
2529 4347 2619 4402 lilii
2647 4350 2772 4416 mei,
2806 4369 2914 4408 non
2941 4357 3106 4412 multa
3155 4358 3341 4429 loquar
3366 4379 3462 4416 vo-

1893 4429 2097 4487 biscum
2125 4449 2140 4500 ;
2166 4435 2311 4490 venit
2337 4437 2479 4492 enim
2512 4439 2663 4506 hora,
2695 4442 2761 4497 ad
2792 4459 2948 4513 quam
2997 4457 3150 4503 natus
3180 4464 3318 4506 sum.
3355 4453 3465 4508 llac

1892 4522 2198 4580 conditione
2245 4525 2350 4582 huc
2395 4531 2554 4609 veni,
2600 4543 2657 4586 ut
2701 4534 2924 4588 exirem.
2974 4535 3253 4609 Nunquam
3305 4555 3462 4601 natus

1893 4612 2136 4680 fuissem,
2159 4615 2205 4671 si
2233 4618 2366 4672 mori
2388 4603 2834 4677 non'debuissem.
2858 4623 2966 4680 Suo
2994 4631 3209 4699 preprio
3233 4649 3335 4690 non
3360 4653 3464 4708 pe-

1894 4705 2062 4776 percit
2095 4707 2349 4764 Dominus
2390 4710 2528 4785 Filio
2557 4729 2570 4764 :
2596 4713 2689 4768 sed
2734 4730 2832 4785 pro
2862 4723 3015 4775 ιιοιιίε
3046 4725 3293 4783 omnibus
3332 4705 3470 4788 fecit

1891 4810 2014 4862 eum
2049 4796 2187 4851 mori
2228 4797 2280 4850 iu
2321 4799 2497 4853 crucis
2535 4801 2733 4872 stipite,
2767 4822 2862 4875 per
2887 4811 3036 4880 cujus
3058 4825 3286 4873 mortem
3315 4836 3460 4877 mors

1893 4895 2072 4941 nostra
2099 4897 2306 4942 mortua
2331 4897 2432 4943 est.
2454 4888 2620 4946 Nemo
2641 4895 2783 4951 enim
2813 4910 3051 4958 nostrum
3071 4906 3170 4961 sibi
3203 4909 3348 4976 vivit,
3371 4914 3458 4968 vel

1893 4978 2136 5031 moritur.
2169 4975 2288 5031 Sive
2315 4979 2446 5033 enim
2472 4981 2704 5048 vivimus,
2729 4985 2944 5044 Domino
2975 4994 3199 5064 vivimus,
3225 5001 3327 5054 sive
3355 5019 3464 5057 mo-

1891 5066 2070 5133 rimur,
2104 5068 2321 5123 Domino
2349 5072 2609 5128 morimur.
2651 5076 2772 5133 Sive
2797 5095 2914 5151 ergo
2941 5084 3180 5155 vivimus,
3227 5092 3331 5145 sive
3352 5110 3463 5149 mo-

1892 5160 2081 5226 rimur,
2121 5158 2328 5215 Domini
2355 5179 2547 5220 sumus.
2576 5165 2632 5221 In
2660 5167 2762 5225 hoc
2779 5171 2920 5227 enim
2963 5186 3184 5235 vocatus
3217 5179 3463 5238 Christus

1893 5254 2131 5309 vivorum
2171 5254 2424 5312 Dominus
2467 5268 2520 5313 et
2569 5272 2918 5321 mortuorum.
2966 5267 3021 5322 Si
3046 5271 3188 5325 enim
3218 5272 3463 5330 Christus

1894 5355 2134 5420 mortuus
2153 5359 2233 5402 εει
2248 5350 2416 5418 (certe
2443 5364 2546 5404 non
2576 5362 2657 5407 est
2688 5369 2874 5412 servus
2896 5359 3064 5430 major
3097 5361 3320 5419 Domino
3339 5367 3458 5434 suo)

1893 5437 2091 5493 idcirco
2107 5448 2161 5495 et
2182 5453 2278 5496 uos
2299 5441 2607 5498 moriemur.
2627 5445 2681 5500 Si
2701 5448 2842 5503 enim
2873 5455 3184 5521 resurrexit,
3210 5456 3465 5511 habemus

1892 5546 2040 5599 spem
2089 5531 2445 5588 firmissimam
2477 5537 2617 5605 quod
2665 5547 2721 5594 et
2755 5555 2852 5594 nos
2898 5558 3253 5613 resurgenms.
3309 5547 3378 5600 Et
3420 5550 3467 5603 si

1893 5620 2134 5694 Christus
2161 5623 2240 5679 sic
2264 5628 2589 5692 resurrexit,
2635 5638 2693 5683 ut
2721 5632 2947 5700 amplius
2974 5648 3076 5686 non
3122 5646 3417 5691 moreretur
3451 5659 3464 5692 :

1892 5723 2036 5769 certe
2057 5725 2109 5770 et
2131 5730 2229 5770 nos
2269 5727 2388 5786 post
2428 5713 2882 5778 resurrectionem
2933 5733 3166 5778 nostram
3196 5741 3466 5796 nunquam

1897 5805 2204 5873 moriemur,
2231 5807 2323 5863 sed
2347 5823 2556 5880 semper
2579 5827 2694 5865 cum
2741 5813 2854 5882 ipso
2887 5815 2937 5867 in
2975 5814 3143 5880 gloria
3185 5817 3460 5875 stabimus.

2914 5905 3150 5985 (Neu/1}
