4052 6338
253 523 382 579 mihi
407 522 461 578 in
486 519 704 576 miseria
722 517 880 588 hujus
904 514 1027 572 vita:
1053 515 1306 584 Iaeryntae
1333 525 1506 582 panes
1535 511 1622 563 die
1643 523 1706 562 ac
1735 521 1832 560 no-

249 625 355 681 ete,
380 613 616 677 labores,
643 608 986 666 contumelia;
1011 647 1026 673 ,
1059 605 1397 669 aflictiones,
1431 615 1685 657 :erumnae
1705 639 1723 664 ,
1749 599 1830 650 fa.

253 720 389 772 mes,
419 701 557 769 sitis,
593 701 821 772 jejunis,
847 699 1044 769 vigilia:
1067 739 1084 765 ,
1115 695 1437 751 teutationes
1457 734 1472 759 ,
1497 703 1552 748 et
1575 693 1833 762 pestilen-

257 799 360 852 tim.
391 795 529 850 Audi
550 793 783 864 gemitus
813 790 1088 855 vinculati,
1106 789 1256 845 solve
1269 786 1637 858 colligatioues
1662 798 1828 838 meas.

255 888 449 957 Accipe
493 886 660 940 lilium
705 883 792 940 hic
840 882 1146 938 famelicum
1195 881 1248 936 in
1292 879 1510 949 regione
1547 877 1742 940 aliena,
1774 884 1833 930 et

255 979 416 1035 redde
447 992 569 1032 eum
601 976 734 1045 patri
763 989 862 1030 suo
910 990 928 1029 :
961 971 1173 1043 suscipe
1215 971 1482 1027 ulceribus
1502 970 1745 1040 plenum,
1774 976 1833 1022 et

253 1071 452 1125 colloca
500 1085 624 1124 eum
667 1070 720 1122 in
741 1083 743 1087 ‘
763 1069 940 1122 sinum
972 1067 1204 1121 Abrahze
1237 1061 1578 1119 Patriarchaa.
1608 1058 1715 1115 Fac
1741 1075 1832 1114 nte

253 1162 448 1216 intrare
475 1160 530 1215 in
560 1161 772 1214 vincam
805 1159 1014 1213 Domini
1041 1156 1266 1212 sabaoth
1289 1195 1304 1218 .
1337 1164 1396 1209 ut
1421 1169 1526 1209 non
1556 1163 1692 1207 stem
1741 1153 1828 1206 hic

253 1254 469 1308 otiosus.
495 1252 718 1322 Suscipe
735 1265 822 1306 me
842 1250 908 1305 de
930 1265 1092 1303 manu
1116 1247 1435 1318 iniquitatis,
1462 1253 1521 1300 et
1543 1243 1716 1300 deduc
1745 1257 1832 1296 me

254 1346 302 1399 in
345 1344 512 1399 vitam
555 1353 830 1399 aeternam.
864 1342 1012 1397 Educ
1061 1355 1149 1396 me
1193 1339 1262 1395 de
1302 1337 1536 1394 tenebris
1561 1346 1616 1391 et
1643 1336 1831 1390 nmln-a

253 1437 456 1493 mortis.
503 1435 793 1506 Disrutnpe
833 1435 1040 1489 vincula
1065 1475 1080 1501 ,
1109 1433 1260 1488 solve
1287 1429 1669 1500 compeditum,
1711 1430 1833 1484 illu-

251 1532 390 1586 mina
412 1545 621 1586 crocum
647 1569 662 1592 ,
687 1528 835 1599 erige
877 1529 1090 1588 elisum.
1118 1525 1331 1581 custodi
1355 1523 1622 1580 advenam
1649 1531 1703 1577 et
1731 1538 1831 1591 pu-

248 1622 454 1693 pillum.
500 1621 718 1677 Sedcnti
751 1621 802 1674 in
855 1619 1114 1685 tenebris,
1141 1627 1193 1673 et
1220 1615 1482 1672 habitanti
1512 1615 1564 1670 in
1611 1613 1833 1684 regione

251 1715 451 1769 umbra:
477 1715 687 1779 mortis,
715 1711 942 1768 ostende
982 1711 1163 1766 lumen
1193 1719 1367 1776 tuutn,
1408 1707 1653 1762 illtnnina
1686 1719 1830 1761 nunc

250 1821 352 1870 me,
380 1814 439 1860 ut
469 1820 740 1874 nunquam
767 1803 998 1874 amplius
1018 1800 1354 1858 obdormiam
1403 1800 1457 1854 in
1490 1807 1688 1853 morte.

313 1897 446 1953 Car.
489 1895 778 1951 XXXVIII.
835 1895 960 1951 I-lzec
998 1903 1052 1950 et
1093 1895 1176 1949 his
1226 1891 1424 1949 similia
1469 1901 1830 1962 prosequente

249 1991 590 2047 sanctissimo
617 1990 757 2053 viro,
780 1988 1019 2043 omnium
1050 1988 1338 2042 astantium
1360 1986 1531 2040 erevit
1559 1998 1760 2038 mceror
1781 1991 1836 2037 et

251 2083 461 2138 tristitia
513 2101 527 2136 :
573 2096 675 2136 nec
721 2081 840 2151 quis
881 2087 1123 2134 nostrum
1176 2085 1386 2148 poterat
1431 2090 1492 2129 se
1519 2089 1548 2127 a
1581 2074 1835 2144 larrymis

247 2175 543 2241 continere,
594 2175 689 2230 sed
735 2174 972 2230 omnium
1003 2185 1107 2226 una
1138 2179 1254 2226 erat
1282 2184 1383 2222 vox
1413 2167 1775 2237 plangentium
1818 2185 1832 2222 ε

245 2267 371 2339 quid
401 2268 524 2323 sine
573 2277 626 2322 te
669 2266 960 2330 faciemus,
1001 2263 1190 2334 pater?
1232 2274 1340 2331 quo
1386 2257 1710 2329 pergemus?
1744 2256 1833 2310 Vi-

247 2375 402 2415 neam
431 2361 586 2414 istam
614 2374 678 2413 ex
713 2357 946 2428 Egypto
979 2353 1300 2409 transtulisti
1322 2361 1377 2405 et
1411 2350 1659 2419 plantasti
1690 2363 1832 2414 eam,

245 2452 453 2524 utquid
479 2455 686 2507 avertis
713 2451 903 2505 faciem
939 2459 1082 2503 tuam
1112 2447 1181 2501 ab
1205 2446 1308 2501 ea?
1334 2445 1390 2499 In
1424 2444 1623 2498 lumine
1652 2441 1832 2496 vultus

244 2548 316 2603 tui
345 2545 784 2610 ambulabamus,
818 2544 986 2614 gloria
1003 2540 1216 2596 virtutis
1247 2546 1443 2593 nostrae
1468 2547 1522 2591 tu
1550 2551 1688 2591 eras.
1719 2535 1832 2590 lien

237 2641 371 2712 quid
415 2639 534 2692 sine
576 2645 629 2692 te
653 2635 884 2706 amplius
923 2632 1220 2688 faciemus?
1244 2630 1324 2686 'l‘u
1351 2639 1526 2702 pater,
1558 2636 1615 2683 tu
1639 2626 1836 2681 doctor

238 2740 296 2788 et
324 2729 598 2800 refugium
619 2769 635 2795 ,
665 2737 718 2782 tu
751 2726 1028 2797 exemplar
1067 2722 1425 2779 innocentiae:
1455 2721 1654 2776 utinam
1683 2719 1838 2772 nobis

244 2835 424 2882 tecum
474 2822 614 2877 mori
673 2819 870 2874 liceat!
907 2817 1025 2874 Jam
1076 2814 1143 2869 ad
1189 2813 1411 2868 nihilum
1463 2811 1832 2872 devenientns,

247 2921 379 2975 sicut
411 2933 543 2973 oves
567 2915 770 2971 erimus
796 2910 914 2965 sine
944 2916 1157 2979 pastore
1183 2946 1199 2972 ,
1227 2904 1294 2960 ad
1322 2903 1548 2958 nihilum
1578 2901 1835 2956 devenic-v

250 3029 365 3068 mus
391 3012 546 3066 velut
569 3022 704 3078 aqua
735 3005 1027 3060 decurrens
1057 3018 1071 3056 :
1112 3016 1216 3055 non
1247 2999 1352 3054 erit
1386 2998 1478 3069 qui
1523 2997 1834 3051 consolezttr

251 3123 366 3163 nos.
400 3103 564 3160 Fient
607 3100 700 3154 lilii
741 3099 814 3154 tui
859 3096 1107 3167 orphani.
1162 3103 1215 3148 ct
1257 3093 1449 3147 famem
1475 3091 1748 3162 patientur
1777 3099 1836 3144 ut

251 3213 434 3264 canes,
466 3196 865 3250 circumeuntes
887 3188 1122 3258 undique
1153 3195 1204 3242 te
1246 3201 1352 3241 non
1384 3185 1678 3240 invenient.
1721 3183 1834 3238 llcu

252 3301 480 3366 quantus
510 3302 674 3358 super
697 3299 796 3340 nos
821 3281 1018 3339 cecidit
1048 3281 1204 3352 ignis.
1251 3279 1365 3333 Non
1398 3287 1451 3334 te
1479 3278 1734 3345 deinceps
1755 3276 1835 3328 vi-

254 3389 496 3443 debimus
521 3381 714 3438 solem.
745 3377 1100 3448 Congregatio
1129 3373 1256 3444 qttid
1284 3372 1442 3427 faciet
1464 3371 1698 3426 fidelium
1717 3369 1833 3423 sine

257 3480 341 3535 te?
369 3479 448 3534 Tu
476 3472 746 3546 dispersio
768 3469 1147 3525 haereticorum
1197 3480 1318 3521 eras
1357 3480 1371 3517 :
1423 3472 1476 3517 tu
1523 3463 1832 3516 interfector

255 3585 434 3627 eorum
467 3565 644 3639 gladio
666 3565 778 3620 oris
805 3562 879 3618 tui
907 3577 922 3617 :
954 3570 1009 3614 tu
1046 3573 1230 3614 eorum
1259 3556 1486 3611 malleus
1513 3565 1565 3610 et
1588 3554 1793 3610 securis
1816 3592 1832 3619 ,

256 3672 538 3719 conterens
569 3671 758 3714 eorum
798 3654 989 3709 dentes
1011 3651 1064 3706 in
1091 3663 1188 3705 ore
1233 3649 1466 3719 ipsorum
1492 3688 1506 3711 ,
1537 3647 1707 3702 molas
1735 3647 1836 3701 leo-

259 3769 378 3811 num
402 3751 768 3821 confringcns,
804 3757 859 3804 et
886 3745 1157 3801 deducens
1201 3755 1296 3797 eos
1322 3741 1376 3796 in
1404 3751 1621 3811 puteum
1653 3741 1838 3794 interi-

259 3855 359 3901 tus.
385 3843 714 3902 Gaudebant
747 3853 912 3906 nunc,
936 3844 991 3890 et
1015 3832 1378 3898 exsultabant,
1402 3841 1456 3887 et
1479 3831 1838 3887 humiliabunt

257 3925 508 4010 populum
544 3943 692 3991 tuum
721 3974 736 3999 ,
762 3940 818 3988 et
846 3927 1210 3985 Inrreditatem
1238 3934 1380 3981 tuam
1414 3925 1703 3980 vexabant.
1735 3921 1834 3977 Ca-

259 4031 466 4101 ptabunt
486 4030 540 4083 in
569 4027 792 4081 animam
821 4023 964 4088 iusti,
993 4030 1040 4075 et
1063 4018 1358 4089 sanguinem
1380 4018 1694 4072 innocentem
1717 4032 1838 4070 con-

258 4121 584 4176 demnabam.
614 4116 909 4172 Incendent
930 4112 1036 4184 igni
1062 4109 1425 4170 sanctuarium
1457 4108 1571 4175 Dei,
1601 4118 1656 4164 et
1684 4107 1834 4162 veri-

259 4219 416 4267 tatem
459 4209 580 4264 lidei
614 4205 946 4262 lacerabunt.
1179 4255 1182 4258 .

323 4301 453 4356 Car.
472 4297 720 4354 XXXIX.
753 4294 1005 4351 Tuncille
1023 4303 1200 4349 motus
1219 4292 1303 4347 his
1319 4291 1517 4359 verbis,
1539 4292 1839 4363 aliquantu.

261 4392 364 4448 lum
384 4394 713 4464 lacrymatus
731 4397 834 4453 est,
853 4395 912 4441 ut
929 4394 1071 4441 totus
1086 4399 1299 4455 semper
1312 4383 1364 4439 in
1389 4383 1615 4439 Domino
1636 4382 1839 4438 miseri-

257 4486 454 4540 cordiae
471 4481 768 4538 visceribus
782 4477 1036 4534 affluebat
1057 4493 1071 4531 :
1091 4490 1490 4546 conversusque
1506 4475 1572 4529 ad
1588 4489 1682 4529 eos
1701 4515 1718 4540 ,
1739 4473 1838 4530 hac

260 4576 338 4632 eis
363 4573 616 4630 flentibus
648 4585 778 4626 voce
799 4567 1074 4638 respondit
1105 4583 1120 4621 :
1155 4566 1275 4631 Eia,
1305 4564 1431 4621 boni
1462 4566 1659 4620 milites
1685 4565 1840 4619 Chri-

262 4670 344 4734 sti,
374 4664 658 4724 coniidatis
690 4663 742 4717 in
768 4661 1023 4726 Domino,
1047 4667 1101 4714 et
1135 4657 1439 4728 inpotentia
1464 4656 1675 4712 virtutis
1700 4655 1836 4726 ejus.

262 4761 430 4818 Nolite
448 4761 659 4822 timere,
679 4753 1082 4825 consequemini
1102 4768 1130 4806 a
1151 4751 1376 4806 Domino
1392 4749 1838 4817 misericordiam,

263 4855 304 4908 si
337 4849 624 4924 sperabitis
659 4849 711 4903 in
753 4861 898 4903 eum.
939 4846 1032 4900 Est
1065 4845 1210 4899 enim
1254 4843 1366 4913 ipse
1394 4842 1512 4912 pius
1537 4851 1592 4897 et
1631 4842 1842 4896 miseri-

259 4960 377 5000 cors
399 4985 417 5010 ,
446 4953 501 4999 et
526 4941 730 4998 nullum
755 4938 960 4994 deserit
986 4936 1318 5008 sperantiutn
1350 4934 1404 4989 in
1445 4949 1524 4990 se.
1555 4933 1686 5002 Quis
1711 4949 1842 4988 con-

265 5035 383 5092 fisos
407 5045 492 5092 est
517 5035 570 5090 in
595 5030 820 5088 Domino
843 5040 897 5086 et
926 5029 1216 5086 derelictus
1243 5037 1326 5083 est
1349 5026 1373 5081 ἲ
1401 5025 1457 5082 Si
1493 5037 1672 5082 autem
1699 5040 1864 5087 nunc.

263 5145 353 5185 vos
393 5127 752 5196 derelinquo,
788 5124 1046 5180 Dominus
1085 5135 1266 5178 nonne
1313 5134 1411 5175 vos
1438 5119 1699 5189 recipiet?
1726 5117 1841 5190 Ipse

262 5224 415 5279 enim
439 5223 612 5292 legem
655 5217 808 5273 vobis
837 5216 1132 5272 constituet
1164 5215 1217 5270 in
1248 5212 1332 5268 via
1361 5226 1456 5267 sua
1476 5253 1493 5281 ,
1525 5211 1718 5282 diriget
1745 5226 1842 5266 vos

263 5313 310 5368 in
332 5316 577 5371 semitam
605 5319 829 5376 rectam,
861 5323 918 5366 et
944 5324 1052 5363 non
1083 5306 1260 5362 tradet
1286 5318 1382 5360 vos
1407 5305 1460 5360 in
1485 5305 1694 5360 animas
1719 5319 1842 5375 per.

260 5409 592 5479 sequentium
633 5418 750 5460 vos.
783 5402 1019 5458 Viriiiter
1057 5415 1186 5470 ergo
1210 5399 1388 5469 agite,
1430 5405 1486 5453 et
1509 5395 1843 5453 c0nfortetur

261 5514 350 5554 cor
371 5510 632 5563 vestrum,
663 5504 717 5550 et
752 5494 1015 5550 sustinete
1051 5489 1360 5546 Dominum.
1405 5487 1503 5543 Est
1528 5487 1672 5544 enim
1703 5487 1842 5542 Deus

263 5593 310 5648 in
340 5596 478 5652 cualo
507 5595 628 5664 pius
655 5599 710 5645 et
733 5589 1060 5651 misericors,
1089 5585 1176 5656 qui
1207 5599 1334 5639 suos
1362 5584 1507 5639 mille
1539 5582 1716 5640 modis
1740 5583 1840 5638 scit

260 5685 439 5754 juvare
459 5683 712 5740 famulos.
741 5679 858 5736 Non
886 5677 1129 5734 turbetur
1146 5691 1244 5732 cor
1269 5683 1507 5730 vestrum
1534 5689 1709 5746 neque
1730 5674 1834 5729 for.

265 5775 440 5832 tnidet.
473 5775 704 5846 Sperate
753 5771 810 5825 in
859 5766 1115 5834 Domino,
1155 5775 1212 5823 et
1235 5763 1495 5821 effundite
1539 5779 1720 5820 coram
1751 5764 1842 5820 illo

238 5867 414 5926 corda
439 5874 643 5933 vestra,
682 5862 804 5942 quia
845 5861 960 5933 ipse
988 5859 1201 5931 adiutor
1226 5856 1330 5916 erit
1366 5865 1562 5916 vester.
1592 5855 1650 5916 Si
1697 5857 1840 5914 enim

1307 390 1659 458 EUSEBIUS,
1703 391 1789 447 DE
1825 387 2060 446 MORTE
2101 384 2494 448 ΙΙΙΕΒΟΝἨΗ.

2858 335 2892 353 κ

3407 389 3514 448 266

1935 505 2070 560 abeo
2094 519 2256 572 nunc,
2280 505 2472 559 iterum
2497 518 2581 560 me
2601 503 2868 573 videbitis,
2893 516 2947 562 et
2966 507 3312 578 gaudebimus
3329 509 3512 564 simul.

1935 597 2069 663 Quia
2100 611 2206 651 non
2236 597 2432 652 multos
2461 605 2582 666 post
2604 595 2720 652 dies
2741 612 2849 668 quo
2871 613 2972 668 ego
2995 600 3148 663 vado,
3173 610 3228 656 et
3248 616 3343 656 vos
3373 611 3514 671 pote-

1937 686 2056 741 ritis
2075 687 2259 741 venire
2298 704 2312 740 :
2342 695 2395 740 et
2420 687 2508 741 ubi
2538 701 2639 756 ego
2657 701 2773 753 ero,
2801 695 2858 743 et
2902 703 2999 743 vos
3027 689 3179 745 eritis
3204 691 3256 744 in
3284 691 3506 761 gaudio,

1936 777 2078 848 quod
2111 792 2268 833 nemo
2292 777 2443 833 tollet
2466 794 2494 832 a
2523 778 2694 834 vobis.
2722 778 3083 847 Mementote,
3117 781 3207 835 ﬁlii
3230 783 3514 848 carissimi,
3554 847 3564 858 ’

1936 871 2209 940 quomodo
2241 881 2362 942 post
2403 881 2633 927 mortem
2688 873 2856 944 Moysi
2898 873 3036 927 Deus
3075 873 3235 944 elegit
3271 875 3434 930 Josne
3465 877 3518 930 in

1935 959 2126 1016 durem
2155 970 2210 1017 et
2238 972 2599 1032 protectorem
2639 965 2840 1035 popqu
2892 981 2990 1020 suo
3020 982 3034 1018 :
3065 966 3122 1020 Et
3149 967 3361 1022 elevato
3403 967 3516 1022 Elia

1937 1067 2037 1122 per
2067 1055 2329 1109 turbinem
2353 1071 2515 1112 curru
2561 1058 2716 1128 igneo
2743 1060 2796 1114 in
2840 1061 3037 1115 omium
3060 1102 3075 1125 ,
3125 1059 3252 1116 fecit
3281 1061 3518 1115 Eliseunt

1939 1145 1992 1199 in
2033 1147 2230 1217 populo
2257 1162 2378 1204 esse
2405 1149 2723 1219 Prophetam
2750 1193 2763 1216 ,
2799 1153 2850 1206 in
2891 1169 3000 1224 quo
3028 1153 3227 1224 duplex
3259 1155 3523 1224 requievit

1938 1239 2158 1308 spiritus
2208 1239 2356 1296 Elian.
2398 1242 2660 1315 Numquid
2702 1259 2844 1299 nunc
2883 1246 3148 1301 exinanita
3195 1257 3280 1302 cst
3334 1264 3524 1304 manus

1940 1332 2200 1390 Domini?
2226 1336 2305 1390 An
2332 1336 2529 1391 oblitus
2566 1346 2649 1392 est
2679 1338 2816 1393 Dens
2846 1339 3114 1402 misereri.
3147 1350 3237 1396 aut
3268 1343 3516 1398 contine-

1938 1424 2014 1480 hit
2041 1426 2093 1480 in
2137 1427 2212 1481 ira
2265 1427 2687 1484 misericordiam
2733 1430 2929 1484 suam?
2964 1431 3218 1486 Dominus
3243 1433 3348 1487 en't
3400 1448 3522 1502 pars

1939 1514 2267 1573 htereditatis
2290 1527 2485 1576 vestra:
2519 1530 2573 1575 et
2599 1521 2784 1577 calicis
2811 1522 2999 1592 vestri,
3029 1532 3086 1578 et
3112 1524 3226 1595 ipse
3272 1525 3522 1581 restituet

1939 1609 2094 1666 vobis
2125 1610 2491 1667 hmreditatem
2524 1624 2780 1670 vestram.

2008 1703 2137 1759 Car.
2165 1703 2278 1760 XL.
2307 1703 2592 1760 Suscitabit
2620 1721 2847 1777 namque
2874 1723 2939 1763 ex
2967 1707 3120 1764 vobis
3148 1709 3309 1764 alium
3341 1720 3524 1780 pasto-

1937 1809 2053 1850 rem
2076 1834 2094 1861 ,
2122 1797 2206 1849 cui
2237 1795 2383 1850 dabit
2411 1797 2628 1851 verbum
2659 1799 3059 1866 erangelizandi
3095 1817 3110 1855 :
3137 1810 3190 1855 et
3225 1801 3318 1855 ille
3342 1802 3522 1871 ingue-

1940 1885 2119 1941 dietur
2145 1886 2261 1942 sine
2292 1887 2518 1954 macula,
2556 1895 2610 1942 ct
2636 1888 2942 1958 operabitur
2965 1889 3248 1960 justitiam.
3283 1890 3351 1945 Et.
3393 1907 3523 1960 rogo

1941 1979 2110 2033 Deum
2157 1993 2358 2046 meum,
2401 1978 2493 2050 qui
2532 1979 2720 2034 eduxit
2764 1989 2819 2035 et
2857 1979 3068 2036 reduxit
3095 1997 3182 2036 me
3227 1980 3521 2037 secundum

1944 2070 2273 2124 voluntatem
2319 2083 2470 2124 suam
2495 2111 2512 2138 ,
2542 2079 2603 2125 ut
2640 2070 2685 2125 si
2713 2071 2834 2142 quis
2861 2071 2912 2126 itt
2945 2087 3032 2128 me
3079 2072 3174 2126 fuit
3212 2071 3432 2142 spiritus
3456 2074 3523 2129 ad

1941 2159 2301 2216 obediendum
2333 2161 2614 2230 praeceptis
2635 2161 2766 2226 suis,
2798 2162 2942 2233 quod
2967 2164 3016 2218 in
3051 2165 3172 2229 isto,
3195 2180 3353 2234 quem
3375 2165 3526 2220 vobis

1943 2249 2141 2311 mittet.
2192 2251 2462 2319 paraeleto
2487 2259 2542 2306 et
2582 2263 2796 2322 pastore
2835 2253 2925 2308 fiat
2972 2254 3189 2325 duplex.
3241 2255 3320 2310 En
3351 2257 3524 2312 Ense-

1945 2339 2089 2396 bium
2109 2341 2272 2424 filium
2303 2357 2479 2397 meum
2506 2343 2913 2400 dilectissimum
2941 2346 3206 2404 habebitis
3228 2351 3522 2417 vobiscum,

1943 2440 2000 2486 et
2025 2432 2199 2504 ipsum
2241 2441 2492 2504 tauquam
2518 2450 2605 2490 me
2641 2438 2889 2494 audietis.
2931 2438 3048 2509 Ipse
3072 2443 3211 2496 enim
3247 2443 3349 2498 erit
3375 2444 3526 2500 rubis

1944 2523 1999 2578 in
2043 2532 2247 2592 patrem
2273 2566 2289 2590 ,
2315 2534 2371 2579 et
2398 2541 2491 2582 vos
2522 2529 2572 2582 ei
2605 2538 2854 2599 tanquam
2885 2531 2976 2586 lilii
3005 2533 3264 2590 obedietis
3292 2534 3344 2590 in
3387 2539 3527 2592 cari-

1943 2624 2052 2670 tate
2075 2655 2090 2682 ,
2113 2629 2235 2669 cum
2261 2617 2405 2671 omni
2446 2616 2741 2675 humilitate
2768 2630 2823 2675 et
2853 2625 3259 2682 mansuetudine
3276 2669 3292 2692 ,
3311 2637 3525 2684 etcum

1942 2709 2087 2763 omni
2115 2709 2384 2778 patientia.
2415 2708 2471 2764 Si
2497 2713 2624 2784 quid
2645 2714 2796 2770 vobis
2816 2715 2975 2772 fuerit
3005 2721 3354 2787 necessitatis,
3382 2721 3526 2778 refc-

1943 2801 2074 2857 retis
2099 2803 2164 2857 ad
2194 2819 2338 2860 eum.
2384 2805 2622 2862 Obsecro
2661 2823 2756 2863 vos
2799 2817 2859 2863 ut
2895 2810 3107 2866 solliciti
3147 2811 3266 2867 sitis
3311 2827 3527 2870 servare

1943 2894 2201 2950 unitatem
2249 2898 2470 2967 spiritus
2500 2899 2552 2954 in
2592 2901 2803 2956 vinculo
2833 2902 2999 2973 pacis.
3042 2902 3214 2959 Unum
3252 2920 3448 2976 corpus
3473 2916 3528 2962 et

1943 2999 2083 3040 unus
2108 2987 2324 3056 spiritus
2349 2990 2486 3054 sitis,
2510 2992 2647 3047 sicut
2672 2993 2844 3047 vocati
2867 2995 2998 3049 estis
3039 2994 3090 3049 in
3119 3011 3218 3049 una
3241 3011 3336 3066 spe
3363 3013 3524 3053 voca-

1944 3077 2105 3134 tionis
2133 3089 2343 3135 vestrre.
2371 3081 2518 3138 Unus
2551 3093 2636 3139 est
2663 3085 2800 3140 Deus
2826 3095 2881 3141 et
2912 3095 3060 3156 pater
3093 3090 3330 3144 omnium
3368 3089 3526 3147 Jesus

1942 3167 2185 3226 Christus
2212 3172 2338 3250 :eui
2364 3172 2459 3228 soli
2493 3173 2544 3229 in
2589 3191 2690 3229 una
2736 3176 2894 3232 simul
2926 3177 3163 3233 viventes
3192 3179 3525 3237 ftatcrnitate

1943 3262 2154 3332 placere
2174 3264 2423 3334 cupiatis.
2454 3267 2593 3336 Ergo
2614 3269 2730 3339 ejus
2758 3278 2929 3326 estote
2958 3271 3252 3329 imitatores
3270 3274 3404 3330 sicut
3431 3275 3525 3332 lilii

1941 3356 2226 3424 carissimi,
2278 3367 2334 3414 et
2379 3360 2648 3416 ambulate
2692 3363 2744 3417 in
2791 3363 3114 3433 dilectione,
3161 3369 3300 3424 sicut
3327 3378 3382 3425 ct
3410 3369 3525 3438 ipso

1942 3451 2130 3507 dilexit
2155 3468 2271 3518 vos,
2299 3461 2355 3509 et
2378 3455 2592 3511 tradidit
2619 3460 2966 3530 scmetipsmu
3002 3479 3097 3533 pro
3128 3465 3280 3521 vobis
3300 3508 3314 3534 ,
3345 3476 3403 3522 ut
3426 3485 3520 3523 vos

1944 3541 2249 3608 redimeret,
2279 3555 2334 3600 et
2357 3545 2557 3602 faceret
2588 3563 2681 3603 vos
2705 3551 2804 3607 sibi
2851 3555 3206 3623 acceptabiles
3231 3567 3524 3615 sectatores

1946 3636 2206 3692 bonorum
2245 3654 2487 3708 operum.
2532 3639 2826 3712 Unicuique
2853 3653 3089 3700 vestrum
3122 3648 3212 3704 det
3256 3651 3369 3720 ipse
3398 3667 3522 3721 ενειο

1945 3730 2071 3784 tiam
2099 3732 2391 3787 secundum
2414 3747 2721 3789 mensuram
2749 3737 3053 3794 donationis
3073 3755 3205 3795 sum.
3238 3743 3335 3798 Det
3364 3744 3515 3800 vobis

1944 3819 2012 3876 de
2033 3835 2157 3876 rore
2193 3823 2423 3893 Spiritus
2468 3824 2648 3881 Sancti
2697 3826 2928 3896 abunde,
2961 3838 3019 3884 ut
3059 3830 3295 3889 habeatis
3337 3850 3432 3890 cor
3458 3837 3523 3892 ad

1942 3911 2228 3966 colendum
2258 3928 2402 3969 eum.
2452 3915 2740 3987 Adaperiat
2767 3933 2861 3973 cor
2901 3931 3135 3977 vestrum
3168 3925 3218 3978 iu
3259 3926 3375 3997 lege
3403 3943 3519 3995 sua,

1943 4011 1999 4058 et
2024 4002 2077 4056 in
2108 4006 2389 4074 praeceptis
2425 4007 2557 4067 suis.
2591 4015 2647 4060 ut
2670 4011 3001 4080 cognoscatis
3029 4027 3150 4067 cum
3177 4056 3193 4080 ,
3240 4026 3294 4072 et
3322 4019 3526 4078 faciatis

1943 4095 2060 4166 ejus
2088 4096 2435 4164 voluntatem,
2463 4111 2562 4153 nec
2586 4113 2682 4154 vos
2711 4116 2941 4172 unquam
2964 4101 3198 4160 deserat.

2015 4188 2142 4244 Car.
2172 4187 2309 4244 XLI.
2339 4187 2418 4244 Tu
2448 4199 2646 4257 autem,
2673 4192 2746 4246 mi
2769 4191 2838 4247 lili
2871 4191 3088 4262 Eusebi,
3116 4212 3402 4272 consurge,
3436 4203 3522 4259 in-

1944 4281 2112 4338 duere
2159 4280 2544 4348 fortitudinem,
2589 4297 2803 4354 semper
2841 4287 3083 4344 subditus
3126 4300 3242 4346 esto
3271 4291 3516 4361 Domino,
3579 4315 3589 4348 ι

1947 4389 2047 4429 nec
2096 4374 2368 4430 azmuleris
2401 4390 2546 4442 eum,
2591 4385 2649 4430 ut
2693 4377 2938 4447 nequiter
2983 4378 3165 4434 facias.
3218 4380 3372 4438 Salus
3435 4394 3520 4441 tua

1947 4469 2087 4525 Deus
2115 4469 2168 4524 in
2188 4468 2571 4539 sempiternum
2594 4469 2714 4536 erit,
2735 4479 2788 4524 et
2802 4467 3005 4538 iustitia
3033 4477 3118 4524 tua
3142 4487 3246 4527 non
3273 4473 3487 4531 deficiat
3509 4495 3523 4532 :

1947 4561 2202 4618 humilior
2228 4563 2302 4618 sis
2339 4562 2585 4618 omnibus
2619 4578 2633 4615 :
2678 4561 2790 4617 leva
2821 4561 2874 4616 in
2921 4562 3116 4617 emtum
3147 4565 3336 4622 oculos
3377 4576 3520 4634 tuos.
3578 4607 3583 4614 ς

1948 4656 2033 4712 lex
2066 4656 2158 4711 Dei
2185 4669 2400 4725 semper
2427 4655 2490 4709 sit
2523 4653 2577 4707 in
2604 4652 2766 4708 corde
2793 4662 2903 4708 tuo.
2931 4653 3050 4709 Noli
3097 4655 3286 4714 timere
3325 4675 3526 4732 opproo

1951 4749 2123 4804 brium
2171 4747 2466 4811 hominum,
2496 4752 2549 4800 et
2594 4743 2950 4814 blasphemias
2975 4763 3158 4803 eorum
3191 4766 3257 4807 ne
3286 4762 3516 4820 metuas,

1949 4839 2008 4894 Si
2031 4836 2272 4909 sperabis
2303 4837 2355 4890 in
2383 4835 2628 4902 Domino,
2655 4850 2899 4894 assumes
2937 4837 3324 4910 fortitudinem,
3354 4853 3413 4900 et
3432 4861 3520 4901 ve-

1950 4935 2100 4990 nient
2128 4932 2220 4989 tibi
2253 4947 2440 5003 pennae
2471 4940 2530 4987 ut
2553 4933 2742 5003 aquila:
2763 4976 2778 5001 ,
2821 4942 2877 4990 et
2903 4935 3107 4991 volabis
3130 4979 3145 5004 ,
3173 4947 3228 4992 et
3253 4953 3357 4994 non
3390 4939 3527 4996 deli-

1949 5025 2084 5082 cies.
2107 5023 2365 5080 Universa
2393 5023 2527 5093 legis
2557 5022 2971 5080 Dominisecure
2992 5025 3225 5097 loqueris
3253 5029 3523 5085 omnibus.

1949 5115 2028 5171 Ne
2054 5115 2244 5171 timeas
2271 5129 2300 5168 a
2330 5113 2462 5169 farie
2497 5113 2772 5169 hominum
2795 5155 2812 5182 ,
2843 5116 2965 5186 quia
3009 5130 3130 5171 eum
3177 5117 3282 5174 illis
3316 5133 3530 5192 semper

1949 5216 2031 5264 est
2073 5205 2331 5262 Dominus
2374 5219 2495 5260 cum
2531 5205 2723 5276 quibus
2758 5215 2842 5262 est
2881 5208 3098 5274 veritas,
3146 5207 3530 5282 descenditque
3590 5271 3592 5273 ,

1949 5317 2074 5359 cum
2098 5300 2273 5357 illisin
2301 5299 2534 5366 foveam,
2560 5310 2611 5355 et
2643 5300 2695 5355 in
2724 5300 2947 5356 vinculis
2967 5315 3074 5357 non
3097 5301 3382 5374 dereliquit
3409 5319 3525 5369 eos,

1943 5395 2044 5452 sed
2075 5410 2104 5449 a
2132 5393 2503 5451 seductoribus
2529 5402 2732 5449 tutatur
2753 5409 2868 5458 eos,
2901 5403 2957 5451 et
2980 5404 3062 5450 est
3091 5396 3196 5451 illis
3233 5396 3447 5466 adjutor
3477 5406 3533 5452 et

1943 5499 2223 5562 protector
2249 5489 2301 5544 in
2329 5496 2572 5558 tempore
2615 5487 2995 5544 tribulationis.
3041 5487 3200 5544 Certe
3238 5489 3341 5543 non
3372 5487 3532 5543 facile

1949 5583 2101 5638 timet
2156 5589 2381 5637 mortem
2425 5581 2584 5646 hanc,
2631 5572 2737 5635 imo
2786 5585 2844 5634 ut
2885 5579 3003 5649 plus
3053 5577 3194 5645 dico,
3236 5577 3348 5633 odit
3391 5577 3529 5633 hanc

1953 5676 2113 5730 vitam
2140 5713 2156 5740 ,
2195 5672 2284 5743 qui
2312 5686 2372 5728 se
2413 5670 2552 5727 bene
2581 5684 2742 5742 agere
2766 5668 2958 5724 cernit.
2989 5666 3131 5723 Ecce
3183 5666 3449 5722 constituo
3476 5677 3531 5723 te

1950 5781 2114 5836 super
2139 5764 2452 5822 societatem
2482 5762 2662 5829 istam,
2694 5767 2752 5815 ut
2784 5756 3005 5823 evellas,
3055 5763 3111 5812 et
3151 5755 3402 5812 destruas
3424 5798 3441 5825 ,
3473 5767 3529 5814 et

1950 5858 2197 5931 dissipes,
2221 5865 2276 5914 et
2295 5853 2592 5928 disperdas,
2626 5850 2940 5918 remdilices,
2969 5856 3024 5904 et
3054 5848 3279 5920 plantes.
3303 5849 3528 5920 Oportet
3569 5861 3576 5864 ·
