4052 6338
445 418 550 474 267

449 540 501 587 te
544 527 686 584 enim
734 530 854 580 esse
899 515 1441 590 irrcprebensibilem.
1489 513 1670 570 Potest
1707 509 1846 566 male
1893 507 2028 561 alios

450 619 719 690 corrigere
740 657 755 683 ,
787 615 872 671 cui
903 621 1076 684 potest
1110 611 1156 665 is
1192 623 1351 680 quem
1385 605 1603 676 corrigit
1629 602 1806 661 dicere
1841 619 1853 654 :
1884 599 1952 653 Et
1975 605 2031 652 tu

435 707 698 768 'similiter
719 706 870 762 facis.
899 703 1018 760 Tibi
1045 699 1243 757 amodo
1265 697 1436 768 major
1465 696 1569 751 erit
1589 693 1762 757 labor,
1789 690 1883 745 sed
1911 702 2036 742 ma-.

449 805 534 874 ius
585 799 884 872 prtemium.
931 795 1060 852 Esto
1103 791 1336 856 sobrius,
1367 787 1597 859 prudens
1623 826 1638 852 ,
1691 791 1748 837 et
1782 779 2030 874 pudicus,

453 870 729 965 hospitalis
777 899 831 945 et
860 887 1070 943 doctor.
1106 882 1314 939 Nemini
1359 877 1667 934 violentiam
1707 873 1869 930 facito
1893 913 1909 938 ,
1938 870 2034 926 sed

453 963 642 1048 orm—tes
667 983 948 1056 aequaliter
970 979 1165 1049 dilige:
1194 987 1250 1032 et
1279 981 1425 1030 tanto
1459 971 1582 1044 plus
1619 975 1818 1040 quanto
1847 963 2036 1020 melior

440 1088 532 1139 tes.
565 1075 682 1135 Non
729 1079 804 1131 sis
840 1078 1212 1145 persequutor,
1239 1065 1334 1122 sed
1363 1063 1672 1126 modestus,
1697 1073 1804 1115 non
1837 1056 2036 1127 litigio-

452 1189 566 1239 sus,
605 1183 706 1226 nec
729 1166 974 1238 cupidus.
998 1164 1080 1220 Tu
1108 1171 1286 1218 autem
1312 1157 1540 1231 prmdica
1569 1161 1880 1226 opportune
1912 1165 2037 1205 rer»

454 1266 582 1322 bum
609 1262 726 1318 Dei.
777 1258 965 1316 Omnis
1005 1255 1280 1325 Scriptura
1321 1250 1575 1307 divinitus
1604 1246 1858 1317 inspirata
1890 1242 2038 1297 utilis

457 1366 541 1413 est
573 1353 641 1410 ad
670 1351 990 1408 docendum.
1021 1346 1252 1417 Acquire
1279 1342 1442 1399 verba
1477 1355 1598 1412 qua:
1623 1337 1881 1410 pratdices
1913 1349 2044 1390 ora-

460 1446 718 1504 tionibus.
761 1441 914 1497 Valct
954 1439 1100 1495 enim
1144 1433 1448 1506 huiusmodi
1489 1427 1800 1503 praedicatio
1845 1434 1900 1481 et
1942 1424 2042 1478 do-

459 1540 629 1596 ctrina
656 1535 722 1592 ad
745 1530 1148 1589 illuminandum
1171 1536 1226 1583 et
1249 1522 1576 1594 arguendum
1598 1562 1614 1590 ,
1659 1517 1727 1574 ad
1751 1515 2047 1585 corripien-

461 1633 589 1688 dum
642 1639 698 1686 et
744 1623 1096 1684 erudiendum
1144 1621 1198 1675 in
1248 1616 1492 1689 iustitia,
1551 1621 1610 1668 ut
1658 1609 1928 1681 perfectus
1976 1606 2049 1660 sit

461 1723 716 1788 audiens,
744 1730 801 1776 et
827 1719 884 1772 in
907 1714 1054 1771 omni
1082 1712 1223 1767 bono
1247 1722 1411 1779 Opere
1440 1706 1751 1760 instructus.
1780 1699 1879 1754 Est
1902 1697 2047 1753 enim

462 1814 704 1871 Christus
742 1809 899 1866 Iesus
936 1806 990 1862 in
1027 1803 1165 1860 caelo
1202 1799 1400 1857 sedens
1444 1796 1511 1852 ad
1536 1795 1812 1850 dexteram
1839 1788 2050 1845 virtutis

464 1906 588 1974 Dei,
622 1901 870 1960 revelatis
901 1894 1179 1968 mysteria,
1206 1901 1261 1947 et
1281 1889 1483 1945 docens
1508 1899 1721 1940 omnem
1749 1881 2049 1938 scientiam.

464 1995 524 2053 lu
553 1994 800 2052 omnibus
823 2033 840 2058 ,
874 1989 948 2043 fili
974 1983 1326 2042 dilectissime
1345 2022 1360 2045 ,
1389 1980 1620 2049 teipsum
1647 1975 1826 2046 prtebe
1858 1986 2050 2028 exem-

465 2090 614 2161 plum
645 2088 905 2142 bonorum
933 2094 1176 2152 operum,
1209 2077 1263 2132 in
1305 2073 1451 2130 omni
1503 2069 1786 2127 sanctitate
1813 2075 1868 2122 et
1896 2064 2052 2121 boni-

468 2193 598 2238 tate.
631 2179 763 2236 Nam
791 2176 963 2246 capite
991 2171 1244 2242 patiente,
1291 2176 1458 2222 totum
1495 2161 1804 2217 debilitatur
1835 2170 2050 2228 corpus.

467 2273 536 2330 Ut
566 2289 692 2343 ergo
718 2268 954 2326 breviter
982 2273 1032 2320 te
1075 2262 1298 2318 doceam
1347 2275 1362 2313 :
1411 2255 1582 2312 facies
1609 2251 1790 2308 omnia
1818 2251 1978 2314 boua,
2006 2247 2054 2303 si

469 2364 713 2421 timueris
736 2362 927 2416 Deum.

539 2455 669 2512 Car.
724 2451 887 2508 XLII.
942 2447 1084 2504 Patri
1133 2459 1257 2500 meo
1306 2427 2058 2499 Beverendissimo'Domaso

469 2545 753 2605 Portucnsi
783 2543 1052 2612 Episcopo
1084 2536 1325 2592 scribens
1348 2574 1362 2599 ,
1389 2532 1556 2588 facies
1581 2529 1685 2586 mei
1720 2528 2056 2594 memoriam,

469 2649 530 2696 ut
567 2633 761 2692 habeat
787 2648 873 2688 me
921 2632 973 2686 in
1005 2629 1337 2684 orationibus
1361 2626 1508 2688 suis,
1539 2637 1637 2678 nec
1674 2620 1943 2689 corrumpi
1972 2619 2058 2674 di-

472 2731 650 2786 mittat
685 2739 847 2794 Opera
869 2764 884 2790 ,
913 2736 1032 2791 qua:
1056 2727 1201 2774 tanto
1226 2716 1408 2772 labore
1434 2713 1705 2779 contexui,
1734 2712 1802 2766 ab
1831 2708 2062 2765 homini-

472 2824 572 2880 bus
601 2819 796 2890 iniquis
817 2825 869 2872 et
897 2813 1118 2880 dolosis,
1149 2827 1179 2866 a
1201 2810 1394 2881 quibus
1416 2823 1559 2878 s:epe
1587 2816 1921 2876 expugnatus
1941 2818 2059 2859 sum

473 2931 504 2971 a
547 2914 828 2985 iuventute
892 2922 1034 2964 mea.
1093 2903 1386 2960 Ecelesiam
1433 2900 1723 2972 prudenter
1763 2899 2062 2965 custodiat,

475 3008 654 3063 sciens
684 2999 938 3074 quoniam
962 2995 1088 3052 mali
1117 2994 1326 3064 erigent
1355 3006 1415 3047 se
1433 3030 1451 3059 ,
1483 2990 1832 3059 illaqueautes
1858 2989 2064 3046 animas

475 3096 800 3170 simplicium
823 3133 840 3162 ,
879 3107 1016 3164 quos
1059 3099 1282 3145 conatus
1319 3101 1438 3142 sum
1470 3083 1698 3139 educere
1729 3083 1780 3136 in
1813 3083 1950 3136 viam
1974 3095 2066 3137 reo

475 3201 614 3249 ctam
639 3233 656 3260 ,
702 3191 984 3260 loquentes
1015 3185 1068 3238 in
1094 3197 1189 3238 ore
1214 3194 1344 3245 suo,
1379 3189 1430 3234 et
1459 3177 1694 3248 gladium
1723 3174 1984 3230 habentes
2010 3174 2065 3230 in

476 3283 631 3339 labiis
655 3281 786 3336 suis.
814 3275 1076 3344 Quoniam
1105 3271 1346 3328 obmutui
1371 3281 1424 3326 et
1451 3269 1572 3325 silui
1601 3283 1629 3322 a
1657 3267 1832 3334 bonis,
1860 3275 1915 3322 et
1944 3280 2069 3336 pro-

477 3374 648 3445 iectus
677 3385 796 3425 sum
829 3369 880 3423 in
908 3373 1253 3422 monumento
1291 3361 1586 3418 dormiens.
1633 3360 1802 3430 Spero
1839 3358 1981 3413 enim
2013 3358 2068 3414 in

480 3464 708 3521 Domino
737 3460 878 3532 quod
903 3459 1162 3528 benignus
1190 3465 1294 3521 est,
1320 3465 1374 3510 ct
1395 3468 1498 3509 non
1522 3453 1853 3524 derelinquet
1883 3450 2069 3509 fideles

481 3554 904 3614 suos.Gaudium
928 3552 1072 3609 enim
1091 3550 1262 3606 habeo
1283 3564 1530 3621 magnum
1553 3558 1606 3604 et
1621 3547 2064 3614 consolationem,

484 3662 814 3720 prmsumcns
841 3645 908 3700 de
938 3643 1303 3699 misericordia
1343 3641 1574 3707 Domini,
1599 3639 1741 3710 quod
1773 3642 1944 3695 virum
1969 3641 2070 3695 mi-

485 3739 708 3796 rabilem
740 3746 794 3793 et
822 3735 1001 3792 multa:
1041 3735 1278 3790 scientia:
1331 3741 1386 3788 et
1432 3732 1684 3790 bonitatis
1713 3731 2070 3802 Augustinum

487 3832 886 3903 Hipponiensem
914 3827 1236 3899 Episcopum
1267 3835 1388 3897 post
1427 3841 1515 3881 me
1549 3826 1819 3895 relinquo.
1847 3827 2073 3896 Propter

490 3942 647 3997 quem
673 3924 893 3979 multam
920 3922 1092 3977 habeo
1119 3919 1364 3976 fiduciam
1391 3920 1442 3975 in
1469 3919 1683 3982 Christo
1707 3919 1836 3975 Jesu
1867 3926 2075 3974 susten-

491 4018 638 4074 tandi
673 4015 832 4072 fidem
860 4024 1111 4070 vestram.
1141 4012 1238 4068 Cui
1265 4013 1333 4068 de
1374 4029 1460 4068 me
1503 4013 1744 4070 scribens
1771 4012 1870 4068 hoc
1901 4013 2072 4082 ipsum

493 4120 678 4182 rogato
698 4150 713 4174 ,
747 4120 802 4162 ut
831 4118 1082 4178 tanquam
1129 4105 1302 4162 fidelis
1329 4116 1527 4177 pugnet
1553 4107 1728 4171 miles,
1760 4121 1828 4160 ne
1857 4105 2076 4160 veniant

495 4201 658 4274 (quod
688 4200 848 4261 absit)
881 4199 1018 4253 mala
1049 4198 1193 4268 genti
1237 4209 1456 4253 nostrae.
1481 4197 1783 4252 Theodosio
1807 4198 2074 4264 Senatori,

494 4303 547 4350 et
572 4293 818 4348 onmibns
848 4292 898 4345 in
926 4292 1142 4346 Christo
1171 4291 1421 4344 fratribus
1451 4306 1536 4345 me
1558 4291 1980 4346 recommendes.

567 4387 695 4442 Car.
729 4383 908 4440 XLlll.
939 4382 1124 4438 Finitis
1155 4381 1238 4436 his
1269 4381 1464 4442 verbis,
1495 4381 1574 4435 vir
1595 4381 1964 4436 sanctissimus
1992 4383 2079 4453 ju-

497 4483 669 4537 cunda
698 4495 829 4534 voce
861 4492 1050 4534 versus
1079 4477 1144 4531 ad
1177 4475 1370 4531 fratres
1389 4519 1405 4544 ,
1450 4477 1619 4547 inquit
1649 4493 1664 4531 :
1697 4478 1948 4534 Accedite
1977 4477 2082 4533 huc

502 4583 561 4629 ut
587 4583 795 4643 tangam
835 4586 951 4636 vos,
982 4570 1075 4625 filii
1108 4570 1234 4632 mei,
1267 4578 1548 4638 antequam
1577 4583 1605 4623 a
1635 4568 1786 4624 vobis
1811 4569 2080 4625 recedam.

502 4665 584 4722 Ad
611 4680 768 4734 quem
791 4661 1344 4732 appropinquantibus
1369 4661 1504 4726 illis,
1545 4660 1782 4730 singulos
1812 4659 2079 4729 brachiis,

499 4765 560 4810 ut
587 4754 777 4809 melius
806 4761 1034 4822 poterat,
1059 4753 1405 4820 amplectens,
1435 4753 1653 4808 cuilibet
1677 4752 1822 4822 pacis
1840 4753 2082 4808 osculum

504 4845 708 4902 tribuit.
763 4842 965 4898 Deinde
1010 4858 1195 4898 vocem
1249 4843 1591 4899 mediocriter
1633 4845 1889 4913 elevans,
1934 4846 2086 4900 vultu

501 4936 714 5009 placido
742 4945 795 5018 et
813 4935 1072 5006 jucundo,
1101 4937 1335 4991 extensis
1363 4936 1630 4993 incretum
1658 4939 1921 5006 manibus,
1952 4954 2085 4994 con-

502 5029 782 5098 versisque
809 5026 877 5082 ad
907 5027 1190 5081 Dominum
1217 5028 1414 5091 oculis,
1444 5027 1619 5096 gaudii
1646 5029 1897 5101 lacrymis
1931 5030 2086 5085 inun-

507 5120 778 5185 dantibus,
805 5119 940 5174 dixit
983 5133 998 5173 :
1031 5118 1125 5173 Pie
1167 5117 1290 5174 Jesu
1312 5159 1328 5186 ,
1357 5120 1526 5174 virtus
1569 5135 1719 5186 mea,
1755 5121 2088 5190 refrigerium

507 5230 712 5280 meum,
739 5221 1019 5282 susceptor
1048 5226 1199 5267 meus
1224 5219 1278 5266 et
1307 5212 1560 5268 liberator
1587 5228 1772 5282 meus,
1805 5213 1920 5268 laus
1945 5230 2086 5283 mea,

507 5310 563 5364 in
590 5322 748 5378 quem
775 5305 1009 5376 speravi,
1035 5303 1120 5360 cui
1146 5302 1370 5369 credidi,
1399 5313 1452 5357 et
1470 5319 1627 5373 quem
1650 5305 1810 5360 dilexi
1841 5323 1856 5360 :
1882 5320 2087 5365 summa

507 5399 737 5458 dulcedo
756 5440 772 5466 ,
809 5397 970 5453 turris
995 5395 1324 5452 fortitudinis
1344 5437 1358 5462 ,
1389 5406 1445 5452 et
1471 5412 1594 5467 spes
1621 5412 1738 5452 mea
1763 5413 1791 5452 a
1813 5398 2092 5469 iuventute

511 5508 630 5550 mea
664 5509 680 5548 :
719 5506 853 5548 voca
885 5503 1005 5554 me,
1035 5489 1141 5544 dux
1171 5487 1292 5543 vita)
1331 5504 1500 5556 mem,
1547 5499 1604 5545 et
1629 5491 2092 5562 egorespondebo

507 5587 647 5643 tibi:
678 5583 827 5656 operi
860 5597 1114 5639 manuum
1149 5590 1381 5646 tuarum,
1409 5581 1552 5652 quod
1585 5592 1638 5636 tu
1683 5583 1752 5638 de
1783 5583 1909 5639 limo
1936 5594 2094 5644 terra:

511 5685 723 5736 creator
764 5675 1004 5733 omnium
1054 5673 1334 5741 formasti,
1369 5673 1512 5745 quod
1560 5675 1775 5730 ossibus
1815 5685 1868 5732 et
1913 5680 2094 5735 nervis

511 5770 850 5842 compegisti,
880 5768 964 5826 cui
995 5768 1156 5822 vitam
1203 5775 1256 5822 ct
1286 5767 1701 5823 misericordiam
1734 5769 1968 5827 moriens
2000 5771 2096 5826 tri-

512 5862 696 5934 buisti,
726 5871 830 5922 tua:
863 5863 1162 5920 clementia:
1200 5860 1412 5934 porrige
1450 5859 1748 5919 dexteram.
1779 5861 1942 5933 lube,
1990 5863 2093 5921 Do-

1474 396 1825 463 EUSEBIUS,
1869 391 1956 450 DE
1991 387 2226 448 MORTE
2265 387 2666 447 HIERONYMI.

2844 297 2934 311 κενά-⁵
2949 294 2970 304 ⁴⁶

2138 501 2282 558 mine
2299 544 2315 570 ,
2337 517 2406 559 ne
2431 503 2658 559 moreris
2690 516 2706 557 :
2734 500 2858 572 quia
2887 509 3094 570 tempus
3117 504 3202 555 est
3237 505 3295 555 ut
3322 495 3495 569 pulvis
3522 495 3576 551 in
3602 497 3724 567 pul-

2136 611 2318 650 verem
2342 604 2660 662 rcvertatur,
2685 605 2740 651 et
2759 595 2977 665 spiritus
3000 592 3186 648 redeat
3204 590 3272 647 ad
3291 600 3343 647 te
3363 591 3724 658 Salvatorem,

2138 687 2226 756 qui
2271 687 2374 740 huc
2405 685 2598 740 misisti
2643 685 2810 739 illum.
2855 685 3020 754 Aperi
3061 681 3133 738 illi
3171 681 3365 752 januas
3401 680 3549 736 vitae.
3593 681 3726 738 Nam

2139 794 2261 836 cum
2291 793 2388 848 pro
2417 793 2502 834 me
2523 778 2575 832 in
2599 777 2742 848 ligno
2761 777 2936 832 crucis
2963 787 3213 846 tanquam
3239 774 3378 829 latro
3403 773 3724 844 pependisti,

2142 881 2198 927 tu
2229 871 2518 942 promisisti
2544 871 2692 936 mihi,
2715 870 2857 941 quod
2877 885 3003 926 eum
3031 869 3320 938 reciperes.
3347 867 3506 933 Veni,
3533 867 3729 926 dilecte

2141 964 2236 1029 mi,
2268 971 2480 1020 teneam
2507 973 2579 1028 te,
2603 977 2704 1018 nec
2725 962 2986 1017 dimittam
3015 971 3066 1018 te
3100 979 3113 1015 :
3157 960 3404 1017 introduc
3431 975 3518 1016 me
3549 961 3602 1014 in
3627 960 3729 1015 do-

2143 1070 2292 1110 mum
2326 1062 2492 1110 tuam.
2531 1053 2611 1109 Τιι
2649 1063 2929 1124 susceptor
2973 1068 3126 1109 meus
3166 1067 3225 1108 es
3246 1095 3261 1117 ,
3289 1053 3459 1124 gloria
3493 1068 3608 1110 mea
3635 1094 3650 1119 ,
3678 1062 3734 1109 et

2144 1145 2395 1202 exaltans
2417 1155 2575 1216 caput
2601 1161 2778 1201 meum
2807 1163 2821 1200 :
2854 1145 3000 1201 salus
3023 1159 3139 1200 mea
3170 1155 3224 1200 et
3257 1143 3560 1200 benedictio
3582 1155 3730 1201 inca.

2145 1237 2368 1308 Suscipe
2397 1253 2504 1304 me,
2549 1239 2856 1295 misericors
2899 1239 3070 1304 Deus,
3101 1238 3393 1294 secundum
3437 1237 3740 1305 multitudig

2147 1345 2268 1386 nem
2295 1330 2697 1386 miserationum
2727 1339 2955 1386 tuarum.
2986 1328 3120 1384 Nam
3160 1329 3423 1385 latronem
3445 1327 3514 1384 ad
3535 1337 3589 1385 te
3609 1344 3736 1384 cur-

2147 1431 2357 1478 rentem
2383 1421 2436 1476 in
2465 1435 2628 1478 cruce
2657 1422 2892 1478 moriens
2938 1421 3243 1492 suscepisti.
3291 1421 3604 1478 Possideam
3651 1432 3736 1488 te,

2149 1511 2421 1570 beatitudo
2441 1513 2790 1584 sempiterna.
2810 1513 3024 1569 Caecum
3046 1513 3195 1584 juxta
3219 1514 3355 1569 viam
3377 1514 3696 1570 clamantem
3719 1529 3736 1566 :

2150 1604 2280 1662 Jesu
2307 1606 2380 1662 fili
2422 1606 2586 1662 David
2633 1607 2893 1664 miserere
2941 1607 3080 1673 mei,
3129 1605 3329 1662 lumine
3375 1615 3480 1662 tua:
3520 1607 3739 1670 visionis

2153 1705 2368 1752 aeterna:
2394 1697 2656 1755 illumina.
2678 1697 2723 1754 0
2745 1699 2834 1754 lux
2864 1697 3166 1765 invisibilis,
3193 1713 3297 1768 qua
3328 1713 3517 1754 carens
3544 1697 3739 1752 Tobias

2152 1789 2457 1848 clamabat:
2507 1792 2673 1859 Quale
2717 1792 2844 1845 mihi
2885 1791 3126 1862 gaudium
3173 1799 3249 1845 est
3297 1808 3410 1844 cum
3435 1791 3489 1845 in
3529 1790 3742 1846 tenebris

2153 1882 2302 1938 sedeo
2327 1921 2345 1950 ,
2389 1892 2438 1938 et
2467 1883 2634 1938 lunten
2664 1883 2776 1938 mli
2819 1899 2919 1938 non
2947 1882 3130 1938 rideo?
3155 1880 3199 1937 0
3228 1882 3315 1937 lux
3359 1882 3475 1938 sine
3503 1896 3610 1951 qua
3635 1896 3741 1938 non

2155 1984 2239 2032 est
2269 1975 2486 2040 veritas,
2518 1990 2626 2030 non
2653 1985 2738 2032 est
2761 1973 3051 2041 discretio,
3095 1990 3201 2030 non
3231 1985 3312 2030 est
3356 1973 3614 2046 sapientia
3644 1989 3742 2028 ne-

2148 2082 2262 2138 que
2293 2066 2500 2122 bonitas
2535 2083 2551 2122 :
2592 2067 2839 2122 lllumina
2884 2067 3070 2122 oculos
3099 2081 3250 2122 meos
3294 2081 3359 2123 ne
3390 2081 3622 2136 unquam
3649 2065 3746 2120 ob~

2158 2159 2423 2216 dormiam
2453 2161 2505 2215 in
2534 2169 2730 2228 morte,
2762 2175 2830 2216 ne
2858 2159 3071 2230 quando
3097 2159 3238 2215 dicat
3265 2160 3510 2214 inimicus
3546 2173 3702 2213 meus
3727 2175 3743 2212 :

2161 2254 2417 2310 Prmvalui
2459 2253 2716 2310 adversus
2752 2269 2898 2309 eum.
2944 2252 3130 2309 Tredet
3163 2253 3396 2307 animam
3425 2266 3597 2307 meam
3625 2251 3746 2309 vita:

2159 2360 2295 2402 mea:
2317 2387 2332 2412 ,
2366 2345 2554 2416 loquar
2599 2346 2652 2400 in
2697 2343 3057 2400 amaritudine
3085 2343 3278 2398 animae
3318 2357 3486 2408 ex,
3515 2350 3747 2412 a-grottts

2159 2453 2300 2495 sum.
2331 2436 2599 2492 Infirmata
2638 2445 2721 2492 est
2750 2436 2802 2492 in
2848 2444 3161 2506 paupertate
3209 2435 3313 2490 vita
3345 2450 3462 2489 mea
3487 2475 3502 2498 ,
3543 2444 3598 2490 et
3624 2449 3747 2488 ossa

2163 2547 2281 2588 mea
2308 2531 2446 2586 sicut
2489 2530 2540 2585 in
2589 2529 2809 2585 frixorio
2857 2529 3099 2585 confrixa
3135 2537 3278 2584 sunt.
3312 2529 3382 2584 Et
3423 2529 3544 2585 ideo
3573 2528 3640 2584 ad
3672 2538 3745 2594 te,

2165 2621 2410 2686 Domine,
2436 2636 2596 2676 curro
2625 2619 2914 2676 medicum.
2943 2619 3080 2676 Sana
3115 2635 3224 2684 me,
3256 2619 3495 2685 Domine,
3521 2627 3578 2676 et
3603 2634 3752 2674 sana.

2165 2712 2266 2768 bor
2295 2731 2311 2768 :
2341 2713 2546 2768 salvum
2576 2727 2663 2769 me
2693 2712 2796 2777 fac,
2824 2720 2880 2768 et
2899 2712 3079 2768 salvus
3101 2728 3215 2767 ero.
3242 2712 3311 2767 Et
3333 2712 3582 2783 quoniam
3616 2713 3668 2767 in
3701 2721 3753 2768 to

2165 2809 2376 2868 confido
2421 2825 2526 2864 non
2554 2808 2889 2864 erubescam.
2941 2810 3012 2862 At
3049 2808 3169 2878 quis
3201 2823 3304 2877 ego
3326 2822 3465 2874 sum,
3511 2806 3753 2878 piissime

2167 2903 2330 2968 Deus,
2359 2909 2420 2958 ut
2451 2911 2558 2956 tam
2596 2900 2851 2956 audacter
2879 2900 3067 2970 loquar
3091 2899 3157 2954 ad
3188 2899 3276 2954 te?
3303 2899 3554 2954 Peccator
3597 2914 3751 2962 sum,

2166 3007 2221 3054 et
2271 2999 2323 3053 in
2369 2998 2602 3068 peccatis
2634 3005 2777 3051 totus
2823 3005 3017 3061 natus,
3065 3004 3119 3050 et
3157 2995 3368 3065 genitus
3393 3005 3442 3049 et
3473 2991 3751 3058 educatus,

2169 3091 2398 3148 cadaver
2429 3091 2718 3160 putridmn,
2750 3105 2843 3144 vas
2871 3089 3134 3154 faetidam,
3171 3103 3292 3144 esca
3327 3087 3609 3144 vermium.

2241 3184 2370 3239 CAP.
2398 3183 2581 3240 XLIV.
2613 3183 2726 3239 Ileu
2767 3182 2931 3250 mihi,
2963 3181 3218 3247 Domine,
3262 3195 3419 3250 parce
3443 3179 3594 3234 mihi.
3624 3177 3758 3247 Qttzo

2173 3277 2393 3334 victoria
2419 3278 2463 3333 si
2495 3276 2777 3349 pugnando
2802 3291 3012 3332 mecum
3036 3290 3122 3330 me
3153 3275 3362 3340 viceris,
3395 3274 3483 3344 qui
3512 3287 3631 3328 sum
3657 3272 3757 3336 mi-

2173 3386 2274 3426 nus
2313 3385 2471 3442 quam
2503 3369 2695 3439 stipula
2723 3378 2848 3424 ante
2892 3366 3080 3424 faciem
3109 3365 3293 3422 venti?
3325 3365 3541 3420 Dimitte
3578 3365 3758 3419 omnia

2173 3475 2391 3535 peccata
2419 3477 2558 3528 mea,
2590 3473 2643 3516 et
2668 3463 2815 3532 erige
2857 3461 2926 3517 de
2953 3471 3193 3516 stercore
3233 3473 3541 3530 pauperem.
3571 3457 3752 3522 Certe,

2174 3559 2420 3623 Domine,
2470 3558 2512 3612 si
2547 3557 2737 3626 placet,
2781 3556 2975 3622 dicam,
3006 3569 3110 3609 non
3140 3553 3306 3609 debes
3335 3568 3419 3607 me
3447 3551 3512 3606 ad
3543 3561 3595 3607 te
3638 3566 3761 3606 cur-

2174 3659 2380 3707 rentem
2409 3647 2591 3718 fugere
2623 3665 2637 3704 :
2671 3647 2792 3717 quia
2828 3655 2886 3702 tu
2913 3661 2972 3701 es
3014 3645 3155 3700 Dens
3199 3659 3367 3700 meus.
3396 3643 3534 3698 Caro
3559 3651 3645 3695 tua
3693 3642 3762 3697 de

2175 3757 2338 3798 carne
2364 3757 2503 3808 mea,
2535 3749 2590 3796 et
2618 3754 2740 3796 ossa
2781 3747 2868 3794 tua
2891 3737 2961 3793 de
2989 3737 3202 3793 ossibus
3226 3736 3380 3790 meis.
3407 3734 3630 3804 Propter
3657 3732 3763 3788 hoc

2176 3850 2407 3902 namque
2445 3849 2551 3891 non
2591 3833 2902 3902 relinquens
2946 3831 3110 3902 patris
3153 3829 3450 3892 dexteram,
3489 3825 3763 3881 adlimsisti

2178 3943 2313 3984 mea:
2355 3925 2700 3991 humanitati,
2747 3926 2918 3979 factus
2953 3925 3094 3980 Deus
3120 3931 3176 3978 et
3217 3921 3379 3976 homo
3400 3961 3415 3987 ,
3447 3917 3588 3988 quod
3617 3917 3764 3988 prius

2180 4036 2303 4077 eras
2332 4034 2655 4091 permanens
2698 4018 2751 4072 in
2798 4031 2900 4071 una
2947 4015 3244 4085 eademque
3273 4027 3520 4082 persona.
3569 4011 3630 4066 Et
3665 4011 3764 4064 hoe

2179 4128 2346 4183 quare
2373 4123 2479 4167 tam
2505 4111 2727 4167 arduum
2755 4119 2811 4164 et
2841 4107 3166 4178 inopinabile
3208 4105 3547 4175 perpetrasti,
3577 4103 3678 4158 nisi
3711 4111 3766 4156 ut

2181 4203 2512 4260 confidenter
2531 4201 2597 4256 ad
2626 4210 2678 4256 te
2705 4214 3038 4256 recurrerem
3063 4198 3218 4271 quasi
3254 4197 3320 4253 ad
3356 4196 3601 4262 fratrem,
3626 4203 3682 4250 et
3711 4201 3766 4248 ut

2184 4298 2314 4354 mihi
2366 4307 2510 4352 tuam
2561 4294 2980 4350 misericorditer
3015 4292 3351 4348 condonares
3399 4288 3768 4345 divinitatem?

2184 4393 2526 4461 Quapmpter
2550 4403 2779 4458 exsurge
2801 4395 2854 4440 et
2880 4387 3072 4457 adjuva
3103 4399 3210 4450 me,
3237 4383 3495 4438 Domine:
3518 4395 3765 4450 exsurge,

2189 4494 2244 4538 et
2269 4498 2336 4538 ne
2363 4481 2591 4550 repellas
2617 4495 2702 4535 me
2719 4480 2770 4534 in
2802 4480 2985 4533 finem.
3011 4477 3160 4533 Sicut
3186 4491 3377 4531 cervus
3403 4473 3676 4530 desiderat
3703 4471 3769 4526 ad

2187 4576 2360 4631 fontes
2385 4589 2661 4646 aquarum,
2692 4573 2762 4627 ita
2784 4573 2970 4626 sitiens
2992 4571 3166 4625 anima
3193 4585 3312 4625 mea
3339 4569 3470 4640 petit
3492 4575 3546 4622 te
3571 4567 3769 4622 fontem

2189 4668 2366 4723 vivum
2388 4709 2403 4732 ,
2440 4677 2495 4720 ut
2525 4665 2738 4720 hauriat
2781 4677 2948 4735 aquas
2986 4663 3038 4717 in
3078 4661 3272 4733 gaudio
3299 4661 3366 4717 de
3396 4661 3628 4715 fontibus
3659 4657 3774 4714 Sal.

2189 4760 2425 4826 vatoris,
2453 4774 2521 4814 ne
2549 4758 2693 4814 sitiat
2721 4757 2968 4826 amplius.
2998 4754 3224 4823 Quando
3250 4754 3429 4810 veniet
3455 4762 3512 4807 et
3546 4767 3775 4824 appare-

2189 4851 2268 4908 bit
2293 4861 2416 4906 ante
2446 4851 2634 4906 faeiem
2662 4848 2848 4905 tuam?
2875 4849 3100 4904 Domine
3123 4849 3214 4913 mi,
3239 4846 3451 4918 quando
3483 4846 3778 4916 respiciens

2193 4945 2442 5000 restitues
2473 4946 2704 5000 animam
2749 4943 2961 4997 meam?
3003 4956 3042 4998 ιι
3077 4941 3372 4996 malefactis
3412 4957 3600 4996 eorum
3621 4983 3637 5007 ,
3669 4950 3724 4995 et
3751 4955 3780 4993 a

2193 5037 2438 5093 leonibus
2465 5037 2675 5091 unicam
2706 5035 2919 5090 meam?
2948 5034 3159 5090 Utinam
3199 5034 3632 5104 appendercntnr
3661 5048 3781 5103 pee-

2193 5139 2311 5185 cata
2362 5147 2479 5185 mea
2529 5129 2724 5200 quibus
2755 5129 2888 5182 iram
2937 5127 3142 5192 merui,
3177 5136 3231 5181 et
3270 5127 3580 5191 calamitas,
3621 5140 3780 5195 quam

2196 5221 2404 5292 patior,
2438 5222 2489 5276 in
2540 5229 2780 5275 statera:
2827 5219 2978 5289 quasi
3022 5233 3184 5274 arena
3217 5218 3380 5272 maris
3409 5218 3624 5288 gravior
3670 5220 3783 5270 haec
3862 5271 3865 5273 _

2195 5321 2502 5382 appareret.
2531 5310 2684 5366 Unde
2723 5319 2776 5365 et
2801 5309 2845 5364 si
2876 5311 3106 5380 amplius
3143 5320 3453 5380 exspectes,
3489 5310 3784 5364 tribulatio~

2198 5419 2321 5460 nem
2350 5413 2399 5458 et
2441 5403 2680 5457 dolorem
2728 5402 3016 5456 inveniam.
3067 5401 3236 5468 Veni,
3282 5402 3538 5473 gaudium
3565 5403 3786 5472 spiritus

2197 5498 2326 5563 mei,
2357 5505 2416 5550 ut
2440 5494 2676 5550 delecter
2719 5495 2771 5549 in
2817 5503 2890 5550 te.
2938 5495 3136 5551 Revela
3181 5496 3310 5550 mihi
3361 5496 3786 5550 misericordiam

2202 5598 2366 5648 tuam,
2401 5586 2581 5640 lmtitia
2627 5586 2807 5641 cordis
2857 5587 3002 5652 mei,
3053 5588 3320 5642 inveniam
3354 5597 3427 5651 te,
3456 5587 3784 5642 desiderium

2200 5694 2400 5733 meum.
2430 5677 2577 5732 Sicut
2604 5693 2791 5734 servus
2817 5679 3152 5748 prtestolatur
3177 5677 3337 5734 finem
3357 5680 3538 5748 operis
3567 5680 3681 5746 sui,
3711 5680 3789 5735 sic

2200 5777 2256 5824 et
2281 5783 2382 5839 ego
2407 5777 2659 5838 exspecto
2688 5779 2760 5825 te.
2787 5770 2951 5826 Intret
2969 5771 3252 5840 postulatio
3273 5785 3389 5825 mea
3412 5770 3466 5824 in
3497 5782 3788 5842 cmtSpects

2203 5870 2320 5933 tuo,
2355 5861 2596 5930 Domine,
2625 5872 2679 5920 et
2706 5862 2798 5920 fiat
2822 5877 3012 5922 manus
3038 5869 3153 5928 tua,
3181 5871 3239 5920 ut
3264 5864 3472 5921 salvum
3501 5879 3588 5924 me
3613 5865 3780 5921 faciat-
