4052 6338
277 519 410 576 Ecce
428 517 603 573 virum
633 515 722 587 qui
747 511 1077 571 descendens
1103 527 1132 567 a
1161 510 1396 575 Jcricho,
1423 519 1618 580 captus
1645 523 1676 562 a
1696 507 1870 562 latro--

277 611 428 666 nibus
465 607 779 663 vulneratus
823 621 973 672 sum,
1019 603 1309 660 semivivus
1334 603 1554 657 relictus
1578 615 1729 665 sum,
1759 609 1813 652 tu
1833 639 1850 666 ,

278 701 361 772 pie
387 693 764 764 Samaritana,
813 697 993 766 recipe
1037 693 1146 750 me.
1186 693 1405 750 Peccavi
1447 693 1607 748 nimis
1649 691 1703 746 in
1748 691 1851 746 vita

280 803 388 844 mea
411 830 426 853 ,
452 796 510 843 et
535 787 736 842 malum
765 801 946 842 coram
989 795 1042 842 te
1086 784 1206 841 feci.
1247 784 1364 839 Non
1407 792 1462 838 te
1483 781 1727 854 cognovi,
1771 781 1854 836 in-

283 889 459 950 gratus
487 876 566 932 fui
599 885 675 932 tot
700 875 1080 932 beneﬁciorum
1109 885 1348 940 tuorum,
1377 888 1486 928 non
1526 881 1584 927 ut
1608 871 1852 939 decebat,

282 979 329 1024 te
357 966 588 1022 laudavi.
621 965 782 1021 Forte
806 965 1079 1021 multoties
1100 966 1380 1020 veritatem
1420 963 1580 1018 tacui.
1611 962 1667 1017 In
1693 959 1856 1016 corde

280 1073 394 1114 meo
416 1073 540 1113 cum
570 1057 823 1127 pulsabas
860 1056 928 1112 ad
958 1057 1154 1112 ostium
1179 1055 1358 1111 cordis
1391 1054 1532 1120 mei,
1577 1055 1729 1125 piger
1755 1050 1852 1119 fui,

280 1161 333 1206 ιιι
367 1163 420 1207 te
465 1151 755 1220 reciperem
793 1157 1126 1205 reverenter.
1159 1149 1364 1218 Corpus
1409 1147 1680 1218 putridnm
1711 1143 1853 1215 quod

280 1242 418 1296 velut
451 1241 642 1296 umbra
671 1239 992 1304 declinatur,
1038 1239 1205 1294 nimio
1228 1238 1398 1294 dilexi
1425 1237 1636 1294 atl‘ectu.
1666 1236 1855 1292 Verbis

282 1332 433 1386 vanis
455 1345 525 1386 os
566 1330 837 1401 inquinavi
867 1345 883 1383 :
932 1344 1086 1385 tuens
1133 1344 1250 1384 mea
1291 1343 1402 1383 non
1438 1343 1650 1398 semper
1676 1328 1772 1381 fuit
1801 1327 1855 1381 in

284 1412 598 1479 testamento
627 1422 760 1492 legis
785 1429 911 1477 tuac.
934 1420 1050 1476 Non
1073 1422 1237 1477 averti
1265 1421 1450 1476 oculos
1475 1435 1644 1485 meos,
1672 1428 1854 1476 utnon

282 1515 562 1585 aliquando
584 1515 822 1569 viderem
846 1514 1156 1568 vanitatem.
1181 1514 1354 1569 Aures
1376 1496 1522 1568 meas
1539 1511 1857 1583 quandoque

285 1606 456 1661 verbis
485 1603 765 1659 inutilibus
807 1604 1098 1674 inquinavi.
1141 1604 1328 1659 Manus
1355 1618 1501 1658 meas
1535 1603 1600 1658 ad
1628 1601 1857 1673 proximi

284 1696 647 1752 necessitatem
665 1695 935 1751 multoties
951 1709 1056 1751 non
1076 1695 1312 1752 extendi.
1335 1695 1566 1751 Pedibus
1576 1694 1643 1749 ad
1659 1694 1857 1764 iniqui-

285 1795 439 1842 tatem
483 1787 717 1842 cucurri.
765 1785 906 1854 Quid
956 1785 1105 1858 plura
1149 1785 1369 1843 dicam?
1411 1787 1456 1841 A
1487 1785 1663 1856 planta
1705 1784 1857 1855 pedis

283 1892 446 1948 usque
486 1877 554 1933 ad
596 1878 854 1933 verticem
897 1878 1092 1949 capitis
1138 1886 1360 1934 nonest
1404 1877 1456 1932 in
1503 1892 1595 1932 me
1634 1877 1856 1932 sanitas.

283 1969 434 2025 Certe
481 1969 582 2025 nisi
629 1970 681 2025 in
733 1970 878 2042 ligno
921 1971 1096 2026 crucis
1141 1970 1376 2027 moriens
1406 1985 1492 2026 me
1536 1969 1854 2039 adiuvisses,

284 2061 435 2134 digna
467 2072 583 2119 erat
609 2062 852 2118 habitare
881 2063 938 2117 in'
964 2063 1171 2119 inlerne
1209 2063 1388 2117 anima
1419 2077 1557 2118 mea.
1590 2062 1703 2131 Ego
1724 2101 1739 2124 ,
1771 2060 1858 2130 pie

283 2156 424 2224 Jesu,
455 2170 574 2211 sum
605 2170 730 2227 pars
773 2155 906 2210 tanti
941 2155 1095 2226 pretii
1129 2173 1144 2208 :
1187 2169 1283 2226 pro
1307 2170 1392 2209 me
1436 2154 1613 2208 fudisti
1641 2153 1857 2223 sangui-

284 2265 398 2304 nem
447 2259 597 2306 tuum
645 2251 934 2320 pretiosum
969 2267 984 2304 :
1027 2264 1138 2304 non
1181 2265 1272 2305 me
1317 2247 1536 2304 refutes.
1583 2247 1697 2318 Ego
1738 2261 1857 2300 sum

282 2341 393 2399 ovis
419 2357 541 2412 quae
565 2342 738 2396 erravi
775 2359 789 2397 :
818 2341 1032 2411 require
1068 2355 1221 2405 eam,
1253 2340 1394 2394 bone
1436 2345 1648 2407 pastor,
1684 2347 1739 2391 et
1765 2351 1859 2406 ap-

280 2446 417 2501 pone
440 2447 561 2487 eam
586 2431 713 2486 ovili
741 2439 851 2496 tuo,
877 2439 932 2484 ut
951 2429 1260 2499 justifieeris
1281 2428 1334 2483 in
1363 2426 1698 2482 sermonibus
1732 2427 1856 2479 tuis.

279 2522 408 2577 Nam
465 2522 762 2592 promisisti
790 2521 959 2585 mihi,
1004 2518 1146 2590 quod
1188 2531 1532 2589 quacumque
1573 2517 1701 2571 hora
1733 2531 1858 2585 pce-

277 2627 428 2672 calor
475 2613 832 2685 ingemuerit,
882 2612 1060 2667 salvus
1091 2611 1211 2666 erit.
1262 2610 1460 2666 Dolens
1503 2608 1670 2664 factus
1698 2622 1856 2674 sum,

277 2706 590 2776 iniquitates
643 2719 793 2761 meas
849 2717 949 2774 ego
1000 2716 1265 2773 cognosco
1297 2743 1313 2765 ,
1369 2709 1424 2756 ct
1489 2699 1680 2757 delicta
1740 2713 1856 2754 mea

279 2801 474 2853 'coram'
501 2811 588 2853 me
615 2804 759 2852 sunt.
808 2795 946 2851 Vere
983 2809 1088 2850 non
1135 2809 1251 2849 sum
1280 2793 1471 2864 dignus
1511 2790 1688 2846 vocari
1719 2790 1858 2844 ﬁlius

280 2901 425 2955 tuus,
451 2887 575 2958 quia
603 2887 822 2959 peccavi
868 2887 922 2942 in
962 2886 1157 2943 uelum
1199 2895 1253 2942 et
1293 2899 1473 2940 coram
1519 2893 1592 2961 te.
1641 2881 1855 2939 Auditui

284 2996 402 3037 meo
426 2974 583 3035 dabis
611 2979 866 3051 gaudium
893 2989 948 3036 et
985 2979 1247 3034 laititiam.
1273 2979 1468 3034 Averte
1493 2977 1682 3033 faciem
1713 2986 1856 3032 tuam

283 3087 314 3126 a
353 3068 588 3144 peccatis
637 3072 792 3126 meis.
841 3071 969 3126 Dele
1024 3071 1334 3141 iniquitates
1379 3081 1526 3125 meas
1565 3067 1856 3124 secundum

252 3173 526 3232 ‘inaguam
575 3161 995 3218 misericordiam
1047 3170 1212 3217 tuam.
1260 3160 1339 3216 Ne
1385 3160 1631 3232 projicias
1684 3175 1769 3214 me
1827 3175 1857 3214 a

285 3253 418 3310 facie
463 3263 573 3309 tua.
603 3253 720 3309 Non
760 3253 1053 3310 secundum
1085 3261 1302 3323 peccata
1333 3267 1449 3308 mea
1481 3251 1642 3306 facias
1686 3251 1814 3306 mihi
1842 3293 1856 3317 ,

287 3355 457 3416 neque
509 3344 804 3400 secundum
849 3339 1154 3416 iniquitates
1199 3357 1346 3398 meas
1395 3342 1659 3398 relribuas
1705 3342 1856 3396 mihi.

289 3437 388 3492 Sed
417 3437 607 3508 adiuva
637 3452 743 3501 me,
777 3437 917 3492 Dens
956 3436 1205 3491 salutaris
1232 3450 1402 3501 meus,
1430 3443 1484 3491 et
1522 3443 1739 3506 propter
1768 3434 1862 3490 ho-

289 3542 472 3582 norem
501 3528 732 3583 nominis
757 3527 830 3582 tui
877 3527 1042 3582 libera
1072 3541 1178 3581 me.
1229 3526 1466 3596 Benigne
1515 3525 1598 3581 fac
1641 3526 1691 3580 in
1725 3526 1860 3579 bona

291 3620 557 3675 voluntate
605 3629 723 3686 tua,
770 3629 827 3676 ut
864 3619 1154 3675 inhabilem
1204 3619 1256 3672 in
1286 3617 1445 3672 domo
1489 3625 1575 3672 tua
1613 3616 1864 3672 omnibus

280 3709 472 3766 diebus
500 3712 621 3765 vita:
649 3725 798 3775 meae,
827 3719 884 3764 ut
909 3711 960 3764 in
987 3709 1240 3764 saeculum
1267 3708 1451 3764 satculi
1480 3723 1602 3763 cum
1625 3707 1863 3762 habitan-

295 3801 429 3854 tibus
473 3802 524 3856 in
547 3817 612 3857 ea
644 3801 850 3857 laudem
879 3811 950 3857 te.
977 3799 1166 3870 Surge,
1198 3814 1422 3870 propera
1443 3838 1459 3866 ,
1504 3813 1701 3870 sponse
1727 3799 1864 3854 dile-

293 3899 527 3952 ctissime
552 3896 744 3949 animze
771 3909 924 3960 meae,
957 3902 1012 3948 et
1039 3893 1150 3948 noli
1175 3892 1517 3948 considerare
1546 3891 1684 3962 quod
1717 3891 1862 3948 fusca

295 3999 346 4043 et
371 3990 516 4060 nigra
541 3996 624 4043 est
651 3987 900 4058 peccatis.
931 3985 1164 4041 Ostende
1194 3985 1268 4040 illi
1290 3984 1478 4040 faciem
1506 3993 1670 4038 tuam.
1697 3983 1867 4039 Sonet

295 4100 392 4140 vox
418 4095 505 4140 tua
532 4085 585 4139 in
611 4084 832 4139 auribus
857 4081 970 4138 suis
1001 4099 1017 4137 :
1041 4095 1147 4138 vox
1173 4089 1260 4135 tua
1287 4079 1482 4146 dulcis,
1511 4086 1568 4134 et
1591 4077 1754 4134 facies
1779 4086 1865 4133 tua

295 4178 506 4233 decora.
536 4176 614 4232 Ne
644 4186 852 4232 avertas
874 4189 994 4230 eam
1021 4188 1050 4228 a
1077 4189 1198 4240 me,
1229 4181 1378 4228 etne
1405 4167 1646 4227 declines
1674 4171 1726 4225 in
1768 4169 1868 4225 hac

298 4269 422 4324 hora
453 4283 484 4323 a
527 4281 685 4324 servo
729 4276 840 4322 tuo.
893 4265 968 4321 Ne
996 4263 1177 4320 tradas
1215 4280 1302 4319 me
1332 4264 1384 4319 in
1429 4263 1636 4318 animas
1681 4275 1867 4332 perse-

298 4361 568 4432 quentium
597 4375 727 4418 me:
767 4365 1020 4429 exspecto
1065 4366 1147 4423 te,
1182 4355 1422 4411 Domine.
1461 4353 1637 4410 Credo
1683 4354 1868 4409 videre

298 4451 430 4507 bona
463 4451 669 4506 Domini
712 4450 764 4505 in
792 4457 934 4504 terra
970 4447 1278 4504 viventium.
1325 4445 1455 4501 Veni
1485 4460 1615 4515 ergo
1635 4486 1650 4510 ,
1673 4444 1868 4500 dilecte

299 4545 390 4609 mi,
420 4541 757 4613 egrediamur
786 4540 837 4594 in
865 4554 1069 4610 agrum,
1103 4537 1376 4593 videamus
1402 4537 1446 4592 si
1489 4535 1665 4591 ﬂoruit
1691 4535 1864 4589 vinea.

301 4635 562 4689 Converte
589 4633 858 4703 planctum
889 4645 1068 4686 meum
1109 4629 1161 4684 in
1195 4627 1442 4700 gaudium
1485 4627 1636 4682 mihi.
1669 4626 1866 4680 luclina

301 4726 363 4779 ad
392 4741 476 4780 me
499 4739 685 4780 aurem
714 4731 882 4786 tuam,
913 4721 1171 4788 accelera,
1204 4729 1264 4775 ut
1288 4719 1357 4776 de
1385 4718 1484 4774 hac
1510 4718 1866 4790 lacrymarum

299 4825 353 4871 et
380 4817 712 4872 miseriarum
742 4815 880 4870 valle
908 4815 1105 4884 eripias
1129 4828 1237 4868 me.

361 4909 494 4966 Car.
526 4908 688 4964 XLV.
737 4907 861 4962 llaec
907 4907 994 4962 ubi
1034 4908 1128 4961 \‘ir'
1157 4904 1523 4961 sanctissimus
1547 4904 1868 4960 continuatis

300 5001 567 5074 lacrymis,
595 5011 650 5057 et
677 5001 920 5056 manibus
950 5000 1002 5055 in
1033 5001 1226 5056 coelum
1253 4998 1448 5054 erectis
1471 4996 1624 5063 dixit,
1653 5012 1869 5067 parum-

301 5107 392 5161 per
430 5095 598 5149 siluit.
641 5092 843 5148 Deinde
881 5092 1071 5147 fratrcs
1120 5091 1329 5147 intuens
1371 5090 1506 5146 dixit
1555 5109 1569 5146 :
1614 5088 1872 5160 Prmcipio

299 5185 467 5252 vobis,
499 5185 588 5239 filii
629 5184 732 5240 mei
772 5184 1137 5248 dilectissimi,
1184 5199 1280 5253 per
1307 5183 1554 5238 virtutem
1583 5190 1638 5239 et
1678 5197 1870 5239 nomen

303 5273 505 5329 Domini
529 5273 680 5339 Jesu,
705 5283 761 5328 ut
781 5287 978 5345 corpus
1004 5289 1178 5330 meum
1201 5289 1322 5330 cum
1348 5273 1666 5330 dissolutum
1690 5273 1867 5340 fuerit,

303 5361 352 5417 in
384 5375 522 5420 terra
544 5366 699 5436 juxta
728 5381 966 5436 praesepe
990 5366 1386 5422 Domini'noslri
1418 5367 1618 5422 nudum
1644 5368 1873 5438 sepelia-

303 5455 387 5523 tis,
420 5469 476 5514 ut
496 5459 623 5514 illud
653 5459 785 5513 ferat
810 5472 991 5514 secum
1017 5457 1250 5524 rediens,
1275 5458 1414 5528 quod
1439 5458 1658 5514 veniens
1683 5474 1875 5528 appor-

305 5548 451 5604 tavit.
502 5547 686 5603 Nudus
732 5547 856 5603 inde
901 5561 1150 5619 egressus
1197 5561 1316 5602 sum
1343 5589 1358 5613 ,
1410 5549 1586 5604 nudus
1637 5559 1876 5605 revertar

307 5637 446 5694 illuc.
486 5639 731 5696 Socictur
758 5647 898 5693 terra
921 5647 1086 5696 terra:
1121 5654 1135 5692 :
1167 5653 1274 5694 non
1305 5639 1430 5695 licet
1456 5648 1651 5695 terram
1682 5641 1872 5696 sociari

309 5726 586 5796 lapidibus.
653 5730 867 5798 Appetit
928 5730 1072 5783 enim
1127 5729 1441 5784 naturaliter
1495 5745 1648 5785 suum
1702 5733 1883 5802 simile

309 5819 599 5886 quodlibet.
631 5819 826 5876 lterum
864 5834 992 5892 rogo
1023 5834 1118 5876 vos
1141 5859 1157 5888 ,
1182 5828 1240 5876 ut
1267 5819 1474 5877 Domini
1505 5822 1608 5878 mei
1638 5822 1869 5880 aﬁ'cralis

1308 5909 1367 5951 ο

1295 394 1646 464 EUSEBiUS,
1685 392 1776 449 DE
1813 392 2046 450 MORTE
2083 393 2486 463 iilERONYilll.

3413 400 3522 458 210

1959 521 2187 578 corpus,
2217 521 2480 580 quatenus
2511 510 2562 565 in
2592 525 2690 567 suo
2733 511 2941 570 lumine
2970 513 3175 571 videam
3215 514 3431 583 lumen,
3476 525 3536 572 ut

1959 595 2181 655 ﬁrmans
2209 614 2374 670 super
2412 616 2500 656 me
2525 601 2712 658 oculos
2739 618 2867 660 suos
2902 603 2996 660 det
3025 606 3154 660 mihi
3190 595 3528 662 intellectum

1961 699 2017 746 et
2061 691 2296 748 instruat
2337 709 2425 750 me
2469 694 2522 750 in
2567 695 2652 749 via
2694 709 2798 766 qua
2847 696 3080 766 gradior.
3124 695 3275 753 Tunc
3314 697 3542 769 quidam.

1962 780 2127 839 frater
2145 783 2212 838 ad
2243 784 2417 840 locum
2442 783 2725 852 accedens,
2750 786 3165 843 sacratissimum
3190 803 3382 859 corpus
3405 788 3532 848 Iesu

1960 873 2157 932 Christi
2197 875 2407 933 obtulit.
2439 877 2594 946 Quod
2621 877 2709 934 ubi
2754 878 2836 934 vir
2881 879 3090 934 Domini
3120 879 3302 936 videre
3330 880 3534 950 potuit,

1963 965 2116 1022 nobis
2148 967 2199 1024 ei
2242 967 2657 1035 auxiliantibus,
2688 969 2975 1038 prostravit
3000 984 3060 1024 se
3099 970 3152 1023 in
3186 980 3378 1025 terram
3411 985 3536 1040 pro-

1963 1072 2084 1126 nus,
2113 1066 2169 1114 et
2197 1074 2326 1115 voce
2350 1069 2405 1115 et
2430 1059 2682 1132 lacrymis
2710 1070 2966 1132 quantum
3005 1070 3212 1132 poterat
3249 1061 3488 1120 clamans
3517 1080 3532 1116 :

1963 1149 2226 1216 Domine,
2273 1151 2392 1220 quis
2442 1165 2542 1221 ego
2588 1165 2736 1218 sum,
2791 1160 2852 1206 ut
2901 1151 3001 1207 sim
3032 1151 3222 1221 dignus
3249 1150 3393 1222 quod
3436 1151 3538 1205 sub

1962 1248 2158 1298 tectum
2206 1255 2382 1296 meum
2433 1241 2639 1298 intres?
2683 1241 2874 1298 Meruit
2915 1242 3017 1297 hoc
3045 1250 3290 1312 peccator
3334 1239 3538 1295 homo?

1961 1330 2138 1394 Certe,
2168 1331 2409 1396 Domine,
2439 1348 2545 1388 non
2571 1347 2688 1388 sum
2703 1333 2914 1404 dignus.
2937 1332 3204 1404 Numquid
3223 1347 3322 1405 ego
3349 1331 3534 1386 melior

1961 1435 2080 1476 sum
2105 1436 2263 1492 quam
2293 1438 2486 1480 omnes
2506 1435 2685 1494 patres
2711 1425 2853 1479 mei?
2873 1423 2952 1479 Tu
2984 1424 3197 1479 noluisti
3235 1421 3405 1494 Moysi
3432 1437 3556 1494 uno.

1963 1513 2066 1568 ictu
2094 1514 2234 1569 oculi
2266 1526 2318 1570 te
2346 1526 2666 1572 monstrare.
2698 1516 2805 1571 Cur
2846 1531 2987 1572 nunc
3033 1525 3236 1571 tantum
3269 1525 3321 1571 te
3365 1513 3541 1570 humi-

1965 1605 2082 1671 lius,
2117 1613 2174 1660 ut
2203 1605 2420 1675 patiaris
2445 1607 2513 1661 ad
2543 1607 2814 1686 hominem
2843 1606 3171 1664 descendere
3201 1605 3538 1677 publicanum

1963 1706 2018 1752 et
2062 1697 2442 1767 peccatorem?
2484 1697 2552 1752 Et
2577 1715 2685 1753 non
2721 1699 2893 1754 solum
2935 1713 3057 1754 cum
3101 1699 3192 1755 illo
3217 1696 3541 1754 manducare

1963 1791 2063 1854 vis,
2093 1790 2186 1846 sed
2215 1791 2440 1860 teipsum
2473 1791 2782 1846 manducari
2810 1791 2877 1846 ab
2907 1790 2998 1846 illo
3013 1791 3191 1862 jubes.

1987 1921 1990 1923 λ
2031 1879 2159 1936 Car.
2192 1880 2630 1953 XLVI.Cumque
2667 1898 2830 1952 prope
2874 1882 3024 1937 illum
3074 1889 3218 1936 esset
3246 1879 3497 1936 sacerdos
3521 1918 3538 1944 .

1963 1975 2176 2044 erigens
2203 1989 2261 2030 se
2287 1974 2369 2030 vir
2387 1974 2649 2044 gloriosus
2673 1974 2901 2045 genibus
2937 1972 3092 2029 ﬂexis
3117 2014 3131 2039 ,
3161 1987 3285 2028 eum
3331 1970 3540 2027 cunctis

1965 2065 2309 2130 tenentibus,
2353 2065 2558 2134 magnis
2585 2064 2835 2136 lacrymis
2859 2073 2914 2120 et
2939 2063 3218 2133 suspiriis,
3248 2069 3302 2117 ct
3350 2074 3543 2132 quam-

1962 2155 2163 2225 pluries
2220 2156 2521 2225 percutiens
2567 2163 2754 2225 pectus
2789 2169 2942 2209 suum
2995 2153 3126 2208 dixit
3156 2171 3171 2210 :
3202 2153 3280 2208 Tu
3310 2167 3370 2208 es
3401 2153 3543 2208 Dens

1965 2261 2138 2313 meus,
2172 2254 2228 2301 et
2253 2246 2508 2300 Dominus
2537 2260 2688 2300 mens
2711 2284 2727 2312 ,
2767 2245 2856 2315 qui
2901 2259 2998 2314 pro
3029 2259 3114 2298 mc
3146 2258 3334 2314 passus
3362 2257 3443 2307 es,
3472 2256 3541 2294 an

1965 2337 2100 2391 forte
2120 2334 2291 2390 alius?
2315 2332 2473 2391 Certe
2500 2343 2556 2390 tu
2575 2349 2634 2391 es
2661 2334 2770 2402 ille,
2797 2334 2888 2405 qui
2914 2348 3033 2389 cum
3058 2334 3193 2389 Deus
3222 2347 3370 2388 esses
3397 2332 3544 2386 solus

1964 2438 2089 2485 ante
2117 2429 2294 2484 omnia
2324 2437 2562 2499 tempora
2610 2438 2663 2484 et
2691 2429 2808 2484 sine
2845 2429 3103 2500 principio
3129 2427 3339 2500 genitus
3377 2443 3409 2482 a
3436 2427 3543 2482 Deo

1965 2521 2121 2577 Patre
2145 2531 2345 2577 mterna
2374 2531 2427 2576 et
2461 2521 2870 2591 ininvestigabili
2897 2521 3238 2592 generatione
3261 2560 3276 2586 ,
3303 2520 3392 2588 qui
3419 2532 3540 2573 cum

1964 2612 2082 2682 ipso
2111 2612 2269 2668 Patre
2284 2620 2340 2668 et
2354 2612 2555 2683 Spiritu
2581 2611 2780 2667 Sancto
2801 2627 2938 2667 unus
2959 2612 3096 2667 Deus
3112 2626 3194 2678 es,-
3223 2625 3545 2681 permanens

1964 2703 2095 2758 illud
2122 2703 2431 2774 idem‘qnod
2479 2718 2598 2758 cras
2643 2712 2696 2759 et
2723 2718 2782 2760 es
2803 2745 2819 2770 ,
2855 2703 2992 2758 intra
3023 2704 3178 2758 unius
3207 2701 3396 2773 puellae
3425 2716 3547 2756 cor-

1963 2795 2242 2865 pusculum
2275 2804 2327 2850 te
2370 2795 2641 2862 clausisti,
2670 2795 2841 2851 factus
2881 2794 3041 2850 homo
3076 2795 3214 2850 sicut
3259 2808 3359 2865 ego
3399 2808 3540 2848 sum.

1967 2884 2104 2940 Vere
2147 2894 2199 2940 et
2237 2885 2377 2940 Deus
2403 2893 2456 2940 et
2482 2884 2640 2940 homo
2661 2899 2740 2940 es.
2770 2883 2860 2941 Sic
2887 2885 3029 2940 enim
3054 2885 3106 2940 in
3131 2883 3368 2955 virginali
3393 2891 3545 2937 utero

1963 2976 2234 3032 hominem
2262 2977 2571 3047 suscepisti,
2604 2976 2743 3048 quod
2771 2992 2868 3034 nec
2892 2978 3007 3033 sine
3037 2977 3250 3033 homine
3281 2977 3417 3032 Deus
3443 2989 3504 3030 es
3526 3014 3544 3040 ,

1965 3084 2064 3126 nec
2091 3070 2207 3126 sine
2245 3069 2354 3125 Deo
2396 3070 2557 3124 homo
2589 3087 2605 3126 :
2647 3070 2888 3138 quamvis
2925 3085 3095 3140 neque
3133 3067 3434 3124 humanitas
3477 3067 3547 3122 sit

1963 3161 2234 3228 divinitas,
2264 3176 2362 3217 nec
2386 3162 2636 3218 divinitas
2660 3161 2982 3224 humanitas.
3009 3161 3126 3218 Non
3159 3171 3282 3218 sunt
3309 3159 3546 3225 confusa:

1965 3263 2187 3319 naturae,
2219 3254 2459 3323 quamvis
2482 3255 2553 3309 sit
2601 3269 2706 3309 una
2753 3263 2808 3310 et
2855 3253 3042 3310 eadem
3091 3253 3145 3309 in
3188 3262 3240 3309 te
3292 3267 3538 3324 persona.

1965 3343 2151 3400 Nonne
2178 3359 2238 3400 es
2266 3358 2391 3399 caro
2407 3355 2462 3400 et
2491 3345 2654 3401 frater
2681 3361 2830 3403 meus
2855 3346 2878 3401 ?
2909 3345 3044 3402 Vere
3075 3347 3170 3402 sic.
3203 3344 3418 3400 Famem
3451 3343 3547 3398 ha-

1965 3437 2150 3504 buisti,
2185 3437 2343 3493 sitisti
2365 3479 2380 3505 ,
2405 3437 2601 3494 ﬁevisti
2623 3481 2636 3508 ,
2672 3453 2819 3494 nicas
2849 3439 3184 3495 inﬁrmitates
3227 3437 3457 3493 habuisti
3490 3450 3547 3491 ut

1966 3545 2088 3601 ego.
2117 3529 2224 3586 Sed
2253 3537 2429 3585 tamen
2471 3530 2522 3584 in
2555 3539 2604 3585 te
2627 3530 2880 3601 peccandi
2911 3531 3193 3587 inﬁrmitas
3221 3539 3272 3585 et
3308 3528 3546 3585 defectus

1969 3636 2076 3674 non
2102 3619 2277 3674 fuitut
2303 3621 2355 3675 in
2383 3636 2488 3686 me,
2525 3636 2631 3675 non
2653 3621 2794 3677 enim
2825 3637 3046 3693 peccare
3074 3622 3287 3692 potuisti
3338 3631 3396 3676 ut
3422 3636 3542 3688 ego.

1969 3712 2025 3766 lu
2071 3720 2125 3767 te
2154 3711 2250 3766 fuit
2279 3713 2630 3783 corporaliter
2655 3723 2710 3768 ct
2731 3724 2814 3768 est
2841 3716 3018 3770 omnis
3045 3715 3317 3785 plenitudo
3335 3714 3544 3784 gratiae.

1970 3819 2075 3857 non
2101 3803 2239 3859 enim
2257 3802 2376 3858 data
2397 3803 2493 3858 fuit
2519 3804 2607 3859 tibi
2635 3807 2802 3876 gratia
2829 3805 2895 3861 ad
2923 3821 3246 3862 mensuram.
3273 3805 3382 3861 Tua
3404 3807 3543 3860 enim

1970 3895 2146 3950 anima
2179 3895 2356 3949 statim
2375 3911 2494 3950 cum
2515 3896 2660 3951 unita
2690 3897 3116 3967 inseparabiliter
3143 3897 3242 3952 fuit
3261 3897 3544 3959 divinitati,

1970 3985 2150 4040 omnia
2175 3985 2407 4055 perfecte
2428 3986 2586 4041 scivit
2611 3996 2662 4043 et
2693 3988 2882 4058 potuit,
2901 4004 3018 4058 qua!
3039 3989 3152 4058 ipsa
3173 3989 3274 4044 scit
3298 3998 3352 4043 et
3374 3997 3547 4058 potest
3609 3979 3614 3990 ’

1972 4075 2537 4144 divinitas.Quantnm
2563 4076 2631 4131 ad
2670 4076 2907 4133 divinam
2935 4085 3202 4145 naturam,
3251 4094 3370 4147 qua:
3401 4079 3453 4133 in
3498 4088 3548 4132 te
3608 4059 3616 4068 ’

1972 4176 2074 4232 est,
2103 4176 2307 4222 mterno
2329 4167 2472 4222 Patri
2501 4168 2608 4222 Deo
2632 4167 2852 4240 (aqualis
2877 4182 2956 4224 es.
2983 4167 3090 4226 Sed
3118 4169 3370 4235 obillam,
3389 4184 3560 4242 quam.

1975 4272 2071 4328 pro
2090 4266 2268 4312 nostra
2287 4256 2657 4329 redemptione
2671 4273 2846 4314 assum
2855 4259 3004 4330 psisti
3024 4259 3430 4327 humanitatem,
3453 4261 3552 4315 mi-

1974 4364 2072 4404 nor
2103 4364 2163 4405 es
2190 4364 2206 4405 :
2231 4363 2328 4404 nec
2358 4359 2611 4404 tamencx
2640 4365 2703 4406 eo
2719 4351 2932 4421 aliquod
2957 4351 3184 4406 incurris
3208 4351 3548 4420 vituperium.

1949 4440 2053 4496 .Tu
2085 4456 2277 4512 nempe
2326 4455 2386 4498 es
2416 4442 2506 4496 ille
2541 4459 2698 4513 quem
2728 4443 2779 4497 in
2805 4441 3051 4498 Jordanis
3071 4444 3224 4498 alveo
3250 4443 3550 4512 baptizante

1972 4537 2212 4604 Joanne,
2250 4552 2353 4592 vox
2380 4538 2557 4592 subito
2610 4547 2826 4608 paterna
2877 4536 3088 4591 coalitus
3144 4537 3372 4591 intonuit
3401 4555 3416 4591 :
3448 4535 3549 4590 Hic

1974 4628 2269 4700 (inquiens)
2299 4639 2370 4682 est
2401 4627 2568 4682 Filius
2595 4644 2732 4682 meus
2780 4628 2991 4682 dilectus
3027 4627 3079 4682 in
3121 4644 3219 4698 quo
3271 4629 3391 4682 milii
3432 4629 3553 4682 bene

1973 4720 2278 4789 complacni,
2306 4721 2472 4790 ipsum
2509 4719 2695 4773 audite.
2720 4717 2788 4772 Et
2807 4718 3034 4789 Spiritus
3055 4718 3282 4774 Sanctus
3307 4719 3358 4773 in
3384 4731 3454 4784 te,
3497 4732 3553 4774 ut

1973 4813 2218 4869 Columba
2262 4811 2630 4878 descendens,
2687 4821 2739 4866 te
2769 4827 2932 4866 unum
2983 4826 3104 4868 esse
3137 4828 3257 4867 cum
3304 4813 3460 4868 Patre
3499 4827 3553 4867 et

1973 4903 2222 4959 eumdem
2253 4903 2304 4956 in
2330 4902 2622 4956 substantia
2651 4902 2958 4958 declaravit.
2989 4903 3090 4969 Tu,
3113 4903 3252 4960 bone
3276 4903 3424 4970 Jesn,
3456 4921 3551 4974 pro

1977 5007 2064 5048 me
2088 4994 2260 5048 crucis
2280 4999 2386 5048 tam
2405 4993 2605 5064 grande
2622 4993 2674 5048 in
2702 5002 2790 5050 tuo
2812 4994 2932 5062 isto,
2953 4994 3091 5064 quod
3113 5011 3346 5067 prmsens
3365 5011 3551 5060 cerno,

1977 5101 2210 5156 corpore
2238 5085 2429 5141 subisti
2461 5085 2782 5156 supplicium
2802 5127 2817 5151 ,
2845 5095 2903 5142 ut
2933 5097 3197 5154 mortem,
3225 5103 3381 5158 quam
3420 5089 3555 5144 meis

1979 5179 2312 5233 iueurreram
2351 5177 2566 5248 ﬂagitiis
2589 5221 2604 5246 ,
2649 5179 3028 5235 interimeres:
3059 5181 3263 5236 animas
3309 5181 3555 5251 antiquo-

1980 5284 2096 5324 rum
2118 5310 2133 5335 ,
2179 5283 2312 5338 quas
2337 5267 2536 5324 dudum
2567 5269 2831 5324 diabolica
2875 5280 3107 5341 potestas
3137 5271 3360 5327 miseras
3390 5273 3442 5326 in
3469 5273 3551 5326 in-

1982 5361 2278 5418 fernalibus
2323 5361 2692 5418 mansionibus
2722 5363 3042 5430 retinebat,
3069 5379 3414 5433 recuperares
3438 5403 3452 5426 ,
3501 5373 3554 5416 ct

1985 5463 2146 5510 tutam
2178 5453 2457 5508 humanam
2486 5461 2750 5520 naturam,
2781 5470 2899 5524 qua:
2945 5462 3218 5510 corruerat
3245 5454 3298 5509 in
3326 5461 3552 5506 mortem

1985 5559 2320 5621 perpetuam,
2354 5558 2446 5604 tuo
2490 5563 2608 5604 cum
2646 5549 2757 5620 ipsa
2789 5547 3064 5617 paciﬁcate
3091 5547 3247 5601 Patre
3276 5545 3341 5598 ad
3390 5544 3551 5597 vitam

1984 5643 2464 5708 interminabilem,
2497 5651 2586 5695 tuo
2615 5656 2770 5710 quem
2802 5655 2898 5709 pro
2947 5639 3058 5706 ipsa
3100 5635 3276 5690 fudisti
3320 5634 3552 5704 pretioso

1983 5735 2260 5804 sanguine,
2292 5710 2596 5788 revocares.
2621 5731 2784 5798 Cujus
2828 5728 3040 5798 quidem
3067 5727 3222 5792 vitze,
3253 5726 3338 5780 die
3377 5740 3554 5780 resur-

1950 5863 1952 5866 μ
1983 5841 2114 5898 gens
2145 5824 2315 5890 tertia,
2343 5823 2408 5905 de
2432 5823 2523 5878 illo
2549 5821 2604 5878 in
2629 5836 2732 5891 quo
2760 5826 3000 5875 mortuus
3023 5816 3237 5888 jacuisti
3265 5814 3514 5872 barathro
3532 5817 3568 5881 .'
