4052 6338
465 348 569 421 21!

466 471 846 536 certitudinem
883 467 1242 526 ﬁrmissimam
1269 467 1649 538 comprobasti.
1678 468 1795 536 Quo
1823 466 2048 539 quidem.

467 581 651 630 nostra
676 576 760 624 est
788 565 1012 622 solidata
1058 563 1188 618 fides
1215 570 1270 617 et
1295 570 1450 617 aucta
1487 575 1643 632 spes,
1687 570 1746 617 ut
1783 561 1920 616 sicut
1955 561 2041 614 in.

467 656 824 729 corruptibilis
863 663 919 711 et
967 652 1308 724 impassibilis
1347 661 1402 706 et
1441 651 1758 707 immortalis
1793 665 2043 706 resurre-

465 753 613 817 xisti,
635 751 703 805 ita
735 747 981 804 similiter
1001 755 1054 802 et
1084 736 1184 801 nos
1213 755 1577 813 resurgamus.
1606 741 1685 796 Tu
1715 747 1882 806 certe,
1903 741 2044 796 bone

463 859 520 905 et
550 846 635 916 pie
679 841 932 909 Domine,
975 849 1093 912 post
1121 847 1262 894 tuam
1293 833 1591 892 mirabilem
1622 843 1675 889 et
1714 832 2041 904 singularem

461 935 914 994 resurrectionem
957 929 1299 1002 quadraginta
1338 926 1563 998 expletis
1588 925 1780 980 diebus
1803 964 1817 990 ,
1847 923 2041 994 quibus

464 1026 803 1099 experientia
833 1024 1007 1082 lucida
1051 1023 1366 1078 indiciorum
1411 1020 1786 1090 multiplicium
1813 1060 1828 1082 ,
1878 1026 1930 1073 te
1972 1017 2044 1072 ab

462 1121 649 1177 inferis
677 1119 854 1174 vivum
884 1115 1245 1172 resurrexisse
1271 1111 1572 1178 declarasti,
1600 1118 1653 1165 et
1681 1117 1738 1164 ut
1767 1108 1912 1163 nulla
1943 1106 2045 1162 du-

461 1211 736 1268 bitationis
779 1209 1010 1265 oriretur
1028 1205 1222 1277 caligo,
1257 1203 1325 1260 ad
1366 1203 1534 1259 cenios
1568 1201 1774 1258 cunctis
1813 1213 2042 1255 cemen-

461 1304 606 1360 tibus
620 1300 894 1372 discipulis
911 1308 1000 1355 tua
1017 1297 1230 1369 propria
1250 1295 1446 1350 virtute
1468 1292 1776 1356 ascendlsti,
1801 1290 2041 1360 mihique

460 1396 651 1466 ianuas
680 1405 928 1450 reserans
947 1387 1215 1461 paradisi,
1243 1387 1307 1442 ad
1331 1387 1425 1442 Dei
1449 1385 1622 1440 Patris
1657 1381 2042 1454 omnipotentis

461 1486 732 1544 dexteram
769 1481 1056 1540 conscdisti
1078 1521 1092 1548 ,
1121 1480 1210 1536 ubi
1241 1479 1356 1534 sine
1385 1476 1487 1532 fine
1513 1474 1692 1531 sedes.

529 1577 658 1634 Car.
674 1575 860 1632 XLVII
872 1574 969 1630 ,τυ
984 1575 1220 1643 insuper,
1238 1571 1376 1626 bone
1389 1569 1535 1633 Jesu,
1552 1583 1578 1620 a
1597 1567 1704 1622 Deo
1715 1565 2043 1621 constitutus

461 1670 622 1741 iudex
637 1670 882 1724 vivorum
911 1674 965 1722 et
990 1673 1351 1727 mortuorum,
1379 1661 1516 1715 sicut
1543 1660 1594 1714 in
1625 1657 1711 1712 illa
1737 1657 1825 1712 die
1845 1668 2036 1712 ascen-

461 1763 608 1829 disti,
624 1761 696 1816 ita
711 1761 763 1816 in
783 1757 1060 1816 tremendo
1080 1765 1134 1811 et
1150 1753 1390 1809 horribili
1419 1747 1928 1819 universalisiudicii
1949 1748 2042 1804 die

461 1852 756 1911 descendes
783 1849 1011 1907 reddere
1038 1845 1263 1917 singulis
1292 1843 1585 1900 secundum
1612 1855 1773 1912 opera
1803 1855 1922 1912 quat
1952 1839 2029 1894 fe-

460 1952 670 2002 cerunt.
703 1941 894 1999 Coram
940 1949 992 1996 te
1021 1947 1165 1995 certe
1195 1946 1320 1992 tunc
1343 1935 1620 2006 prouideat
1655 1947 1838 2004 reges,
1862 1933 2043 1988 omnis

461 2045 628 2092 strata
654 2034 759 2092 erit
786 2032 1098 2090 dominatio.
1124 2030 1200 2086 Te
1238 2038 1362 2085 tunc
1403 2042 1590 2084 omnes
1621 2027 1881 2081 timebunt
1901 2066 1917 2093 ,
1945 2026 2036 2096 qui

461 2139 515 2185 te
560 2143 701 2184 nunc
751 2132 1120 2184 contemnunt.
1145 2121 1281 2192 Quid
1319 2131 1444 2177 tunc
1484 2121 1576 2176 tibi
1608 2118 1847 2176 infelices
1881 2159 1897 2186 ,
1944 2119 2039 2190 qui

459 2235 603 2277 nunc
649 2235 773 2277 cum
819 2217 1186 2274 malefeeerint
1211 2214 1544 2287 gloriantur,
1587 2213 1770 2268 dicent
1814 2230 1828 2267 :
1867 2212 1956 2283 qui
1986 2222 2038 2268 te

459 2311 638 2367 omnia
665 2311 923 2368 scientem
945 2317 1189 2373 cernent,
1218 2306 1410 2377 quibus
1441 2305 1643 2360 nullum
1672 2303 1904 2375 amplius
1930 2303 2037 2358 erit

460 2402 756 2458 remedium
798 2397 1221 2455 misericordi-.c?
1243 2395 1380 2464 Quid
1409 2395 1460 2450 in
1482 2403 1771 2464 conspectu
1802 2394 2037 2464 potentis

458 2493 661 2557 omnia,
687 2490 960 2546 cernentis
983 2489 1182 2554 omnia,
1225 2497 1282 2543 et
1311 2487 1484 2543 solum
1526 2486 1669 2556 quod
1711 2486 1914 2555 justum
1952 2491 2036 2538 est

458 2585 764 2655 iudicantis,
792 2583 986 2638 facient
1008 2580 1211 2645 tniseri,
1245 2580 1334 2650 qui
1384 2586 1552 2633 totum
1581 2592 1734 2633 suum
1769 2577 1821 2630 in
1851 2575 2034 2630 mundi

459 2674 783 2731 vanitatibus
796 2682 851 2730 et
867 2672 1078 2744 flagitiis
1106 2672 1399 2727 amiserunt
1426 2679 1656 2740 tempus,
1687 2669 1804 2740 plus
1838 2667 2038 2722 divitiis

460 2767 758 2832 fallacibus,
789 2781 948 2838 quam
977 2764 1070 2821 tibi
1097 2765 1427 2830 insistentes,
1460 2762 1578 2833 plus
1604 2762 1768 2824 filios,
1798 2769 1852 2816 et
1878 2760 2034 2826 filias,

459 2869 514 2916 et
544 2859 726 2915 mundi
751 2860 973 2931 gloriam
1004 2866 1430 2913 momentaneam
1455 2869 1614 2925 quam
1641 2853 1994 2924 te‘diligentes
2019 2868 2033 2904 :

459 2953 582 3024 quid
610 2964 736 3009 tttnc
772 2952 967 3009 facient
994 2967 1113 3008 cum
1141 2959 1287 3007 tuum
1315 2964 1440 3020 erga
1477 2963 1573 3003 eos
1593 2949 1792 3034 iratum
1816 2953 2040 3003 cernent

459 3046 685 3114 vultum,
717 3061 838 3101 cum
869 3055 974 3101 tam
1002 3059 1242 3101 severam
1277 3041 1663 3110 cxspcctabunt
1691 3038 2036 3106 sententiam,

458 3153 578 3193 cum
605 3152 698 3194 eos
724 3137 790 3194 de
818 3139 1041 3194 minimo
1067 3149 1280 3208 quoque
1304 3133 1626 3204 cogitamine
1645 3139 1698 3187 et
1715 3131 1926 3203 propria
1942 3144 2036 3185 ac-

458 3229 666 3284 cusabit
703 3229 1048 3296 conscientia,
1077 3235 1132 3284 et
1173 3226 1476 3282 daemonum
1512 3233 1726 3280 caterva
1751 3264 1766 3288 ,
1794 3230 1850 3278 et
1877 3221 2037 3276 simul

457 3321 711 3390 quislibet
747 3328 1012 3386 creatura,
1058 3333 1216 3390 quam
1246 3326 1298 3374 te
1325 3317 1490 3372 Deum
1520 3313 1840 3371 offendendo
1863 3313 2037 3369 offen-

459 3412 690 3466 derunt:
719 3425 840 3466 cum
867 3409 1122 3466 videbunt
1163 3409 1343 3464 statim
1388 3421 1507 3464 cum
1559 3405 1718 3461 fuerit
1771 3403 2036 3462 sententia

458 3502 749 3573 divulgata,
779 3517 838 3559 se
863 3501 1150 3573 adepturos
1178 3509 1464 3566 tormenta,
1500 3500 1694 3571 quibus
1739 3507 1795 3555 et
1838 3511 2036 3569 corpus

457 3604 513 3650 cf
540 3593 718 3649 anima
747 3594 901 3650 simul
929 3593 1308 3650 cruciabuntur
1331 3609 1452 3648 cum
1475 3591 1706 3648 diabolis
1730 3592 1848 3648 sine
1889 3591 1995 3647 fine
2017 3631 2034 3657 ,

456 3685 660 3741 nullum
692 3685 814 3741 inde
841 3687 891 3741 in
926 3696 1241 3756 perpetuum
1269 3683 1605 3756 refrigerium
1629 3681 2039 3754 exspectantes?

461 3774 550 3830 γω
589 3790 669 3830 va:
692 3776 922 3840 miseris,
950 3776 1038 3847 qui
1062 3777 1112 3830 in
1142 3775 1242 3830 isto
1269 3785 1374 3831 tam
1399 3775 1546 3832 brevi
1570 3783 1810 3846 tempore
1831 3773 2037 3830 vilissi-

456 3864 559 3919 mis
588 3865 741 3922 bonis
763 3867 1148 3937 temporalibus
1185 3867 1359 3935 ebrii,
1387 3881 1508 3937 qua:
1550 3881 1657 3921 non
1689 3866 1862 3921 solum
1909 3865 2034 3920 ino-

457 3954 598 4026 piam
640 3971 746 4012 non
780 3957 1030 4014 auferunt
1069 3957 1180 4012 suis
1225 3957 1660 4028 possessoribus,
1691 3957 1785 4012 sed
1817 3965 1872 4012 et
1919 3957 2034 4027 ipsa

454 4060 603 4102 sua-nt
625 4045 822 4103 faciunt
843 4048 1208 4120 indigentiam,
1235 4050 1564 4121 negligentes
1585 4050 1636 4104 in
1654 4049 1881 4105 belluam
1895 4049 2037 4105 redi-

452 4147 670 4209 guntur.
693 4138 903 4203 Venae
932 4142 1020 4211 qui
1050 4142 1239 4197 saltem
1268 4148 1416 4197 tanto
1442 4131 1544 4196 hoc
1573 4142 1766 4196 timore
1787 4155 2032 4211 peccare,

455 4237 509 4282 et
536 4238 678 4283 tuam
707 4244 1000 4300 provocnre
1050 4231 1378 4286 iracundiam
1418 4246 1524 4285 non
1552 4230 1837 4294 desinunt,
1866 4233 1911 4286 si
1941 4241 2033 4287 tuo

455 4320 640 4374 nolunt
663 4335 866 4387 amore,
901 4330 960 4376 ut
991 4330 1254 4377 tenentur.
1279 4321 1384 4376 Sed
1423 4322 1690 4392 quomodo
1710 4363 1724 4388 ,
1755 4323 1840 4392 pie
1869 4322 1994 4378 Jesu
2017 4365 2032 4388 ,

454 4420 512 4465 tu.
536 4412 689 4481 cujus
718 4420 862 4468 tanta
883 4421 964 4468 est
992 4411 1404 4483 magnificentia,
1431 4421 1488 4466 ut
1517 4413 1658 4467 nulla
1685 4423 1844 4483 queat
1863 4413 2035 4484 expli—

450 4517 574 4558 care
595 4513 836 4558 creatura
871 4521 884 4558 :
915 4519 1074 4575 quem
1117 4502 1256 4570 cmli,
1290 4518 1458 4570 mare,
1482 4512 1535 4558 et
1561 4504 1738 4558 omnia
1764 4519 1884 4574 qua:
1917 4503 2035 4573 ejus

451 4594 651 4648 ambitu
681 4596 1043 4662 continentur,
1074 4612 1267 4668 capere
1316 4612 1420 4651 non
1465 4606 1726 4667 possunt:
1763 4597 1852 4668 qui
1889 4598 2029 4654 idem

453 4694 596 4740 totus
627 4686 1078 4757 ubiquelocorum
1109 4704 1344 4758 praesens
1373 4704 1452 4756 es,
1475 4703 1575 4744 nec
1601 4689 1742 4744 intus
1772 4690 2028 4756 inclusus,

450 4793 550 4832 nec
579 4787 733 4833 extra
756 4781 1042 4834 exclusus:
1072 4780 1211 4835 idem
1232 4783 1285 4837 in
1306 4781 1444 4838 casio
1472 4781 1538 4835 ad
1561 4781 1733 4838 Patris
1753 4781 2030 4838 dexteram

451 4869 690 4924 omnium
725 4885 1076 4938 supernorum
1105 4870 1299 4927 civium
1341 4871 1615 4927 beatitudo
1645 4881 1700 4928 et
1719 4872 1909 4943 gloria,
1939 4872 2031 4943 qui

451 4971 554 5015 tua:
579 4960 908 5017 celsitudinis
925 4963 1156 5030 speciem
1177 4962 1636 5031 oontemplantur:
1663 4963 1802 5018 idem
1818 4964 1870 5046 in
1891 4973 2030 5018 terra

449 5053 650 5124 pugillo
677 5053 844 5123 ipsam
871 5053 1153 5110 continens
1183 5063 1237 5109 et
1267 5053 1594 5110 concludens
1623 5055 1800 5110 :ident
1825 5057 1875 5110 in
1896 5057 2030 5112 mari

447 5153 498 5198 et
523 5145 575 5199 in
606 5143 816 5215 abyssis
842 5144 910 5200 ad
938 5153 1124 5200 nutum
1153 5159 1344 5215 regens
1365 5145 1543 5198 omnia
1582 5154 1638 5200 et
1661 5159 1987 5200 conservans
2014 5165 2027 5202 :

448 5234 588 5290 idem
619 5236 671 5290 in
700 5234 916 5292 inferno
949 5245 1192 5306 potenter
1221 5236 1535 5302 dominans,
1563 5236 1663 5291 sub
1703 5245 1846 5292 tanta
1878 5238 2029 5308 panis

447 5325 705 5381 brevitate
719 5325 1034 5388 contineris,
1061 5341 1165 5380 non
1193 5325 1608 5396 particulariter,
1631 5326 1724 5383 sed
1747 5327 1954 5400 integre
1974 5340 2029 5386 et

448 5416 684 5488 perfecte
707 5431 770 5472 ac
799 5416 1248 5488 inseparabiliter.

1493 349 1846 418 EUSEBIUS,
1887 351 1976 407 DE
2013 348 2248 408 ηοῐιτε
2284 349 2681 411 ΙΠΕΒΟΝῚΜΙ.

3622 365 3736 422 Ξτὶ

2152 465 2240 520 illa
2257 481 2363 521 non
2386 467 2505 524 fore
2517 469 2833 526 accidentia.
2851 471 3156 532 flinccerte
3169 488 3266 547 per
3279 489 3341 534 se
3359 477 3473 535 sola
3489 481 3727 539 existunt

2148 555 2444 612 accidentia
2468 560 2583 614 sine
2607 560 2850 631 subiecto
2879 565 3038 634 :quia
3065 581 3196 634 non,
3226 577 3284 622 ut
3314 566 3564 626 humanis
3589 573 3730 629 vide-

2151 655 2237 702 tur
2251 650 2518 718 sensibus,
2536 655 2781 722 panises,
2799 655 3060 714 sedJesus
3077 656 3324 716 Christus
3339 660 3565 732 integer,
3588 664 3730 723 sicut

2148 737 2200 793 in
2221 739 2358 796 caelo
2372 740 2437 796 ad
2456 741 2630 798 Patris
2654 744 2926 802 dexteram
2955 748 3159 804 resides
3177 749 3317 806 Deus
3339 761 3391 807 et
3409 751 3592 809 homo.
3618 756 3730 811 Ave

2149 830 2298 898 panis
2320 830 2461 897 vitae,
2493 835 2583 903 qui
2611 834 2679 889 de
2702 836 2841 892 cutio
2869 838 3222 908 descendisti,
3241 840 3375 898 dans
3401 852 3453 900 te
3477 847 3730 900 sumenti-

2148 918 2248 974 bus
2274 920 2439 992 digne
2472 924 2661 990 vitam,
2696 943 2806 982 non
2849 929 2990 985 sicut
3018 946 3211 988 manna
3238 934 3382 1004 quod
3409 935 3462 990 in
3506 935 3736 994 deserto

2147 1013 2345 1067 nostris
2366 1014 2500 1084 pluit
2519 1019 2777 1086 patribus,
2811 1021 2879 1078 de
2904 1038 3018 1093 quo
3038 1033 3228 1080 onmes
3247 1027 3335 1097 qui
3364 1029 3724 1087 manducave-

2145 1111 2271 1157 runt
2291 1106 2484 1161 mortui
2503 1118 2648 1163 sunt.
2667 1107 2826 1165 Certe
2843 1112 2934 1182 qui
2953 1120 3002 1168 te
3029 1112 3190 1186 digne
3207 1117 3392 1184 sumit,
3423 1134 3730 1190 quanquam

2145 1206 2318 1250 morte
2345 1199 2611 1266 corporali
2641 1201 2816 1256 anima
2843 1217 2874 1256 a
2904 1218 3130 1274 corpore
3155 1219 3456 1278 separetur,
3481 1199 3586 1266 non
3619 1227 3732 1269 meo

2145 1285 2314 1342 rietur
2341 1288 2394 1343 in
2426 1298 2682 1346 :nternum
2715 1308 2730 1347 :
2761 1293 2883 1363 quia
2909 1311 3015 1350 non
3046 1297 3136 1352 illa
3161 1302 3429 1369 separatio
3454 1318 3604 1360 mors
3619 1314 3724 1372 est,

2145 1377 2240 1432 sed
2263 1377 2330 1434 de
2363 1391 2540 1437 morte
2567 1383 2635 1438 ad
2665 1385 2826 1440 vitam
2858 1388 3139 1444 transitus.
3170 1389 3325 1448 Unde
3352 1394 3442 1464 qui
3478 1405 3528 1450 te
3565 1396 3726 1467 digne

2144 1469 2431 1527 mandueat
2460 1473 2511 1528 in
2543 1475 2774 1541 mundo,
2803 1479 3042 1534 moriens
3089 1488 3261 1537 tecum
3290 1490 3489 1541 atteme
3543 1488 3726 1547 vivere

2144 1559 2416 1632 incipit.0
2462 1580 2623 1636 quam
2670 1569 2904 1639 pretiosa
2949 1575 3096 1627 mors
3142 1572 3236 1628 illa
3273 1581 3388 1644 est,
3436 1587 3726 1649 antequam

2146 1652 2390 1710 homines
2445 1659 2642 1712 mortui
2689 1671 2854 1728 sunt,
2885 1671 3165 1734 postquam
3212 1666 3473 1738 incipiunt
3519 1671 3726 1728 vivere.

2145 1741 2224 1796 Tn
2247 1745 2396 1812 panis
2423 1748 2750 1817 Angelorum
2771 1793 2787 1818 ,
2826 1758 2912 1808 tua
2941 1755 3148 1811 visione
3189 1757 3423 1829 Angelos
3464 1761 3646 1819 reficis
3670 1776 3727 1820 et

2141 1833 2428 1905 glorificas.
2479 1838 2560 1894 Tu
2597 1854 2719 1896 esca
2769 1856 2830 1898 es
2869 1845 3098 1914 animas,
3145 1862 3252 1903 non
3294 1852 3538 1920 corporis
3570 1871 3584 1908 :
3619 1855 3727 1910 im-

2143 1925 2402 1996 pinguans
2454 1939 2722 1998 mentem,
2779 1949 2886 1990 non
2940 1946 3204 1994 ventrem.
3251 1939 3355 2008 Qui
3416 1941 3470 1997 in
3515 1952 3578 1998 te
3612 1960 3726 2000 non

2142 2016 2501 2089 impinguatur
2525 2023 2577 2076 in
2608 2023 2912 2092 virtutibus,
2944 2029 3102 2084 nimis
3131 2046 3272 2102 a-ger
3294 2032 3441 2102 jacet
3464 2035 3516 2089 in
3560 2035 3716 2107 flagi-

2144 2107 2250 2162 tiis.
2273 2108 2351 2163 Tu
2379 2119 2431 2166 te
2455 2112 2888 2184 manducantem,
2919 2128 2976 2173 ut
2999 2121 3259 2178 condecet
3281 2124 3334 2180 in
3366 2133 3418 2181 te
3450 2135 3724 2183 transmu-

2142 2206 2243 2266 tas,
2274 2209 2333 2256 ut
2363 2202 2435 2256 ttti
2468 2205 2872 2276 participatione
2901 2209 3168 2267 efficiatur
3193 2213 3333 2272 Deus
3364 2233 3378 2270 :
3410 2232 3510 2274 nec
3538 2227 3722 2276 tamen

2141 2292 2194 2347 in
2221 2293 2369 2350 illum
2396 2302 2788 2367 transmutaris,
2810 2304 2958 2358 velut
2978 2305 3082 2360 alia
3112 2322 3374 2379 corporea
3423 2309 3551 2368 facit
3572 2327 3720 2370 esca.

2141 2382 2248 2438 Sed
2288 2400 2366 2441 vae
2389 2394 2440 2443 te
2470 2388 2684 2461 indigne
2706 2395 3064 2450 sumentibus.
3086 2397 3247 2454 Certe
3287 2399 3354 2455 ad
3389 2403 3473 2457 sui
3506 2419 3724 2474 penam

2139 2483 2196 2529 et
2217 2484 2424 2532 reatum
2469 2477 2663 2534 iterum
2695 2490 2748 2537 te
2772 2484 3112 2557 crueiligunt,
3147 2503 3254 2543 non
3284 2491 3430 2559 quod
3455 2501 3506 2548 te
3525 2492 3725 2564 diiudi-

2140 2574 2226 2622 cet
2250 2566 2337 2621 illa
2377 2569 2742 2641 manducatio,
2773 2577 3026 2646 quoniam
3059 2579 3407 2652 impassibilis
3428 2594 3484 2640 et
3503 2585 3725 2642 immor-

2142 2659 2261 2714 talis
2287 2663 2508 2718 omnino
2531 2679 2610 2720 es.
2841 2711 2843 2716 .

2211 2751 2340 2806 CAP.
2364 2753 2546 2810 XLIX.
2568 2755 2721 2813 Ileul
2751 2758 2969 2817 domine
3010 2763 3082 2818 mi
3107 2803 3126 2831 ,
3157 2763 3282 2835 quid
3326 2765 3543 2823 dicam?
3568 2768 3723 2838 Quod

2142 2839 2301 2898 hodie
2346 2854 2398 2900 te
2424 2848 2732 2904 sacerdotes
2773 2854 3065 2910 comedunt
3108 2855 3161 2910 in
3187 2856 3392 2928 altari,
3433 2867 3490 2913 ut
3530 2873 3724 2918 carnes

2143 2933 2407 3002 pecudum
2438 2946 2493 2994 et
2528 2939 2803 2998 volucrum
2826 2983 2841 3008 ,
2879 2944 2984 2998 imo
3019 2945 3193 3016 pejus.
3225 2945 3390 3003 Nocte
3435 2948 3721 3006 mulierum

2143 3027 2390 3083 fruuntur
2411 3038 2535 3084 actu
2564 3033 2894 3102 turpissimo,
2927 3045 2980 3091 et
3009 3044 3060 3091 te
3081 3050 3237 3094 mane
3277 3039 3609 3096 masticando
3631 3057 3726 3098 co-

2142 3117 2383 3174 medunt.
2411 3118 2532 3186 Ubi,
2563 3121 2805 3188 Domine,
2839 3125 3276 3182 latitas‘idormis
3304 3143 3481 3196 ne,an
3503 3131 3724 3202 vigilas?

2143 3209 2239 3265 Est
2286 3210 2384 3266 tibi
2421 3211 2522 3268 hoc
2547 3224 2830 3284 acceptum
2853 3218 3217 3277 sacrificium?
3248 3220 3344 3276 Est
3384 3223 3502 3281 luce
3524 3225 3725 3284 oblatio

2141 3315 2301 3372 quam
2340 3302 2531 3374 eligis?
2559 3304 2794 3362 Exaudis
2816 3323 3002 3377 preces
3025 3325 3212 3368 eorum
3253 3312 3323 3370 de
3366 3316 3526 3383 cmlo,
3571 3318 3724 3376 etde

2139 3394 2270 3449 sede
2301 3395 2595 3465 maiestatis
2623 3399 2768 3454 ture?
2802 3399 2943 3457 Vere
2967 3402 3016 3458 si
3053 3403 3155 3458 hoc
3195 3405 3358 3462 velles
3400 3408 3720 3465 sacrificium

2137 3493 2196 3540 ct
2245 3484 2514 3553 libamen,
2566 3489 2797 3546 mendax
2827 3492 2985 3547 ﬁeres
3023 3502 3079 3549 et
3125 3504 3468 3565 peccatorum
3517 3499 3717 3556 socius.

2139 3575 2320 3638 Certe,
2351 3576 2597 3644 Domine,
2627 3581 2674 3635 si
2695 3595 2818 3636 vera
2864 3593 2990 3638 sunt
3025 3600 3146 3655 qua:
3175 3601 3269 3656 per
3293 3601 3354 3642 os
3391 3588 3640 3659 loquutus
3663 3606 3724 3646 es

2133 3667 2553 3738 Prophetarum,
2580 3671 2800 3742 siiustis
2824 3674 2999 3730 solum
3030 3678 3503 3747 supplicationibus
3523 3693 3723 3751 praesto

2140 3776 2199 3817 es
2217 3777 2232 3814 :
2250 3770 2305 3817 et
2325 3762 2372 3817 si
2397 3762 2491 3818 tibi
2519 3763 2691 3834 placet
2715 3768 2956 3837 aequitas,
2977 3768 3078 3824 hoc
3095 3770 3200 3825 tale
3223 3779 3304 3826 est
3327 3772 3720 3841 impediendum
3759 3811 3763 3818 -

2141 3853 2464 3910 sacrificium
2495 3870 2563 3911 ne
2593 3855 2704 3922 fiat,
2743 3873 3047 3929 quanquam
3077 3861 3130 3916 in
3158 3877 3217 3918 se
3242 3870 3299 3919 et
3326 3873 3510 3919 natura
3537 3866 3618 3920 sui
3645 3880 3724 3921 sa-

2139 3945 2401 4004 crificium
2419 3949 2616 4004 bonum
2639 3949 2732 4017 sit,
2755 3965 2855 4008 nec
2884 3952 3058 4022 possit
3083 3954 3271 4009 violari
3295 3955 3451 4011 malis
3468 3956 3720 4013 sacerdo-

2138 4038 2284 4094 tibus
2315 4058 2330 4094 :
2357 4038 2479 4110 quia
2502 4040 2700 4097 malitia
2731 4056 2837 4096 non
2861 4041 3425 4111 judicatsacrificium.
3445 4045 3600 4102 Unde
3626 4047 3719 4102 hu-

2133 4127 2369 4198 iusmodi
2392 4129 2711 4185 sacrificium
2754 4131 2815 4186 fit
2843 4131 2910 4188 ad
2939 4133 3248 4189 sacerdotis
3275 4135 3640 4204 praeiudicium
3667 4147 3721 4194 et

2137 4219 2555 4288 damnationem,
2581 4237 2681 4278 nec
2702 4223 2775 4295 (a)
2799 4240 2896 4295 pro
2921 4227 3113 4296 quibus
3141 4229 3226 4294 fit,
3247 4229 3618 4298 prodest:imo
3643 4231 3721 4304 (ut

2136 4310 2622 4385 verissimedicam)
2644 4316 2734 4384 qui
2756 4316 2916 4372 vitam
2933 4319 3228 4375 sacerdotis
3244 4323 3504 4392 agnoscit,
3523 4331 3576 4378 et
3599 4338 3718 4379 eum

2137 4418 2237 4473 pro
2261 4419 2322 4460 se
2337 4404 2611 4462 celebrare
2631 4406 2776 4476 facit,
2797 4410 2854 4465 fit
2870 4410 2922 4466 in
2949 4411 3188 4481 eiusdem
3211 4425 3428 4484 peccato
3446 4419 3716 4483 conscius,

2137 4510 2238 4550 nec
2267 4511 2373 4550 non
2396 4505 2450 4552 et
2474 4512 2649 4568 pmnze
2667 4501 2952 4572 particeps.
2973 4502 3279 4574 Omagnum
3297 4517 3351 4561 et
3373 4507 3720 4564 inscrutabile

2137 4589 2475 4659 mysterium.
2507 4590 2668 4648 Panis
2702 4595 3001 4651 accidentia
3024 4597 3344 4668 franguntur
3373 4615 3470 4671 per
3497 4611 3679 4672 partes
3701 4645 3715 4669 ,

2136 4689 2191 4736 et
2217 4688 2392 4736 tamen
2431 4681 2485 4736 in
2507 4683 2748 4754 qualibet
2773 4702 3058 4756 permanes
3087 4691 3343 4758 particula
3373 4700 3522 4748 totus
3547 4702 3603 4749 et
3631 4694 3716 4748 in-

2137 4780 2283 4840 tcgcr
2308 4772 2556 4830 Christus
2579 4777 2719 4832 sicut
2745 4793 2864 4833 cras
2893 4789 3070 4836 antea.
3090 4779 3136 4836 0
3165 4782 3519 4840 humanorum
3544 4785 3719 4841 illusio

2136 4879 2412 4920 sensuum.
2441 4866 2782 4937 Franguntur
2810 4870 2896 4924 illa
2923 4885 3045 4941 qua:
3095 4871 3340 4929 humanis
3385 4875 3634 4931 sensibus
3665 4878 3716 4931 in

2145 4964 2198 5011 te
2235 4956 2482 5012 videntur
2507 4957 2800 5014 accidentia
2822 4999 2838 5025 ,
2871 4968 2926 5016 et
2953 4968 3130 5018 tamen
3159 4977 3259 5019 nec
3287 4963 3553 5036 frangeris
3572 5007 3588 5032 ,
3620 4981 3719 5023 nec

2133 5051 2515 5120 corrumperis.
2537 5050 2610 5106 Te
2630 5051 2819 5106 dentes
2835 5052 3082 5111 videntur
3108 5055 3390 5113 masticare
3415 5058 3578 5114 veluti
3607 5074 3720 5123 ma-

2136 5141 2379 5196 terialem
2427 5156 2618 5210 panem
2645 5183 2661 5208 ,
2703 5146 2758 5198 et
2785 5151 2964 5201 tamen
3006 5161 3275 5216 nunquam
3319 5149 3642 5209 masticaris.
3671 5149 3718 5206 0

2135 5234 2316 5290 nobile
2343 5235 2671 5302 convivium,
2721 5236 2775 5292 in
2804 5253 2912 5308 quo
2939 5241 3039 5294 sub
3081 5241 3233 5312 panis
3259 5251 3313 5298 et
3353 5243 3461 5298 vini
3491 5245 3674 5314 specie
3697 5286 3714 5312 ,

2135 5335 2278 5382 totus
2299 5325 2541 5384 Christus
2566 5327 2710 5383 Deus
2739 5336 2796 5385 et
2821 5329 2984 5387 homo
3011 5333 3264 5398 sumitur,
3291 5343 3346 5390 et
3374 5334 3447 5390 ita
3479 5342 3626 5391 totus
3662 5336 3716 5392 in

2133 5417 2317 5488 specie
2344 5420 2498 5488 panis
2523 5459 2538 5485 ,
2567 5427 2624 5474 et
2658 5421 2900 5510 qualibet
2941 5424 3062 5493 eius
3093 5425 3349 5495 particula
3374 5467 3392 5494 ,
3432 5437 3486 5483 et
3513 5428 3566 5484 in
3605 5429 3716 5485 vini

515 5510 644 5564 Car.
669 5507 901 5566 XLVIII.
931 5510 976 5565 0
1014 5507 1301 5566 ineffabilia
1349 5507 1632 5565 admiratio
1656 5551 1670 5576 ,
1707 5525 1743 5566 ο
1785 5512 2025 5570 omnium
2125 5509 2312 5580 specie
2329 5523 2451 5564 cum
2475 5507 2900 5584 qualibetgutfa,
2927 5514 3068 5572 sicut
3094 5515 3145 5571 in
3176 5517 3326 5586 panis
3353 5518 3516 5574 totius
3536 5529 3592 5575 et
3609 5519 3719 5576 vini

443 5603 737 5657 novitatum
769 5601 996 5658 novitas.
1027 5600 1178 5658 Oculi
1207 5603 1260 5656 in
1293 5609 1345 5658 te
1379 5601 1562 5656 vident
1582 5603 1906 5672 alhedincm,
1933 5621 2022 5662 sa-

445 5708 626 5761 porem
654 5695 817 5750 sentit
841 5703 1048 5764 gustus,
1078 5693 1299 5750 odorem
1317 5691 1568 5759 olfactus,
1592 5702 1872 5767 tactusque
1897 5698 2026 5754 sub-

447 5786 685 5842 tilitatem
717 5787 934 5859 reperit.
955 5786 1060 5845 Sed
1087 5785 1298 5844 auditus
1341 5786 1492 5844 cordi
1515 5798 1862 5860 repraesentat
1885 5795 1936 5850 in
1968 5801 2018 5854 te

2196 5620 2268 5682 (a)
2290 5617 2568 5688 Nedum_ab
2587 5620 2902 5688 Hieronymo,
2935 5627 3075 5688 cuius
3097 5640 3285 5682 summe
3303 5627 3603 5681 Catholicam
3625 5632 3719 5682 hac

2129 5681 2181 5752 i_n
2203 5681 2261 5752 re
2282 5682 2597 5752 sententiam,
2623 5697 2733 5734 cum
2754 5681 3022 5752 alibi,'ltun'_t
3061 5689 3110 5752 in
3147 5681 3354 5752 Dialogo
3385 5699 3557 5752 contra
3581 5681 3724 5747 Luci-

2131 5742 2736 5813 feriano§_exposuimus_,_
2765 5749 2854 5797 sed
2878 5742 2944 5799 ἐι
2973 5742 3035 5798 ab
3072 5750 3185 5813 ipsa
3208 5742 3561 5805 hoc'abhorrct
3583 5742 3718 5812 Chri-

2132 5805 2285 5856 stiana
2308 5803 2421 5869 fide,
2445 5803 2535 5856 nisi
2558 5808 2638 5860 cui
2658 5803 2882 5862 videatur
2902 5823 3049 5874 posse
3070 5803 3334 5876 benignius
3357 5815 3532 5879 accipi.

3729 5892 3757 5942 \
