4052 6338
345 320 455 382 273

344 443 523 514 specie
545 441 726 499 simul.
744 441 874 499 Nam
899 447 1041 498 totus
1065 441 1333 513 perfectus
1354 449 1408 494 et
1437 439 1642 509 integer
1658 435 1919 500 Christus,

342 535 444 591 sub
470 535 625 605 panis
653 534 832 605 specie
853 574 870 601 ,
918 543 974 590 et
1020 536 1122 590 sub
1159 533 1398 605 qualibet
1435 539 1924 604 quantumcumque

343 625 559 680 minima
589 624 894 682 continetur
920 624 1212 694 particula,
1258 633 1315 680 et
1357 621 1499 678 idem
1526 629 1668 677 totus
1717 621 1771 676 in
1811 619 1921 674 vini

342 717 520 786 specie
568 727 625 773 et
675 717 729 772 in
773 717 1148 789 qualicumque
1188 725 1339 788 gutta
1382 722 1674 787 permanet.
1708 714 1754 770 0
1795 728 1919 769 esca

340 811 697 866 sacratissima
721 851 736 876 ,
778 827 935 882 quam
965 825 1092 868 vere
1123 810 1412 874 comedens
1434 851 1451 877 ,
1484 810 1624 864 Deus
1647 807 1878 865 efﬁcitur
1898 847 1918 874 ,

335 900 482 972 iuxta
512 901 643 957 illud
677 919 692 958 :
721 900 832 974 Ego
857 904 966 958 dixi
1008 903 1081 957 dii
1107 903 1226 957 estis
1245 942 1260 969 ,
1283 911 1331 956 et
1359 901 1453 971 ﬁlii
1500 899 1685 956 excelsi
1714 915 1907 954 omnes.

339 991 620 1049 Liberatur
641 1008 671 1048 a
699 995 849 1049 malis
867 1035 882 1062 ,
914 995 1162 1066 impletur
1191 994 1345 1049 bonis
1363 1035 1380 1061 ,
1413 1001 1469 1048 et
1492 991 1805 1048 immortalis
1830 990 1915 1045 in-

336 1083 640 1142 dubitanter
668 1085 918 1142 efﬁcitur.
945 1085 989 1142 Ο
1014 1101 1228 1142 sacrum
1256 1084 1696 1157 peregrinationis
1717 1092 1916 1140 nostra:

335 1175 604 1244 viaticum,
631 1192 736 1248 quo
765 1179 833 1234 de
858 1177 960 1234 hoc
988 1193 1214 1250 nequam
1254 1178 1450 1233 szeculo
1500 1177 1806 1247 pervenitur
1843 1175 1912 1231 ad

335 1265 568 1324 celestis
606 1267 902 1324 Jerusalem
931 1269 1279 1324 consortium.
1307 1268 1492 1323 Patres
1531 1267 1700 1324 nostri
1731 1267 1784 1322 in
1811 1267 1911 1324 de-

333 1369 474 1417 serto
497 1375 692 1415 manna
720 1359 1089 1426 comedentes,
1109 1375 1218 1415 non
1243 1368 1600 1431 pervenerunt
1622 1357 1687 1414 ad
1710 1367 1910 1413 terram

332 1452 724 1523 promissionis.
754 1453 852 1521 Qui
882 1469 1012 1508 vero
1044 1463 1095 1509 te
1118 1453 1374 1518 comedit,
1407 1454 1460 1507 in
1495 1451 1807 1507 fortitudine
1833 1451 1906 1506 tui

329 1542 620 1599 ambulabit
648 1559 816 1614 usque
846 1544 911 1598 ad
967 1554 1202 1599 montem
1251 1544 1341 1598 Dei
1367 1542 1530 1598 Oreb.
1565 1541 1612 1598 Ο
1650 1542 1910 1599 comestio

328 1633 705 1691 delicatissima
732 1675 750 1701 ,
812 1637 864 1690 in
898 1651 1003 1706 qua
1045 1636 1218 1691 omnis
1266 1635 1474 1705 saporis
1501 1643 1558 1690 et
1609 1634 1792 1690 odoris
1826 1644 1908 1691 est

325 1726 560 1798 suavitas
581 1768 602 1794 ,
643 1741 812 1783 omne
858 1727 1342 1794 delectati-uentum,
1373 1727 1551 1782 omnis
1598 1726 1863 1782 medicina
1885 1767 1903 1794 ,

199 1803 497 1886 ,"Ztmuis
518 1818 862 1885 sustentatio,
889 1826 942 1875 et
955 1819 1132 1872 omnis
1158 1817 1370 1888 requies
1393 1832 1424 1870 a
1455 1817 1658 1885 labore,
1675 1831 1774 1872 nec
1795 1832 1906 1873 non

320 1915 375 1964 ct
394 1919 554 1964 omne
579 1909 723 1978 quod
749 1907 1042 1965 desiderari
1071 1918 1266 1980 potest.
1286 1909 1367 1964 Tu
1392 1917 1541 1965 certe
1569 1910 1674 1965 vita
1701 1925 1780 1976 es,
1799 1925 1905 1981 qua

319 1999 494 2055 cumis
512 2000 644 2055 vivit
662 2010 934 2068 creatura,
958 2009 1013 2057 et
1037 2001 1154 2056 sine
1182 2016 1284 2072 qua
1317 2001 1566 2056 moritur.
1597 2000 1677 2056 Tu
1705 2016 1765 2057 es
1794 2003 1902 2058 vita

317 2088 515 2158 vitalis,
545 2090 739 2157 dulcis,
770 2099 827 2149 et
854 2092 1121 2156 amabilis,
1143 2102 1301 2162 atque
1321 2092 1577 2162 jucunda.
1605 2092 1797 2149 Oderis
1823 2095 1902 2151 tui

313 2183 548 2238 suavitas
577 2197 749 2253 aegros
771 2192 978 2239 recreat
997 2192 1055 2238 et
1079 2183 1308 2246 debiles,
1337 2199 1474 2254 quos
1505 2193 1626 2239 tuus
1649 2184 1777 2239 facit
1810 2200 1901 2239 sa-

313 2289 414 2345 por
435 2275 679 2333 salubres
702 2286 756 2331 et
781 2275 1127 2336 fortissimos.
1154 2275 1233 2330 'l‘u
1259 2277 1347 2331 lex
1371 2277 1459 2330 illa
1485 2277 1901 2346 incomprehen.

1357 290 1712 389 sessum,
1750 315 1840 374 ne
1876 312 2110 373 mare
2149 314 2303 374 lllEr.

3507 332 3614 391 274

2028 448 2152 491 eras
2197 443 2253 491 et
2302 436 2422 490 ﬁnis
2463 445 2512 489 ct
2566 436 2906 509 principium.
2938 439 3020 496 Tu
3046 441 3194 499 solus
3219 443 3337 500 sine
3363 453 3609 515 tempore

2027 535 2229 582 mterne
2256 542 2287 582 a
2327 528 2437 583 Deo
2467 527 2629 584 Patre
2653 531 2885 601 genitus.
2920 533 3088 602 Quam
3119 536 3259 591 beati
3291 537 3383 608 qui
3412 545 3463 594 te
3484 538 3607 593 dilio

2026 626 2173 688 gnat,
2200 619 2289 690 qui
2317 619 2458 676 aliud
2483 636 2644 692 quam
2667 631 2718 677 te
2744 638 2850 678 non
2876 623 3200 695 desiderant,
3229 629 3317 700 qui
3346 629 3414 686 de
3443 637 3496 685 te
3515 645 3606 685 as-

2023 711 2177 768 sidue
2224 713 2459 783 cogitant
2483 755 2496 779 ,
2543 713 2635 786 qui
2666 723 2716 771 te
2743 715 2904 787 digne
2940 718 3266 787 comedunt,
3303 721 3393 792 qui
3425 731 3604 777 tecum

2023 813 2304 860 manentes
2331 821 2519 863 omnes
2551 807 2662 864 vias
2684 816 2803 864 tuas
2829 810 2976 866 omni
3006 820 3246 882 tempore
3272 814 3602 869 custodiunt.

2018 893 2180 951 Certe
2207 896 2296 966 qui
2321 905 2373 954 te
2403 897 2682 954 inveniunt
2711 940 2726 966 ,
2760 899 3039 956 inveniunt.
3087 903 3248 958 vitam
3275 944 3291 969 ,
3349 904 3601 974 quoniam

2019 992 2075 1039 et
2102 983 2354 1042 hauriunt
2382 988 2544 1044 vitam
2588 987 3060 1046 interminabilem.
3101 991 3146 1048 0
3186 1006 3309 1047 esea
3344 993 3602 1048 mirabilis

2017 1091 2081 1132 ac
2102 1078 2384 1148 stupenda,
2417 1079 2747 1136 delectabilis
2769 1096 2832 1136 ac
2853 1081 3110 1153 jucunda,
3134 1084 3396 1140 tutissima
3422 1099 3486 1139 ac
3505 1099 3599 1138 su-

2017 1181 2111 1237 per
2138 1171 2316 1224 omnia
2342 1171 2691 1243 peroptanda!
2711 1171 2768 1228 ln
2795 1188 2896 1244 qua
2921 1183 2996 1229 tot
3016 1184 3141 1229 sunt
3158 1174 3404 1231 innovata
3425 1175 3597 1245 signa,

2012 1270 2068 1314 et
2091 1261 2355 1318 mirabilia
2385 1263 2679 1320 immutata.
2699 1265 2757 1322 ln
2788 1281 2891 1338 qua
2922 1281 3082 1323 omne
3109 1265 3334 1323 habetur
3359 1266 3599 1322 delecta-

2013 1363 2251 1408 mentum
2273 1395 2287 1421 ,
2311 1363 2366 1410 et
2391 1355 2457 1410 ad
2484 1357 2722 1413 omnium
2749 1358 3042 1429 gratiarum
3074 1360 3386 1428 proﬁcimus
3418 1359 3597 1415 incre-

2012 1455 2272 1504 mentum.
2297 1447 2466 1515 Quam
2490 1450 2774 1530 singularis
2804 1461 2858 1508 et
2883 1453 3120 1508 inaudita
3151 1462 3238 1508 tua
3273 1453 3589 1509 liberalitas.

2009 1536 2179 1604 Quam
2223 1540 2844 1610 superabundantissima
2893 1560 2955 1601 ac
2991 1546 3208 1618 prodiga
3249 1547 3465 1618 largitas
3493 1589 3509 1615 ,
3539 1556 3596 1602 ut

2011 1628 2084 1684 tui
2125 1630 2394 1685 neminem
2420 1642 2690 1688 exsortem
2718 1633 2904 1702 facias,
2945 1637 3043 1692 nisi
3075 1637 3139 1692 ad
3167 1646 3218 1694 te
3250 1632 3434 1693 venire
3462 1653 3593 1693 cou-

2009 1727 2232 1775 temttat.
2254 1719 2310 1777 Si
2329 1723 2448 1792 quis
2469 1738 2596 1794 ergo
2615 1726 2866 1795 parvulus
2891 1736 2992 1795 est,
3017 1743 3204 1784 secure
3225 1728 3290 1784 ad
3315 1739 3365 1784 te
3386 1729 3586 1796 veniat,

2006 1817 2061 1866 et
2097 1813 2480 1868 telcomcdens
2510 1814 2600 1868 ﬁat
2627 1829 2852 1887 magnus
2884 1856 2900 1883 ,
2952 1826 3001 1872 ct
3034 1817 3345 1889 relinquens
3371 1819 3590 1874 semitas

2004 1899 2263 1972 infantiae,
2283 1918 2378 1975 per
2397 1905 2508 1960 vias
2534 1906 2822 1963 ambulabit
2851 1908 3169 1979 prudenti-.e.
3204 1909 3261 1965 Si
3285 1911 3405 1981 quis
3435 1910 3587 1966 debi-

2004 1992 2070 2049 lis
2091 2005 2194 2062 est,
2218 1997 2284 2052 ad
2319 2006 2372 2053 te
2401 1997 2666 2065 declinet,
2688 2008 2743 2055 ct
2779 2002 3024 2071 protinus
3054 2001 3145 2056 ﬁet
3176 2000 3343 2056 fortis.
3385 2001 3442 2058 Si
3469 2002 3588 2074 quis

2002 2083 2245 2141 inﬁrmus
2269 2127 2284 2154 ,
2327 2087 2625 2144 sanabitur.
2670 2090 2726 2145 Si
2758 2091 2878 2161 quis
2909 2101 3154 2148 mortuus
3181 2101 3296 2159 est,
3327 2093 3372 2148 si
3397 2093 3586 2148 audire

2002 2183 2056 2231 te
2085 2177 2352 2242 voluerit,
2384 2179 2545 2234 vitam
2576 2181 3028 2237 interminabilem
3058 2184 3446 2253 apprehendet.
3476 2184 3584 2239 Sed

1998 2268 2087 2337 qui
2109 2283 2332 2339 magnus
2354 2279 2434 2325 est
2461 2279 2516 2327 et
2539 2269 2712 2339 fortis,
2737 2287 2836 2328 nec
2867 2273 2954 2329 hic
2982 2282 3033 2328 te
3055 2274 3268 2330 deserat
3300 2293 3315 2330 :
3341 2291 3466 2330 nam
3493 2291 3585 2333 su-

309 2367 518 2435 sibilis,
567 2384 689 2438 qua»,
715 2383 932 2424 omnem
973 2368 1242 2424 illuminas
1285 2368 1562 2424 hominem
1593 2369 1896 2427 venientem
1997 2360 2429 2431 perabttndanter
2475 2365 2526 2419 in
2564 2374 2615 2420 te
2660 2366 2892 2422 inveniet
2936 2383 3042 2438 quo
3089 2377 3351 2436 pascatur.
3411 2367 3581 2425 Nemo

307 2457 361 2513 in
386 2457 529 2514 hunc
553 2459 830 2513 mundum.
1993 2461 2140 2509 certe
2170 2455 2287 2512 sine
2317 2464 2368 2510 te
2393 2465 2568 2525 potest
2596 2457 2774 2514 vivere
2801 2458 2866 2513 ad
2898 2468 3250 2515 momentum.

375 2548 510 2604 Car.
536 2549 597 2603 L.
632 2549 763 2615 Tua,
788 2549 858 2603 mi
890 2549 1131 2617 Domine,
1159 2558 1239 2605 est
1265 2549 1440 2604 omnis
1460 2553 1714 2620 potentia,
1742 2559 1892 2610 tuum
2062 2544 2189 2600 CAP.
2211 2545 2299 2601 Ll.
2325 2546 2406 2602 Tu
2431 2547 2579 2603 solus
2598 2549 2757 2603 vitam
2785 2549 2879 2605 das
2906 2551 3156 2605 omnibus
3181 2552 3459 2607 creaturis.
3488 2552 3578 2608 ld-

300 2655 472 2696 omne
497 2655 741 2708 regnum,
772 2651 893 2696 ante
922 2651 972 2696 te
993 2643 1302 2697 curvabitur
1329 2658 1488 2698 omne
1515 2658 1676 2713 genu.
1699 2644 1889 2702 Omnia
1989 2635 2136 2692 circo
2165 2636 2348 2708 defecit
2373 2653 2462 2692 cor
2483 2655 2666 2706 meum,
2698 2647 2742 2694 et
2770 2656 2889 2694 caro
2915 2657 3025 2695 mea
3059 2657 3076 2696 :
3102 2641 3239 2696 Deus
3263 2643 3430 2698 cordis
3455 2646 3575 2712 mei,

299 2746 655 2802 qttmcumque
700 2732 802 2798 vis,
839 2733 966 2788 facis
991 2734 1041 2788 in
1059 2735 1219 2800 εωιο,
1247 2742 1302 2790 et
1328 2735 1380 2789 iu
1409 2745 1571 2801 terra,
1590 2737 1713 2791 etin
1731 2739 1886 2803 mari,
1989 2736 2035 2783 ct
2060 2744 2179 2798 pars
2206 2745 2317 2784 mea
2348 2729 2486 2785 Deus
2506 2733 2559 2786 in
2587 2733 2792 2788 δίει-κισ.
2824 2733 2880 2789 1η
2906 2743 2957 2790 te
2977 2735 3149 2790 solum
3166 2735 3462 2793 delectatur
3479 2753 3575 2793 cor

300 2835 357 2880 et
380 2825 610 2896 διηθεῖς,
639 2824 770 2880 Tum
791 2825 922 2880 nihil
950 2837 1032 2882 est
1060 2829 1202 2896 quod
1227 2827 1395 2897 possit
1424 2826 1672 2884 resistere
1701 2830 1886 2885 mimi.
1987 2836 2185 2878 meum.
2215 2820 2273 2878 In
2302 2829 2354 2880 te
2383 2825 2620 2880 exsultat
2647 2828 2823 2882 anima
2855 2843 2995 2884 mea.
3017 2828 3135 2884 Tibi
3166 2831 3266 2886 soli
3293 2830 3570 2889 adhaerere

304 2917 418 2972 tati.
444 2915 501 2972 In
529 2927 599 2984 te,
634 2925 689 2972 et
716 2932 781 2972 ex
809 2927 896 2983 te,
924 2927 980 2973 et
1009 2934 1103 2988 per
1129 2928 1178 2974 te
1202 2930 1326 2974 sunt
1356 2919 1534 2974 omnia
1559 2962 1574 2986 ,
1603 2929 1659 2976 et
1685 2923 1802 2977 sine
1831 2933 1884 2978 ιο
1983 2913 2132 2982 cupit.
2157 2929 2310 2972 mens
2339 2930 2457 2971 mea
2487 2934 2499 2970 :
2527 2917 2775 2987 quoniam
2803 2920 2890 2990 qui
2923 2919 3172 2992 elongant
3195 2936 3254 2978 se
3283 2937 3314 2977 a
3340 2933 3410 2988 te,
3444 2939 3568 2993 per-

305 3008 456 3062 tiiliil.
486 3008 581 3064 Eia
610 3023 740 3078 ergo
768 3007 942 3064 ﬁdelis
966 3009 1142 3064 anima
1171 3009 1366 3079 gaude,
1398 3010 1635 3080 epulare,
1671 3027 1738 3066 ne
1767 3027 1885 3068 mo-
1984 3005 2154 3061 ibunt.
2186 3006 2266 3062 Tu
2294 3017 2496 3074 autem,
2531 3009 2790 3078 Domine,
2823 3027 2888 3066 ne
2921 3011 3078 3083 longe
3109 3011 3275 3070 facias
3308 3013 3569 3070 auxilium

305 3099 436 3154 reris
464 3098 547 3154 his
574 3099 717 3168 pasci
747 3097 958 3156 deliciis
978 3139 996 3166 ,
1028 3115 1097 3154 ne
1124 3100 1392 3170 pigriteris
1423 3101 1522 3155 hoc
1552 3102 1652 3156 frui
1695 3105 1880 3159 couvi-
1983 3105 2129 3152 tuum
2155 3112 2184 3152 a
2207 3113 2312 3166 me,
2339 3099 2434 3155 sed
2460 3111 2602 3180 tuam
2629 3101 2694 3158 ad
2723 3118 2808 3158 me
2831 3102 3026 3158 inclina
3047 3118 3234 3160 aurem
3259 3104 3565 3162 misericor-

304 3191 420 3258 vio,
453 3191 505 3246 in
535 3199 643 3262 quo
683 3205 789 3246 non
824 3206 1014 3247 carnes
1053 3193 1321 3247 hircorum
1347 3205 1440 3248 aut
1467 3203 1741 3250 taurorum
1761 3238 1776 3262 ,
1823 3205 1882 3254 ut
1979 3189 2100 3248 dize.
2124 3191 2202 3248 Te
2231 3192 2355 3248 edat
2382 3209 2616 3264 pauper,
2662 3205 2717 3251 et
2748 3197 2937 3267 ineps,
2969 3207 3022 3252 et
3045 3197 3267 3253 satietur
3299 3214 3312 3251 :
3345 3206 3402 3253 et
3432 3209 3561 3254 tunc

302 3282 425 3336 olim
472 3281 526 3336 in
564 3281 700 3352 lege,
727 3281 824 3337 sed
861 3281 1158 3337 Salvatoris
1205 3283 1278 3338 tui
1320 3299 1518 3354 corpus
1557 3287 1879 3344 sumendum
1979 3283 2164 3339 vivens
2193 3299 2288 3340 cor
2314 3284 2554 3342 laudabit
2578 3298 2649 3343 te.
2695 3287 2738 3344 Ο
2779 3289 2865 3343 lux
2895 3290 3211 3358 invisibilis,
3246 3291 3567 3362 inextingui-

304 3374 696 3446 proponitur.0
715 3377 920 3446 signum
949 3376 1250 3432 dilectionis
1269 3377 1634 3448 inopinabilis,
1653 3389 1709 3436 ut
1735 3379 1878 3438 idem
1979 3373 2132 3440 bilis,
2163 3383 2219 3431 et
2244 3377 2422 3432 omnia
2465 3393 2594 3434 vere
2632 3379 2942 3435 illuminans
2973 3421 2988 3446 ,
3034 3379 3242 3437 sedenti
3271 3398 3416 3438 caeco
3444 3384 3567 3438 huic

299 3467 370 3522 sit
397 3467 553 3524 dator
579 3466 720 3538 quod
745 3466 848 3540 (α)
877 3467 1035 3523 datur
1056 3509 1074 3534 ,
1107 3476 1165 3523 et
1208 3467 1438 3524 donator
1476 3469 1618 3528 idem
1644 3471 1714 3526 sit
1735 3473 1879 3543 quod
1977 3479 2135 3522 secus
2165 3468 2306 3522 viam
2335 3469 2596 3524 miserere
2624 3470 2754 3525 mihi
2781 3512 2796 3537 ,
2832 3473 2904 3526 ﬁli
2941 3473 3104 3528 David
3132 3515 3146 3540 ,
3168 3475 3458 3542 clamanti,
3488 3475 3566 3529 vi-

303 3557 469 3628 ipsttm
503 3556 728 3613 donum.
771 3559 942 3627 Quam
973 3573 1160 3629 magna
1185 3559 1416 3617 dulcedo
1443 3569 1534 3617 tua
1556 3603 1574 3630 ,
1614 3563 1876 3632 Domine,
1977 3575 2094 3616 sum
2125 3560 2319 3622 tribue.
2352 3576 2569 3632 qua‘so,
2601 3578 2706 3634 quo
2727 3574 2776 3619 te
2817 3564 3013 3622 videat.
3055 3565 3324 3638 Propitius
3357 3582 3562 3640 qua-so,

301 3665 452 3721 quam
492 3651 819 3710 abscondisti
863 3652 1174 3708 timentibus
1208 3662 1291 3720 te,
1341 3663 1398 3710 et
1435 3655 1707 3726 perfecisti
1755 3669 1875 3715 eam
1979 3652 2202 3709 Domine
2227 3693 2242 3720 ,
2279 3652 2404 3709 huic
2433 3665 2551 3715 esto
2580 3657 2847 3725 peccaturi
2872 3698 2888 3724 ,
2919 3669 2973 3712 ut
2999 3658 3073 3712 sis
3105 3659 3237 3713 mihi
3268 3659 3318 3713 in
3346 3659 3562 3729 adjuto-

300 3742 633 3812 Spcranlibus
663 3743 716 3798 in
745 3753 815 3798 le.
845 3743 889 3800 Ο
921 3743 1179 3798 ferculum
1209 3745 1752 3815 excellentissimum,
1782 3765 1877 3806 νε»
1976 3744 2114 3800 rium
2145 3751 2201 3799 et
2230 3744 2284 3800 in
2318 3745 2492 3801 locum
2519 3746 2704 3816 refugii
2732 3788 2746 3811 ,
2788 3757 2848 3802 ut
2892 3750 3098 3804 salvum
3144 3766 3230 3806 me
3278 3749 3461 3806 facias.
3497 3750 3565 3805 Et

301 3834 612 3901 nerandum,
642 3833 948 3900 colendum,
975 3834 1336 3902 adorandum,
1365 3837 1793 3908 gloriﬁcaudum,
1820 3851 1876 3898 et
1978 3842 2104 3890 tunc
2125 3833 2168 3888 si
2199 3834 2467 3890 ambulem
2494 3836 2546 3890 in
2571 3835 2750 3891 medio
2774 3838 2973 3893 umbrae
2991 3841 3198 3907 mortis,
3228 3853 3334 3896 non
3364 3840 3562 3895 timebo

300 3925 720 3996 amplectendam
743 3969 761 3994 ,
784 3927 1035 3981 omnibus
1062 3927 1426 3983 extollendum
1465 3929 1710 3986 laudibus
1733 3972 1747 3996 ,
1777 3947 1874 3988 ex-
1977 3923 2114 3978 mala
2148 3943 2160 3979 ε
2193 3925 2446 3994 quoniam
2467 3934 2524 3980 ω
2557 3942 2765 3982 mecum
2799 3942 2879 3983 08o
2915 3929 3150 3984 Μοτιυυε
3175 3946 3267 3997 οη.
3296 3929 3384 4001 Die
3405 3929 3558 3996 10$".

299 4017 562 4073 uitandum
590 4019 799 4074 cunctis
830 4018 1136 4089 praeconiis,
1171 4018 1393 4075 ﬁrmiter
1414 4019 1466 4076 itt
1493 4022 1672 4077 cordis
1706 4022 1877 4079 visce-
1971 4014 2127 4085 iaceo
2156 4057 2171 4083 9
2200 4031 2463 4086 exsurge.
2505 4025 2560 4073 οι
2587 4019 2848 4074 I‘CSUSCila
2879 4035 2966 4076 me
2991 4062 3006 4089 .
3038 4029 3094 4076 Cl
3123 4021 3555 4078 conﬁtebor‘libi-

301 4109 442 4165 ribus
472 4111 808 4166 retinendum
832 4152 848 4179 ,
896 4121 953 4167 et
976 4111 1250 4181 perpetuis
1291 4111 1623 4182 temporibus
1648 4112 1874 4185 alligati.
1973 4104 2138 4177 Eger
2165 4115 2222 4161 et
2251 4106 2492 4163 inﬁrmus
2520 4123 2662 4173 sum,
2695 4111 2778 4164 cui
2807 4111 2948 4166 nulla
2971 4121 3052 4168 est
3073 4112 3303 4183 amplius
3323 4113 3375 4169 in
3397 4129 3559 4170 carne

302 4201 422 4258 dum
451 4204 654 4261 animo.
682 4203 889 4260 Cecidit
930 4202 1092 4258 homo
1123 4219 1218 4273 per
1246 4202 1426 4260 cibum
1458 4203 1585 4274 ligni
1617 4205 1767 4261 vetiti
1805 4205 1874 4262 ad
1975 4198 2178 4254 sanius
2199 4215 2217 4252 ε
2242 4199 2482 4255 medicus
2504 4215 2583 4268 05.
2612 4216 2743 4258 Sana
2765 4218 2870 4259 mc-
2894 4203 3080 4259 NUdUS
3098 4205 3304 4276 ποίεον
3325 4205 3556 4278 frigore:

300 4296 586 4363 miseriam,
613 4311 711 4366 per
737 4305 787 4350 te
817 4294 1091 4350 relevatur
1125 4293 1192 4348 ad
1223 4301 1480 4350 aeternam
1511 4294 1758 4366 gloriam.
1793 4296 1874 4352 Tu
1975 4290 2128 4346 dives
2167 4305 2263 4357 es,
2299 4291 2457 4348 indue
2483 4309 2588 4348 me.
2621 4293 2782 4350 Fame
2812 4296 2862 4350 in
2895 4295 2995 4351 hac
3024 4296 3318 4352 solitudine
3346 4313 3511 4368 pereo
3544 4319 3557 4351 :

299 4396 437 4443 certe
479 4388 532 4443 in
571 4388 733 4443 rectis
758 4395 815 4443 et
837 4385 1064 4442 eruditis
1095 4386 1298 4442 habitas
1325 4388 1760 4458 cogitationibus.
1788 4388 1874 4444 Tu
1973 4381 2126 4438 cibus
2146 4397 2229 4449 es,
2259 4384 2397 4440 satia
2427 4399 2513 4440 me
2540 4404 2554 4441 :
2584 4384 2720 4440 Sitio
2753 4403 2766 4440 :
2794 4387 3016 4443 salubre
3045 4389 3290 4457 poculum
3320 4404 3379 4445 es
3401 4431 3415 4456 ,
3443 4389 3557 4444 ine-

302 4479 678 4544 miserrimum,
707 4488 1069 4549 arrogantem,
1087 4487 1141 4533 et
1169 4479 1462 4548 superbum
1486 4477 1772 4538 detestaris
1798 4481 1875 4536 di-
1973 4476 2086 4532 bria
2119 4492 2224 4532 me.
2261 4476 2462 4532 luﬁxus
2499 4494 2618 4534 sum
2647 4479 2698 4532 in
2726 4479 2857 4533 limo
2886 4479 3183 4548 profundo,
3232 4488 3287 4534 et
3323 4494 3428 4534 non
3471 4489 3555 4535 est

298 4571 477 4635 vitem,
499 4585 621 4626 eum
652 4569 876 4626 dimittis
907 4569 1121 4626 inanetn
1149 4577 1203 4624 et
1232 4584 1452 4624 vacuum
1473 4608 1489 4636 ,
1521 4585 1584 4626 ac
1611 4570 1680 4626 de
1709 4579 1760 4626 te
1789 4570 1872 4626 fa-
1974 4567 2292 4622 substantia.
2322 4568 2453 4623 Veni
2481 4569 2530 4622 in
2561 4567 2897 4623 altitudinem
2930 4571 3093 4624 maris
3117 4610 3134 4635 ,
3175 4578 3229 4625 et
3257 4579 3553 4641 tempestas

302 4661 560 4716 melicam.
605 4660 685 4715 Tu
722 4674 1012 4732 pauperem
1035 4659 1236 4729 justum
1258 4700 1272 4724 ,
1306 4660 1450 4730 pium
1481 4670 1536 4715 et
1574 4660 1826 4717 humilem
1852 4701 1870 4729 ,
1973 4661 2231 4717 demersit
2253 4676 2359 4715 me.
2389 4660 2637 4715 Laborari
2661 4660 2910 4728 clamans,
2933 4678 3102 4716 rauca:
3120 4666 3270 4732 facta:
3297 4673 3414 4718 sunt
3440 4666 3556 4736 fau-

299 4751 540 4807 omnibus
580 4766 702 4808 eum
743 4751 970 4822 implens
995 4751 1229 4816 divitiis,
1277 4760 1378 4805 ture
1408 4750 1600 4805 domus
1627 4752 1872 4808 ubertate
1973 4767 2054 4806 res
2086 4765 2228 4804 ntere.
2266 4749 2382 4804 Jam
2427 4749 2769 4803 intraverunt
2812 4765 2963 4821 aqua}
3003 4766 3170 4823 usque
3211 4753 3278 4808 ad
3319 4755 3552 4808 animam

1974 4853 2172 4894 meam.
2202 4835 2352 4893 Educ
2383 4853 2470 4894 me
2495 4837 2564 4893 de
2588 4837 2778 4910 laqueo
2801 4839 2924 4909 isto,
2954 4853 3227 4913 protector
3253 4859 3425 4912 meus,
3455 4859 3552 4916 gu-

1975 4929 2226 4985 bernator
2244 4943 2414 4998 meus,
2439 4930 2832 4987 ﬁrmamentum
2849 4949 3048 5003 meum,
3069 4934 3328 5008 refugium
3353 4953 3554 5005 meum,

1972 5020 2080 5076 dux
2109 5035 2281 5088 meus,
2304 5029 2358 5076 et
2381 5035 2476 5076 rex
2497 5037 2672 5090 meus,
2694 5031 2748 5077 et
2771 5022 2909 5078 Deus
2933 5039 3104 5080 meus.
3132 5026 3188 5081 ln
3223 5027 3375 5098 cujus
3402 5041 3554 5102 eom-

1973 5112 2171 5168 mendo
2197 5113 2450 5170 manibus
2481 5114 2730 5184 spiritum
2759 5129 2961 5183 meum,
2991 5132 3151 5187 quem
3175 5119 3226 5172 in
3257 5119 3434 5174 crucis
3461 5121 3553 5174 sti«

1973 5203 2084 5274 pile
2113 5203 2389 5259 redemisti
2413 5244 2430 5272 ,
2458 5205 2544 5260 cui
2571 5206 2734 5261 vitam
2765 5216 2817 5263 et
2845 5209 3267 5265 misericordiam
3297 5211 3542 5265 tribuisti.

1975 5294 2224 5366 Respice,
2259 5294 2502 5364 Domine,
2528 5296 2884 5354 humilitatem
2910 5315 3106 5367 meam,
3139 5315 3239 5356 nec
3266 5298 3552 5355 concludas

1974 5403 2060 5442 me
2082 5387 2132 5441 in
2161 5402 2352 5444 manus
2375 5388 2594 5444 inimici.
2611 5388 2782 5446 llodie
2807 5399 2984 5447 tecum
3004 5391 3271 5462 ingrediar
3294 5392 3344 5445 in
3372 5383 3547 5446 locum

1976 5481 2306 5537 tabernaculi
2335 5480 2668 5536 admirabilis
2689 5521 2704 5548 ,
2741 5491 2799 5536 ut
2825 5483 3120 5538 inhabilem
3152 5482 3205 5536 in
3232 5480 3393 5536 domo
3421 5488 3508 5534 tua
3531 5521 3548 5548 ,

1973 5574 2026 5630 in
2056 5573 2387 5645 longitudine
2411 5573 2620 5630 dierum
2648 5575 2700 5629 iu
2725 5575 2980 5630 saeculum
3013 5574 3215 5629 seaculi.

2043 5669 2173 5724 Car.
2203 5665 2312 5722 ιιι.
2345 5666 2437 5722 llis
2463 5666 2648 5734 ﬁnitis,
2671 5669 2753 5723 vir
2781 5667 2991 5722 Domini
3022 5665 3310 5736 gloriosum
3340 5678 3556 5726 sacrum

1977 5761 2185 5817 Domini
2218 5758 2424 5830 Corpus
2448 5757 2770 5830 suscipiens,
2803 5757 2867 5813 ad
2896 5765 3093 5813 terram
3123 5752 3344 5835 supinus
3373 5755 3557 5815 rediit.

292 4846 469 4902 satias.
492 4845 550 4902 In
579 4853 634 4902 te
655 4854 712 4901 et
741 4860 835 4916 per
859 4853 911 4900 te
935 4852 1019 4901 est
1042 4855 1248 4900 rectum
1267 4843 1526 4914 judicium
1552 4851 1606 4898 et
1626 4844 1869 4914 aequitas,

298 4945 464 4994 tecum
489 4938 789 5011 prudentia,
819 4947 876 4994 et
905 4936 1180 5005 fortitudo,
1207 4945 1262 4994 et
1289 4935 1464 4992 omnis
1491 4935 1735 4992 victoria.
1769 4936 1872 4992 l‘er

299 5035 344 5082 te
369 5030 537 5085 sancti
564 5037 791 5100 regnant
809 5028 863 5083 in
888 5027 1217 5084 cmlestibus.
1251 5027 1351 5082 Per
1377 5036 1428 5082 te
1458 5025 1706 5082 doctores
1737 5041 1872 5097 pra:-

298 5119 491 5177 dicant.
540 5121 644 5176 Per
674 5129 724 5176 te
744 5120 921 5190 justus
949 5120 1172 5176 viriliter
1196 5130 1386 5174 contra
1421 5119 1604 5174 hostes
1627 5119 1866 5174 dimicat.

297 5209 370 5266 'l‘u
402 5210 692 5283 superbum
729 5219 1002 5282 potentem
1039 5209 1265 5280 deponis
1309 5209 1378 5265 de
1405 5208 1535 5266 sede
1581 5209 1869 5265 exaltando

293 5295 565 5358 humilem.
609 5301 808 5358 Tecum
852 5313 978 5358 sunt
1012 5315 1198 5356 omnes
1236 5299 1434 5356 divitia!
1477 5309 1531 5355 et
1566 5299 1756 5370 gloria.
1789 5299 1868 5354 Tu

297 5390 574 5464 diligentes
613 5391 809 5464 diligis.
847 5392 946 5460 Qui
974 5391 1042 5446 ad
1071 5401 1124 5446 te
1155 5406 1290 5461 puro
1326 5390 1490 5447 corde
1521 5391 1780 5462 vigilant,
1819 5400 1870 5446 te

300 5485 570 5544 inveniunt
592 5486 888 5558 ,‘quouiam
919 5499 1041 5539 cum
1069 5484 1400 5553 simplicibus
1429 5492 1484 5538 et
1511 5484 1675 5539 rectis
1707 5483 1870 5539 corde

299 5578 570 5648 gradieris.
595 5576 675 5632 'l'u
715 5576 864 5632 solus
889 5585 1013 5630 ante
1048 5589 1210 5630 omne
1245 5573 1560 5645 principium
1586 5615 1602 5643 ,
1631 5575 1868 5631 omnium

297 5710 433 5822 dum.
446 5710 587 5774 Lege
607 5723 716 5762 cum
731 5710 926 5773 antiqua
951 5707 1265 5773 Lugdunensi
1288 5705 1531 5772 Editione,
1557 5707 1741 5774 datmu,
1769 5724 1866 5764 non
