4052 6338
455 341 564 402 175

442 545 726 610 "Simeonis
747 548 1030 621 Propheta:
1053 548 1359 604 vaticinium
1383 544 1704 602 decantavit.
1723 541 1841 611 Quo
1863 539 2035 606 finito,

455 645 638 702 subito
661 645 865 699 cunctis
891 642 981 714 qui
1009 641 1233 698 aderant
1258 639 1600 696 cernentibus
1620 678 1634 702 ,
1663 645 1807 692 tanta
1835 636 1886 690 in
1918 633 2039 696 loco

453 739 509 794 in
554 750 660 807 quo
684 735 896 805 jacebat
923 733 1180 789 divinitus
1217 733 1306 787 lux
1342 731 1538 787 effulsit
1569 769 1584 795 ,
1617 737 1675 783 ut
1712 728 1878 782 instar
1907 723 2038 779 solis

461 828 603 885 radii
630 820 886 900 splendor
913 824 1282 899 quorumlibet
1308 823 1541 878 vibraret
1559 819 1745 875 oculos
1769 860 1786 884 ,
1819 833 1888 872 ne
1914 829 2040 886 pos-

449 933 574 979 sent
601 923 921 978 morientem
957 921 1128 975 virum
1155 917 1447 991 gloriosum
1476 912 1785 984 aliqualiter
1813 907 2033 965 intueri.

446 1015 564 1084 Qua
588 1014 802 1086 quidem
827 1012 947 1069 luce
969 1012 1035 1068 ad
1054 1011 1242 1066 horam
1273 1017 1644 1080 permanente,
1675 1004 2038 1060 circumstan-

451 1108 582 1161 tium
607 1105 818 1178 quidem
847 1119 1039 1176 agmen
1064 1101 1362 1174 angelicum
1388 1097 1585 1155 ibidem
1613 1096 1860 1152 viderunt
1881 1092 2039 1153 undi.-

450 1213 558 1269 que
584 1196 1022 1261 discurrentium,
1041 1194 1116 1250 uti
1142 1192 1390 1249 scintillae
1417 1191 1469 1245 in
1492 1188 1812 1245 arundincto
1837 1186 2033 1241 solen'.

451 1291 680 1360 Quidam
711 1306 839 1345 vero
880 1288 1114 1360 Angelos
1145 1302 1251 1342 non
1295 1284 1577 1352 viderunt,
1611 1281 1704 1337 sed
1738 1295 1923 1335 vocem
1954 1280 2035 1332 la-

454 1400 604 1456 psam
639 1375 850 1439 cmlitus
881 1381 1170 1437 audierunt
1197 1379 1277 1436 sic
1304 1379 1572 1435 dicentem
1607 1394 1620 1430 :
1650 1374 1809 1438 Veni,
1841 1372 2037 1428 dilecte

377 1542 382 1557 ι
451 1477 523 1531 ιιιὶ
553 1495 566 1532 :
601 1485 810 1546 tempus
833 1484 914 1532 est
935 1476 1081 1531 enim
1100 1516 1115 1541 ,
1144 1481 1204 1528 ut
1230 1470 1536 1527 mercedem
1563 1467 1796 1538 accipias
1830 1480 1926 1537 pro
1955 1464 2036 1518 la-

371 1561 380 1566 ’
450 1569 674 1626 boribus
696 1610 712 1635 ,
742 1585 877 1640 quos
907 1567 1015 1622 mei
1041 1581 1202 1622 causa
1229 1565 1460 1620 viriliter
1494 1560 1845 1634 supportasti.
1899 1557 2031 1624 Qui-

450 1662 574 1716 dam
609 1675 709 1715 nec
735 1658 985 1714 viderunt
1011 1657 1280 1728 Angelos,
1310 1669 1410 1710 nec
1457 1653 1596 1708 hanc
1633 1650 1919 1706 audierunt
1943 1663 2038 1702 vo-

448 1771 569 1812 cem
600 1774 614 1810 :
643 1755 737 1812 sed
777 1762 980 1810 tantum
1011 1768 1134 1809 cum
1166 1751 1252 1806 his
1291 1767 1321 1806 a
1362 1751 1523 1806 beato
1573 1747 1906 1816 llieronymo
1944 1744 2032 1797 illa

450 1849 600 1904 ﬁnita
624 1862 758 1904 voce
780 1890 794 1914 ,
822 1847 940 1902 hrcc
965 1845 1252 1901 audierunt
1279 1843 1440 1898 verba
1473 1859 1486 1896 :
1521 1841 1661 1896 Ecce
1689 1837 1755 1892 ad
1781 1846 1831 1892 te
1853 1835 2032 1902 venio,

453 1941 538 2012 pie
557 1941 684 1998 .lcsu
707 1983 723 2008 ,
754 1940 966 2006 suscipe
993 1939 1226 1993 animam
1256 1953 1413 2009 quam
1439 1945 1527 1990 tuo
1547 1930 1878 2004 recuperasti
1907 1944 2033 1984 san-

449 2035 631 2105 guine.
663 2033 814 2088 Tunc
839 2032 1016 2088 subito
1047 2031 1139 2086 illa
1169 2031 1256 2085 lux
1282 2027 1545 2098 disparuit
1575 2067 1592 2092 ,
1637 2033 1692 2081 et
1729 2023 1818 2078 illa
1853 2021 2030 2076 anima

449 2123 789 2180 sanctissima
835 2131 1086 2193 tanquam
1139 2120 1286 2178 sidus
1335 2119 1585 2174 omnibus
1623 2113 1908 2171 virtutibus
1949 2127 2036 2167 ra-

451 2215 628 2280 diaus,
665 2213 845 2268 carnis
883 2213 1122 2269 resoluta
1168 2226 1360 2276 emno,
1383 2210 1641 2265 cmlorum
1687 2221 1846 2276 regna
1903 2201 2037 2258 adiit

448 2306 703 2379 gloriosa.
731 2304 788 2360 ln
813 2303 1007 2376 quibus
1031 2305 1140 2374 jam
1169 2312 1316 2359 certe
1338 2312 1590 2372 tanquam
1617 2298 1878 2354 luminare
1899 2310 2036 2353 con-

448 2397 694 2467 spicuum
720 2397 935 2460 renitet,
964 2404 1020 2451 ct
1044 2393 1332 2465 splendore
1361 2391 1728 2455 beatitudinis,
1762 2398 1818 2446 et
1841 2389 2036 2443 multo-

448 2506 570 2546 rum
599 2489 974 2546 coruscatione
998 2485 1389 2557 prodigiorum.
1423 2483 1686 2553 Quoniam
1715 2498 1821 2537 non
1855 2487 2037 2551 potest

449 2580 709 2638 abscondi
755 2579 945 2637 civitas
983 2595 1145 2650 supra
1194 2586 1433 2633 montem
1479 2576 1676 2647 posita.
1727 2573 1837 2630 Nec
1863 2572 2034 2629 voluit

455 2674 618 2738 Deus,
638 2671 774 2727 utin
796 2679 972 2726 morte
993 2669 1165 2738 ipsius
1190 2669 1381 2724 lateret
1409 2667 1672 2723 sanctitas
1698 2708 1713 2732 ,
1745 2664 1899 2734 cujus
1926 2663 2036 2717 vita

450 2767 749 2822 sanctitatis
789 2781 952 2824 causa
1008 2763 1226 2830 fuerat,
1271 2774 1326 2819 et
1350 2762 1540 2819 salutis
1567 2760 1735 2816 totius
1776 2758 2034 2815 Ecclesia:

450 2858 754 2914 militantis.
797 2856 1000 2912 Tantus
1040 2855 1274 2926 denique
1305 2855 1395 2910 illa
1432 2852 1723 2909 recedente
1752 2849 2035 2906 sanctissi-

451 2966 537 3006 ma
565 2950 740 3006 anima
768 2949 904 3006 odor
929 2949 1291 3018 subsequutus
1317 2955 1400 3002 est
1447 2961 1542 3016 per
1566 2945 1682 3000 dies
1721 2959 1827 2999 non
1859 2941 2036 2998 modi-

449 3059 581 3111 eos,
633 3051 693 3100 ut
719 3043 866 3099 nulla
895 3042 1035 3098 forte
1065 3040 1351 3097 vetustatis
1387 3037 1703 3095 recordetur
1737 3045 1886 3092 astas.
1929 3031 2037 3091 Sed

451 3137 598 3191 certe
624 3134 845 3206 dignum
870 3143 1004 3199 erat,
1037 3141 1098 3189 ut
1125 3133 1264 3187 illius
1293 3131 1481 3187 merita
1507 3171 1523 3198 ,
1558 3129 1742 3184 odoris
1766 3125 2038 3198 prtecipue

449 3228 719 3283 clarercnt
757 3225 996 3295 indicio,
1029 3225 1120 3296 qui
1155 3224 1226 3280 ad
1258 3224 1517 3279 unitatem
1549 3221 1671 3277 fidei
1702 3220 2036 3276 intemerata:

452 3318 694 3374 membra
723 3317 906 3374 fmtida
934 3332 1157 3372 suorum
1187 3317 1475 3371 verborum
1501 3313 1668 3370 odore
1695 3320 2036 3370 evocaverat.

453 3411 600 3466 ﬂora
648 3424 900 3481 namque,
945 3409 1211 3469 carissimi
1254 3408 1442 3464 Patres
1494 3415 1550 3464 ct
1600 3406 1848 3472 Domini,
1880 3405 2040 3475 hujus

454 3502 713 3559 transitus
770 3502 1022 3575 gloriosa:
1072 3502 1178 3558 diei
1222 3512 1340 3558 erat
1387 3501 1592 3556 ultima.
1661 3500 1718 3555 In
1760 3516 1863 3570 qua
1919 3499 2041 3569 qui-

452 3596 619 3662 dem,
676 3604 733 3651 ut
772 3596 857 3652 sui
915 3595 1131 3651 athleta:
1187 3595 1308 3664 pius
1359 3593 1616 3650 Dominus
1667 3591 1893 3663 gloriam
1946 3591 2040 3648 de-

454 3695 800 3752 monstraret,
830 3695 884 3742 et
917 3687 1165 3742 omnibus
1189 3687 1276 3757 qui
1306 3686 1358 3741 in
1399 3684 1654 3742 Ecclesia:
1688 3684 1849 3740 domo
1889 3683 2040 3739 habi-

454 3787 569 3835 tant
593 3777 860 3850 proferret
887 3779 1087 3835 clarum
1117 3778 1298 3834 lumen
1332 3796 1344 3831 :
1375 3777 1479 3832 hoc
1505 3775 1665 3831 modo
1686 3775 1887 3848 Cyrillo
1913 3775 2039 3846 Epi-

455 3885 622 3942 scopo
665 3871 946 3927 transitum
990 3870 1212 3943 gloriosi
1262 3868 1570 3940 Hicronymi
1622 3867 1736 3939 ipse
1781 3867 2039 3924 Dominus

453 3963 731 4020 revelavit.

522 4053 654 4110 CAP.
677 4053 809 4112 Llll.
835 4054 1074 4126 Cumque
1101 4054 1240 4110 dicta
1256 4053 1368 4126 jam
1396 4052 1528 4110 hora
1557 4051 1790 4125 Cyrillus
1814 4051 2039 4123 Episco-

455 4160 556 4216 pus
598 4146 808 4202 devotis
854 4147 906 4202 in
952 4162 1049 4202 sua
1090 4146 1282 4202 cellula
1322 4146 1657 4201 orationibus
1703 4146 1992 4199 inhaereret
2021 4182 2037 4210 ,

456 4253 673 4294 sursum
701 4237 753 4292 in
784 4238 974 4308 spiritu
1005 4247 1194 4308 raptus
1219 4279 1234 4303 ,
1265 4238 1412 4292 velut
1441 4235 1494 4291 in
1520 4235 1692 4292 extasi
1717 4234 1886 4290 factus
1906 4276 1920 4298 ,
1949 4250 2042 4289 su-

457 4330 570 4386 bito
600 4328 875 4400 quoddam
905 4345 934 4383 a
968 4329 1294 4386 monasterio
1323 4369 1336 4394 ,
1367 4343 1395 4382 a
1421 4343 1528 4398 quo
1553 4327 1638 4381 vir
1664 4327 2038 4381 sanctissimus

455 4423 820 4492 migraverat,
856 4435 1024 4491 usque
1071 4421 1137 4474 ad
1187 4419 1381 4475 ccelum
1407 4459 1421 4483 ,
1455 4416 1697 4472 mirabile
1733 4425 1788 4472 et
1824 4415 2040 4487 specio-

457 4512 728 4568 sissimum
759 4511 892 4567 vidit
919 4512 1039 4567 iter.
1081 4508 1244 4581 Cujus
1276 4518 1423 4564 tanta
1460 4515 1576 4564 erat
1610 4507 1952 4578 pulchritudo
1985 4515 2040 4561 et

458 4604 743 4660 admiratio
769 4644 784 4669 ,
817 4616 872 4658 ut
904 4605 1063 4676 (sicut
1091 4601 1278 4658 eodem
1309 4600 1648 4672 postmodum
1682 4607 1912 4655 testante
1949 4613 2042 4652 co-

459 4698 773 4768 gnovimus)
797 4706 1015 4768 stupore
1040 4697 1186 4753 velut
1209 4710 1396 4751 amens
1415 4694 1655 4759 effectus,
1681 4695 1784 4751 huc
1805 4696 2041 4760 illucque

450 4791 751 4858 admirans,
780 4791 862 4844 sui
887 4791 1157 4861 paulisper
1181 4792 1436 4848 credebat
1459 4793 1730 4850 oblivisci.
1765 4792 1818 4848 lu
1845 4793 1945 4850 hac
1972 4795 2040 4850 si-

453 4879 674 4950 quidem
720 4880 916 4934 meutis
965 4881 1168 4950 positus
1208 4884 1474 4938 anxietate
1499 4925 1513 4949 ,
1541 4884 1768 4940 elevavit
1807 4886 2034 4941 oculos:

457 4979 513 5026 et
552 4986 681 5027 ecce
728 4970 1056 5040 Angelorum
1087 4972 1317 5025 maxima
1362 4987 1392 5024 a
1441 4975 1767 5029 monasterio
1809 4977 2039 5031 societas

440 5060 742 5128 veniebat,
778 5061 1084 5116 alternatim
1139 5047 1490 5117 mélodiarum
1544 5077 1600 5119 et
1655 5065 2035 5122 mellifluorum

455 5163 712 5208 cantuum
745 5151 966 5208 vocibus
990 5150 1389 5208 concinentium
1413 5193 1428 5219 ,
1459 5168 1689 5224 quorum
1721 5155 2038 5212 videbantur

457 5241 680 5298 vocibus
724 5241 920 5298 coelum
949 5251 1006 5298 et
1033 5251 1194 5307 terra,
1227 5251 1283 5298 et
1313 5244 1492 5298 omnia
1540 5261 1658 5315 quae
1701 5248 2040 5305 continentur

460 5352 648 5392 eorum
687 5335 892 5392 ambitu
924 5377 940 5404 ,
986 5337 1220 5407 undique
1257 5351 1530 5392 resonare.
1575 5337 1842 5396 Ferebant
1880 5343 2040 5399 etiam

459 5426 654 5499 singuli
676 5427 1002 5498 Angelorum
1027 5428 1267 5498 singulos
1287 5428 1532 5484 manibus
1552 5445 1806 5487 accensos
1830 5448 2038 5503 cereos,

441 5510 695 5592 'quorum
741 5521 958 5576 claritas
992 5521 1122 5577 solis
1162 5521 1457 5590 repellebat
1513 5522 1715 5578 lumen.
1759 5524 1865 5582 Sed
1915 5529 2040 5598 quid

429 5611 679 5690 Iadditur
720 5609 1057 5668 admirationi
1101 5612 1436 5668 admiratio?
1479 5613 1567 5669 Ad'
1605 5614 1774 5672 etelos
1824 5629 2043 5676 vertens

431 5691 700 5774 'TCyrillus
728 5702 932 5772 oculos,
964 5719 1074 5759 non
1103 5703 1366 5760 minorem
1395 5705 1722 5778 Angelorum
1753 5710 1924 5766 cernit
1945 5727 2044 5766 nu-

462 5811 690 5870 merum,
713 5797 873 5856 modo
919 5797 1079 5856 simili
1124 5798 1239 5855 istis
1279 5797 1490 5857 obviam
1520 5800 1873 5886 venientium
1903 5821 1917 5862 :
1949 5805 2040 5885 qui

1484 329 1837 399 EUSEBIUS,
1878 326 1966 383 DE
2004 322 2243 383 uon'rr.‘
2281 326 2678 390 “tenemur.

462 459 670 518 Deinde
701 472 888 514 manus
909 455 964 512 in
985 455 1208 513 modum
1227 454 1403 511 crucis
1424 467 1584 526 supra
1615 459 1801 524 pectus
1831 455 2048 511 tenens,

3621 336 3727 413 me

2159 444 2238 499 rei
2268 446 2428 518 hujus
2450 452 2638 508 anxius
2658 462 2976 524 exspectans
3003 460 3256 512 eventum
3281 496 3298 523 ,
3340 453 3729 529 interrogasset

2147 539 2363 608 quidem
2403 544 2530 614 quid
2560 545 2662 600 hoc
2689 556 2874 602 esset:
2906 548 3010 603 sed
3031 549 3099 602 ita
3123 563 3246 604 eum
3275 557 3463 620 stupor
3487 565 3687 621 opprcs
3705 579 3730 593 -

2147 643 2310 701 serat,
2342 635 2484 704 quod
2504 637 2630 706 quid
2657 636 2900 704 diceret,
2926 638 3216 695 nesciebat.
3259 640 3359 694 Ast
3398 640 3493 695 illo
3523 631 3728 697 diutius

2145 733 2510 795 exspectante,
2541 726 2829 797 gloriosam
2854 728 2986 782 vidit
3006 728 3319 801 Hieronymi
3345 731 3581 786 animam
3621 747 3732 802 pne

2145 817 2353 872 cunctis
2376 817 2466 888 qui
2499 817 2758 888 praibant
2787 818 3033 890 Angelis,
3063 828 3119 875 ct
3147 820 3517 890 sequebantur
3543 863 3558 888 ,
3594 823 3732 878 mira

2145 909 2452 965 decoratam
2496 911 2892 982 pulchritudine
2936 913 3266 970 venientem.
3303 912 3388 969 Ad
3431 914 3586 985 cujus
3613 925 3732 971 erat

2144 999 2421 1057 dexteram
2447 1001 2696 1058 Salvator
2721 1045 2736 1070 ,
2769 1019 2892 1058 cum
2925 1004 3012 1058 illa
3047 1005 3247 1074 pariter
3279 1004 3569 1061 veniendo.
3595 1006 3729 1074 Qua:

2145 1091 2360 1162 quidem
2397 1093 2450 1148 in
2481 1093 2620 1158 loco,
2643 1108 2751 1165 quo
2777 1093 3015 1166 Cyrillus
3038 1095 3271 1167 degebat
3292 1095 3522 1166 gradum
3557 1099 3729 1168 ﬁgens

2143 1191 2199 1237 et
2227 1192 2376 1238 stans
2399 1223 2415 1248 ,
2446 1184 2495 1240 ei
2518 1183 2698 1241 taliter
2724 1194 2808 1240 est
2833 1185 3051 1255 loquuta
3079 1203 3092 1240 :
3120 1187 3383 1257 Agnoscis
3411 1202 3479 1243 ne
3499 1188 3626 1244 me?
3645 1189 3731 1244 Ad

2143 1289 2303 1344 quam
2325 1274 2416 1330 ille
2447 1293 2462 1330 :
2493 1274 2712 1331 Minime
2739 1276 2976 1346 quidem.
3001 1276 3131 1345 Quis
3156 1278 3299 1333 enim
3327 1293 3388 1334 es
3411 1320 3426 1345 ,
3456 1281 3546 1351 qui
3577 1289 3730 1338 tanto

2143 1365 2355 1422 crtcris
2374 1364 2580 1423 honore
2606 1367 2857 1423 emines?
2889 1368 2958 1422 At
2989 1367 3080 1422 illa
3107 1385 3120 1422 :
3153 1368 3228 1424 De
3262 1369 3592 1443 Hieronymo
3617 1389 3731 1428 un-

2143 1471 2302 1524 quam
2351 1457 2444 1512 fuit
2471 1458 2650 1526 aliqua
2684 1458 2775 1513 tibi
2805 1458 3090 1530 cognitio?
3116 1460 3187 1514 At
3213 1460 3304 1515 ille
3335 1478 3348 1514 :
3379 1461 3540 1518 Certe
3565 1479 3728 1533 quem

2143 1550 2407 1614 nominas,
2436 1551 2692 1622 singulari
2715 1552 2911 1610 affectu
2937 1552 3102 1624 diligo
3127 1555 3386 1610 caritatis.
3414 1555 3520 1612 Sed
3546 1573 3730 1628 qumso

2142 1641 2230 1697 ille
2255 1644 2354 1698 es?
2378 1643 2448 1698 Et
2479 1635 2562 1698 illa
2589 1686 2606 1713 ,
2649 1645 2770 1716 ejus
2816 1661 2934 1701 sum
2961 1647 3139 1701 anima
3160 1687 3175 1710 ,
3215 1663 3337 1717 quae
3365 1647 3587 1718 gloriam
3613 1653 3728 1720 jam

2141 1735 2358 1792 obtineo
2401 1753 2562 1808 quam
2591 1739 2896 1808 sperabam.
2928 1740 3009 1795 Ad
3037 1754 3189 1807 meos
3218 1742 3425 1811 pergito
3456 1743 3597 1812 filios
3625 1783 3649 1810 ,
3672 1753 3730 1800 et

2141 1844 2260 1899 qua:
2288 1829 2469 1885 vidisti
2495 1829 2713 1896 nuntia,
2749 1840 2809 1886 ut
2839 1841 2894 1888 et
2933 1847 2963 1886 a
2995 1831 3142 1888 luctu
3182 1831 3432 1888 desinant
3460 1874 3476 1898 ,
3507 1843 3564 1890 et
3603 1851 3730 1892 mea

2140 1923 2302 1977 statui
2332 1923 2704 1994 congaudeant
2727 1939 2888 1995 quem
2911 1925 3069 1995 elegi.
3093 1924 3299 1994 Quibus
3326 1926 3576 1982 omnibus
3605 1928 3726 1982 fini—

2143 2016 2212 2069 tis
2231 2056 2246 2079 ,
2274 2015 2452 2070 omnis
2483 2016 2571 2070 illa
2603 2016 2758 2071 beata
2787 2015 2924 2072 visio
2947 2015 3016 2071 ab
3035 2016 3154 2086 ejus
3183 2017 3402 2072 evanuit
3427 2019 3599 2074 oculis
3623 2059 3638 2086 ,
3668 2029 3726 2074 et

2139 2108 2240 2165 fuit
2285 2110 2338 2165 in
2377 2119 2551 2166 semet
2593 2126 2842 2167 reversus
2889 2111 3136 2182 protinus
3188 2111 3424 2183 Cyrillus
3471 2112 3726 2170 ineffabili

2138 2201 2336 2272 gaudio
2372 2200 2748 2272 perabundans
2783 2220 2796 2256 :
2831 2201 2904 2257 ita
2935 2211 3112 2258 tamen
3137 2201 3278 2273 quod
3309 2217 3404 2273 per
3432 2212 3596 2259 totam
3621 2220 3723 2262 no-

2139 2304 2281 2351 ctem
2307 2296 2449 2350 illam
2475 2310 2586 2351 non
2611 2311 2671 2352 se
2693 2296 2866 2367 potuit
2891 2311 2921 2351 a
2951 2295 3204 2368 lacrymis
3224 2310 3332 2366 pne
3364 2298 3562 2352 mentis
3587 2298 3724 2354 latti-

2141 2387 2212 2442 tia
2243 2387 2546 2444 continere.

2213 2478 2341 2534 CAP.
2383 2479 2519 2535 LIV.
2562 2479 2734 2547 Quam
2779 2494 2908 2552 ergo
2950 2480 3225 2540 mirabilis
3254 2487 3339 2536 est
3385 2480 3644 2536 Dominus
3670 2483 3730 2538 in

2141 2570 2352 2629 Sanctis
2377 2573 2488 2630 suis
2517 2591 2530 2628 :
2561 2573 2819 2630 mirabilis
2840 2574 2892 2629 in
2915 2575 3214 2643 majestate,
3241 2573 3442 2630 faciens
3461 2574 3725 2646 prodigia.

2144 2663 2368 2720 Dextera
2403 2665 2610 2720 Domini
2642 2665 2769 2722 fecit
2801 2667 3071 2733 virtutem,
3095 2666 3311 2722 dextera
3343 2666 3551 2722 Domini
3580 2667 3727 2722 exal-

2143 2757 2276 2811 tavit
2315 2771 2436 2812 eum
2461 2799 2478 2822 ,
2513 2766 2697 2813 notam
2743 2757 2943 2814 faciens
2973 2759 3026 2813 iu
3068 2759 3278 2829 populis
3304 2759 3556 2816 virtutem
3584 2760 3724 2830 ejus.

2142 2846 2189 2902 Ο
2215 2847 2378 2902 divini
2403 2849 2604 2904 amoris
2625 2849 2980 2916 immensitas,
3004 2851 3198 2906 divinae
3220 2851 3482 2919 largitatis.
3499 2852 3726 2908 afﬂuen-

2145 2939 2238 2995 tia.
2280 2939 2416 3006 Quid
2446 2941 2587 2995 enim
2620 2941 2706 2996 isti
2744 2958 2842 2997 suo
2879 2944 3047 3012 potuit
3085 2942 3262 2999 facere
3291 2944 3398 2998 filio
3425 2943 3645 3000 honoris
3669 2954 3729 3000 et

2141 3033 2346 3103 gratiae,
2379 3042 2426 3086 et
2452 3049 2558 3087 non
2587 3033 2711 3088 fecit
2739 3053 2752 3088 :
2785 3050 2910 3088 cum
2933 3045 3040 3089 tam
3069 3036 3281 3104 cepiosa
3303 3046 3358 3092 et
3389 3036 3441 3090 in
3465 3036 3566 3090 vita
3588 3045 3647 3092 et
3669 3038 3724 3094 in

2143 3137 2317 3180 morte
2355 3139 2480 3196 erga
2514 3141 2636 3181 eum
2671 3125 2829 3181 fuerit
2857 3126 3263 3182 munificentia?
3302 3127 3458 3182 Dedit
3493 3127 3635 3183 enim
3675 3129 3730 3183 ei:

2145 3216 2404 3273 Dominus
2427 3219 2724 3274 claritatem
2751 3230 3030 3283 mternam,
3058 3229 3113 3274 et
3140 3221 3356 3276 nomine
3387 3231 3590 3277 aeterno
3613 3221 3724 3278 ha:-

2145 3306 2394 3363 reditavit
2435 3308 2582 3364 illum
2616 3326 2630 3362 :
2659 3317 2715 3364 ct
2765 3308 2891 3366 fecit
2932 3324 3056 3366 eum
3099 3309 3367 3366 luercdem
3407 3311 3724 3382 gaudiorum

2144 3414 2526 3468 supernorum,
2551 3402 2604 3456 in
2629 3402 2824 3472 quibus
2855 3402 3186 3472 permanebit
3214 3402 3266 3457 in
3297 3403 3514 3462 smeula.
3554 3404 3725 3470 Quam

2145 3493 2427 3562 singularis
2454 3493 2628 3549 honor
2655 3505 2707 3550 et
2731 3495 3043 3551 admiranda
3070 3497 3236 3568 gloria
3253 3537 3267 3562 ,
3297 3497 3564 3553 excedens
3591 3511 3728 3567 pene

2145 3586 2372 3641 aliorum
2415 3585 2641 3656 gloriam
2686 3586 3005 3643 Sanctorum
3046 3599 3100 3644 et
3149 3589 3429 3646 honorem.
3477 3588 3575 3645 Ubi
3620 3606 3726 3644 non

2144 3679 2322 3734 solum
2369 3678 2509 3733 illam
2550 3679 2942 3736 sanctissimam
2980 3680 3214 3736 animam
3255 3695 3442 3735 omnes
3477 3680 3728 3738 cmlestes

2144 3771 2467 3828 comitantur
2485 3771 2773 3828 cohortes:
2801 3771 2894 3826 sed
2931 3771 3092 3826 etiam
3126 3772 3241 3841 ipse
3267 3770 3509 3841 proprius
3537 3771 3730 3828 Salva-

2145 3873 2251 3920 tor.
2284 3862 2393 3920 Nec
2415 3863 2558 3918 enim
2585 3863 2696 3918 sola
2726 3863 2778 3918 in
2809 3861 3139 3934 cado-fulget
3164 3862 3385 3932 insignis
3413 3862 3728 3933 dignitatum

2145 3961 2234 4016 illa
2267 3961 2420 4016 beata
2451 3960 2625 4015 anima
2659 3978 2672 4015 :
2702 3961 2795 4015 sed
2824 3962 2984 4016 etiam
3010 3975 3206 4030 corpus
3233 3976 3388 4014 suum
3418 3975 3525 4015 non
3552 3968 3732 4015 cessat

2146 4055 2200 4109 in
2245 4055 2401 4109 terris
2446 4053 2656 4108 radiare
2703 4052 2994 4108 miraculis.
3046 4052 3126 4106 Ad
3171 4052 3323 4120 cujus
3370 4051 3729 4106 narrationem

2145 4163 2440 4219 congruum
2487 4155 2570 4202 est
2611 4146 2806 4202 redire.
2857 4145 3117 4200 Defuncto
3156 4159 3386 4214 namque
3415 4144 3499 4211 (ut
3528 4143 3728 4197 dictum

2145 4241 2249 4312 ρει)
2279 4240 2394 4294 viro
2420 4239 2757 4295 sanctissimo
2789 4239 2917 4292 hora
2943 4237 3287 4306 Complclorii
3313 4275 3328 4300 ,
3365 4250 3559 4306 corpus
3601 4235 3731 4290 illud

2149 4333 2312 4389 tantis
2341 4333 2582 4403 fragrans
2608 4331 2940 4387 aromatibus
2958 4329 3320 4385 custodientes
3344 4370 3360 4393 ,
3394 4337 3559 4384 totam
3588 4328 3730 4381 illam

2147 4426 2444 4480 insomnem
2465 4435 2676 4480 noctem
2706 4423 3134 4479 ducentescirca
3161 4437 3290 4476 eum
3313 4422 3369 4475 in
3397 4421 3623 4490 magnis,
3653 4422 3730 4475 si-

2145 4517 2358 4588 quidem
2388 4530 2485 4586 pro
2513 4516 2709 4571 damno
2735 4516 2874 4585 quod
2913 4515 3124 4570 cunctis
3151 4522 3436 4578 evenerat,
3471 4511 3682 4568 ﬂetibus
3715 4527 3729 4563 :

2146 4621 2198 4664 et
2233 4624 2328 4678 pro
2364 4624 2456 4664 sua
2487 4623 2646 4678 quam
2678 4607 2788 4678 jam
2818 4607 3116 4662 obtinuerat
3143 4605 3333 4676 gloria,
3363 4605 3573 4676 gaudiis
3600 4606 3732 4674 vigi-

2147 4698 2394 4753 lavimus.
2419 4698 2572 4753 Mane
2600 4708 2777 4752 autem
2809 4697 2966 4760 facto,
2995 4695 3192 4751 divinis
3224 4697 3453 4764 Peractis
3486 4696 3567 4764 (ut
3599 4709 3733 4748 cott-

2146 4790 2394 4862 decebat)
2428 4791 2718 4862 mysteriis,
2743 4789 3046 4858 debitisque
3073 4787 3347 4858 obsequiis
3388 4786 3595 4842 honore
3635 4786 3732 4845 de—

2147 4885 2257 4940 bito
2278 4883 2684 4949 consummatis,
2705 4884 2756 4937 in
2785 4880 3058 4936 Bethleem
3077 4879 3225 4949 juxta
3257 4893 3515 4949 prazsepe,
3549 4878 3600 4932 in
3628 4893 3734 4947 quo

2149 4991 2246 5045 pro
2284 4976 2438 5030 nobis
2467 4975 2711 5030 Christus
2747 4972 2816 5027 de
2855 4972 3170 5026 intemerata
3211 4969 3408 5025 ibidem
3438 4978 3594 5023 natus
3623 4969 3735 5023 vir-

2147 5067 2269 5138 gine
2302 5067 2475 5120 infans
2499 5065 2682 5134 vagiit,
2714 5078 2912 5133 corpus
2956 5062 3083 5117 illttd
3126 5063 3548 5116 sacratissimum
3593 5059 3735 5114 sacci

2147 5169 2460 5229 eoopcrtum
2487 5158 2674 5222 linteo,
2706 5156 2756 5209 iu
2789 5165 2984 5211 terram
3012 5159 3107 5225 (ut
3130 5153 3469 5209 ordinaverat
3491 5154 3512 5223 ),
3538 5153 3738 5221 sepeli-

2148 5253 2342 5310 vimus.
2388 5250 2614 5319 Quantis
2641 5257 2819 5304 autem
2847 5249 2963 5318 ipso
2983 5248 3071 5303 die
3099 5258 3151 5303 et
3178 5248 3345 5303 etiam
3389 5245 3454 5302 ad
3499 5259 3738 5316 praesens

2148 5346 2422 5403 miraculis
2448 5342 2698 5414 gloriosis
2727 5341 3030 5396 mirificavit
3077 5340 3542 5396 Domiuustlilium
3581 5353 3735 5392 suum

2149 5447 2393 5493 sanctum
2425 5436 2834 5504 Hieronymum,
2858 5418 3016 5488 certe
3039 5448 3142 5488 non
3173 5432 3312 5486 foret
3341 5445 3594 5486 enarrare
3623 5427 3736 5484 suf-

2150 5529 2337 5584 ficiens
2358 5528 2531 5596 lingua
2557 5525 2755 5579 carnis.
2801 5523 2909 5579 Sed
2937 5532 3112 5578 tamen
3135 5523 3310 5592 aliqua
3337 5521 3404 5577 de
3431 5519 3617 5575 multis
3635 5520 3741 5591 (ne

2151 5627 2339 5674 noster
2369 5617 2525 5670 nimis
2551 5616 2900 5686 prolongetur
2931 5612 3132 5684 sermo)
3164 5613 3412 5668 referam.

2221 5711 2346 5766 CAP.
2367 5708 2477 5765 LV.
2501 5708 2730 5776 Quidam
2757 5725 2788 5764 a
2815 5708 3091 5763 nativitate
3112 5721 3306 5771 creetis,
3336 5705 3388 5759 in
3417 5704 3534 5773 ipso
3559 5705 3715 5774 scpul

2085 5872 2113 5877 ,
2157 5813 2288 5862 tura:
2321 5802 2431 5872 die,
2471 5801 2687 5861 videndi
2729 5799 3050 5860 beneﬁcium
3100 5811 3294 5870 corpus
3342 5807 3566 5868 tangens
3613 5811 3727 5852 san-
