4052 6338
491 378 602 438 279

488 507 704 552 tuorum
749 484 1010 545 defccisti.
1055 482 1171 541 Non
1215 481 1319 540 crit
1362 479 1453 553 qui
1497 493 1690 551 panem
1729 476 1940 546 frangat
1976 471 2073 529 tibi

491 589 638 643 vitm.
665 581 915 639 Extincta
937 587 1019 636 est
1045 577 1260 633 lucerna
1286 575 1340 631 in
1363 571 1541 632 medio
1567 570 1820 628 Ecclesiae
1847 566 2075 633 micans,

489 689 545 736 ut
571 692 676 734 non
703 673 882 739 nobis,
913 670 1008 728 sed
1035 669 1136 727 sibi
1167 668 1344 725 luceat
1369 685 1382 721 :
1413 681 1518 722 non
1551 663 1750 720 mundo
1771 703 1787 730 ,
1819 656 1913 717 scd
1939 658 2078 713 cmlo

488 765 790 842 splendeat.
832 763 970 834 Quid
1009 776 1138 833 ergo
1166 757 1378 816 dicam?
1417 755 1518 814 Cui
1557 750 1894 826 conquerar?
1922 747 2079 806 Unde

491 859 625 916 mihi
653 859 707 914 in
735 857 838 912 hoc
863 855 1039 911 veniet
1067 852 1324 908 auxilium
1348 889 1365 917 ,
1392 857 1450 904 ut
1467 844 1752 904 consoler?
1781 842 1943 899 Certe
1965 879 1982 906 ,
2023 847 2082 896 ut

491 929 732 1016 intueor,
763 962 794 1003 a
825 945 1053 1004 Domino
1080 944 1278 999 factum
1305 951 1390 999 est
1423 937 1563 997 istud
1582 977 1598 1004 ,
1633 945 1689 994 et
1723 933 1845 990 ideo
1871 931 1971 988 sibi
2001 929 2082 986 di-

498 1057 619 1100 cam
649 1060 662 1098 :
687 1040 817 1106 Cur,
856 1039 996 1095 bone
1032 1036 1192 1101 Jesu,
1237 1044 1342 1089 tam
1373 1032 1628 1088 velociter
1666 1044 1696 1084 a
1732 1036 1821 1083 tua
1860 1039 2078 1096 sponsa,

499 1149 659 1206 quam
685 1133 738 1188 in
763 1145 922 1193 cruce
949 1127 1184 1185 moriens
1207 1123 1568 1197 desponsasti,
1593 1129 1796 1177 tantum
1818 1113 2082 1173 abstulisti

501 1225 667 1281 lilium
691 1231 1070 1296 protectorem,
1093 1226 1148 1276 et
1171 1226 1354 1275 contra
1384 1215 1501 1286 ejus
1526 1215 1710 1270 hostes
1734 1206 2084 1282 belligerum?

501 1316 664 1373 Forte
694 1314 907 1371 voluisti
936 1328 1059 1370 eum
1087 1319 1262 1368 tecum
1291 1323 1434 1366 esse.
1462 1305 1624 1364 Ccrte
1646 1346 1662 1371 ,
1695 1303 1946 1368 Domine,
1978 1316 2083 1356 non

500 1425 568 1466 co
606 1409 820 1480 egebas,
853 1415 912 1461 ut
953 1407 1090 1477 ipsa.
1121 1404 1263 1459 Bene
1287 1400 1502 1473 quidem
1538 1399 1588 1456 ei
1626 1394 1957 1461 subvenisti,
1991 1391 2084 1448 scd

503 1515 604 1557 nos
627 1498 898 1570 orphanos
930 1495 1214 1568 reliquisti.
1255 1493 1371 1549 Non
1414 1505 1733 1563 conqueror,
1760 1486 1902 1560 quod
1941 1483 2085 1540 aliud

503 1606 664 1664 quam
709 1590 914 1662 justum
939 1598 994 1645 et
1020 1602 1234 1660 arquum
1262 1585 1491 1641 feceris:
1524 1581 1776 1654 quoniam
1805 1585 1953 1634 certe
1973 1577 2086 1646 jam

501 1685 619 1756 ipse
643 1683 947 1742 merebatur
976 1681 1135 1737 liuent
1162 1681 1437 1749 imponere
1465 1675 1623 1746 hujus
1642 1674 1763 1729 vitze
1793 1670 2082 1735 laboribus,

503 1785 561 1836 et
588 1785 764 1835 tecum
790 1791 930 1834 esse.
973 1773 1081 1832 Sed
1119 1773 1280 1831 doleo
1317 1770 1458 1844 quod
1500 1778 1703 1826 tantum
1741 1765 1966 1823 incurrit
1993 1763 2089 1819 da-

505 1885 690 1926 mnum
722 1869 958 1926 Ecclesia
979 1883 1046 1924 eo
1073 1867 1322 1924 abeunte.
1347 1864 1558 1921 Utinam
1579 1876 1700 1918 eum
1725 1858 2000 1918 redderes,
2030 1863 2091 1910 ut

507 1968 652 2017 tuam
677 1971 909 2032 regeret,
939 1958 1228 2022 stabiliret,
1247 1967 1302 2014 et
1330 1954 1645 2013 defenderet
1675 1950 1972 2007 Ecclesiam
1997 1963 2091 2003 ve-

505 2051 588 2108 lut
630 2051 801 2123 prius.
840 2050 978 2120 Quid
1015 2049 1157 2107 bone
1197 2049 1442 2116 Domine,
1469 2046 1584 2116 ejus
1609 2045 1865 2112 deinceps
1897 2040 2093 2096 facient

505 2144 626 2213 filii,
651 2145 916 2215 jacentes,
942 2143 1264 2209 esurientes,
1294 2143 1685 2199 circumeuntes
1712 2135 1941 2193 famelici
1963 2131 2097 2188 civi-

509 2243 674 2293 tatem
699 2244 757 2292 ut
783 2249 967 2304 canes,
996 2249 1104 2292 non
1131 2235 1388 2292 habentes
1412 2232 1502 2304 qui
1530 2232 1610 2288 eis
1636 2245 1826 2302 panem
1849 2227 2093 2300 frangat?

505 2326 646 2384 Sunt
669 2342 798 2386 oves
823 2336 1069 2385 errantes
1094 2341 1204 2385 non
1232 2326 1494 2385 habentes
1522 2333 1814 2398 pastorem,
1845 2320 2094 2392 discipuli

505 2420 624 2478 sine
649 2419 890 2490 doctore,
911 2421 1040 2479 cteci
1069 2419 1189 2478 sine
1209 2419 1453 2476 ductore.

578 2512 708 2569 Car.
722 2511 856 2568 LIX.
882 2510 998 2568 Heu
1025 2521 1177 2584 pater
1188 2512 1277 2584 pie
1297 2511 1642 2582 Hieronyme,
1665 2517 1866 2564 nostrae
1884 2514 2098 2563 susten-

511 2603 731 2659 talionis
749 2603 972 2660 baculus
987 2603 1075 2659 ubi
1096 2604 1192 2660 es?
1213 2603 1351 2671 Quid
1371 2613 1492 2658 tuus
1503 2601 1661 2657 faciet
1681 2614 1870 2657 currus
1885 2600 2002 2656 sine
2020 2607 2093 2666 te,

515 2692 690 2750 dulcis
710 2693 930 2766 auriga?
960 2693 1060 2751 Ubi
1089 2695 1276 2759 cubas,
1310 2693 1485 2750 indica
1515 2691 1692 2748 nobis.
1736 2693 1844 2748 Cur
1867 2707 1928 2747 es
1953 2705 2096 2746 nunc

517 2793 680 2841 terrae
703 2785 903 2852 socius,
931 2786 1020 2855 qui
1045 2786 1099 2842 in
1141 2795 1193 2843 te
1219 2786 1353 2842 nihil
1387 2785 1602 2841 voluisti
1643 2798 1764 2842 esse
1790 2783 2096 2840 terrenum?

517 2874 819 2944 Bethleem,
843 2876 1119 2933 Bethleem
1138 2878 1328 2945 civitas
1361 2877 1520 2945 .luda,
1547 2891 1670 2948 quas
1696 2892 1802 2932 non
1832 2875 2095 2930 minorem

515 2967 585 3028 de
611 2969 946 3042 principibus
966 2971 1222 3028 Ecclesiae
1261 2973 1485 3038 retines,
1527 2971 1654 3044 quid
1673 2971 1884 3028 fecisti?
1915 2969 2099 3027 Redde

515 3059 673 3118 nobis
710 3077 874 3136 quem
902 3063 1103 3120 retines
1143 3073 1374 3134 patrem.
1407 3063 1514 3121 Sed
1553 3072 1608 3120 et
1651 3073 1706 3118 tu
1737 3071 1901 3126 terra,
1933 3074 2101 3131 quare

515 3151 684 3212 audes
703 3153 939 3212 retinere
955 3153 1226 3212 hominem
1240 3170 1347 3212 non
1371 3165 1542 3223 tuum,
1559 3155 1647 3226 qui
1668 3153 1798 3211 nihil
1814 3153 2101 3225 gessitter-

516 3257 731 3314 renum,
751 3242 826 3302 nil
844 3247 1060 3304 carnale
1082 3256 1231 3304 certe
1255 3262 1350 3304 sua
1381 3247 1613 3304 redoluit
1632 3261 1779 3302 caro.
1820 3242 2102 3314 Suspende

515 3342 574 3390 et
602 3345 688 3404 tu,
715 3336 961 3407 piissime
987 3337 1279 3408 Theodosi,
1322 3347 1410 3394 tua
1463 3339 1516 3395 in
1568 3337 1822 3393 salicibus
1875 3349 2096 3406 mgana.

525 3425 644 3486 Non
669 3427 792 3500 pius
816 3439 994 3488 cesset
1012 3430 1191 3498 fletus,
1207 3446 1330 3488 cum
1361 3433 1438 3487 tui
1465 3430 1646 3488 dilecti
1667 3429 1978 3502 Hieronymi
2007 3444 2099 3486 re-

520 3518 766 3578 cordaris
785 3537 945 3592 quem
973 3523 1222 3580 amisisti.
1251 3523 1424 3582 Tanta
1450 3523 1683 3596 denique
1709 3523 1803 3580 tibi
1835 3523 1962 3579 insit
1998 3521 2100 3578 do-

525 3612 656 3670 loris
696 3613 940 3686 affectio,
987 3627 1188 3689 quanta
1255 3618 1462 3676 exstitit
1507 3618 1725 3674 dilectio
1767 3635 1783 3674 :
1834 3626 1980 3674 tanta
2033 3617 2100 3672 sit

529 3703 882 3776 lamentatio,
941 3717 1200 3780 quantum
1260 3708 1538 3765 damnum.
1591 3708 1700 3766 Sed
1751 3724 1871 3781 qua:
1922 3716 2106 3782 posset

527 3799 834 3857 mortalium
873 3802 1144 3872 explicare
1189 3801 1405 3873 lingua,
1451 3811 1649 3874 quanta
1700 3817 1770 3859 eo
1813 3801 2104 3874 superstite

527 3889 718 3948 aderat
756 3889 856 3948 toti
884 3891 1144 3949 Ecclesia:
1191 3893 1418 3963 utilitas,
1447 3902 1645 3965 quanta
1675 3893 2104 3952 Christianorum

526 3982 754 4055 singulis
790 3984 1098 4056 salubritas,
1146 3997 1404 4057 quantum
1442 3996 1718 4044 certamen
1750 4030 1766 4055 ,
1797 3997 2104 4060 quantaque

522 4074 794 4134 haereticis
817 4075 1110 4134 deatructio
1138 4093 1202 4136 ac
1219 4078 1525 4150 dispersio?
1554 4080 1652 4136 llic
1677 4089 1826 4138 certe
1857 4082 2107 4139 omnibus

525 4164 865 4222 Christicolis
894 4168 1141 4224 amabilis
1177 4178 1331 4236 erat,
1381 4179 1438 4226 et
1483 4169 1714 4229 decorus
1751 4171 1808 4228 in
1845 4173 1951 4229 vita
1980 4188 2102 4242 sua,

528 4267 586 4313 et
606 4258 728 4315 ideo
766 4259 884 4329 ejus
929 4275 1146 4318 recessu
1186 4260 1414 4335 singulis
1440 4261 1570 4320 ere
1599 4263 1745 4332 licet,
1775 4280 1876 4320 nec
1902 4275 1984 4322 est
2015 4267 2104 4336 qui

531 4364 598 4406 se
625 4350 956 4410 abscondere
978 4354 1060 4410 vel
1089 4368 1346 4413 excusare
1377 4355 1568 4426 possit.
1609 4355 1691 4411 Ne
1734 4357 1894 4428 igitur
1925 4367 2109 4418 noster

528 4441 691 4498 nimis
716 4443 1062 4514 protrahatur
1080 4458 1283 4512 sermo,
1313 4454 1371 4502 ut
1394 4445 1629 4504 breviter
1647 4447 1962 4504 concludam
1989 4464 2110 4520 qum

533 4549 632 4606 pro
657 4545 843 4592 nostro
874 4536 1073 4594 damno
1113 4539 1181 4595 ad
1208 4539 1451 4596 dolorem
1494 4539 1746 4606 attinent,
1779 4549 1838 4596 ut
1865 4557 1990 4613 quze
2033 4557 2107 4598 ex

529 4625 627 4682 illo
657 4628 994 4697 proveniebal
1020 4630 1272 4687 omnibus
1301 4629 1500 4686 utilitas
1525 4641 1580 4686 et
1605 4630 1883 4701 exultatio,
1933 4632 2104 4701 expli-

536 4716 648 4773 cari
679 4732 784 4772 non
814 4727 1006 4788 potest,
1036 4721 1107 4776 ita
1135 4721 1382 4778 dolorum
1426 4730 1510 4779 cst
1555 4723 1890 4779 lamentatto.
1921 4723 2108 4780 Cesset

537 4807 699 4878 igitur
727 4808 904 4876 dolor,
943 4812 1103 4869 abeat
1132 4814 1368 4883 tristitia,
1402 4818 1596 4887 quibus
1638 4827 1818 4874 tamen
1843 4819 2111 4890 attingere

530 4915 638 4957 non
668 4916 954 4972 possumus
979 4920 1102 4976 quae
1127 4907 1412 4976 vellemus,
1435 4925 1555 4980 qua:
1579 4927 1686 4966 non
1713 4912 1887 4968 solum
1907 4912 2112 4968 nullum

529 4992 830 5052 remedium
859 4994 1080 5053 adhibet
1111 4997 1312 5067 dolori,
1339 4999 1434 5056 sed
1472 5011 1652 5072 auget.
1679 5003 1734 5059 Si
1777 5011 1987 5074 patrem
2015 5019 2114 5060 no-

531 5091 702 5140 strum
719 5083 1009 5156 diligimus,
1041 5087 1109 5144 de
1131 5088 1250 5157 ejus
1273 5089 1455 5148 laetitia
1479 5092 1828 5162 gaudeamus.
1847 5092 1960 5148 Non
1991 5108 2118 5151 vere

531 5175 725 5247 diligit,
748 5177 840 5248 qui
865 5192 1018 5237 suam
1047 5188 1254 5235 tantum
1289 5180 1574 5239 utilitatem
1606 5181 1800 5253 diligit.
1835 5184 2040 5244 Idcirco
2062 5195 2116 5242 ct

538 5267 587 5341 si
611 5283 712 5340 pro
740 5284 804 5325 ea
841 5286 964 5340 quae
1009 5271 1168 5327 nobis
1218 5272 1399 5327 evenit
1435 5273 1722 5332 inutilitatc
1745 5274 1992 5332 dolemus
2022 5295 2035 5332 :
2064 5287 2119 5334 ct

541 5376 642 5434 pro
680 5364 761 5422 eis
786 5380 905 5434 qua:
932 5365 1135 5436 recepit
1170 5363 1383 5436 gaudiis
1409 5365 1764 5422 colitetcmur.
1808 5367 1963 5424 Adsit
1986 5385 2118 5441 ergo

539 5452 700 5512 hodie
741 5454 897 5513 nobis
941 5470 1101 5512 causa
1141 5471 1350 5527 magnae
1394 5455 1617 5514 latititc.
1667 5458 1865 5516 Cantet
1890 5460 2121 5531 quilibet

544 5557 789 5605 nostrum
842 5565 1039 5606 novum
1095 5551 1324 5606 Domino
1361 5551 1652 5607 canticum.
1682 5551 1906 5610 Sonoris
1928 5553 2122 5624 jubilct

541 5641 762 5698 vocibus
789 5651 963 5699 mater
988 5642 1250 5700 Ecclesia.
1271 5642 1332 5700 In
1362 5641 1578 5715 hymnis
1605 5654 1660 5700 et
1687 5645 2117 5703 confessionibus

537 5732 752 5796 plaudat
788 5733 950 5792 hodie
979 5735 1132 5808 plebs
1176 5734 1475 5795 Catholica.
1512 5735 1754 5810 Undique
1775 5738 1943 5812 jucun
1957 5736 2114 5796 detur

537 5823 841 5888 Christiana
864 5830 1080 5888 concio.

1487 355 1843 430 EUSEBIUS,
1885 353 1974 414 DE
2014 351 2252 415 MORTE
2290 351 2694 413 HIEHONYMI.

2225 455 2383 525 'Car.
2410 468 2524 526 LX.
2571 468 2742 527 Hodie
2767 476 2914 527 certe
2952 467 3187 528 obtinuit
3229 468 3590 544 Hieronymus
3621 471 3765 541 quod

2183 567 2332 616 tanto
2359 560 2620 616 mstuabat
2657 559 2948 618 desiderio.
3003 561 3176 618 Hodie
3221 561 3448 618 devictis
3479 561 3763 629 hostibus,

2181 664 2430 706 securum
2452 650 2682 708 obtinuit
2714 653 3062 725 triumphum.
3079 653 3241 711 Certe
3260 655 3511 711 omnibus
3531 656 3764 727 expletis

2183 741 2495 810 laboribus,
2541 745 2783 815 requiem
2843 744 3083 816 possidet
3137 745 3258 802 sine
3305 747 3432 802 fine.
3484 747 3602 804 Jam
3655 763 3766 806 non

2184 831 2389 890 esurict
2405 848 2579 906 neque
2599 834 2744 891 sitiet
2771 837 3020 906 amplius,
3048 853 3223 909 neque
3251 838 3410 894 cadet
3423 854 3589 910 super
3611 839 3769 896 illum

2185 926 2288 992 sol,
2306 941 2480 997 neque
2499 926 2637 983 ullus
2656 934 2840 983 aestus.
2865 928 3051 984 Ablata
3069 939 3152 985 est
3167 928 3236 984 ab
3261 930 3432 986 oculis
3448 931 3566 1001 ejus
3593 933 3772 988 omnis

2187 1015 2614 1089 lacryma:ablit
2656 1019 2797 1074 enim
2845 1019 3041 1074 luctus.
3094 1019 3212 1076 Jam
3268 1031 3416 1078 certe
3465 1023 3569 1078 sibi
3619 1022 3776 1078 dolor

2187 1107 2443 1180 deinceps
2473 1125 2580 1166 non
2611 1113 2715 1167 erit
2745 1127 2758 1166 :
2788 1113 2899 1182 jam
2936 1121 3085 1169 certe
3115 1116 3416 1172 mercedem
3453 1116 3634 1184 habet,
3675 1133 3775 1188 pro

2188 1215 2292 1271 qua
2323 1209 2434 1256 toto
2474 1202 2596 1258 vita:
2647 1217 2760 1259 sua:
2809 1214 3052 1277 tempore
3082 1207 3362 1263 laboravit.
3419 1208 3776 1267 Consolcmur

2189 1308 2352 1364 ergo,
2407 1292 2596 1350 demus
2649 1297 3095 1367 magnificentiam
3141 1299 3250 1354 Deo
3277 1309 3486 1366 nostro,
3519 1302 3774 1370 quoniam

2195 1385 2286 1441 Dei
2321 1385 2555 1458 perfecta
2584 1398 2711 1444 sunt
2738 1405 2924 1461 opcra,
2958 1399 3012 1447 et
3041 1407 3230 1447 omnes
3263 1393 3364 1448 vite
3407 1395 3525 1462 tjlls
3547 1393 3771 1464 judicia.

2189 1475 2554 1535 Confitcamur
2575 1479 2834 1549 Domino,
2861 1493 2915 1538 et
2937 1481 3311 1538 collaudemus
3340 1484 3506 1540 Deum
3530 1484 3779 1542 Salvato-

2189 1588 2306 1628 rem
2337 1582 2601 1641 nostrum,
2628 1575 2881 1646 quoniam
2901 1591 3006 1631 non
3029 1575 3318 1648 dereliquit
3338 1578 3594 1634 Sanctum
3619 1594 3776 1636 suum

2191 1663 2308 1718 sine
2341 1663 2611 1735 adjutorio
2633 1666 2684 1721 in
2711 1667 3170 1734 tribulationibus,
3195 1684 3316 1739 quae
3345 1670 3397 1724 in
3426 1685 3597 1740 agone
3616 1671 3778 1742 hujus

2193 1754 2315 1810 vita:
2344 1755 2664 1812 miserrima:
2680 1757 3149 1814 circumdederunt
3166 1759 3313 1816 illum
3335 1777 3350 1827 ;
3377 1762 3472 1817 scd
3490 1760 3704 1832 adjutor
3723 1771 3780 1820 ct

2195 1856 2469 1917 protector
2493 1865 2622 1903 suus
2650 1848 2856 1918 factus,
2891 1851 3140 1907 liberavit
3179 1867 3376 1923 corpus
3401 1868 3555 1909 suum
3587 1870 3616 1908 a
3650 1871 3780 1927 per-

2193 1938 2418 2006 ditionc,
2451 1956 2483 1996 a
2525 1939 2719 2012 laqueo
2749 1941 3183 2015 lingutniniquzn,
3223 1956 3278 2001 et
3311 1929 3352 2000 ai
3374 1945 3530 2003 labiis
3555 1963 3781 2018 operan-

2197 2029 2328 2085 tium
2361 2033 2722 2099 mendacium,
2753 2043 2808 2090 et
2846 2050 2969 2090 eum
3007 2035 3312 2092 sublimiter
3333 2037 3612 2093 collocavit
3642 2039 3780 2094 infra

2196 2121 2370 2179 Patris
2392 2125 2717 2191 mansiones,
2753 2127 2839 2181 ubi
2871 2143 3030 2182 omne
3053 2137 3136 2184 est
3155 2128 3430 2200 gaudium,
3455 2132 3632 2186 omnis
3656 2147 3782 2188 sua-

2199 2217 2360 2286 vitas,
2389 2234 2550 2274 omne
2593 2219 2736 2288 quod
2767 2219 3062 2275 desiderari
3107 2230 3302 2292 potest.
3344 2221 3441 2278 Ubi
3467 2224 3698 2293 gloriosa
3727 2233 3785 2280 et

2197 2308 2326 2365 felix
2344 2319 2427 2366 est
2458 2311 2680 2368 refectio
2706 2313 3006 2368 animarum
3040 2325 3159 2384 post
3184 2315 3397 2372 labores
3418 2325 3472 2372 et
3488 2331 3780 2382 teruntnas,

2197 2401 2292 2456 ubi
2327 2400 2500 2457 dulcis
2529 2402 2847 2458 solemnitas
2875 2405 3198 2476 Angelorum
3234 2407 3360 2464 :ubi
3399 2423 3503 2463 una
3551 2409 3783 2466 societas

2198 2503 2254 2550 et
2275 2494 2468 2549 caritas
2488 2495 2728 2550 omnium
2759 2496 2954 2552 civium
2984 2513 3366 2569 supernorum.
3400 2499 3480 2556 lbi
3519 2511 3666 2559 certe
3685 2519 3786 2560 ne-

2199 2585 2396 2638 minem
2415 2584 2835 2642 timorautdolor
2854 2589 3108 2643 concutit.
3135 2589 3209 2645 lbi
3225 2591 3367 2647 nulla
3389 2591 3785 2666 pcnitusagno-

2200 2677 2365 2730 scitur
2383 2677 2646 2748 angustia,
2672 2677 2944 2733 tribulatio
2967 2690 3056 2735 aut
3075 2679 3379 2738 diversitas.
3419 2682 3572 2739 Nulla
3597 2686 3668 2740 ibi
3698 2686 3784 2741 in-

2203 2768 2428 2825 firmitas
2457 2771 2784 2826 nominatur.
2805 2771 2974 2828 Nemo
2991 2775 3138 2829 enim
3155 2773 3430 2832 fraudatur
3443 2791 3543 2833 suo
3560 2777 3753 2837 deside
3767 2810 3784 2824 -

2203 2859 2302 2916 rio.
2321 2858 2511 2916 Procul
2533 2861 2603 2916 ibi
2617 2861 2781 2917 distat
2800 2879 2968 2920 mors.
2989 2862 3138 2918 Nulla
3166 2865 3239 2921 ibi
3259 2881 3480 2938 prorsus
3498 2871 3788 2938 praesentis

2203 2953 2387 3024 gloriae
2406 2964 2748 3026 exspectatur
2781 2957 3089 3026 minoratio,
3121 2957 3217 3014 sed
3245 2969 3612 3032 augmentum,
3642 2963 3789 3018 scili-

2201 3057 2291 3126 cet
2318 3064 2440 3104 cum
2461 3051 2700 3106 omnium
2724 3052 3039 3109 universalis
3065 3054 3170 3112 erit
3201 3058 3525 3114 resurrectio
3548 3068 3790 3115 mortuo.

2205 3154 2323 3195 rum
2351 3157 2364 3194 :
2393 3141 2463 3197 ibi
2489 3150 2614 3198 tunc
2641 3159 2839 3214 corpus
2869 3145 3155 3216 cujuslibet
3174 3147 3453 3205 beatorum
3480 3151 3640 3206 simul
3668 3167 3789 3208 cum

2205 3233 2404 3302 anima,
2432 3235 2743 3306 prmdictam
2773 3239 3022 3308 gloriam,
3051 3257 3209 3312 quam
3239 3257 3380 3300 nunc
3405 3243 3517 3301 sola
3549 3245 3792 3317 possidet

2205 3327 2404 3394 anima,
2448 3327 2554 3384 fine
2585 3330 2972 3386 intertninahili
3000 3332 3319 3403 possidebit.

2278 3418 2407 3476 Car.
2440 3418 2576 3475 LXI.
2601 3421 2734 3490 Quis
2782 3434 2966 3480 autem
3005 3426 3332 3496 Angelorum
3378 3427 3463 3483 vel
3490 3426 3796 3496 hominum,

2207 3523 2401 3586 quanta
2415 3515 2486 3571 sit
2499 3515 2675 3570 minor
2696 3516 2955 3586 particula
2974 3517 3289 3589 gaudiorum
3305 3528 3360 3577 et
3381 3521 3566 3592 gloria:
3581 3538 3704 3593 qua:
3723 3523 3794 3579 ibi

2207 3619 2352 3676 sunt,
2385 3618 2532 3666 esset
2560 3610 2833 3668 sufficiens
2851 3615 3143 3670 enarrare?
3171 3615 3303 3684 Quis
3321 3627 3464 3673 esset
3491 3619 3796 3678 intellectus

2207 3699 2274 3754 ad
2294 3699 2409 3756 hmc
2439 3701 2847 3773 intelligendum
2876 3703 3125 3775 idoneus,
3153 3722 3272 3778 quae
3292 3723 3390 3764 nec
3417 3709 3607 3765 oculus
3639 3711 3794 3778 vidit,

2210 3807 2311 3848 nec
2330 3794 2477 3848 auris
2503 3794 2730 3864 audivit,
2771 3811 2872 3852 nec
2919 3796 2973 3853 in
3019 3813 3114 3853 cor
3136 3799 3366 3855 hominis
3390 3799 3796 3858 ascenderunt?

2209 3885 2369 3943 Ccrte
2397 3890 2442 3943 si
2476 3886 2591 3944 lucc
2636 3897 2832 3960 quanta
2863 3891 2971 3946 sint
2999 3891 3192 3963 gaudia
3219 3893 3653 3962 considerentur,
3685 3905 3796 3952 ter-

2211 3994 2340 4034 rena
2368 3979 2547 4034 omnia
2564 3979 2755 4036 viliora
2780 3983 2926 4037 omni
2954 3994 3193 4040 stercore
3214 3985 3569 4056 apparebunt.
3595 3986 3650 4043 Si

2213 4072 2526 4142 temporalis
2555 4072 2662 4127 vita
2693 4073 2766 4128 illi
2798 4085 3167 4146 comparetur,
3201 4075 3339 4131 hanc
3369 4077 3597 4149 quilibet
3626 4077 3798 4135 homi-

2213 4181 2342 4222 nutn
2384 4167 2696 4238 extinguere
2745 4182 2906 4239 quam
2948 4167 3110 4225 citius
3161 4170 3388 4241 poterit,
3444 4171 3714 4239 ardescet,

2214 4257 2358 4314 illius
2386 4271 2564 4330 capax
2590 4258 2876 4314 efliciatur.
2910 4259 3035 4316 Hmc
3055 4261 3162 4316 vita
3194 4261 3395 4317 caduca
3415 4270 3470 4318 et
3500 4275 3798 4319 momenta-

2215 4366 2338 4418 nea,
2388 4361 2637 4423 respectu
2693 4351 2838 4408 illius
2871 4369 3018 4408 mors
3061 4355 3240 4426 potius
3267 4367 3351 4411 est
3381 4355 3610 4411 dicenda
3638 4373 3795 4428 quam

2215 4443 2343 4498 vita.
2389 4443 2578 4499 Omnis
2615 4443 2799 4500 mundi
2843 4446 3001 4500 fallax
3061 4457 3116 4502 et
3157 4462 3292 4502 vana
3331 4447 3542 4514 lictitia,
3593 4447 3799 4520 pondus

2218 4537 2617 4592 amarissimum
2645 4547 2700 4593 et
2728 4538 2904 4610 gravis
2925 4539 3133 4595 sarcina
3156 4547 3260 4595 est.
3289 4537 3438 4596 Hanc
3460 4541 3658 4612 quippe
3687 4555 3804 4595 sar-

2217 4627 2391 4683 cinam
2414 4627 2689 4699 deponens
2723 4629 3080 4704 Hieronymus
3104 4633 3519 4700 sacratissimus,
3545 4634 3800 4704 Optimam

2222 4720 2370 4775 illam
2391 4721 2546 4792 elegit
2575 4731 2804 4794 partem,
2845 4739 2964 4792 qua:
3005 4723 3072 4778 ab
3100 4739 3167 4779 eo
3189 4724 3336 4779 nullo
3372 4733 3617 4794 tempore
3650 4727 3804 4780 aufe-

2220 4823 2389 4869 retur.
2421 4814 2597 4888 Rogo,
2627 4816 2855 4888 gaudete
2881 4826 2934 4872 ct
2978 4819 3263 4884 exsultate,
3299 4829 3512 4874 cantate
3553 4827 3610 4874 et
3659 4819 3801 4890 psal-

2219 4906 2334 4975 lite,
2363 4909 2486 4980 quia
2511 4920 2663 4980 pater
2689 4919 2880 4966 noster
2908 4910 3176 4982 gloriosus
3221 4912 3404 4968 navim
3440 4911 3654 4982 plenam
3695 4927 3803 4967 ca:-

2220 4999 2444 5058 lestibus
2471 5001 2669 5058 divitiis
2705 5005 3042 5074 aeternisque
3072 5005 3347 5061 mercibus
3373 5006 3484 5076 jam
3516 5006 3805 5076 concupito

2222 5093 2275 5149 in
2299 5093 2478 5149 littore
2503 5093 2804 5160 collocavit,
2835 5096 3136 5151 anchoram
3165 5097 3280 5168 spei
3313 5097 3598 5168 tranquilla
3617 5097 3728 5168 jam
3751 5098 3807 5153 in

2221 5188 2454 5243 statione
2484 5185 2714 5242 firmavit
2749 5184 2859 5255 (Ea:
2921 5185 3114 5242 Homil.
3147 5187 3209 5244 S.
3245 5186 3461 5242 Maximi
3487 5191 3708 5244 secunda
3743 5191 3806 5243 de

2224 5277 2288 5334 S.
2321 5275 2583 5351 Eusebio).
2617 5276 2736 5332 .lam
2767 5287 2914 5332 certe
2940 5277 3180 5334 bravium
3220 5279 3447 5344 obtinet,
3480 5297 3577 5352 pro
3602 5297 3709 5353 quo
3754 5283 3806 5338 in

2228 5385 2400 5442 agone
2419 5368 2584 5440 hujus
2603 5369 2786 5426 saeculi
2813 5369 2880 5425 ab
2900 5371 3147 5427 omnibus
3173 5388 3233 5429 se
3262 5373 3462 5432 illicitis
3483 5373 3804 5432 abstinendo

2226 5462 2486 5518 cucurrit.
2541 5460 2658 5520 Jam
2689 5443 2860 5520 victor
2883 5462 2952 5519 de
2995 5465 3106 5521 suis
3135 5465 3378 5522 hostibus
3409 5468 3797 5539 triumphavit,

2225 5571 2346 5612 cum
2390 5555 2586 5626 quibus
2647 5564 2800 5612 scuto
2829 5557 3028 5614 amoris
3057 5558 3268 5615 Domini
3301 5561 3541 5615 munitus
3580 5561 3808 5617 viriliter

2227 5647 2524 5703 dimicavit.
2553 5647 2671 5704 .lam
2709 5648 2992 5705 denarium
3016 5653 3240 5724 accepit,
3274 5668 3371 5724 pro
3400 5670 3507 5727 quo
3541 5664 3692 5710 tanto
3726 5654 3809 5710 la-

2228 5739 2362 5794 bore
2387 5736 2441 5795 in
2482 5738 2646 5796 'vinea
2670 5748 2873 5796 sancta:
2897 5740 3156 5798 Ecclesia
3179 5743 3457 5800 laboravit.
3492 5744 3611 5802 Jam
3633 5747 3808 5803 talen-

2241 5839 2361 5886 tum.
2383 5829 2614 5890 Domino
2637 5829 2873 5891 reddidit
2889 5832 3240 5908 duplicatum,
3259 5851 3358 5909 pro
3377 5839 3532 5913 cujus
3547 5838 3814 5900 'mercede
