4052 6338
278 679 427 738 Ecce
457 681 699 740 dilectus
729 696 878 754 pater
905 703 1079 757 meus,
1101 690 1378 760 candidus,
1401 693 1828 764 speciosissimus
1853 737 1871 764 ,

1263 304 1352 362 DE
1388 305 1940 370 MAGNIFICENTIIS
1975 312 2177 373 BEATI
2217 318 2617 384 lllERONYIIl.

279 408 336 464 in
383 412 654 480 gaudium
710 413 922 470 Domini
968 417 1168 473 meruit
1219 419 1465 476 introire.
1509 420 1733 492 Propter
1761 423 1889 490 bare

278 501 541 570 gaudens
561 503 827 574 gaudebo,
857 516 911 562 et
953 508 1181 564 cantabo
1220 509 1422 566 dilecto
1449 513 1584 582 patri
1608 529 1732 570 meo
1757 529 1880 571 can-

278 588 454 645 ticum
475 608 706 662 novum,
737 605 793 650 ut
814 595 1019 652 sitlaus
1046 598 1163 669 ejus
1189 600 1240 654 in
1268 599 1505 658 Ecclesia
1547 613 1875 662 sanctorum.

3455 342 3564 404 282

1987 443 2250 504 mortuus,
2293 447 2352 494 ut
2387 441 2697 523 existimant
2725 445 2804 501 sui
2843 446 3042 515 hostes,
3096 452 3190 508 sed
3217 465 3365 514 certe
3391 458 3563 516 victor

1983 539 2174 596 regnat
2202 530 2254 585 in
2283 541 2422 588 terra
2467 534 2760 592 viventium
2794 554 2807 592 :
2833 541 2942 609 jam
2988 552 3134 600 certe
3173 547 3289 617 ejus
3331 549 3557 622 refulget

1983 624 2200 682 claritas
2241 640 2338 696 per
2367 636 2567 682 a:terna
2605 627 2799 697 palatia
2829 645 2845 684 :
2869 629 2978 700 jam
3007 636 3272 693 veteribus
3297 637 3554 710 depositis

1980 714 2146 771 armis
2171 715 2467 785 fragilibus,
2496 733 2631 774 nova
2663 719 2833 775 induit
2855 737 2920 777 ac
2953 733 3226 792 perpetua.
3255 727 3426 787 Hodie
3451 747 3549 786 un-

275 771 957 883 flleclttsyexmillibusliu
983 797 1088 883 quo
1111 783 1256 883 nulla
1289 792 1372 883 est
1385 786 1618 883 macula.
1638 789 1876 858 Ρειεεὶιυι·
1976 805 2137 878 dique
2167 771 2303 866 facila
2340 808 2409 864 sit

273 863 425 920 inter
457 867 574 925 lilia
606 869 660 926 in
685 869 836 926 vinea
863 871 1075 929 Domini
1107 876 1355 932 sabaotb.
1385 877 1521 933 Ecce
1552 878 1652 934 nos
1673 881 1870 950 campi,

269 962 328 1008 et
348 971 485 1012 rosa
511 960 678 1016 nimio
707 961 951 1033 fragrans
980 963 1169 1031 odore,
1201 965 1268 1021 de
1295 966 1450 1023 horto
1475 984 1646 1038 nuper
1688 970 1870 1026 Eccle-

267 1044 393 1110 εἰς».
428 1046 490 1103 in
525 1049 838 1107 viridarium
883 1062 969 1108 est
1006 1054 1216 1111 Domini
1241 1059 1681 1126 transplantatus.
1731 1060 1871 1117 Ecce

268 1148 575 1206 cypressus
601 1138 668 1194 ad
695 1142 818 1196 coeli
849 1141 1182 1200 altitudinem
1213 1161 1273 1200 se
1299 1147 1527 1202 extollit.
1561 1149 1639 1202 Ad
1669 1149 1869 1206 insulas

267 1225 441 1297 longe
497 1228 803 1301 divulgetur
857 1248 1054 1289 nomen
1109 1249 1286 1304 suum,
1333 1248 1390 1293 ut
1422 1239 1492 1294 sit
1525 1238 1576 1294 in
1607 1248 1868 1296 :ctcrnum

265 1316 393 1386 ejus
422 1322 690 1376 memoria
714 1323 765 1376 in
793 1323 1192 1381 benedictione.
1721 1373 1730 1377 -

339 1409 482 1466 CAP.
527 1411 689 1468 LXII.
723 1415 1000 1472 Exsultate
1053 1417 1250 1488 igitur,
1299 1418 1564 1476 carissimi
1602 1429 1782 1490 patres
1810 1430 1868 1478 et

263 1499 511 1570 domini,
545 1504 798 1561 lastamini
831 1515 886 1562 et
909 1507 1118 1563 laudate
1139 1526 1153 1563 :
1173 1509 1296 1579 quia
1328 1508 1480 1564 decet
1506 1510 1723 1567 laudare
1751 1513 1860 1567 Do-

262 1592 520 1663 mitium,
567 1598 656 1666 qni
689 1599 988 1654 mirabilem
1019 1616 1080 1656 se
1116 1601 1171 1658 in
1202 1605 1317 1658 suis
1355 1603 1594 1660 declarat
1619 1604 1858 1664 Sanctis.

262 1683 518 1742 Laetetur
551 1697 695 1743 totus
721 1690 894 1747 orbis.
925 1692 1256 1749 Erubescant
1277 1694 1492 1751 fallaces
1516 1696 1775 1764 limretici,
1801 1707 1856 1754 et

257 1773 380 1844 jam
421 1792 482 1834 se
507 1788 733 1836 noscant
760 1781 827 1836 ad
853 1781 1078 1839 nihilum
1111 1784 1418 1844 devenisse.
1450 1787 1610 1843 Certe
1636 1803 1748 1842 non
1774 1796 1858 1843 est

1978 899 2242 969 praecipue
2266 914 2415 956 sacra
2462 911 2633 960 mater
2663 904 2926 973 Ecclesia,
2976 907 3128 984 cujus
3156 908 3315 965 hodie
3349 911 3546 980 glorio-

1977 1004 2070 1045 sus
2099 990 2240 1045 lilius
2264 1000 2323 1048 et
2345 992 2540 1064 cultor,
2556 1005 2764 1051 amator
2780 1006 2833 1052 et
2850 1009 3212 1069 prapugnator
3230 1002 3546 1072 prmcipuus,

1973 1083 2222 1138 omnibus
2250 1085 2528 1157 extirpatis
2578 1085 2845 1144 haereticis
2897 1090 3258 1159 dogmatibus,
3285 1107 3406 1148 cum
3436 1094 3547 1149 suis

1973 1173 2250 1230 fallacibus
2285 1178 2592 1234 auctoribus
2620 1179 2688 1235 de
2720 1194 2848 1251 agro
2880 1181 3004 1236 fidei
3031 1181 3346 1250 Catholicae,
3371 1195 3423 1240 et
3452 1185 3521 1238 do

1969 1264 2158 1321 ctrinis
2187 1267 2566 1322 sacratissimis
2603 1279 2656 1323 et
2708 1270 3036 1341 prtcl’ulgidis
3077 1270 3243 1342 signis
3272 1287 3334 1328 ac
3365 1273 3512 1344 prodi

1967 1357 2088 1427 giis,
2111 1365 2170 1411 ut
2188 1356 2270 1413 sol
2299 1357 2502 1415 relucet
2528 1359 2667 1415 inter
2693 1359 2905 1430 agmina
2942 1361 3252 1416 Beatorum.
3287 1361 3416 1417 Vale
3445 1361 3541 1432 igi-

1966 1456 2052 1506 tur
2081 1447 2406 1521 Hieronyme
2432 1450 2695 1522 gloriose,
2738 1450 2906 1508 nostri
2935 1467 3151 1523 semper
3183 1452 3386 1510 faciens
3403 1453 3541 1525 apud

1967 1541 2134 1598 Deum
2160 1542 2499 1608 memoriam,
2529 1552 2588 1598 ut
2616 1552 2700 1599 tua
2725 1544 2999 1600 valeamus
3017 1546 3255 1616 piissima
3283 1545 3537 1601 interces-

1963 1632 2136 1697 sione,
2169 1633 2307 1688 etin
2353 1635 2603 1704 przesenti
2649 1634 2718 1690 ab
2766 1635 3011 1691 omnibus
3043 1636 3248 1708 protegi
3293 1635 3496 1690 nocivis
3523 1675 3541 1701 ,

1967 1731 2024 1780 ct
2052 1723 2104 1778 in
2131 1722 2333 1791 futuro,
2369 1725 2559 1796 gaudia
2601 1724 2741 1795 (qua:
2765 1723 2880 1797 jam
2906 1734 2961 1781 tu
2987 1726 3254 1796 possides)
3297 1725 3541 1797 adipisci.

258 1913 3535 1979 ψ
2523 1968 3531 1982 .__.__..__.__.___________.

1403 1992 2459 2175 Αυιιιὸιιῐιτιο

1064 2254 1172 2315 DE
1214 2252 1891 2328 SUBSEQUENTIBUS
1932 2252 2242 2315 DUABUS
2280 2252 2709 2316 EPISTOLIS.

1713 2413 2117 2451 mw—

255 2537 536 2594 Habentur
554 2549 601 2594 et
621 2541 750 2594 inter
767 2540 1087 2612 supposititia
1105 2555 1219 2593 cum
1235 2539 1434 2610 Cyrilli,
1457 2546 1562 2593 tant
1581 2537 1852 2609 Augustini

325 2631 478 2702 apud
515 2647 664 2702 quem
691 2631 864 2686 isthmc
888 2629 1280 2685 Lavaniensium
1319 2629 1686 2700 Theologorum
1714 2627 1848 2683 Cen-

327 2737 452 2776 sura
482 2721 770 2792 prae/igitur
788 2737 808 2776 :
835 2720 1092 2790 lmpostor
1118 2721 1354 2774 indoctus
1389 2720 1484 2789 fuit
1509 2719 1733 2788 quisquis
1762 2734 1846 2773 se-

329 2825 538 2887 quentes
568 2813 826 2886 Epistolas
863 2815 927 2868 de
967 2813 1104 2868 obitu
1145 2811 1444 2882 Hieronymi
1481 2811 1728 2880 conﬁnxit
1755 2810 1846 2866 sub

332 2906 620 2961 nominibus
658 2905 721 2961 S.
755 2905 1022 2976 Augustini
1049 2905 1116 2958 ad
1137 2903 1386 2974 Cyrillum
1411 2901 1844 2973 Jerosolymorttm

331 2997 666 3070 Episcopum,
695 3007 742 3051 et
762 3007 936 3051 contra
957 2996 1018 3052 S.
1037 2995 1219 3068 Cyrilli
1237 2994 1307 3048 ad
1325 2995 1681 3066 Augustinum.
1704 2992 1843 3047 Nam

330 3098 522 3145 constat
567 3087 818 3160 Cyrillum
863 3100 980 3142 ante
1026 3087 1395 3157 Hieronymum
1441 3087 1639 3140 abiisse.
1694 3084 1844 3141 Unda

335 3181 673 3252 Hieronymus
698 3181 749 3234 in
770 3180 898 3234 libro
926 3179 989 3235 de
1027 3179 1161 3234 Viris
1190 3178 1484 3234 lllustribus
1505 3177 1704 3242 scribit,
1732 3177 1839 3248 Cy-

331 3273 482 3330 rillus
508 3272 857 3345 lemsolymte
887 3273 1181 3343 Episcopus
1200 3312 1217 3340 ,
1263 3283 1404 3342 smpe
1429 3270 1612 3342 pulsus
1639 3270 1706 3324 ab
1738 3269 1842 3325 Ec-

331 3364 492 3422 clesia
512 3405 528 3432 ,
569 3373 623 3421 et
650 3373 898 3434 receptus
923 3380 939 3420 :
971 3363 1038 3419 ad
1082 3371 1378 3419 extremum
1407 3362 1509 3419 sub
1535 3360 1840 3417 Theodosio

331 3456 566 3528 principe
604 3466 728 3512 octo
764 3456 920 3511 annis
957 3456 1331 3510 inconcussum
1361 3454 1725 3523 episcOpatum
1754 3461 1837 3508 te-

331 3549 463 3603 nuit.
510 3546 770 3602 Prwterea
809 3547 890 3600 hic
927 3546 1092 3618 falsus
1121 3545 1342 3616 Cyrillus
1382 3545 1436 3598 in
1469 3560 1563 3598 suo
1593 3545 1836 3610 rescripto

329 3655 441 3711 cap.
473 3639 526 3694 ι.
557 3638 894 3694 Sabinianum
919 3647 1062 3691 vocat
1090 3637 1479 3690 ha'resiarcltam
1509 3634 1832 3704 pestiferum,

328 3731 444 3801 quia
486 3730 538 3784 in
570 3728 773 3786 Christo
813 3729 941 3784 duas
969 3728 1219 3782 asserebat
1249 3727 1527 3781 voluntates
1550 3741 1570 3780 :
1595 3726 1836 3794 additque

332 3819 694 3893 Hieronymum
733 3819 1020 3890 Epistolam
1045 3834 1199 3887 super
1237 3818 1390 3886 hujus
1414 3817 1600 3871 erroris
1637 3818 1835 3870 destruo

327 3913 486 3969 ctione
509 3913 744 3968 edidisse.
780 3909 865 3967 Ex
902 3927 1003 3984 quo
1029 3909 1366 3975 consequitur,
1408 3909 1540 3962 hunc
1578 3917 1833 3961 auctorem

327 4005 613 4059 [tareticum
644 4004 820 4076 fuisse,
849 4019 909 4056 ac
937 4002 1278 4074 impestorem.
1311 3999 1377 4052 Et
1405 3999 1512 4053 haec
1541 4008 1714 4052 contra
1739 3998 1832 4052 has

327 4095 583 4167 Epistolas
611 4113 638 4151 e
661 4095 830 4150 multis
859 4110 1045 4166 pauca,
1075 4093 1165 4150 sed
1190 4093 1480 4164 prarcipua,
1509 4091 1779 4162 sufﬁciant.

261 4245 530 4287 Δυςυετιιιι
580 4245 913 4287 ιιιιψοκεκδιε
977 4244 1204 4285 EPISCOPI
1251 4245 1319 4283 ΔΙ)
1365 4243 1622 4283 εῖιιιιιυιι
1674 4242 1830 4282 JERO-

324 4337 686 4379 SOLYIITA’SUI
731 4337 1040 4390 EPISCOPUI,
1098 4337 1166 4377 DE
1206 4334 1627 4377 IAGNIFICENTIIS
1670 4335 1827 4374 ΒΕΔἸΊ

323 4431 622 4473 ιιιιζιιοκςιι.

323 4551 704 4608 GloriOsissimi
727 4549 1045 4607 Christiana:
1069 4548 1194 4605 ﬁdei
1221 4548 1457 4614 athletzn,
1489 4557 1688 4604 sanctae
1715 4563 1828 4602 ma-

257 4643 348 4701 tris
376 4643 632 4705 Ecclesim
659 4643 847 4712 lapidis
872 4641 1140 4712 angularia
1159 4683 1174 4708 ,
1207 4641 1258 4693 in
1285 4655 1392 4710 quo
1419 4639 1702 4694 admodum
1730 4639 1826 4692 fir-

257 4745 386 4791 mata
431 4733 674 4790 consistit
705 4750 718 4787 :
753 4747 892 4788 nunc
920 4745 1048 4787 vero
1089 4731 1140 4785 in
1184 4729 1388 4786 caelesti
1433 4730 1599 4800 gloria
1633 4729 1827 4784 sideris

256 4827 527 4895 radiantis,
557 4827 682 4882 olim
717 4825 1023 4898 Hieronymi
1056 4823 1349 4894 presbyteri
1375 4822 1580 4888 laudes,
1603 4837 1828 4878 venera-

254 4917 368 4975 bilis
396 4929 544 4988 pater
572 4918 789 4990 Cyrillc,
819 4917 1155 4972 silendumne
1175 4925 1349 4986 putas,
1375 4923 1468 4969 aut
1495 4914 1671 4986 lingua
1697 4913 1827 4969 bal-

254 5011 505 5068 hutiensis
533 5015 716 5083 pueri,
756 5021 814 5066 ut
840 5011 1010 5065 virum
1057 5010 1314 5082 pollutum
1358 5007 1515 5064 labiis
1552 5023 1638 5063 me
1671 5007 1825 5063 locu-

209 5162 215 5168 ,
253 5116 422 5162 turum
471 5107 585 5162 fore
633 5106 810 5161 reris?
861 5104 997 5162 Caeli
1043 5112 1292 5158 enarrant
1335 5100 1557 5172 gloriam
1604 5100 1720 5167 Dei,
1771 5109 1825 5156 et

252 5200 423 5257 omnia
453 5215 571 5268 quae
613 5197 733 5256 fecit
766 5197 1018 5250 Dominus
1037 5237 1052 5261 ,
1083 5209 1204 5250 eum
1235 5194 1287 5248 iu
1330 5193 1539 5250 Sanctis
1566 5192 1677 5248 suis
1707 5192 1823 5247 lau-

251 5291 393 5357 dant,
427 5292 596 5347 Silere
625 5289 784 5344 debet
826 5287 1101 5344 rationalis
1147 5294 1392 5341 creatura
1441 5301 1469 5339 a
1503 5284 1659 5340 laude
1689 5283 1821 5351 Dei,

254 5381 597 5443 irrationabili
642 5397 747 5437 non
777 5379 1007 5436 silente?
1052 5378 1281 5434 Taceam
1302 5419 1318 5445 ,
1349 5394 1417 5434 an
1445 5377 1671 5449 loquar?
1699 5391 1821 5432 cum

251 5480 291 5529 si
337 5487 538 5531 taceam
573 5475 836 5546 lapidibus
870 5473 1088 5544 jubetur
1129 5473 1382 5527 clamare.
1412 5473 1573 5528 Certe
1614 5471 1820 5543 loquar,

253 5585 349 5625 non
396 5568 580 5623 tacebo
620 5567 745 5621 totis
787 5565 991 5619 nisibus
1017 5563 1268 5618 eximium
1300 5563 1681 5635 Hieronymum
1710 5563 1824 5616 lau-

250 5661 391 5714 tlarc.
427 5660 525 5728 Qui
567 5658 808 5728 quamvis
849 5655 1096 5726 indignus
1127 5663 1181 5709 et
1207 5653 1537 5710 insuflicicns
1577 5654 1822 5710 laudator

249 5755 487 5822 existant,
510 5768 630 5809 cum
663 5765 769 5808 non
797 5748 864 5805 sit
887 5746 1107 5832 pulchra
1139 5746 1190 5802 in
1221 5760 1314 5802 ore
1337 5747 1632 5819 peccatoris
1662 5747 1813 5817 laus,

1955 2543 2132 2590 tamen
2162 2534 2231 2590 ab
2272 2535 2389 2606 ejus
2435 2533 2682 2592 laudibus
2723 2533 2940 2592 minime
2983 2537 3224 2594 cessabo.
3270 2537 3530 2592 Firmctur

1951 2628 2130 2698 itaque
2158 2642 2348 2705 manus
2373 2637 2576 2694 nostra,
2607 2639 2660 2685 et
2684 2628 2860 2699 lingua
2895 2639 3071 2685 nostra
3102 2631 3277 2699 palato
3296 2645 3398 2684 non
3430 2631 3526 2685 ad-

1951 2719 2171 2785 haereat,
2198 2721 2450 2790 quoniam
2481 2730 2628 2778 certe
2657 2737 2880 2793 magnus
2903 2730 2988 2777 est
3017 2722 3117 2778 iste
3148 2727 3225 2776 vir
3257 2723 3527 2778 sanctissi-

1949 2827 2102 2877 mus,
2151 2812 2413 2868 mirabilis
2459 2822 2516 2869 et
2560 2813 2875 2870 metuendus
2923 2828 3084 2885 super
3113 2829 3300 2868 omnes
3337 2815 3426 2884 qui
3475 2814 3527 2868 in

1946 2905 2168 2960 circuitu
2198 2914 2384 2960 nostro
2416 2915 2557 2962 sunt.
2594 2906 2813 2976 Magnus
2839 2916 2986 2963 certe
3014 2906 3065 2961 in
3101 2907 3220 2962 vita:
3249 2908 3524 2964 excellen-

1948 2997 2167 3052 tissimze
2209 2997 2493 3053 sanctitate
2523 3013 2539 3054 :
2570 3013 2793 3069 magnus
2832 2997 2885 3052 in
2927 2998 3202 3069 sapientiae
3245 2997 3526 3053 incll‘abilis

1945 3089 2306 3161 profunditate
2325 3132 2338 3155 ,
2369 3106 2594 3160 magnus
2637 3091 2687 3146 in
2716 3091 2935 3161 majoris
2977 3107 3118 3146 nunc
3148 3092 3328 3162 gloriae
3359 3105 3525 3162 quan-

1946 3180 2114 3236 titate.
2146 3180 2398 3238 Mirabilis
2441 3181 2492 3236 itt
2539 3182 2793 3254 prodigiis
2823 3183 3066 3239 insuetis.
3113 3182 3427 3238 Metuendus
3455 3181 3526 3237 ob

1943 3270 2044 3326 sibi
2072 3285 2102 3326 a
2130 3271 2356 3327 Domino
2383 3273 2628 3328 traditam
2654 3283 2992 3345 potestatem.
3016 3274 3184 3343 Quam
3214 3274 3390 3345 itaque
3411 3288 3523 3327 ma-

1941 3377 2076 3432 gnus
2102 3363 2173 3418 sit
2209 3364 2309 3418 iste
2349 3365 2767 3434 gloriosissimus
2804 3365 3159 3438 Hieronymus
3199 3361 3250 3419 in
3280 3365 3402 3420 ἤιξε
3431 3380 3522 3420 ex-

1940 3453 2334 3512 cellentissima:
2374 3457 2692 3525 sanctitate,
2736 3457 3005 3528 quomodo
3035 3455 3361 3526 patefaceret
3403 3470 3520 3510 mea

1941 3542 2157 3614 lingua,
2206 3560 2326 3602 cum
2379 3547 2646 3616 prmcipue
2693 3557 3013 3604 cunctorum
3063 3564 3168 3602 non
3214 3545 3522 3602 sufﬁcerent

1939 3635 2239 3692 mortalium
2271 3637 2484 3708 linguae,
2515 3648 2571 3692 ut
2598 3638 2714 3708 ejus
2743 3639 3119 3696 excellentiam
3150 3637 3520 3708 explicarent?

1937 3727 2119 3786 Liceat
2158 3744 2289 3801 ergo
2315 3732 2420 3788 dici
2449 3749 2464 3786 :
2493 3733 2628 3787 alter
2655 3732 2738 3786 hic
2769 3715 2947 3797 Elias,
2971 3732 3105 3785 alter
3150 3731 3234 3785 hic
3261 3730 3513 3797 Samuel,

1934 3819 2074 3874 alter
2101 3819 2188 3875 hic
2211 3820 2448 3878 Joannes
2474 3821 2730 3892 Baptista,
2767 3822 2889 3876 vita:
2912 3817 3373 3876 excellentissima:
3397 3833 3518 3873 san-

1934 3911 2135 3966 ctitate.
2162 3909 2309 3969 Elias
2331 3921 2386 3967 et
2410 3912 2644 3968 Joannes
2671 3911 2942 3980 Eremitae,
2968 3910 3176 3981 magnis
3199 3910 3437 3965 ciborum
3463 3920 3518 3965 ct

1933 4001 2159 4057 vestium
2211 4003 2590 4073 asperitatibus
2643 4017 2861 4059 carnem
2917 4009 3343 4057 maceraverunt.
3397 3997 3514 4055 Non

1933 4091 2157 4148 minoris
2199 4093 2323 4148 vitae
2374 4091 2733 4166 Hieronymus
2780 4090 3512 4162 gloriosissimnsEremita,

1933 4186 2072 4242 idem
2106 4202 2201 4258 per
2241 4185 2648 4259 quadriennium
2683 4187 2736 4243 in
2775 4203 2990 4255 eremo,
3037 4185 3267 4242 ferarum
3309 4193 3513 4241 tantum

1931 4278 2110 4334 socius
2138 4279 2392 4349 perstitit.
2438 4277 2829 4351 Quinquaginta
2873 4278 3028 4333 annis
3068 4277 3168 4349 (ut
3192 4276 3513 4333 venerabilis

1932 4367 2147 4425 Eusebii
2171 4370 2524 4441 litteraqquas
2549 4371 2716 4441 pridie
2735 4369 2934 4440 recepi,
2960 4368 3167 4440 plenius
3189 4367 3511 4434 fatebantur,

1927 4469 1984 4516 ct
2005 4469 2061 4515 ut
2090 4476 2177 4516 me
2203 4463 2400 4516 certius
2428 4469 2486 4516 tu
2519 4461 2658 4516 idem
2687 4459 2850 4530 nosti)
2878 4459 3056 4512 vinum
3084 4466 3138 4512 et
3163 4457 3388 4512 siceram
3415 4455 3512 4510 ali-

1927 4554 2158 4623 qualiter
2202 4568 2308 4608 non
2352 4554 2605 4625 gustavit.
2659 4552 2742 4607 Ab
2771 4549 2919 4606 omni
2961 4548 3238 4615 carnium,
3270 4556 3324 4602 et
3349 4546 3511 4601 etiam

1929 4645 2159 4714 piscium
2183 4659 2276 4698 esu
2298 4683 2316 4710 ,
2347 4644 2417 4698 ita
2459 4658 2518 4699 se
2543 4641 2834 4710 abstinuit,
2866 4639 3007 4710 quod
3030 4639 3114 4695 vix
3143 4653 3205 4695 ea
3234 4637 3512 4694 nominare

1929 4735 2159 4790 volebat.
2201 4735 2424 4789 Coctum
2462 4733 2676 4805 quidem
2719 4748 2825 4788 non
2854 4731 2956 4787 nisi
2985 4731 3038 4786 iu
3070 4730 3254 4786 ultima
3280 4729 3510 4800 a‘gritu-

1927 4826 2053 4882 dine
2074 4825 2157 4880 bis
2180 4824 2433 4882 comedit.
2456 4824 2681 4881 Cilicino
2700 4839 2856 4880 sacco
2876 4838 3090 4879 carnem
3113 4820 3274 4879 veluti
3301 4819 3512 4876 Ethio-

1927 4919 2010 4991 pis
2039 4933 2353 4985 maceratis,
2394 4917 2628 4990 desuper
2673 4933 2849 4988 panno
2891 4916 3150 4972 vilissimo
3179 4929 3238 4971 se
3279 4913 3508 4985 tegebat.

1927 5009 2163 5068 Stratum
2205 5007 2349 5064 aliud
2378 5009 2480 5065 nisi
2511 5019 2708 5065 terram
2751 5023 3022 5079 nunquam
3061 5005 3234 5062 scivit.
3263 5003 3380 5060 Non
3409 5004 3509 5060 nisi

1927 5101 2098 5158 semel
2127 5100 2419 5170 fruetibus,
2452 5109 2543 5156 aut
2585 5099 2870 5156 herbarum
2919 5098 3058 5154 loliis
3089 5098 3201 5153 sive
3243 5096 3510 5152 radicibus

1927 5205 2111 5267 pastus
2135 5194 2187 5250 in
2215 5193 2305 5251 die
2331 5211 2346 5248 :
2379 5202 2502 5265 post
2528 5207 2782 5264 veSperas
2801 5207 2862 5248 se
2881 5189 3214 5248 orationibus
3245 5188 3508 5259 pra-hens,

1899 5287 2178 5358 deinceps
2215 5301 2384 5356 usque
2417 5283 2704 5342 secundam
2747 5285 2921 5340 noctis
2952 5283 3138 5339 horam
3165 5280 3402 5353 quotidie
3430 5279 3506 5333 vlo

1925 5378 2146 5448 gilabat.
2173 5375 2523 5434 Postmodum
2543 5391 2676 5433 vero
2704 5391 2895 5434 somno
2923 5376 3099 5432 fessus
3125 5374 3177 5429 in
3207 5382 3348 5428 terra
3386 5371 3498 5426 dor-

1926 5471 2134 5537 miens,
2181 5485 2350 5542 usque
2392 5469 2458 5526 ad
2503 5469 2735 5526 mediam
2782 5479 2992 5525 noctem
3037 5465 3362 5539 quiescebat.
3394 5463 3510 5527 Qua

1926 5562 2144 5634 quidem
2185 5560 2439 5618 continue
2481 5576 2708 5632 surgens
2739 5560 2902 5628 hora,
2933 5549 3250 5614 lectionibus
3272 5561 3326 5608 et
3366 5551 3512 5607 Scri-

1926 5655 2098 5726 pturis
2135 5653 2487 5710 sanctissimis
2529 5652 2760 5724 (quibus
2789 5660 2898 5706 tota
2944 5647 3115 5705 radiat
3155 5643 3389 5699 Ecclesia
3432 5642 3506 5696 ttti

1923 5745 2192 5818 lapidibus
2223 5743 2518 5818 pretiosis)
2549 5742 2814 5812 intentus,
2843 5753 3010 5814 usque
3039 5736 3103 5792 ad
3149 5748 3274 5791 esus
3317 5732 3504 5788 horam
