4052 6338
513 345 618 404 285

513 481 852 553 perdurabat.
880 477 953 533 lta
980 475 1248 532 levissima
1274 474 1431 531 ﬂebat
1456 481 1669 545 peccata
1685 513 1704 540 ,
1728 481 1784 526 nt
1807 461 2077 543 quiseum

509 575 830 629 aestimasset
851 567 1119 624 hominem
1141 565 1498 622 interemisse.
1527 563 1633 620 Ter
1654 565 1706 618 in
1727 562 1813 618 die
1833 563 2083 617 continue

509 675 726 717 carnem
776 659 907 715 diris
949 658 1259 714 verberibus
1288 654 1608 722 flagellavit,
1657 655 1729 709 ita
1773 663 1832 708 ut
1872 667 1938 708 ex
1967 653 2084 722 ejus

508 767 735 822 corpore
788 749 944 805 rivuli
995 749 1270 820 sanguinis
1315 746 1622 802 effluebant.
1673 743 1814 811 Quin
1860 742 2081 796 verbum

507 847 736 898 otiosum
776 841 992 912 aliquod
1037 850 1092 895 ut
1119 849 1322 911 pestem
1363 837 1646 892 maximam
1677 833 1932 906 fugiebat.
1970 832 2084 888 Sibi

506 934 674 989 otium
716 932 916 987 nullum
961 939 1121 986 erat:
1153 942 1365 998 semper
1396 933 1490 982 aut
1528 925 1694 982 sacris
1739 923 2078 988 lectionibus,

509 1036 602 1081 aut
629 1023 914 1080 scribendo
933 1063 950 1090 ,
993 1029 1084 1076 aut
1113 1019 1355 1074 docendo
1383 1025 1637 1083 cunctos,
1669 1013 2079 1071 exercitabatur.

508 1116 645 1185 Quid
675 1117 828 1188 plura
854 1113 1079 1184 loquar?
1107 1113 1162 1169 Si
1183 1113 1502 1168 Sanctorum
1525 1108 1850 1179 singulorum
1871 1105 2084 1177 perqui-

511 1223 685 1263 rcrem
713 1207 878 1268 vitas,
911 1221 977 1261 eo
1007 1203 1088 1278 (ut
1116 1201 1264 1276 puto)
1292 1205 1548 1272 majorem
1580 1201 1845 1256 neminem
1873 1198 2080 1253 inveni-

509 1313 644 1354 rem.
690 1297 797 1353 Sed
839 1297 961 1367 quia
1012 1294 1257 1365 superius
1306 1292 1608 1349 Samuelem
1650 1289 2080 1354 nominavimus,

509 1391 672 1447 fuisse
719 1391 858 1446 hunc
903 1387 1208 1446 Samuelcm
1256 1386 1622 1443 ostendamus.
1667 1383 1766 1439 llic
1801 1389 1947 1438 certe
1993 1380 2084 1435 ille

508 1482 743 1549 Samuel,
790 1482 880 1553 qui
910 1481 978 1537 de
1020 1495 1170 1535 vants
1214 1479 1512 1534 litterarum
1541 1473 1734 1530 studiis
1772 1471 2084 1528 verberibus

509 1584 789 1639 evocatus,
821 1589 988 1630 sacra:
1017 1573 1308 1642 Scriptura:
1349 1568 1644 1624 ministerio
1669 1565 1954 1634 deputatur
1980 1580 1994 1616 :
2027 1563 2080 1616 in

508 1665 663 1735 cujus
686 1665 860 1720 vultus
888 1664 1088 1719 lumine
1111 1663 1286 1717 divina
1315 1659 1482 1730 gratia
1511 1657 1783 1723 inﬂuente,
1809 1655 2082 1738 utriusque

507 1753 836 1811 Testamenti
864 1754 1042 1808 lumen
1069 1751 1302 1808 vidimus
1330 1767 1344 1804 :
1376 1758 1430 1805 et
1452 1749 1504 1804 in
1530 1747 1683 1817 cujus
1710 1744 1906 1800 brachii
1930 1743 2083 1797 forti-

507 1844 692 1901 tudine
719 1844 1098 1900 haereticorum
1137 1855 1263 1913 pars
1293 1839 1523 1895 maxima
1567 1847 1649 1892 est
1690 1835 1951 1904 dispersa.
1987 1833 2083 1887 llic

505 1945 653 1992 certe
698 1936 866 2006 gloria
916 1934 1132 1990 virtutis
1179 1941 1376 1988 nostra:
1426 1927 1756 1984 transferens
1799 1935 2083 1994 utrumque

507 2027 910 2083 Testamentum
936 2041 1003 2082 ex
1034 2025 1380 2080 Hebraeorum
1426 2021 1607 2098 lingua
1644 2019 1696 2073 in
1724 2017 1962 2073 Grzecam
1991 2029 2083 2086 pa-
2153 2093 2158 2098 ι

505 2117 637 2172 riter
681 2126 735 2172 et
777 2116 1062 2172 Latinam:
1094 2115 1492 2185 disponensque
1539 2111 1710 2180 ipsum
1756 2107 1984 2178 posteris
2027 2106 2080 2160 in

507 2217 803 2273 mternnm,
847 2206 1128 2262 declarans
1171 2203 1451 2273 aenigmata
1493 2211 1548 2255 et
1571 2196 2083 2273 obscuraduhia‘et

504 2297 703 2352 nodosa
723 2339 739 2363 ,
771 2311 1080 2367 prmparans
1107 2294 1404 2350 officiorum
1433 2291 1626 2347 seriem
1658 2287 1864 2343 cunctis
1893 2286 2076 2341 Eccle-

501 2392 597 2446 sia:
626 2390 902 2454 ministris,
935 2399 1099 2444 totam
1128 2403 1263 2459 pene
1286 2386 1580 2444 Ecclesiam
1605 2381 1902 2438 aedificavit.
1927 2379 2080 2449 Unde

502 2483 640 2540 bene
662 2497 886 2552 magnus
913 2490 1134 2552 apparet
1159 2481 1210 2536 in
1238 2477 1515 2552 sapientia:
1546 2470 2077 2552 inell‘abilisprofnn-

503 2573 690 2628 ditate.
722 2573 994 2628 Liberales
1021 2580 1198 2628 autem
1239 2568 1494 2626 scientias
1523 2567 1593 2622 ita
1622 2565 1860 2637 perfecte
1889 2561 2074 2629 scivit,

503 2665 648 2736 quod
687 2665 947 2721 relatione
994 2663 1234 2720 omnium
1263 2661 1438 2716 nullus
1481 2659 1583 2714 sibi
1627 2657 1816 2714 similis
1858 2663 2079 2726 apparet

500 2756 697 2812 adlmc.
726 2755 801 2810 De
825 2753 1115 2824 Scripturis
1154 2767 1281 2808 vero
1306 2750 1505 2819 sacris,
1533 2748 1608 2804 uti
1647 2748 1929 2802 multarum
1955 2760 2078 2800 sna-

500 2864 619 2904 rum
664 2847 1055 2918 Epistolarum,
1083 2860 1218 2917 qnas
1259 2844 1325 2900 ad
1351 2859 1438 2900 me
1481 2842 1713 2907 direxit,
1746 2839 2075 2909 experientia

499 2940 680 3008 didici,
711 2939 970 3010 :equalem
997 2938 1096 2995 sibi
1128 2936 1393 2992 neminem
1421 2949 1652 3006 unquam
1682 2933 1945 2989 novimus.
1969 2932 2077 2987 He-

497 3030 822 3098 braicorum,
849 3028 1158 3086 Grtecorum
1179 3069 1195 3094 ,
1223 3023 1598 3082 Cbaldteornm
1616 3065 1631 3090 ,
1665 3021 1949 3078 Persarum
1971 3061 1988 3088 ,
2019 3030 2076 3076 et

496 3119 771 3175 Medorum
792 3161 807 3184 ,
837 3119 1186 3174 Arabicorum
1209 3157 1224 3182 ,
1256 3124 1311 3171 et
1341 3129 1475 3186 pene
1513 3111 1752 3168 omnium
1799 3112 2074 3167 nationum

495 3209 703 3281 linguas
727 3220 780 3265 et
799 3210 1023 3272 litteras.
1042 3217 1293 3278 tanquam
1318 3206 1362 3260 si
1393 3205 1580 3260 fuisset
1606 3205 1659 3259 in
1686 3203 1888 3258 eisdem
1917 3211 2073 3257 natus

496 3311 552 3358 ct
594 3301 849 3370 cdtuatus
868 3343 882 3368 ,
931 3302 1108 3357 scivit.
1139 3298 1276 3367 Quid
1305 3298 1452 3370 plura
1483 3296 1696 3353 dicam?
1727 3296 1859 3364 Quae
1885 3295 2074 3350 lliero-

495 3409 690 3464 nymus
717 3393 977 3464 ignoravit
1003 3393 1054 3446 in
1082 3401 1268 3446 natura
1294 3389 1552 3455 humana,
1587 3388 1767 3444 nullus
1795 3387 2068 3441 hominum

494 3499 726 3554 unquam
756 3484 934 3539 scivit.
967 3482 1084 3539 Non
1127 3498 1213 3538 me
1242 3482 1372 3548 ista,
1403 3480 1720 3536 venerabilis
1751 3488 1926 3550 pater,
1957 3478 2072 3534 exi-

493 3575 679 3629 stimes
704 3573 901 3640 dicere,
933 3583 988 3629 ut
1013 3582 1190 3644 putem
1216 3581 1266 3628 te
1291 3571 1596 3643 Hieronymi
1619 3581 1674 3626 et
1693 3571 1855 3625 vitam
1885 3580 1940 3626 et
1963 3570 2071 3623 vir-

494 3676 632 3721 tutes
661 3665 810 3737 pejus
838 3682 922 3720 me
948 3667 1106 3732 scire,
1136 3679 1257 3720 cum
1279 3663 1381 3718 sibi
1403 3662 1581 3718 socius
1606 3661 1876 3717 exstiteris
1903 3660 2070 3714 multo

493 3769 752 3828 tempore.
777 3758 881 3814 Sed
906 3766 1070 3813 testor
1091 3757 1278 3824 Deum,
1297 3757 1544 3828 quoniam
1565 3754 1634 3812 ob
1657 3764 1761 3809 tam
1784 3751 2068 3808 inell'abilis

490 3848 588 3904 viri
619 3848 976 3912 sanctitatem,
1010 3848 1055 3902 si
1079 3847 1366 3904 voluissem
1390 3857 1588 3914 tacere,
1617 3861 1723 3904 non
1751 3838 2064 3916 potuissem.

489 3940 826 3996 Confitentur
868 3940 1132 3996 mirabilia
1179 3950 1234 3996 et
1275 3940 1611 3996 sanctitatem
1665 3953 1817 3994 suam
1864 3947 1918 3992 et
1966 3935 2066 4006 ipsi

491 4031 636 4098 cmli,
685 4031 734 4085 in
767 4031 960 4102 quibus
989 4046 1244 4103 magnus,
1274 4032 1493 4102 majoris
1517 4030 1702 4102 gloria:
1731 4029 2062 4099 quantitate,

487 4139 644 4191 quam
673 4124 826 4177 multi
846 4124 1185 4191 Sanctorum,
1213 4123 1416 4178 habitat
1439 4123 1554 4177 sine
1576 4120 1704 4177 fine.
1725 4119 1865 4175 Nulli
1889 4117 2066 4189 itaque

488 4213 706 4269 dubium
735 4223 838 4282 est,
862 4224 910 4269 et
939 4215 1074 4268 intra
1096 4215 1266 4270 Patris
1289 4214 1594 4269 mansiones
1615 4212 1786 4283 ipsum
1813 4226 1974 4264 unam
1997 4225 2065 4265 ex

490 4306 782 4377 majoribus
823 4316 878 4364 et
927 4307 1322 4362 sublimioribus
1364 4305 1580 4361 sedibus
1623 4303 1886 4358 obtinere.
1927 4301 2063 4357 Cum

487 4399 629 4454 enim
660 4397 821 4453 homo
849 4396 1140 4453 secundum
1185 4411 1347 4466 opera
1375 4394 1706 4465 prmmietur,
1734 4401 1786 4448 et
1818 4392 1917 4447 iste
1942 4407 2064 4462 per-

488 4489 723 4546 fectioris
749 4506 886 4561 pene
908 4490 1028 4544 vita:
1053 4489 1337 4551 exstiterit,
1360 4487 1505 4542 clare
1527 4493 1675 4556 patet
1699 4486 1870 4554 ipsum
1900 4498 2062 4537 unum

486 4581 554 4637 de
581 4582 873 4650 majoribus
903 4592 951 4636 et
984 4579 1389 4636 sublimioribus
1414 4576 1650 4634 caelestis
1674 4575 1968 4631 Jerusalem
1995 4574 2064 4630 ci-

485 4661 639 4726 vibus
667 4671 799 4724 fore.
833 4671 982 4738 Quod
1014 4682 1071 4726 ut
1096 4688 1126 4726 a
1153 4671 1308 4726 nobis
1341 4669 1546 4740 plenius
1570 4676 1626 4724 et
1655 4667 1853 4723 certius
1879 4664 2064 4720 creda-

487 4771 570 4815 tur
592 4762 643 4816 in
669 4762 887 4821 mundo.
913 4778 1021 4832 pra:
1041 4763 1262 4828 cunctis,
1289 4777 1516 4832 quorum
1543 4769 1723 4816 nostra
1751 4757 2064 4814 recordatur

485 4861 635 4918 artas,
668 4852 820 4906 valde
846 4853 1105 4908 mirabilis
1125 4861 1346 4924 apparet
1367 4851 1619 4922 prodigiis
1646 4850 1866 4906 insuetis
1891 4859 1945 4906 et
1964 4849 2064 4904 mi-

469 4930 684 4998 vraculis
715 4941 932 4996 infinitis
959 4959 972 4997 :
999 4959 1225 5013 quorum
1255 4942 1387 4998 mihi
1412 4943 1587 5013 aliqua
1613 4940 1930 4998 venerabilis
1952 4942 2061 4995 Eu-

485 5032 663 5087 sebius
685 5034 795 5087 suis
816 5033 1003 5088 litteris
1023 5033 1412 5088 declaravit.De
1431 5033 1638 5088 creteris
1657 5047 1785 5086 vero
1810 5031 2063 5102 prodigiis

485 5140 605 5194 qua:
632 5125 945 5179 mirabiliter
973 5124 1104 5179 fiunt
1142 5126 1412 5196 quotidie,
1451 5134 1509 5179 ut
1547 5124 1797 5180 continue
1826 5123 2062 5194 intelligo

465 5205 740 5270 'relatibus
784 5214 1168 5286 plurimorum,
1198 5215 1384 5270 avidus
1431 5214 1745 5284 peraudire,
1792 5213 1884 5268 tihi
1929 5214 2057 5284 ipsi,

485 5316 638 5380 pater
665 5307 975 5375 carissime,
1006 5307 1269 5378 supplico,
1297 5318 1353 5362 ut
1379 5308 1510 5362 mihi
1544 5309 1594 5362 in
1624 5307 1766 5363 brevi
1793 5307 2061 5362 volumine

482 5413 834 5471 quaecumque
865 5400 1063 5469 poteris
1091 5414 1216 5455 vera
1247 5407 1300 5455 et
1342 5401 1489 5455 utilia
1529 5401 1783 5455 miracula
1811 5401 2056 5466 collecta,

449 5559 452 5561 Α
482 5507 642 5564 quam
672 5491 830 5546 citius
856 5490 1075 5547 facultas
1097 5491 1296 5558 aderit,
1331 5491 1569 5562 eiusdem
1599 5491 1905 5564 Hieronymi
1937 5479 2065 5546 sani

482 5583 706 5638 ctissimi
737 5582 1020 5639 devotione
1050 5583 1411 5640 transmittere
1438 5598 1544 5638 non
1582 5583 1836 5653 deneges.
1866 5583 1968 5638 Sed
2001 5591 2056 5637 nt

485 5676 646 5729 multa
674 5677 861 5732 merita
887 5676 1195 5749 llicronymi
1217 5675 1536 5733 sanctissimi
1561 5691 1666 5730 non
1688 5675 1907 5739 lateant,
1930 5673 2056 5743 quid

483 5783 606 5839 erga
634 5784 740 5836 me,
770 5768 948 5826 divina
978 5778 1244 5826 annuente
1271 5769 1574 5838 clementia,
1605 5767 1657 5824 in
1678 5766 1802 5838 ipso
1828 5765 1908 5821 sui
1937 5764 2052 5825 obi-

1423 338 1510 394 DE
1549 333 2089 394 MAGNIFICENTIIS
2125 334 2326 392 BEATI
2365 335 2762 396 IIIERONYMI.
2823 345 2831 352 ’

3649 338 3758 397 ρει

2187 475 2273 526 ιιῐδ
2299 471 2386 527 die
2426 473 2712 538 acciderit,
2743 473 3026 530 enarrabo.
3069 473 3280 532 Eodem
3316 489 3548 546 namque
3575 475 3764 534 die-ser

2187 559 2315 615 hora
2339 601 2354 627 ,
2382 577 2485 630 qua
2529 553 2718 618 exutus
2760 563 3058 634 pntredinis
3095 573 3150 620 et
3193 565 3547 620 inmunditia:
3584 570 3759 622 carnis

2188 657 2308 719 toga
2341 649 2700 722 llieronymns
2725 655 3092 710 sanctissimus
3113 695 3129 722 ,
3160 656 3536 712 vestimentum
3567 671 3760 726 perpe-

2188 749 2292 795 tua:
2319 741 2753 810 immortalitatis,
2781 745 3162 801 inaestimabilis
3188 746 3385 801 latitia:
3405 755 3459 802 et
3480 747 3664 818 gloria:
3691 749 3761 803 in-

2186 828 2333 894 duit,
2377 829 2504 885 dum
2535 831 2778 903 Hippone
2809 835 2859 889 in
2890 835 3081 890 cellula
3113 851 3230 890 mea
3260 835 3579 905 quiescens,
3606 838 3760 894 avide

2186 920 2471 990 cogitarem
2492 923 2663 992 qualis
2684 925 2881 980 inesset
2902 918 3181 982 animabus
3201 927 3505 995 Beatorum,
3527 927 3760 1000 quicum

2187 1012 2402 1068 Christo
2428 1015 2696 1084 gaudent,
2724 1017 2904 1085 gloria:
2929 1028 2982 1073 et
3013 1019 3313 1074 lmtitiarnm
3344 1021 3636 1089 quantitas,
3668 1036 3763 1076 cu-

2189 1103 2336 1170 piens
2363 1105 2486 1161 inde
2505 1121 2572 1162 ex
2594 1107 2692 1164 hac
2712 1111 2929 1164 materia
2953 1110 3166 1165 brevem
3187 1109 3510 1182 componere
3535 1112 3761 1168 Tracta-

2189 1204 2319 1264 tum,
2347 1199 2593 1266 precibus
2619 1201 2924 1271 compulsus
2945 1203 3111 1258 nostri
3135 1202 3341 1268 Severi,
3371 1195 3641 1274 quondam
3672 1220 3762 1259 ve-

2187 1287 2438 1342 nerabilis
2503 1288 2720 1348 Martini
2774 1291 3100 1348 Turonensis
3155 1292 3402 1364 Episcopi
3467 1294 3758 1366 discipuli,

2185 1377 2368 1433 charta
2389 1421 2414 1445 ,.
2435 1381 2672 1455 calamo,
2703 1383 3052 1453 pugillarique
3091 1384 3142 1438 in
3170 1385 3415 1439 manibus
3452 1387 3756 1455 susceptis,

2185 1469 2402 1526 brevem
2427 1472 2615 1528 vellem
2658 1473 2895 1530 scribere
2933 1475 3226 1546 Epistolant
3257 1477 3607 1532 sanctissimo:
3633 1477 3760 1532 llic-

2185 1577 2411 1632 ronymo
2441 1561 2808 1619 destinandam
2843 1583 2856 1621 :
2889 1576 2948 1620 ut
2981 1567 3228 1637 quicquid
3257 1583 3320 1622 ex
3353 1567 3456 1622 hoc
3497 1569 3757 1632 sentiret,

2185 1650 2534 1720 responderet
2561 1652 2818 1723 (sciebam
2845 1655 2987 1710 enim
3026 1657 3079 1711 in
3105 1665 3210 1711 tam
3238 1655 3439 1712 difficili
3465 1659 3760 1728 quastione

2185 1755 2216 1794 a
2241 1742 2385 1796 nullo
2415 1743 2700 1799 viventium
2729 1761 2817 1801 me
2856 1761 3012 1816 posse
3035 1746 3212 1802 doceri
3241 1748 3537 1804 evidentius
3563 1750 3583 1821 )
3611 1765 3758 1805 cum-

2185 1847 2288 1901 que
2327 1833 2436 1902 jam
2477 1835 2719 1891 scribens
2763 1837 3096 1892 salutationis
3125 1839 3404 1893 exordium
3431 1840 3758 1912 Hieronymo

2185 1933 2568 1994 prtenotarem,
2597 1927 2862 1984 ineffabile
2890 1929 3068 1984 subito
3098 1929 3275 1984 lumen
3304 1931 3503 1986 nostris
3529 1931 3760 1986 invisum

2186 2017 2514 2086 temporibus
2541 2021 2846 2089 nostrisque
2875 2020 3095 2076 minime
3120 2021 3314 2092 linguis
3343 2021 3754 2088 declarandum,

2183 2117 2304 2160 cum
2348 2107 2597 2164 ineffabili
2633 2109 2974 2181 inauditaque
3001 2110 3223 2167 odorum
3253 2113 3490 2167 omnium
3518 2111 3758 2182 fragran-

2185 2196 2276 2261 tia,
2307 2200 2549 2254 cellulam
2579 2201 2629 2255 in
2651 2217 2752 2272 qua
2782 2203 2988 2259 Stabam
3007 2245 3022 2268 ,
3055 2205 3275 2260 intravit
3304 2206 3432 2261 hora
3461 2206 3757 2276 completo-

2183 2290 2270 2346 rii.
2300 2281 2416 2359 Quo
2447 2308 2476 2346 a
2503 2307 2590 2347 me
2617 2295 2754 2358 viso,
2782 2304 3000 2364 stupore
3027 2295 3486 2367 admirationeque
3513 2312 3755 2353 commo-

2183 2381 2510 2459 tus,‘animi
2556 2389 2611 2438 et
2656 2383 3017 2439 membrorum
3056 2386 3279 2442 virtutes
3323 2398 3541 2456 repente
3579 2390 3754 2446 amisi.

2179 2471 2492 2528 Nesciebam
2542 2472 2684 2528 enim
2732 2484 2856 2529 tunc
2901 2475 3040 2546 quod
3087 2477 3304 2532 dextera
3355 2478 3613 2534 mirabilis
3663 2481 3754 2535 Dei

2180 2563 2470 2619 exaltasset
2509 2579 2725 2620 servum
2765 2580 2951 2634 suum,
3015 2577 3170 2624 notas
3210 2570 3406 2626 faciens
3445 2570 3501 2624 in
3546 2573 3756 2642 populis

2179 2655 2402 2710 virtutes
2437 2671 2582 2715 snas.
2609 2656 2921 2714 Nesciebam
2963 2662 3158 2716 etenim
3187 2662 3325 2732 quod
3357 2663 3495 2718 Deus
3524 2665 3754 2734 antiqua:

2181 2745 2538 2802 miserationis
2559 2757 2579 2815 ,‘
2605 2762 2819 2805 servum
2845 2765 2999 2806 suum
3031 2751 3242 2808 fidelem
3269 2767 3298 2806 a
3325 2755 3500 2808 carnis
3526 2755 3756 2810 immun-

2178 2835 2323 2892 ditiis
2346 2837 2711 2907 dissolvisset,
2737 2852 2792 2897 et
2815 2851 2922 2898 tam
2951 2844 3231 2900 sublimem
3254 2847 3303 2902 ei
3329 2846 3380 2900 in
3408 2847 3543 2902 ccelo
3568 2848 3753 2904 sedem

2180 2939 2550 2998 prmparasset.
2579 2931 2893 2988 Nesciebam
2917 2945 3062 2990 certe
3089 2935 3483 3006 investigabiles
3511 2939 3627 2993 vias
3651 2939 3756 2994 Do-

2179 3020 2329 3074 mini.
2369 3017 2678 3078 Nesciebam
2710 3023 2988 3080 thesauros
3017 3026 3236 3082 infinita:
3266 3028 3354 3082 Dei
3380 3029 3653 3098 sapientia:
3699 3040 3755 3086 et

2177 3112 2414 3167 scientia:
2440 3132 2454 3168 :
2484 3123 2689 3170 secreta
2709 3125 2763 3170 et
2788 3117 2995 3172 occulta
3029 3117 3119 3173 Dei
3139 3118 3336 3188 judicia
3360 3135 3464 3174 non
3489 3135 3752 3191 agnosceo

2177 3201 2330 3266 bam;
2358 3206 2611 3276 quoniam
2639 3223 2774 3277 quos
2801 3209 2931 3276 vult,
2961 3209 3084 3265 facit
3103 3226 3196 3265 sua
3221 3211 3470 3267 ineffabili
3493 3213 3750 3283 sapientia

2173 3294 2240 3348 ad
2262 3296 2342 3350 sui
2363 3298 2680 3369 agnitionem
2700 3300 2898 3356 venire.
2921 3299 3068 3369 Quos
3087 3311 3262 3357 autem
3286 3303 3648 3372 prmdestinat,
3665 3320 3752 3360 vo-

2172 3397 2276 3452 cat,
2301 3386 2576 3456 justificat,
2598 3399 2651 3443 et
2675 3389 2961 3458 beatificat,
2988 3401 3142 3461 prout
3164 3393 3416 3449 discernit
3438 3396 3747 3452 convenire.

2175 3477 2356 3548 Itaque
2395 3479 2518 3550 quia
2546 3480 2704 3536 talem
2730 3482 2871 3537 oculi
2902 3484 3004 3538 mei
3051 3500 3320 3556 nunquam
3367 3499 3750 3556 perspexerant

2173 3569 2376 3634 lucem,
2408 3571 2568 3625 talem
2597 3570 2825 3627 olfactns
2867 3588 3021 3628 meus
3059 3575 3279 3630 odorem
3321 3592 3429 3630 non
3468 3587 3746 3633 senserat:

2173 3669 2278 3715 tam
2307 3662 2480 3728 novis,
2523 3670 2628 3717 tam
2684 3663 2933 3719 inauditis
2985 3665 3135 3721 miris
3181 3666 3553 3737 obstupebam.
3602 3668 3751 3724 inter

2171 3753 2287 3808 inec
2312 3762 2488 3808 autem
2529 3756 2662 3812 meis
2695 3757 2746 3810 in
2788 3772 2875 3812 me
2913 3759 3370 3829 perstrepentibus
3412 3761 3750 3829 cogitationi-

2172 3843 2271 3900 bus
2307 3845 2432 3916 quid
2475 3845 2576 3902 hoc
2603 3856 2766 3914 esset,
2797 3848 2864 3904 de
2894 3848 3014 3904 luce
3052 3849 3168 3905 hac
3212 3849 3395 3906 dicens
3425 3850 3608 3916 verba,
3643 3867 3747 3906 vox

2168 3936 2384 3992 emicuit
2411 3955 2426 3993 ε
2460 3937 2756 4009 Augustine,
2799 3941 2923 4012 quid
2961 3942 3189 4011 quaeris?
3227 3940 3452 3996 Putasne
3485 3940 3617 3996 brevi
3647 3943 3745 3994 im-

2167 4028 2361 4082 mittere
2385 4031 2585 4084 uasculo
2610 4047 2748 4085 mare
2764 4041 2943 4098 totum,
2973 4032 3108 4086 brevi
3131 4031 3388 4086 includere
3423 4032 3616 4105 pugillo
3642 4040 3747 4085 ter-

2167 4136 2342 4173 rarum
2387 4120 2555 4175 orbem
2598 4138 2618 4176 :
2665 4123 2844 4177 etelum
2891 4123 3095 4190 ﬁrmare
3149 4140 3212 4177 ne
3258 4125 3468 4178 usitatos
3518 4133 3746 4177 exerceat

2168 4209 2377 4264 motus?
2420 4209 2546 4274 Qua
2593 4211 2769 4266 oculus
2814 4211 2984 4265 nullus
3035 4213 3294 4266 hominum
3343 4213 3508 4267 videre
3557 4214 3740 4283 potuit,

2169 4309 2283 4354 tuus
2313 4300 2534 4354 videbit?
2563 4301 2686 4366 Qua:
2711 4303 2848 4355 auris
2876 4302 3018 4356 nulla
3047 4321 3134 4373 per
3158 4321 3334 4359 sonum
3362 4305 3547 4372 hausit,
3575 4307 3744 4357 audiet

2169 4400 2255 4444 tua
2277 4392 2302 4444 ?
2333 4391 2459 4456 Qua:
2485 4408 2570 4446 cor
2589 4394 2865 4448 [tumtutum
2892 4395 3181 4448 nullatenus
3199 4395 3462 4460 intellexit,
3489 4413 3578 4449 nec
3597 4397 3744 4450 etiam

2167 4482 2418 4552 cogitavit,
2463 4484 2721 4538 existimas
2768 4495 2814 4539 te
2864 4502 3010 4556 posse
3051 4487 3372 4558 intelligere?
3411 4487 3639 4557 Inﬁnita:
3674 4490 3746 4541 rei

2165 4574 2277 4644 quis
2324 4575 2417 4628 erit
2474 4575 2638 4643 linis?
2685 4574 2977 4642 lmmensa,
3035 4593 3136 4647 qua
3194 4594 3426 4632 mensura
3485 4579 3745 4632 metieris?

2169 4664 2350 4720 Potius
2387 4675 2545 4722 totum
2571 4684 2708 4721 mare
2741 4669 2794 4722 in
2838 4669 3120 4723 arctissimo
3149 4670 3468 4723 clauderetur
3495 4672 3696 4725 vasculo
3724 4687 3743 4724 :

2167 4757 2336 4827 potius
2366 4768 2613 4812 terrarum
2632 4759 2798 4813 orbem
2825 4758 3066 4828 parvulus
3088 4769 3272 4814 teneret
3311 4759 3554 4831 pugillus,
3581 4762 3742 4826 potius

2166 4851 2348 4906 caelum
2377 4867 2409 4904 a
2447 4862 2585 4906 motu
2613 4852 2850 4905 continuo
2879 4851 3157 4918 desisteret,
3185 4868 3334 4922 quam
3372 4853 3672 4922 gaudiortun
3697 4863 3743 4906 et

2166 4942 2342 5012 glorite
2365 4942 2542 5011 quibus
2567 4941 2839 4996 Beatorum
2871 4942 3054 4996 anima:
3079 4944 3186 4997 sine
3215 4943 3314 5012 [ine
3336 4943 3616 5012 potiuntur,
3646 4945 3742 4996 mi-

2161 5049 2339 5101 norem
2367 5033 2668 5102 intelligercs
2699 5033 3023 5100 particulam,
3057 5033 3175 5098 nisi,
3199 5035 3274 5087 uti
3291 5051 3403 5104 ego,
3437 5036 3744 5103 experientia

2166 5124 2435 5180 docereris.
2486 5124 2726 5179 Discurre
2765 5126 2930 5178 adhuc
2983 5125 3142 5181 brevis
3188 5129 3426 5194 temporis
3471 5128 3690 5197 spatium
3727 5143 3743 5181 :

2167 5215 2495 5287 impossibilia
2533 5217 2698 5285 facere
2725 5233 2826 5270 non
2865 5219 3081 5284 coneris,
3125 5219 3282 5272 donec
3325 5229 3440 5272 tuus
3476 5219 3744 5290 impleatur

2165 5310 2279 5363 vita:
2301 5324 2502 5361 cursus.
2538 5305 2634 5360 Hic
2663 5323 2764 5361 non
2793 5324 3010 5378 quantis,
3059 5325 3172 5379 qua:
3207 5327 3307 5364 non
3336 5310 3477 5378 alibi,
3521 5311 3619 5364 nisi
3647 5327 3744 5381 quo

2165 5410 2267 5453 tam
2296 5398 2509 5469 feliciter
2535 5415 2772 5469 propero,
2802 5399 3012 5454 inveniri
3037 5411 3264 5472 possunt.
3294 5401 3394 5456 Hic
3424 5412 3597 5472 satage
3621 5403 3745 5456 (alia

2163 5505 2391 5544 exercere
2417 5505 2590 5557 opera,
2619 5500 2674 5544 ut
2713 5491 3040 5560 postmodum
3067 5492 3136 5546 ibi
3176 5509 3289 5564 qua:
3337 5494 3624 5561 aliqualiter
3666 5494 3744 5548 hic

2163 5580 2439 5648 intelligere
2481 5581 2647 5650 cupis,
2692 5581 2914 5636 totaliter
2955 5583 3007 5636 in
3051 5593 3296 5637 teternutn
3342 5584 3532 5639 [iubeas
3573 5602 3592 5639 :
3630 5585 3746 5639 inde

2161 5671 2247 5740 qui
2275 5669 2486 5734 intrant,
2528 5670 2813 5726 nullatenus
2857 5682 3060 5728 exeunt.
3105 5672 3184 5726 Ad
3233 5674 3346 5727 luce
3407 5690 3508 5743 ego
3549 5690 3746 5744 pavore

2159 5769 2409 5831 .stnpcns,
2440 5759 2790 5819 admiratione
2818 5773 2924 5818 tam
2954 5762 3122 5818 invisa
3165 5779 3304 5833 pene
3343 5779 3557 5835 alueris,
3597 5767 3744 5826 omni
