4052 6338
253 364 355 422 985

253 478 394 550 quasi
423 477 606 549 vigore
647 489 858 540 carens,
909 473 994 530 bis
1049 475 1228 532 verbis
1274 479 1562 550 aliqualem
1604 487 1826 532 sumens

251 570 542 636 audaciam,
572 568 921 626 tremebunda
952 583 1084 624 voce
1129 568 1236 625 dixi
1266 587 1278 622 :
1309 570 1415 626 Fas
1445 571 1651 626 utinam
1693 569 1824 624 mihi

252 663 398 726 foret,
429 663 522 731 qui
559 671 666 717 tam
707 661 832 716 felix
875 675 954 728 es,
986 669 1093 716 tam
1120 660 1408 735 gloriosus,
1438 660 1735 718 honorifice
1760 661 1826 715 ad

251 752 331 808 illa
359 767 652 822 properans
689 753 880 823 gaudia
913 770 928 807 :
967 753 1055 821 qui
1086 761 1191 807 tam
1233 753 1409 810 dulcia
1448 753 1660 825 eloquia
1703 762 1827 823 gut-

251 843 349 898 turi
374 858 497 898 meo
521 843 670 909 faris,
703 858 809 897 non
837 842 1128 914 ambigere.
1163 844 1369 911 Atille,
1403 844 1593 914 inquit,
1625 842 1827 898 Nomen

250 952 406 990 meum
446 936 682 1006 quieris?
723 935 1022 1007 Hieronymi
1045 937 1186 991 illius
1214 937 1513 1008 presbyteri,
1553 937 1635 990 cui
1661 945 1830 992 trans-

248 1029 533 1083 mittendum
563 1028 849 1099 Epistolam
866 1034 983 1097 jam
1007 1030 1229 1085 scribens
1257 1031 1456 1102 cepisti,
1493 1047 1604 1084 sum
1632 1030 1823 1097 anima,

247 1137 350 1190 qua:
376 1121 427 1174 iu
457 1122 556 1175 hac
581 1122 709 1176 hora
732 1123 786 1176 in
815 1121 1074 1176 Bethleem
1098 1120 1134 1176 J
1140 1121 1242 1176 uda
1281 1122 1451 1177 carnis
1480 1137 1631 1177 onere
1668 1124 1830 1192 depo-

247 1211 355 1277 sito,
383 1211 608 1279 Christo,
651 1213 888 1281 omnique
914 1213 1098 1268 caelesti
1145 1213 1385 1268 comitata
1426 1214 1649 1280 cohorte,
1691 1212 1829 1266 omni

246 1304 474 1356 decorata
514 1304 915 1374 pulchritudine,
959 1304 1098 1358 omni
1126 1302 1387 1358 illustrata
1414 1302 1705 1373 splendore,
1736 1302 1829 1356 illo

245 1393 414 1447 induta
438 1395 838 1449 immortalitatis
872 1395 1118 1450 deaurato
1155 1397 1466 1460 vestimento,
1499 1393 1826 1448 circumnaui-

245 1497 320 1540 cta
357 1489 584 1543 omnium
611 1489 859 1544 bonorum
892 1499 940 1542 et
968 1488 1272 1560 gaudiorum
1306 1489 1566 1555 varietate,
1595 1496 1828 1548 terreno-

245 1595 351 1633 rum
379 1581 608 1634 omnium
646 1581 1034 1650 triumphatrix,
1074 1581 1213 1636 omni
1238 1580 1525 1635 diademate
1559 1588 1827 1649 coronata,

245 1681 291 1724 et
312 1672 447 1724 omni
486 1670 798 1726 beatitudine
834 1680 881 1726 et
912 1671 1155 1743 felicitate
1191 1673 1402 1740 vallata,
1435 1680 1538 1725 tant
1586 1671 1826 1742 gloriose,

245 1772 438 1834 tamque
461 1762 788 1831 ine/Tabiliter
814 1781 966 1836 pergo
993 1766 1062 1820 ad
1087 1781 1244 1836 regna
1277 1766 1538 1832 calorum,
1578 1765 1688 1818 sine
1728 1765 1830 1834 ﬁne

245 1871 502 1910 mansura.
527 1855 882 1934 latngnullum
909 1859 1090 1913 etenim
1118 1857 1354 1928 deinceps
1383 1867 1614 1929 exspecto
1651 1856 1832 1929 gloria:

244 1946 510 2018 defectum,
542 1948 633 2003 sed
670 1960 1019 2020 augmentum,
1050 1949 1256 2017 quando
1284 1949 1466 2004 iterum
1487 1950 1686 2020 jungar
1711 1965 1828 2002 cor-

245 2041 350 2110 pori
377 2040 743 2112 gloriﬁcando,
782 2051 828 2098 et
858 2059 959 2098 non
1000 2044 1269 2109 morituro,
1311 2043 1399 2096 sed
1428 2044 1647 2113 gloriam
1680 2059 1830 2113 quam

244 2149 371 2187 nunc
399 2134 513 2188 sola
556 2135 738 2201 habeo,
785 2152 900 2190 cum
945 2136 1036 2190 illo
1077 2135 1381 2202 habitura:
1423 2137 1477 2191 in
1519 2135 1614 2190 illa
1640 2137 1832 2190 scilicet

244 2227 488 2283 universo:
515 2229 728 2282 rationis
759 2229 860 2283 die.
888 2229 1038 2283 Tunc
1069 2243 1174 2300 ego
1202 2229 1432 2300 amplius
1469 2229 1632 2283 animi
1662 2229 1714 2282 in
1745 2243 1832 2283 me

243 2317 483 2391 collectis
511 2319 713 2374 viribus
747 2335 856 2389 prae
883 2320 1076 2390 gaudio
1106 2335 1136 2374 a
1165 2319 1420 2389 lacrymis
1453 2333 1558 2372 non
1590 2332 1829 2382 cessans,

218 2409 315 2469 sic
339 2411 600 2480 respondi
631 2428 643 2464 :
673 2409 916 2476 Utinam,
943 2412 1182 2464 virorum
1225 2410 1444 2475 eximie,
1477 2409 1550 2463 tui
1594 2423 1834 2463 mererer

240 2496 352 2554 ﬁeri
400 2500 782 2570 pedissequus.
824 2499 930 2554 Sed
960 2514 1143 2570 quaeso
1195 2501 1270 2554 tui
1302 2499 1499 2555 servuli
1527 2515 1829 2570 quanquam

242 2589 515 2654 vilissimi,
557 2601 721 2660 quem
766 2591 1001 2646 dilexisti
1051 2591 1104 2646 in
1144 2590 1345 2646 mttndo
1386 2591 1546 2646 nimia
1590 2592 1831 2647 caritatis

245 2683 558 2748 sll'eetione,
610 2683 961 2740 recorderis:
1006 2693 1064 2739 ut
1111 2687 1215 2739 tuis
1269 2684 1755 2740 interveutiouibus
1801 2701 1830 2741 a

251 2775 490 2844 peccatis
541 2775 836 2841 emunder,
893 2784 980 2831 tua
1026 2776 1412 2846 gubernatione
1460 2784 1611 2831 recto
1660 2776 1828 2843 calle,

247 2867 513 2922 inoll'enso
530 2867 668 2937 pede
687 2867 993 2938 procedam,
1022 2869 1125 2924 tuis
1145 2869 1545 2924 defensionibus
1576 2869 1828 2938 assiduis,

245 2961 310 3016 ab
360 2961 598 3016 inimicis
652 2961 781 3016 mihi
829 2961 1086 3018 continue
1134 2962 1512 3018 insidiantibus
1556 2973 1827 3034 protegar,

245 3061 443 3122 tunqtte
484 3060 672 3108 sancto
700 3052 862 3108 ductu
901 3053 1089 3108 salutis
1133 3055 1392 3124 attingam
1434 3065 1670 3124 portum.
1712 3055 1832 3110 Pla-

242 3152 391 3198 ceret
421 3144 623 3198 utinam
650 3143 906 3198 voluntati
939 3153 1043 3198 tuae
1079 3145 1256 3215 aliqua
1304 3144 1434 3200 mihi
1478 3146 1826 3218 interroganti

246 3233 594 3304 respondere.
645 3234 716 3289 At
761 3235 850 3290 illa
885 3253 896 3287 :
932 3235 1083 3303 Quod
1133 3247 1300 3305 optas,
1347 3237 1498 3291 dicito
1529 3253 1548 3291 :
1573 3254 1652 3291 me
1693 3241 1830 3292 omni

253 3335 354 3380 tute
387 3325 636 3379 voluntati
675 3342 1034 3396 responsuram
1081 3329 1266 3382 sciens.
1308 3328 1510 3384 Vellem
1565 3329 1828 3400 (inquam)

251 3415 564 3488 intelligere,
623 3426 802 3472 utrum
848 3416 1132 3473 Beatorum
1163 3419 1356 3474 anima:
1398 3419 1644 3490 qumdam
1695 3421 1832 3476 velle

250 3507 474 3577 possint,
515 3523 635 3578 quae
679 3507 922 3564 obtinere
967 3519 1256 3580 nequeant.
1315 3513 1386 3565 At
1431 3511 1520 3565 illa
1571 3528 1586 3565 :
1637 3510 1828 3575 Unum,

251 3599 547 3670 Augustine,
574 3601 792 3666 noveris,
817 3601 955 3672 quod
980 3600 1289 3658 Sanctorum
1326 3603 1512 3658 anima:
1548 3603 1620 3657 ita
1659 3605 1712 3657 in
1741 3605 1832 3658 illa

233 3702 434 3764 teterna
460 3692 626 3762 gloria
662 3693 716 3747 in
757 3691 863 3747 Deo
890 3703 1009 3747 sunt
1047 3693 1282 3748 solidatae
1319 3704 1364 3747 et
1408 3694 1648 3763 ﬁrmatur,
1694 3695 1832 3765 quod

254 3781 394 3835 nulla
417 3782 512 3837 sibi
550 3784 678 3838 inest
712 3784 817 3838 alia
845 3784 1100 3852 voluntas,
1137 3785 1234 3838 nisi
1266 3784 1401 3839 Dei:
1433 3789 1569 3853 quod
1605 3785 1680 3839 nil
1709 3785 1834 3839 velle

262 3871 400 3927 aliud
429 3884 657 3944 possunt,
697 3876 797 3930 nisi
830 3891 944 3945 quia
986 3875 1122 3930 Deus
1154 3875 1258 3929 vult
1289 3892 1309 3930 :
1335 3877 1449 3929 ideo
1488 3892 1602 3947 qua:
1637 3877 1830 3942 volunt,

256 3967 474 4023 obtinere
507 3979 738 4036 possunt.
783 3967 986 4024 Etenim
1019 3985 1346 4040 quaecumque
1391 3969 1586 4036 volunt,
1617 3967 1758 4022 Deus
1786 3979 1832 4024 et

256 4062 354 4114 vult
381 4071 426 4115 et
452 4061 717 4132 adimplet.
761 4060 927 4116 Nemo
957 4063 1144 4134 quippe
1168 4070 1394 4116 nostrum
1429 4064 1535 4115 suis
1564 4061 1835 4130 fraudetur

258 4152 512 4208 desideriis
557 4169 576 4208 :
623 4154 743 4222 quia
795 4154 870 4208 nil
917 4163 1100 4223 praeter
1147 4153 1313 4207 Deum
1365 4152 1551 4224 aliquis
1607 4163 1834 4208 nostrum

258 4253 415 4312 aptat.
447 4244 703 4310 Quoniam
730 4261 846 4300 vero
865 4261 1081 4314 semper,
1105 4254 1159 4298 ut
1193 4245 1442 4309 volumus,
1482 4243 1644 4298 Deum
1677 4243 1836 4298 habe-

183 4361 186 4364 ~
257 4351 367 4399 ntus
391 4351 409 4390 :
435 4346 609 4390 nostra
651 4353 844 4408 semper
883 4336 1137 4391 desideria
1182 4345 1299 4391 sunt
1343 4337 1631 4406 plenissime
1667 4337 1836 4391 adim-

262 4427 411 4495 pteta.
441 4427 622 4499 Longa
651 4429 891 4500 quidctn,
917 4439 1068 4500 pater
1087 4431 1367 4486 carissime
1396 4428 1615 4501 Cyrille,
1645 4429 1839 4484 verbo-

261 4535 372 4574 rum
401 4531 675 4586 texeretur
699 4523 890 4589 series,
918 4523 963 4578 si
986 4524 1166 4578 omnia
1196 4539 1315 4594 quae
1337 4523 1464 4578 mihi
1494 4524 1726 4594 gloriosa
1751 4523 1836 4579 illa

245 4611 433 4680 anima
462 4614 818 4682 perscrutauti
848 4613 1119 4683 patefecit,
1151 4615 1444 4670 scriberem
1476 4615 1529 4670 in
1573 4614 1672 4670 ltac
1711 4616 1836 4671 bre-

261 4703 440 4760 vitatis
470 4705 730 4776 Epistola.
775 4706 946 4776 Spero
971 4707 1113 4762 enim
1145 4707 1286 4777 quod
1314 4706 1588 4762 Bethleem
1617 4707 1684 4762 ad
1723 4718 1841 4761 tan-

243 4805 340 4856 tas
393 4797 646 4868 reliquias
690 4797 1010 4854 visitaudum
1065 4800 1274 4853 veniam
1324 4813 1429 4852 non
1482 4811 1599 4867 post
1643 4801 1840 4855 multos

245 4903 519 4945 -sunorum
557 4891 811 4957 circulos,
836 4891 924 4946 ubi
961 4901 1085 4946 tunc
1130 4907 1250 4961 quae
1286 4890 1486 4956 audivi,
1532 4892 1664 4945 etin
1709 4893 1843 4945 scri-

244 4980 363 5050 ptis
415 4981 630 5048 tradidi,
685 4982 876 5038 videbo
925 4984 1322 5055 perspicaciter.
1370 4983 1619 5038 Pluribus
1666 4984 1843 5054 itaque

261 5069 410 5128 horis
448 5073 536 5129 illa
576 5074 960 5146 gloriosissima
997 5077 1173 5130 anima
1221 5075 1418 5130 ibidem
1473 5090 1681 5130 mecum
1733 5091 1844 5129 nta-

262 5177 415 5232 nens,
456 5164 736 5220 Trinitatis
768 5167 1120 5222 sanctissima:
1175 5166 1468 5233 Uuitatem,
1522 5175 1576 5222 et
1619 5167 1845 5222 Unitntis

262 5254 599 5323 Trinitatem,
624 5258 744 5314 Filii
766 5275 796 5313 a
825 5258 983 5313 Patre
1009 5260 1431 5329 generationem,
1460 5259 1690 5329 Spiritus
1711 5257 1845 5313 Sau-

246 5351 332 5406 .cti
361 5367 392 5406 a
421 5351 579 5407 Patre
606 5360 674 5408 et
717 5351 852 5406 Filio
882 5353 1300 5422 processiouem,
1331 5352 1600 5421 angelicas
1638 5352 1844 5406 ltierar-

251 5440 413 5499 .cbias
438 5452 495 5499 et
536 5442 774 5508 ordines,
807 5452 862 5499 et
898 5443 1206 5505 earumdem
1253 5441 1532 5497 beatorum
1563 5443 1844 5512 spirituum

266 5535 546 5604 mysteria,
574 5533 851 5592 beatarum
895 5535 1053 5590 etiam
1092 5534 1386 5587 animarum
1438 5533 1717 5590 felicitates
1750 5551 1764 5588 :
1796 5543 1849 5588 et

268 5626 372 5680 alia
398 5623 548 5682 utilia
570 5635 624 5682 et
650 5626 828 5695 gravia
859 5625 1105 5679 humanis
1127 5623 1507 5690 intellectibus,
1536 5640 1692 5696 quam
1719 5624 1848 5679 sub-

270 5719 454 5787 tiliter,
481 5736 642 5791 quam
669 5719 969 5787 evidenter,
1007 5732 1166 5788 quinm
1205 5716 1522 5774 mirabiliter
1543 5719 1672 5772 milii
1695 5727 1848 5789 pate-

263 5807 458 5872 fecerit
485 5812 663 5882 avido,
695 5812 742 5870 si
768 5811 1005 5870 omnium
1049 5808 1325 5886 hominum
1354 5807 1546 5880 linguis
1578 5809 1846 5883 loquerer,

1193 362 1284 418 DE
1319 355 1874 420 MAGNIFICENTIIS
1911 355 2115 415 BEATI
2151 297 2546 418 lllEROl‘i‘l‘Ml.

1937 485 2042 526 non
2070 473 2390 542 explicarem
2435 487 2703 530 sermone.
2743 475 2942 533 Deinde
2985 492 3016 533 a
3060 471 3194 536 meis
3219 481 3394 537 oculis
3423 482 3514 538 lux

1933 561 2024 617 illa
2053 562 2318 632 disparuit
2349 581 2362 617 :
2396 565 2492 620 sed
2537 566 2720 620 multis
2751 569 3090 636 postmodum
3117 565 3304 629 diebus
3328 573 3514 629 ineffa-

1932 652 2054 709 bilis
2098 657 2325 709 odorum
2375 656 2611 711 suavitas
2665 659 2921 713 remansit
2969 674 2984 715 :
3033 661 3204 726 Quam
3250 663 3514 719 mirabilis

1933 761 2062 816 ergo
2089 745 2189 802 iste
2218 755 2321 811 est,
2368 746 2570 803 faciens
2599 756 2677 803 tot
2717 749 3004 817 mirabilia,
3052 761 3129 806 tot
3157 762 3210 808 et
3251 752 3394 809 tanta
3432 756 3517 810 in-

1933 848 2084 893 sueta
2115 838 2420 895 hominibus
2437 841 2674 912 prodigia
2696 840 2721 895 t
2747 841 2832 897 Ad
2854 843 3027 912 ipsum
3051 859 3181 915 ergo
3203 859 3299 902 ore
3329 856 3515 903 nostro

1932 930 2248 998 clametnus,
2294 942 2350 988 et
2377 933 2710 988 exsultemus
2741 951 2755 986 :
2785 933 3081 1005 domusque
3118 936 3339 1006 gloriam
3377 939 3515 995 laudi

1933 1022 2071 1092 ejus,
2097 1024 2354 1092 quoniam
2382 1036 2531 1081 certe
2559 1025 2752 1097 dignus
2776 1038 2860 1083 est
2898 1027 3046 1082 omni
3077 1029 3254 1094 laude,
3298 1046 3398 1086 nec
3423 1047 3516 1086 su-

1933 1128 2054 1168 mus
2079 1114 2410 1171 sufficientes
2450 1131 2574 1172 eum
2607 1117 2850 1174 laudare.
2893 1119 3138 1176 Introivit
3163 1122 3307 1177 enim
3333 1123 3385 1178 in
3417 1125 3518 1179 d'o-

1931 1221 2080 1260 mum
2125 1208 2336 1263 Domini
2373 1210 2633 1267 candidus
2685 1221 2740 1267 et
2788 1211 3183 1282 pulcherrimus
3223 1232 3239 1272 :
3284 1218 3372 1273 ubi
3402 1215 3519 1275 sine

1931 1295 2096 1352 dubio
2125 1297 2194 1354 de
2217 1300 2622 1358 sublimioribus
2648 1310 2702 1358 et
2741 1300 3169 1374 praeela'rioribus
3205 1310 3389 1380 glorias
3428 1299 3518 1366 se-

1931 1387 2056 1444 dem
2083 1390 2312 1447 obtinet.
2353 1393 2508 1462 Quod
2533 1404 2590 1450 ut
2617 1395 2809 1452 iterum
2836 1397 3034 1455 clarius
3062 1392 3303 1457 veritatis
3337 1403 3518 1459 lumen

1932 1488 2134 1551 pateat,
2165 1483 2406 1552 pluribus
2438 1486 2665 1543 testibus
2689 1503 2849 1559 quam
2879 1505 2986 1546 uno
3011 1493 3215 1556 censui,
3254 1493 3395 1562 quod
3427 1509 3520 1549 sn-

1932 1571 2206 1640 pradictus
2247 1585 2435 1630 noster
2474 1577 2728 1643 Severus,
2775 1568 3131 1638 vir‘doctrina
3159 1593 3214 1638 et
3253 1586 3518 1654 sapientia

1933 1662 2166 1731 pollens,
2196 1679 2318 1719 cum
2351 1666 2522 1722 tribus
2559 1663 2680 1724 aliis
2708 1671 2760 1725 in
2803 1666 2920 1742 ipso
2958 1673 3046 1730 die
3086 1685 3139 1730 et
3174 1675 3305 1731 liora
3341 1677 3519 1733 obitus

1933 1752 2241 1827 Hieronymi
2272 1758 2324 1812 in
2351 1759 2649 1816 Turonensi
2677 1761 2895 1820 civitate
2925 1765 3136 1834 viderit,
3162 1784 3294 1823 mea:
3319 1770 3520 1826 addere

1934 1844 2126 1902 visioni
2158 1864 2173 1901 :
2207 1847 2275 1904 de
2312 1865 2420 1920 quo
2447 1852 2663 1922 quidem
2705 1857 3041 1913 solummodo
3086 1859 3308 1930 ipsemet
3349 1855 3519 1932 pridie

1932 1939 1999 1994 ad
2051 1957 2138 1996 me
2177 1945 2418 2012 veniens,
2467 1945 2564 2003 fuit
2589 1950 2766 2004 testis.
2815 1950 3010 2007 Volens
3055 1954 3234 2025 itaque
3271 1956 3430 2021 Deus,
3461 1943 3520 2013 ut

1932 2032 2176 2089 sublimis
2201 2035 2510 2108 Hieronymi
2539 2041 2706 2110 gloria
2737 2043 2994 2099 mundum
3026 2061 3130 2101 non
3160 2029 3354 2103 lateret
3378 2067 3390 2103 :
3418 2065 3517 2105 ve-

1935 2123 2029 2177 luti
2056 2127 2314 2181 sanctitas
2336 2129 2602 2198 sublimis,
2629 2142 2682 2186 et
2709 2147 2846 2203 pene
2879 2146 3192 2192 cunctorum
3221 2140 3514 2197 viventium

1934 2213 2406 2284 excellentissima,
2439 2234 2544 2274 non
2578 2222 2799 2290 latebat,
2838 2239 2907 2280 ne
2943 2225 3019 2280 illi
3050 2243 3187 2298 quos
3216 2234 3518 2288 sanctitatis

1936 2305 2082 2360 illius
2108 2306 2406 2364 delectabat
2431 2313 2582 2382 sequi
2611 2316 2853 2386 vestigia,
2899 2319 3203 2375 habiturum
3235 2326 3514 2393 prmmium

1936 2395 2262 2465 ignorantes,
2285 2401 2573 2490 aliquando
2600 2420 2627 2458 a
2655 2396 2955 2465 sanctitatis
2976 2411 3256 2470 deviarent
3280 2419 3514 2488 tramite,

1935 2496 1989 2542 et
2017 2496 2074 2542 ut
2099 2491 2259 2545 etiam
2301 2492 2390 2547 alii
2435 2494 2536 2548 sibi
2583 2504 2660 2551 tot
2703 2507 2758 2554 et
2788 2508 2934 2556 tanta
2984 2503 3202 2575 elargiri
3233 2519 3516 2566 cernentes

1935 2580 2174 2646 praemia,
2207 2581 2349 2637 illius
2385 2586 2682 2643 sanctitatis
2722 2596 2779 2644 et
2821 2592 3035 2650 virtutis
3061 2597 3390 2657 inhaererent
3418 2617 3514 2659 ve-

1933 2671 2127 2740 stigiis,
2174 2675 2365 2731 tninuit
2388 2679 2528 2733 enim
2576 2679 2812 2760 laborem
2855 2685 3129 2757 ponderis,
3169 2692 3511 2761 prmmiorum

1933 2778 2102 2857 spes:
2135 2765 2222 2822 die
2250 2771 2311 2824 'et
2353 2769 2483 2826 hora
2521 2788 2621 2844 qua
2671 2775 2812 2832 idem
2853 2779 3116 2849 gloriosus
3159 2783 3515 2857 Hieronymus

1933 2854 2160 2912 feliciter
2184 2862 2494 2933 exspiravit,
2525 2866 2887 2938 elargiendam
2915 2871 3016 2926 sibi
3039 2873 3283 2943 gloriam,
3311 2854 3514 2933 sovero

1932 2955 1987 3000 et
2015 2948 2184 3004 tribus
2224 2952 2344 3008 aliis
2371 2968 2492 3010 cum
2529 2971 2596 3012 eo
2634 2959 2924 3028 stantibus,
2970 2964 3151 3020 taliter
3198 2966 3511 3023 declaravit.

1932 3035 2073 3092 Hora
2100 3042 2434 3114 completorii
2461 3046 2551 3102 die
2593 3049 2683 3104 illo
2722 3051 2774 3105 in
2803 3051 2964 3108 domo
2990 3069 3082 3110 sua
3123 3055 3351 3114 Severus
3391 3073 3513 3116 cum

1935 3128 2104 3184 tribus
2133 3132 2262 3186 viris
2289 3133 2602 3220 Catholicis,
2622 3155 2852 3211 quorum
2872 3143 2980 3199 duo
3002 3149 3311 3203 monasterii
3337 3166 3511 3220 quou-

1933 3220 2054 3276 dam
2095 3227 2416 3284 venerabilis
2451 3217 2680 3287 'Martini
2723 3245 2877 3290 erant
2925 3237 3192 3306 monachi,
3234 3241 3286 3296 in
3320 3217 3514 3298 divinis

1935 3314 2115 3385 legens
2147 3319 2524 3391 locutiouibus,
2570 3325 2623 3380 in
2675 3327 2832 3394 caelo,
2888 3329 2941 3384 in
2993 3331 3215 3399 aethere,
3265 3341 3514 3405 terraque

1933 3415 2184 3462 cantuum
2228 3411 2692 3481 suavissintorum,
2737 3418 3121 3490 inauditorutn,
3165 3423 3513 3482 ineffabilium

1933 3507 1986 3552 et
2030 3495 2421 3558 incredibilium
2455 3505 2693 3564 iuliuitas
2738 3524 2962 3582 repente
3004 3513 3210 3571 audivit
3246 3531 3427 3586 voces,
3461 3530 3517 3575 ct

1933 3603 2280 3659 organorum,
2313 3603 2712 3666 tympanorum,
2745 3610 2800 3656 et
2842 3605 3242 3675 psalteriorum,
3271 3617 3324 3664 et
3353 3610 3515 3665 totius

1931 3681 2263 3752 sympltouim
2289 3698 2344 3741 et
2379 3688 2851 3748 in5trument0rum
2876 3709 3060 3762 sonos,
3101 3700 3294 3769 quibus
3321 3702 3514 3757 caelum

1934 3781 1988 3827 et
2011 3783 2148 3828 terra
2170 3785 2224 3829 et
2254 3779 2431 3832 omnia
2464 3781 2543 3850 (ut
2572 3781 2672 3836 sibi
2699 3783 3004 3858 videbatur)
3036 3789 3519 3860 undique‘resona-

1932 3865 2082 3932 bant,
2131 3882 2358 3937 quorum
2409 3873 2763 3931 suavitatibus
2810 3892 2996 3932 eorum
3050 3881 3244 3936 animae
3301 3897 3438 3952 pene
3486 3899 3517 3940 a

1934 3959 2249 4028 corporibus
2278 3961 2621 4042 esltalabaut.
2669 3965 2965 4038 Stupcfacti
3010 3969 3156 4025 illico
3205 3982 3395 4028 omnes
3441 3975 3518 4030 illi

1936 4051 2206 4107 elevautes
2235 4054 2440 4121 oculos,
2462 4057 2653 4112 omium
2679 4067 2870 4127 totum,
2899 4061 3099 4118 mtltera
3125 4073 3179 4120 et
3206 4068 3382 4122 omnia
3401 4083 3519 4139 qua:

1936 4159 2120 4198 eorum
2159 4147 2500 4204 continentur
2541 4151 2779 4219 ambitu,
2833 4155 3063 4226 quadam
3109 4157 3356 4214 viderunt
3398 4160 3520 4218 luce

1937 4237 2138 4307 septies
2189 4239 2320 4294 solis
2372 4240 2490 4297 luce
2534 4245 2878 4313 prmclariore
2921 4249 3219 4305 clarescere
3258 4269 3271 4306 :
3318 4268 3383 4307 ex
3414 4270 3518 4324 qua

1938 4331 2132 4412 omnia.
2161 4332 2386 4388 odorum
2433 4346 2670 4390 aromata
2719 4342 3093 4410 erumpebant.
3129 4343 3253 4399 Ha-c
3298 4347 3370 4400 illi
3412 4356 3519 4402 tam

1940 4421 2181 4476 miranda
2210 4434 2513 4493 cernentes,
2541 4426 2706 4482 Deum
2734 4441 3024 4485 exorarunt
3050 4435 3318 4502 precibus,
3347 4445 3403 4491 ut
3427 4452 3522 4493 eos

1939 4505 2047 4570 cur.
2085 4517 2207 4570 talia
2248 4519 2460 4585 tierent,
2512 4534 2617 4574 nou
2653 4520 2861 4576 lateret.
2893 4522 3098 4589 Quibus
3139 4541 3240 4580 vox
3281 4526 3346 4582 de
3384 4530 3524 4584 cmlo

1939 4607 2182 4673 veniens,
2217 4609 2314 4663 ista
2343 4609 2476 4663 dixit
2509 4627 2522 4661 :
2557 4609 2724 4665 Nulla
2753 4628 2844 4667 vos
2885 4624 3080 4668 moveat
3113 4598 3385 4672 admiratio
3411 4636 3428 4673 :
3450 4623 3524 4676 nil

1941 4700 2075 4755 vobis
2102 4701 2328 4754 videatur
2351 4702 2672 4768 admirabile,
2703 4705 2746 4757 si
2772 4705 2896 4759 talia
2926 4715 2972 4760 et
2994 4693 3172 4762 videtis
3210 4719 3255 4762 et
3292 4712 3478 4766 auditis
3506 4729 3521 4767 :

1942 4792 2092 4846 hodie
2116 4793 2248 4846 enim
2275 4809 2450 4864 regum
2480 4810 2589 4860 rex,
2619 4805 2665 4848 et
2696 4794 2940 4852 Dominus
2964 4797 3356 4868 dominantium,
3379 4804 3525 4858 Chri-

1942 4895 2048 4940 stus
2087 4884 2354 4950 Dominus,
2384 4880 2683 4940 exeuntide
2708 4887 2800 4941 hoc
2838 4906 3050 4958 nequam
3092 4895 3297 4958 steculo,
3344 4896 3527 4951 animle

1944 4977 2291 5047 gloriosissimi
2332 4976 2655 5054 Hieronymi
2677 4979 2951 5050 presbyteri
2986 4981 3038 5034 in
3082 4980 3334 5037 Bethleem
3376 4984 3530 5041 Jtulte

1945 5053 2335 5134 commorantis,
2369 5079 2499 5124 totus
2527 5071 2732 5140 festivus
2767 5071 2960 5124 obviam
2986 5074 3117 5126 venit
3145 5089 3164 5127 :
3191 5084 3246 5128 ut
3272 5091 3380 5128 eam
3422 5093 3528 5148 pra:

1946 5163 2138 5217 caeteris
2189 5170 2327 5214 tanta
2370 5161 2815 5229 honorificentius,
2868 5171 3008 5215 tanto
3059 5165 3424 5230 excellentius,
3480 5177 3526 5221 et

1946 5254 2210 5306 sublimius
2238 5254 2304 5306 ad
2324 5269 2418 5306 sua
2445 5253 2730 5307 introducat
2757 5271 2933 5324 regna,
2965 5269 3155 5324 quanto
3185 5274 3292 5327 pra?
3329 5261 3523 5312 cwtcris

1948 5346 2253 5401 sublimioris
2279 5354 2325 5400 et
2361 5347 2628 5399 sanctioris
2651 5347 2765 5399 vita:
2791 5348 2980 5400 meritis
3007 5348 3189 5418 fulget.
3227 5349 3398 5403 llodie
3422 5366 3531 5403 om-

1949 5442 2088 5492 niunt
2125 5437 2436 5509 Angelorum
2477 5436 2678 5490 ordines
2704 5437 3013 5490 exsultantes
3037 5447 3085 5491 et
3121 5438 3303 5492 talibus
3328 5439 3528 5493 vocibus

1949 5531 2238 5586 alternatim
2280 5530 2631 5594 concinentes,
2679 5543 2829 5581 suum
2880 5528 3140 5582 sociantur
3189 5527 3465 5582 Dominum
3511 5545 3528 5584 .‘

1953 5626 2102 5678 hodie
2129 5625 2354 5678 onmiunt
2401 5620 2824 5676 Patriarcharum
2853 5629 2900 5672 et
2943 5617 3320 5688 Prophetarum
3351 5632 3524 5690 cretus,

1953 5719 2101 5772 hodie
2130 5706 2482 5786 Apostolorum
2525 5700 2568 5765 et
2607 5699 3218 5780 Discipuloruntchorus,
3243 5711 3390 5764 nodie
3418 5730 3526 5766 ont-

1952 5828 2040 5868 nes
2069 5810 2228 5864 sancti
2260 5805 2510 5877 Martyres
2531 5847 2547 5875 ,
2577 5802 2725 5857 hodie
2760 5802 3100 5871 Uoufessorcs,
3141 5802 3289 5857 hodie
3309 5805 3530 5875 gloriosa
