4052 6338
473 457 477 461 ,
514 388 622 446 287

517 499 614 554 Dei
639 494 867 552 Genitria;
885 491 1074 552 sanctis
1098 488 1329 547 omnibus
1349 487 1588 543 comitata
1615 486 1921 558 uirginibus,
1948 482 2099 538 hodie

515 589 742 646 omnium
779 583 1055 644 Bcatorunt
1094 581 1280 638 animte
1318 577 1622 637 lctubundte
1665 583 1712 632 et
1766 576 1957 647 festiva:
2001 587 2096 627 suo

515 689 787 744 occurrunt
815 678 1166 750 compatriota:
1184 684 1233 731 ct
1254 674 1371 730 civi.
1402 672 1499 728 His
1523 670 1741 734 auditis,
1770 684 1873 722 vox
1902 666 2051 722 siluit
2083 681 2096 718 :

515 776 610 835 sed
639 784 813 830 tamen
838 771 932 828 lux
961 780 1016 826 et
1041 777 1230 826 cantus
1264 776 1320 822 et
1343 765 1480 821 odor
1521 778 1616 831 per
1644 762 1831 817 horam
1863 767 2103 828 postmo-

516 870 644 925 dum
691 865 1042 936 perdurantes
1086 865 1454 918 cessaverunt.
1505 855 1687 924 Itaque
1729 850 1928 920 liquido
1957 855 2103 919 patet

517 962 691 1030 ipsum
735 957 804 1012 de
845 952 1249 1010 sublimioribus
1295 960 1350 1004 et
1394 945 1686 1018 majoribus
1730 941 1933 998 civibus
1963 940 2098 1006 line,

514 1067 626 1125 quo
653 1057 708 1108 et
735 1063 958 1119 magnus
987 1055 1043 1102 et
1071 1043 1334 1101 mirabilis
1360 1050 1462 1104 est,
1495 1047 1550 1094 ct
1581 1035 1902 1092 metuendus
1940 1047 2102 1103 super

525 1159 657 1216 pene
698 1154 888 1198 omnes
933 1138 1162 1196 Sanctus
1189 1135 1261 1191 ob
1303 1133 1404 1189 sibi
1459 1129 1709 1186 traditam
1758 1135 2100 1198 potestatem.

523 1237 657 1296 Nulli
685 1235 754 1292 sit
784 1231 1028 1296 dubium,
1071 1230 1145 1286 ita
1199 1241 1309 1299 prie
1357 1223 1572 1281 ueteris
1616 1236 1736 1292 qua:
1775 1220 1911 1286 vult,
1945 1231 2104 1289 posse

517 1328 693 1399 ipsum
737 1323 951 1394 assequi
986 1321 1171 1378 :sicut
1216 1333 1326 1388 pra:
1352 1314 1567 1372 caeteris
1591 1328 1688 1369 sua
1728 1311 1976 1366 voluntas
2016 1307 2103 1363 di-

516 1421 658 1477 vinat
684 1415 852 1486 magis
875 1413 1134 1470 coluerat.
1168 1409 1356 1466 Nullos
1383 1421 1516 1464 vero
1548 1421 1638 1462 me
1667 1413 1832 1460 tanta:
1869 1400 2104 1458 audacia:

521 1518 698 1580 patet,
722 1514 780 1560 ut
807 1504 973 1561 latear
1003 1502 1178 1574 ipsum
1199 1499 1408 1557 Joanne
1432 1495 1692 1567 Baptista,
1715 1509 1823 1565 quo
1849 1493 2106 1560 (testante

519 1600 640 1670 ipso
660 1595 964 1665 Salvatore)
984 1590 1164 1650 nullus
1186 1590 1358 1660 major
1375 1587 1608 1646 surrexit
1631 1603 1646 1640 :
1666 1585 1829 1642 Petro
1843 1593 1899 1639 et
1921 1582 2104 1649 Paulo,

519 1700 575 1748 ct
598 1689 810 1747 caeteris
837 1685 1126 1742 duodecim
1153 1681 1556 1755 Apostolorum,
1596 1677 1686 1749 qui
1713 1676 1783 1730 ab
1810 1676 1929 1744 ipso
1953 1672 2110 1729 Chri.

521 1792 607 1836 sto
631 1781 790 1837 electi
819 1787 874 1835 et
912 1775 1231 1834 sanctificati
1280 1781 1431 1838 sunt,
1472 1777 1732 1843 praestare
1773 1766 1967 1839 gloria.
1998 1764 2106 1822 Sed

523 1883 702 1929 tamen
729 1879 784 1926 et
808 1869 854 1926 si
885 1866 1168 1939 prohibeat
1194 1864 1334 1921 ratio
1366 1862 1540 1933 ipsum
1571 1860 1678 1917 illis
1719 1858 1976 1927 majorem
2007 1855 2106 1911 ob-

524 1965 696 2020 tinere
721 1958 948 2034 gloriam
969 1959 1022 2014 in
1045 1956 1168 2014 caeli
1197 1969 1383 2026 regno,
1407 1953 1646 2025 aliquem
1665 1954 1868 2007 audere
1886 1949 2106 2004 dicere:

524 2066 704 2112 tamen
735 2053 910 2109 nullas
956 2050 1112 2107 video
1159 2048 1419 2112 rationes,
1469 2059 1569 2100 cur
1608 2043 1679 2098 sit
1715 2040 1868 2099 nefas
1903 2041 2108 2107 dicere,

526 2148 788 2219 aequalem
821 2145 927 2201 illis
956 2144 1009 2199 in
1039 2140 1213 2214 gloria
1244 2141 1625 2210 Hieronymum
1652 2135 1790 2203 fore,
1818 2132 2112 2192 deuorando

530 2240 636 2298 illis
666 2242 720 2296 in
750 2240 873 2294 vita:
901 2236 1186 2293 sanctitate
1210 2231 1420 2288 discors
1457 2244 1566 2288 non
1610 2227 1772 2286 fuerit
1810 2244 1827 2282 :
1853 2241 1974 2282 cunt
2004 2241 2111 2282 non

526 2335 598 2389 sit
625 2345 972 2404 personarum
1005 2335 1256 2397 acceptor
1287 2325 1448 2389 Deus,
1482 2320 1578 2378 sed
1629 2319 1962 2391 singulorum
1993 2332 2112 2373 me-

530 2424 633 2480 rita
660 2422 976 2485 decernens,
1024 2429 1081 2474 et
1108 2415 1345 2473 reddens
1389 2412 1678 2483 unicuique
1705 2410 1849 2482 quod
1889 2409 2111 2466 meruit.

530 2515 602 2571 At
627 2514 669 2569 si
697 2513 943 2580 cuiquam
973 2509 1215 2563 videatur
1239 2506 1506 2564 minorem
1531 2502 1740 2559 Joanne
1763 2511 1820 2556 et
1843 2499 2116 2572 Apostolis

532 2603 918 2672 Hieronymum
962 2597 1187 2670 gloriam
1227 2595 1492 2660 obtinere,
1524 2607 1712 2662 parum
1743 2589 1988 2647 videatur
2015 2588 2118 2644 tui-

534 2709 720 2750 norem
751 2693 924 2762 ipsum
956 2689 1200 2744 obtinere
1233 2704 1247 2741 :
1274 2700 1419 2748 cum,
1448 2693 1504 2738 et
1550 2683 1594 2738 si
1637 2681 1783 2737 illius
1820 2679 2120 2736 sanctitatis

535 2786 742 2850 merita,
774 2783 916 2838 illius
941 2780 1140 2836 laboris
1162 2777 1367 2849 gravia,
1392 2775 1532 2830 illius
1558 2775 1836 2844 scriptura:
1867 2781 1926 2828 et
1953 2771 2120 2827 veris-

534 2880 686 2934 sitnre
729 2873 1120 2931 Translationis
1167 2869 1446 2938 utriusque
1490 2865 1846 2931 Testamenti,
1899 2862 2115 2919 Ofﬁcio~

533 2984 762 3040 rumque
782 2964 1138 3022 ordinationis
1159 2959 1386 3025 fructus,
1411 2975 1516 3015 non
1543 2957 1718 3016 solum
1741 2956 2117 3028 prtesentibus.

522 3047 631 3117 sed
661 3060 822 3116 etiam
853 3056 1067 3120 futuris,
1099 3052 1482 3126 perspicaciter
1523 3056 1710 3106 cernat
1742 3065 1756 3096 ε
1785 3048 2122 3122 paulominus

537 3155 649 3209 lore
674 3152 745 3207 nil
774 3151 949 3222 ipsum
971 3147 1040 3203 ab
1060 3145 1264 3204 eisdem
1288 3144 1341 3198 in
1368 3142 1539 3214 gloria
1559 3138 1865 3197 discordem
1899 3156 1913 3193 :
1943 3149 2002 3195 ut
2027 3155 2119 3195 ve-

538 3259 658 3300 rum
691 3251 859 3297 testor
887 3241 1077 3304 Deum,
1108 3245 1236 3307 puto
1261 3233 1542 3307 iudicabit.
1565 3232 1736 3288 Porro
1765 3245 1833 3287 ne
1856 3228 2123 3301 aliquibus

539 3331 818 3395 deridendi
853 3331 1102 3402 laqueum
1153 3327 1376 3398 injicere
1421 3323 1624 3390 videar,
1665 3322 1792 3379 dum
1830 3321 2024 3378 Joanni
2067 3330 2124 3376 et

540 3422 812 3493 Apostolis
843 3422 894 3476 in
926 3420 1208 3476 sanctitate
1247 3426 1302 3472 et
1339 3417 1531 3488 gloria,
1563 3414 1824 3484 :equalem
1852 3426 1973 3469 esse
2001 3411 2125 3468 llic-

542 3527 827 3584 ronymum
855 3511 1254 3565 sanctissimum
1285 3507 1458 3562 fateor
1486 3524 1498 3561 :
1531 3519 1694 3560 unum
1723 3502 1865 3576 quod
1894 3501 2123 3574 expletis

545 3605 780 3662 nondum
812 3603 1002 3660 diebus
1050 3610 1280 3672 quatuor
1322 3601 1373 3654 iu
1416 3599 1623 3653 visione
1660 3595 1792 3664 vidi,
1833 3595 2122 3662 enarrabo,

546 3708 605 3754 ut
633 3698 829 3754 veritas
871 3709 976 3750 non
1021 3695 1202 3762 lateat,
1234 3701 1290 3748 et
1327 3709 1395 3748 ne
1435 3691 1559 3763 quis
1591 3704 1679 3745 me
1703 3690 1802 3745 bas
1830 3688 2016 3746 laudes
2041 3703 2128 3744 re-

548 3802 732 3846 texere
758 3789 963 3853 credat,
999 3787 1080 3842 vel
1112 3801 1297 3842 amore
1323 3785 1549 3849 carnali,
1589 3799 1696 3854 quo
1726 3783 1890 3839 homo
1926 3797 1958 3840 tt
1986 3781 2128 3837 veri-

544 3884 671 3936 tatis
715 3881 1020 3951 cognitione
1067 3879 1302 3934 maxime
1356 3875 1558 3944 deviat,
1605 3876 1690 3932 vel
1723 3890 1934 3930 vesana:
1977 3889 2128 3930 men-

547 3975 617 4028 tis
684 3973 993 4043 imperitia,
1065 3969 1152 4024 vcl
1207 3968 1308 4022 alia
1380 3981 1722 4038 quacumque
1784 3979 1966 4022 causa.
2019 3963 2124 4020 Sed

546 4081 633 4123 tne
664 4063 764 4118 hoe
791 4063 1064 4133 ambigant
1101 4060 1168 4114 ab
1221 4058 1438 4116 homine
1481 4057 1810 4114 intellexisse
1853 4055 2074 4110 minime
2109 4067 2124 4109 :

546 4157 642 4213 sed
696 4172 792 4228 per
846 4155 1162 4210 relationem
1211 4167 1370 4222 quam
1419 4152 1562 4207 Deus
1613 4150 1980 4218 omnipotens,
2033 4148 2127 4218 qui

547 4261 676 4302 suos
735 4247 941 4301 exaltat
1008 4245 1270 4311 Sanctus,
1337 4251 1394 4297 et
1461 4240 1746 4296 exaltando
1803 4238 2126 4309 magniﬁcat.

545 4340 746 4408 Quarta
791 4343 1064 4408 prateunte
1099 4341 1255 4390 nocte
1277 4373 1291 4399 ,
1323 4331 1453 4387 mihi
1479 4330 1632 4385 avide
1669 4330 1919 4400 cogitanti
1941 4371 1957 4396 ,
2001 4328 2130 4400 quid

547 4428 742 4496 laudis,
772 4426 966 4500 quidve
985 4425 1301 4484 reverentia:
1330 4423 1524 4480 debitae
1553 4421 1883 4494 Hieronymo
1909 4422 1962 4476 in
1979 4422 2130 4478 brevi

549 4532 846 4578 retexercm
887 4519 1163 4590 Epistula,
1195 4515 1581 4572 demonstravit
1622 4513 1727 4568 hoc
1765 4513 1963 4568 modo:
1997 4514 2129 4572 Dum

549 4615 726 4684 itaque
751 4611 846 4686 (ut
871 4612 1011 4678 dixi)
1040 4609 1334 4681 disponens
1373 4606 1513 4662 banc
1549 4605 1839 4676 Epistolam
1869 4605 1964 4661 tibi
1993 4607 2130 4664 scri-

541 4702 712 4770 bere,
751 4704 1042 4774 cogitarem
1087 4710 1268 4771 aptam
1304 4698 1478 4756 laudis
1516 4697 1795 4752 materiam
1836 4697 2130 4754 invenire:

549 4792 683 4850 hora
709 4793 1026 4849 adveniente
1052 4793 1224 4848 noctis
1248 4791 1444 4857 media,
1469 4807 1555 4847 me
1582 4805 1804 4846 somnus
1825 4792 2128 4862 oppressit:

549 4893 605 4940 et
627 4900 754 4940 ecce
784 4884 1014 4940 maxima
1045 4883 1174 4938 mihi
1203 4882 1351 4937 alluit
1379 4882 1686 4952 angelorum
1717 4881 2020 4949 multitudo,
2054 4882 2135 4938 in-

550 4990 630 5034 ter
654 4991 791 5048 quos
815 4971 1078 5046 fulgentes
1108 4975 1226 5045 plus
1253 4975 1462 5028 inﬁnito
1488 4974 1604 5030 sole
1625 4974 1731 5028 duo
1754 4985 1908 5030 erant
1933 4975 2030 5031 viri
2061 4976 2132 5031 ita

547 5065 750 5126 similes
779 5070 834 5125 el
875 5067 1168 5124 uniformes
1190 5108 1205 5132 ,
1236 5076 1296 5123 ιιι
1324 5066 1468 5121 nulla
1498 5067 1548 5120 iu
1576 5067 1654 5122 eis
1683 5067 1954 5122 videretur
1981 5068 2135 5124 (ιδπε-

547 5162 739 5229 rentia,
771 5164 874 5233 qua
903 5161 1040 5216 alter
1062 5159 1130 5214 ab
1157 5159 1330 5214 altero
1358 5157 1576 5212 ditl'erre
1605 5166 1786 5226 posset
1813 5176 1828 5211 :
1857 5159 1958 5216 nisi
1988 5161 2129 5231 quod

546 5256 646 5310 tria
675 5261 816 5309 serta
848 5251 1053 5308 ferebat
1074 5251 1209 5305 alter
1241 5250 1293 5304 in
1318 5249 1514 5320 capite,
1542 5263 1606 5305 ex
1633 5264 1765 5304 auro
1789 5259 1843 5306 et
1871 5251 2132 5322 lapidibus

549 5345 802 5419 pretiosis
844 5365 858 5402 :
899 5345 1038 5400 alter
1075 5359 1203 5398 vero
1243 5343 1372 5399 duo.
1419 5343 1478 5398 Hi
1527 5343 1920 5402 candidissimis
1963 5345 2130 5404 induti

547 5440 792 5496 conubiis
812 5479 827 5505 ,
855 5437 1090 5510 undique
1115 5452 1249 5491 auro
1284 5437 1614 5508 gemmisque
1641 5441 1903 5497 contextis
1921 5483 1937 5508 ,
1971 5450 2131 5498 tanta:

548 5543 704 5589 erant
746 5530 1194 5603 pulchritudinis,
1227 5539 1285 5586 ut
1313 5545 1418 5585 non
1450 5531 1623 5587 valeat
1649 5533 1912 5603 quispiam
1943 5534 2127 5604 imagi~

553 5627 689 5681 nari.
719 5623 1056 5682 Accedentes
1085 5622 1264 5694 itaque
1291 5621 1366 5677 illi
1394 5623 1553 5680 ambo
1579 5639 1744 5694 prope
1773 5639 1860 5679 me
1881 5665 1899 5690 ,
1929 5626 2030 5680 sub
2053 5624 2131 5678 si-

548 5705 715 5772 lentio
745 5715 1015 5787 paulisper
1037 5721 1319 5770 steterunt.
1351 5713 1552 5772 Deinde
1582 5715 1671 5770 ille
1692 5716 1782 5786 qui
1806 5716 1902 5771 tria
1929 5716 2132 5771 ferebat

547 5819 689 5867 serta
714 5852 729 5877 ,
764 5809 848 5864 his
886 5823 972 5865 me
1009 5805 1184 5865 verbis
1224 5807 1318 5864 luit
1347 5808 1604 5864 allocutus
1637 5807 1912 5878 :Cogitas,
1948 5814 2120 5878 Augu-
2170 5869 2180 5875 ε

1487 373 1581 431 os
1619 340 2169 432 nasutrtcmrns
2206 368 2407 425 nam
2449 366 2847 426 tnsnouvut.

3691 369 3798 432 258

2165 513 2172 519 ι
2204 482 2353 547 stine,
2379 483 2502 550 quid
2527 484 2706 538 debeas
2735 485 2904 539 laudis
2930 483 2994 538 de
3021 481 3332 556 Hieronymo
3363 487 3416 540 in
3444 485 3651 542 reritate
3679 505 3800 553 pro-

2207 574 2382 644 ferre!
2408 572 2478 627 Et
2504 585 2636 629 certe
2671 575 2761 629 diu
2798 577 3059 648 cogitans,
3101 578 3326 632 nondum
3365 581 3500 632 nosti
3527 595 3548 635 :
3571 579 3660 634 sed
3700 581 3798 638 huc

2208 666 2358 720 ambo
2383 667 2628 734 venimus,
2657 676 2714 722 ut
2737 669 2847 740 ejus
2868 669 2955 722 tibi
2978 669 3193 739 gloriam
3217 669 3519 726 indicemus.
3549 670 3648 726 Hic
3670 685 3800 729 certe

2206 772 2349 810 meus
2376 757 2541 811 socius
2567 774 2714 827 quem
2742 759 2900 826 uides,
2936 758 3278 830 Hieronymus
3307 763 3416 831 ipse
3437 771 3532 828 est,
3559 763 3647 833 qui
3671 764 3799 818 sicut

2207 847 2417 917 aqualis
2447 848 2571 902 mihi
2600 850 2652 904 in
2677 850 2792 904 vita:
2818 852 3083 906 sanctitate
3109 853 3207 924 fuit
3228 891 3245 920 ,
3287 853 3358 905 ita
3396 869 3487 923 per
3530 857 3704 908 omnia
3746 857 3800 910 in

2206 941 2372 1011 gloria
2398 942 2610 1010 aqualis
2638 953 2730 997 est.
2767 942 2833 998 Et
2866 960 2981 1014 qua:
3021 960 3256 1014 possunt,
3291 955 3339 998 et
3379 945 3488 1015 ipse
3530 955 3724 1014 potest,
3752 957 3802 1001 et

2207 1049 2320 1104 qua:
2348 1034 2497 1101 uolo,
2537 1043 2582 1089 et
2619 1035 2727 1104 ipse
2759 1035 2894 1101 oult,
2929 1045 2977 1089 et
3013 1037 3162 1090 sicuti
3201 1034 3363 1090 Deum
3398 1037 3541 1091 video
3565 1078 3581 1104 ,
3611 1045 3655 1091 et
3695 1038 3807 1106 ipse

2208 1130 2360 1197 ridet,
2394 1139 2441 1184 et
2467 1130 2744 1201 cognoscit,
2771 1139 2816 1184 et
2845 1127 3102 1200 intelligit,
3132 1131 3184 1183 in
3211 1147 3310 1201 quo
3335 1131 3498 1185 omnis
3528 1142 3727 1198 nostra,
3755 1143 3800 1187 et

2209 1219 2518 1276 Sanctorum
2547 1220 2771 1274 omnium
2796 1219 3024 1274 consistit
3051 1222 3230 1291 gloria!
3254 1219 3534 1277 beatitudo.
3567 1220 3679 1277 Nec
3703 1223 3801 1277 ha.

2209 1311 2287 1365 bet
2313 1317 2557 1382 majorem
2592 1312 2667 1366 uel
2695 1312 2942 1366 minorem
2975 1313 3189 1383 gloriam
3215 1314 3346 1368 alter
3371 1313 3434 1368 ab
3473 1315 3636 1370 altero
3665 1315 3796 1372 San-

2207 1406 2402 1450 ctorum
2425 1436 2442 1461 ,
2467 1395 2566 1449 nisi
2599 1395 2650 1448 in
2681 1405 2928 1461 quantum
2969 1397 3132 1468 magis
3160 1406 3206 1450 et
3231 1398 3398 1452 minus
3424 1399 3647 1454 divinam
3677 1416 3802 1455 cott-

2211 1487 2483 1556 temptatur
2507 1487 2742 1556 speciem,
2770 1487 2875 1542 sine
2901 1489 3179 1559 cognoscit.
3208 1487 3416 1544 Sertum
3454 1506 3569 1545 vero
3597 1491 3800 1545 tertium

2182 1579 2345 1649 ,quod
2386 1579 2502 1649 plus
2539 1579 2631 1633 illo
2675 1577 2783 1648 fero
2802 1619 2818 1643 ,
2859 1578 3067 1633 aureola
3102 1578 3336 1650 martyrii
3374 1588 3479 1648 est,
3507 1596 3606 1651 quo
3647 1580 3803 1635 vitam

2211 1668 2353 1736 [inici
2379 1669 2626 1737 corporis.
2659 1668 2762 1736 Qui
2789 1677 2835 1723 et
2859 1669 2904 1723 si
2931 1669 2984 1723 in
3012 1668 3202 1724 mundo
3229 1667 3292 1724 ob
3321 1669 3538 1737 labores,
3564 1672 3803 1742 paeniten-

2212 1763 2330 1829 tias,
2352 1777 2626 1827 erumnas,
2656 1762 2968 1833 uﬁlictiones,
2994 1762 3220 1828 uerbera,
3249 1763 3600 1828 contumelias,
3629 1773 3678 1818 et
3707 1765 3802 1820 hoc

2213 1855 2407 1909 minuat
2434 1855 2709 1925 opprobria
2732 1863 2778 1908 et
2804 1853 3103 1919 derisiones,
3133 1862 3182 1908 et
3219 1863 3404 1908 caetera
3430 1853 3577 1909 ualde
3602 1855 3802 1927 graria,

2212 1962 2328 2019 qua:
2348 1946 2420 2002 ita
2447 1947 2659 2017 paciﬁca
2681 1948 2907 2018 pertulit,
2927 1948 2999 2001 ita
3020 1947 3299 2020 gaudenter
3319 1957 3525 2018 propter
3545 1944 3730 2016 Deum,
3750 1959 3805 2003 ut

2213 2040 2266 2094 in
2290 2038 2670 2109 inﬁrmitatibus
2696 2033 2973 2094 exsultant
2991 2081 3006 2106 ,
3037 2049 3085 2094 et
3110 2053 3255 2094 verus
3293 2051 3486 2112 martyr
3523 2042 3802 2110 exstiterit,

2214 2144 2264 2190 et
2301 2135 2510 2205 praemia
2548 2135 2780 2205 martyrii
2819 2151 2919 2190 non
2961 2136 3187 2190 amiserit
3217 2152 3236 2190 :
3266 2145 3433 2191 tamen
3471 2136 3591 2205 quia
3629 2135 3805 2208 gladio

2215 2228 2370 2282 vitam
2397 2243 2499 2283 non
2524 2227 2707 2296 finiuit,
2736 2228 3018 2292 aureolam,
3047 2245 3162 2299 quae
3187 2229 3239 2282 in
3259 2229 3463 2300 signum
3488 2229 3646 2282 datur
3669 2244 3808 2282 utar-

2217 2325 2336 2396 tyrii
2357 2365 2373 2390 ,
2403 2339 2506 2378 non
2546 2324 2716 2379 habet.
2747 2323 2901 2380 Serta
2936 2337 3053 2379 vero
3090 2324 3193 2378 duo
3237 2326 3342 2379 alia
3378 2337 3491 2395 quae
3527 2322 3804 2391 habemus,

2217 2415 2438 2470 aureolte
2465 2425 2583 2469 sunt
2603 2457 2618 2478 ,
2647 2431 2760 2487 quae
2787 2417 2951 2470 solum
2979 2416 3254 2486 virginibus
3279 2426 3324 2471 et
3353 2416 3642 2471 doctoribus
3677 2414 3808 2470 dan-

2219 2519 2322 2576 tur,
2353 2519 2408 2563 ut
2437 2510 2497 2564 ab
2527 2509 2645 2563 aliis
2673 2510 3049 2564 discernantur.
3084 2508 3163 2563 Ad
3199 2509 3310 2563 [nec
3343 2508 3438 2581 (ut
3483 2507 3614 2563 mihi
3658 2507 3808 2562 vidc-

2221 2600 2397 2671 batur)
2428 2597 2678 2670 reSpondi
2709 2616 2724 2652 :
2753 2598 2885 2667 Quis
2913 2599 3056 2654 enim
3085 2614 3165 2667 es,
3197 2599 3420 2654 Domine
3445 2599 3560 2654 mi?
3585 2597 3655 2653 Et
3680 2599 3806 2653 ille:

2220 2689 2473 2757 Joannes,
2502 2690 2692 2760 inquit,
2725 2689 2961 2761 Baptista
2988 2706 3123 2757 sunt,
3152 2690 3241 2761 qui
3265 2693 3364 2744 huc
3390 2689 3459 2743 ad
3482 2698 3530 2744 te
3553 2684 3810 2752 descendi,

2222 2793 2279 2838 ut
2305 2783 2590 2837 nuntiarem
2619 2783 2715 2835 tibi
2748 2780 3048 2852 Hieronymi
3076 2782 3290 2852 gloriam
3319 2797 3338 2835 :
3363 2790 3610 2853 quatenus
3647 2781 3813 2849 ipsum

2200 2875 2454 2947 ,gentibus
2485 2875 2704 2930 nunties.
2746 2873 2856 2929 Hoc
2883 2874 3018 2929 enim
3058 2875 3255 2929 noveris
3285 2889 3304 2929 :
3329 2875 3448 2942 quia
3476 2875 3636 2929 honor
3659 2883 3710 2928 et
3734 2885 3812 2927 re-

2224 2967 2446 3021 verentia
2470 2983 2586 3038 qua:
2613 2966 2826 3038 singulis
2853 2965 3160 3022 Sanctorum
3180 2965 3462 3030 exhibetur,
3487 2965 3682 3020 caneris
3707 2981 3815 3018 aut.

2225 3058 2369 3113 nibus
2395 3057 2657 3113 exhibetur
2684 3073 2703 3112 :
2729 3074 2792 3112 ne
2819 3068 2963 3128 putes
2988 3067 3044 3112 ut
3069 3058 3239 3130 aliqua
3264 3058 3327 3113 sit
3359 3057 3413 3110 in
3439 3055 3565 3111 ctelo
3599 3056 3812 3119 inuidia,

2225 3159 2280 3203 ut
2305 3150 2358 3203 in
2384 3149 2594 3203 mundo.
2636 3149 2786 3206 Sicut
2814 3150 2949 3204 enim
2987 3150 3040 3203 in
3083 3149 3275 3204 mundo
3311 3149 3517 3220 quilibet
3556 3149 3816 3202 hominum

2225 3242 2420 3296 caeteris
2445 3256 2660 3310 prteesse
2683 3241 2851 3312 potius
2880 3237 3046 3306 vellet,
3070 3257 3220 3311 quant
3245 3239 3485 3296 subesse:
3507 3239 3580 3294 ita
3609 3241 3662 3294 in
3692 3240 3818 3294 ctelo

2225 3343 2435 3406 propter
2461 3335 2727 3389 caritatem
2765 3330 3094 3401 ine/rabilem,
3123 3348 3222 3404 qua
3260 3349 3314 3388 se
3345 3333 3561 3386 invicem
3600 3332 3826 3402 diligunt

2227 3424 2385 3479 beatte
2429 3426 2644 3491 animus,
2690 3425 2896 3495 quilibet
2942 3424 3250 3480 Sanctorum
3290 3425 3362 3478 ita
3401 3423 3612 3479 alterius
3653 3423 3819 3495 gloria

2227 3516 2451 3589 gaudet,
2480 3517 2608 3572 sicut
2637 3533 2749 3571 sua.
2782 3517 3072 3582 Quinetiam
3114 3515 3260 3570 vellet
3294 3515 3502 3586 quisque
3539 3514 3738 3581 maior,
3765 3524 3820 3569 ut

2227 3609 2437 3676 quisque
2463 3608 2632 3661 minor
2662 3607 2760 3662 sibi
2799 3617 2926 3662 esset
2966 3608 3180 3677 aqualis
3215 3616 3262 3661 et
3309 3622 3432 3678 pene
3467 3608 3633 3678 major
3661 3607 3820 3676 :quia

2229 3699 2340 3770 ejus
2365 3699 2533 3770 gloria
2553 3708 2684 3753 esset
2708 3714 2804 3752 sua
2827 3713 2846 3752 :
2871 3699 2945 3751 ita
2977 3699 3144 3751 minor
3167 3697 3376 3769 majoris
3408 3695 3571 3768 gloria
3597 3697 3818 3765 gaudet,

2229 3789 2381 3845 sicuti
2403 3789 2447 3843 si
2471 3806 2581 3844 eam
2609 3789 2813 3843 haberet
2839 3804 2858 3843 :
2883 3805 2974 3842 nec
2999 3789 3144 3844 vellet
3171 3805 3282 3842 eam
3312 3789 3508 3854 habere,
3533 3797 3588 3841 ut
3611 3787 3700 3841 ille
3720 3804 3820 3841 non

2231 3881 2432 3935 haberet
2467 3896 2486 3934 :
2517 3881 2618 3934 imo
2656 3881 2822 3951 potius
2861 3881 2925 3934 de
2961 3896 3056 3934 sua
3079 3921 3094 3944 ,
3137 3881 3182 3934 si
3214 3884 3296 3952 fas
3325 3889 3484 3945 esset,
3516 3879 3818 3949 impertiret.

2235 3973 2383 4030 Unde
2405 3974 2568 4045 gloria
2593 3973 2931 4044 singulorum,
2951 3982 3024 4026 est
3047 3971 3212 4041 gloria
3235 3982 3530 4025 cunctorum
3553 3987 3572 4024 :
3589 3979 3638 4024 et
3658 3971 3822 4041 gloria

2229 4075 2552 4132 cunctorum,
2587 4074 2658 4118 est
2699 4065 2863 4134 gloria
2899 4064 3234 4134 singulorum.
3265 4062 3358 4117 llis
3383 4062 3561 4129 dictis,
3593 4063 3822 4117 societas

2231 4158 2408 4213 omnis
2453 4157 2544 4212 illa
2584 4157 2851 4212 discessit.
2884 4156 2950 4211 Et
2991 4156 3398 4227 expergefactus
3429 4155 3498 4209 ita
3528 4170 3557 4210 a
3589 4169 3781 4210 somno
3803 4196 3819 4221 ,

2231 4257 2411 4304 tantus
2441 4250 2492 4303 in
2523 4264 2609 4304 me
2647 4247 2824 4304 subito
2867 4247 3011 4302 sensi
3050 4247 3289 4302 caritatis
3317 4247 3566 4312 ardores,
3594 4255 3822 4317 quantos

2234 4339 2286 4395 iu
2315 4355 2400 4396 me
2439 4355 2710 4411 nunquam
2758 4355 3054 4396 senseram.
3089 4337 3223 4394 Nam
3263 4338 3518 4410 deinceps
3564 4338 3823 4394 hactenus

2234 4447 2506 4503 nunquam
2537 4433 2786 4502 aliqualis
2822 4431 2874 4486 iu
2914 4447 3002 4486 me
3029 4431 3113 4485 vel
3154 4430 3387 4497 invidiae,
3418 4429 3501 4484 vel
3534 4429 3820 4500 superbire,

2233 4525 2349 4581 sive
2391 4525 2711 4597 arrogantizo
2756 4524 2856 4580 fuit
2891 4525 3162 4595 appetitus
3204 4525 3286 4580 vel
3327 4523 3598 4594 cogitatio.
3647 4524 3825 4580 Testis

2233 4619 2377 4672 enim
2416 4626 2501 4674 est
2546 4618 2716 4682 Deus,
2745 4617 2836 4687 qui
2877 4617 3057 4672 omnia
3103 4625 3390 4687 antequam
3437 4615 3604 4680 liant,
3635 4617 3780 4671 novit
3805 4656 3820 4680 ,

2234 4709 2376 4779 quod
2407 4709 2529 4765 inde
2557 4717 2736 4764 tantus
2764 4709 2818 4764 in
2846 4724 2932 4763 me
2954 4708 3156 4763 exstitit
3183 4708 3422 4762 caritatis
3452 4707 3651 4773 fervor,
3680 4707 3824 4778 quod

2237 4801 2356 4871 plus
2381 4801 2558 4857 alieno
2599 4800 2740 4855 bono
2784 4800 3026 4870 gaudeo,
3065 4814 3225 4870 quam
3271 4799 3432 4854 meo?
3471 4799 3592 4870 plus
3630 4798 3824 4855 allecto

2234 4894 2485 4950 omnibus
2515 4893 2737 4949 subesse
2755 4933 2770 4959 ,
2811 4908 2968 4963 quam
3003 4907 3256 4962 pulsasse.
3288 4893 3415 4947 llzec
3445 4892 3646 4948 idcirco
3671 4892 3824 4947 dixe-

2236 4987 2360 5053 rim,
2390 5003 2496 5042 non
2527 4995 2586 5042 ut
2609 4984 2782 5040 laudis
2810 4985 3082 5053 acquiram
3112 4983 3330 5050 famam,
3359 4983 3454 5040 sed
3481 4993 3538 5038 ut
3561 4984 3684 5054 quis
3710 4984 3826 5040 huic

2237 5092 2343 5134 non
2373 5086 2525 5149 putet
2551 5091 2686 5132 vana
2712 5076 2874 5130 luisse
2901 5075 3131 5140 somnia,
3159 5077 3354 5145 quibus
3383 5091 3531 5145 saepe
3552 5075 3826 5131 deluditur

2237 5183 2391 5226 mens
2418 5176 2622 5224 nostra.
2653 5165 2809 5235 Saepe
2835 5165 2978 5220 enim
3007 5165 3146 5221 Deus
3170 5165 3482 5222 abscondita
3513 5176 3568 5222 et
3594 5168 3824 5221 maxima

2237 5275 2333 5330 per
2359 5259 2564 5314 somnia
2613 5263 2836 5312 reserat.
2883 5255 3282 5327 Magnilieemns
3321 5271 3450 5328 ergo
3488 5261 3652 5326 opera
3683 5271 3818 5313 sua:

2235 5349 2488 5419 quoniam
2521 5345 2753 5416 perlecta
2783 5354 2930 5413 sunt,
2961 5361 3061 5402 nec
3088 5355 3170 5402 est
3198 5347 3250 5401 in
3281 5347 3360 5402 eis
3390 5347 3664 5418 iniquitas.
3692 5346 3829 5403 San-

2235 5449 2377 5496 ctum
2410 5437 2622 5492 Domini
2653 5435 3058 5507 Hieronymum,
3099 5446 3320 5508 propter
3346 5438 3540 5513 Deum,
3569 5452 3696 5494 cum
3720 5451 3828 5509 quo

2236 5535 2426 5598 regnat
2464 5541 2689 5590 secure,
2726 5526 3129 5596 magniﬁcemus
3156 5543 3170 5580 :
3198 5526 3449 5598 quoniam
3487 5528 3543 5584 in
3585 5529 3691 5583 vita
3731 5542 3828 5583 sua

2235 5619 2516 5687 magniﬁce
2547 5617 2692 5682 fecit,
2722 5618 2774 5673 in
2804 5627 2980 5675 morte
3003 5634 3100 5674 sua
3129 5619 3410 5690 magniﬁca
3437 5621 3662 5692 recepit.
3688 5622 3828 5690 Qua-

2239 5721 2459 5783 propter
2488 5727 2712 5783 magnus
2748 5723 2832 5770 est
2876 5714 2929 5768 in
2969 5713 3148 5769 medio
3189 5715 3357 5770 nostri
3388 5723 3484 5770 :et
3523 5726 3747 5771 sanctus
3774 5723 3830 5769 et

2243 5803 2484 5862 excelsus
2515 5805 2564 5860 in
2598 5805 2718 5861 vita:
2751 5803 3219 5862 excellentissima:
3259 5807 3563 5863 sanctitate.
3607 5794 3829 5880 Magnus
