4052 6338
762 323 788 337 κ

285 387 387 450 ⁸389

282 516 492 563 sanctus
517 515 572 564 et
598 508 866 578 excelms,
893 511 945 565 iu
972 509 1248 580 sapientia:
1270 510 1556 570 ineffabilia
1583 510 1862 583 profundi-

281 608 404 653 tate.
429 598 652 670 Magnus
674 613 890 658 sanctus
919 611 970 658 ct
999 603 1378 674 przeexcelsus,
1403 604 1456 657 in
1483 603 1704 672 majoris
1723 617 1864 658 nunc

278 691 455 760 glorias
481 693 800 761 quantitate.
834 693 1088 750 Mirabilis
1115 703 1170 749 et
1209 693 1488 749 laudabilis
1513 702 1567 748 et
1595 692 1862 764 gloriosus

278 783 329 837 in
357 783 614 854 prodigiis
645 783 852 852 invisis,
885 786 1136 842 inauditis
1172 795 1228 842 et
1257 787 1500 842 insuetis.
1526 784 1858 852 Metuendns,

277 873 549 939 colendus,
579 882 634 930 et
665 876 1020 940 venerandus,
1053 878 1122 931 ob
1164 877 1265 932 sibi
1296 876 1543 932 traditam
1569 891 1600 931 a
1633 876 1861 930 Domino

281 972 620 1032 potestatem,
651 965 930 1032 honorem,
965 977 1020 1022 et
1048 966 1276 1038 gloriam
1314 966 1720 1037 sempiternam.
1751 965 1859 1021 Ma-

266 1054 586 1124 gnificemus
615 1073 764 1128 ergo,
796 1060 1041 1128 obsecro,
1075 1075 1220 1128 eum,
1249 1075 1348 1116 nec
1377 1069 1648 1116 taceamus
1677 1076 1693 1115 :
1721 1074 1856 1130 quo-

275 1147 412 1200 niam
442 1148 613 1218 major
631 1159 711 1206 est
732 1151 876 1206 omni
904 1151 1084 1207 laude.
1113 1151 1277 1207 Notas
1298 1151 1554 1207 faciamus
1575 1151 1629 1206 in
1651 1150 1859 1222 populis

272 1238 451 1308 gloria:
476 1255 588 1296 suae
612 1241 820 1300 laudes.
851 1242 966 1298 Non
995 1244 1219 1298 miretur
1260 1242 1422 1298 homo
1449 1242 1494 1298 si
1521 1257 1667 1310 eum,
1699 1257 1857 1313 quem

275 1330 409 1411 Deus
436 1332 798 1403 magnificavit
821 1343 876 1390 et
907 1335 1093 1401 coluit,
1118 1331 1417 1390 laudamus.
1440 1333 1557 1390 Non
1585 1333 1856 1388 hominem

273 1420 444 1491 pigeat
469 1423 738 1490 venerari,
769 1432 826 1480 et
859 1425 1039 1502 colere
1065 1439 1223 1496 quem
1255 1425 1393 1480 Deus
1420 1423 1584 1481 coluit
1610 1434 1664 1480 et
1692 1439 1858 1480 vene-

270 1521 413 1568 ratus
441 1523 543 1570 est.
574 1505 689 1572 Non
723 1526 871 1590 putet
899 1518 1164 1589 quispiam
1198 1517 1390 1574 Joanni
1418 1525 1474 1573 et
1501 1516 1771 1588 Apostolis
1802 1517 1855 1572 in

267 1603 432 1674 gloria
461 1616 516 1664 et
539 1609 822 1665 sanctitate
855 1609 1117 1680 aequando
1145 1609 1551 1682 Hieronymum,
1579 1608 1770 1666 Joanni
1798 1616 1854 1665 et

267 1696 540 1766 Apostolis
564 1713 820 1757 exercere
850 1700 1095 1770 injuriam
1123 1717 1138 1755 :
1165 1701 1414 1770 quoniam
1442 1700 1547 1756 illis
1576 1711 1852 1767 praestare,

267 1797 318 1843 et
364 1789 534 1858 gloria
578 1799 634 1845 et
677 1791 958 1848 sanctitate
999 1791 1044 1847 si
1085 1800 1343 1862 possent,
1375 1799 1642 1860 optarent.
1675 1790 1853 1846 Gloria

265 1883 407 1939 enim
451 1894 506 1940 et
548 1886 824 1942 beatitudo
851 1887 1001 1956 ejus,
1034 1902 1220 1944 eorum
1249 1896 1334 1943 est
1360 1887 1530 1958 gloria
1558 1902 1574 1942 :
1600 1884 1852 1940 ct-beati-

267 1975 392 2032 tudo
420 1992 607 2033 eorum
635 1986 719 2034 est
744 1992 863 2034 sua.
895 1979 1099 2046 Honor,
1131 1979 1264 2046 laus,
1291 1988 1344 2035 et
1370 1977 1668 2034 reverentia
1693 1992 1723 2031 a
1758 1991 1856 2032 no-

263 2066 344 2124 bis
375 2069 614 2124 exhibita
654 2069 981 2140 Hieronymo
1003 2109 1020 2136 ,
1049 2084 1238 2125 eorum
1267 2068 1489 2139 singulis
1527 2067 1808 2130 exhibetur
1836 2083 1850 2120 :

263 2171 315 2216 et
347 2178 468 2233 qua:
507 2163 614 2219 illis
653 2163 920 2234 sigillatim
947 2163 1250 2228 exhibetur,
1276 2162 1605 2233 Hieronymo
1629 2158 1852 2216 exhibe-

263 2261 364 2308 tur.
402 2253 457 2310 Si
489 2269 619 2326 ergo
659 2255 809 2325 cupis
849 2254 1112 2310 Joannem
1157 2253 1449 2324 Baptistam
1476 2261 1532 2306 et
1568 2249 1854 2320 Apostolus

260 2348 507 2402 venerari
531 2388 546 2412 ,
589 2347 750 2403 simul
793 2361 1055 2403 venerare
1092 2347 1269 2416 ipsum
1301 2360 1316 2400 ε
1347 2343 1598 2414 quoniam
1628 2342 1734 2396 illis
1761 2357 1854 2410 per

257 2440 438 2494 omnia
461 2448 545 2496 est
569 2441 811 2511 :equalis.
840 2439 1039 2496 Secura
1065 2439 1226 2509 igitur
1254 2449 1451 2503 mente,
1470 2437 1613 2492 omni
1632 2436 1850 2504 depulsa

168 2579 171 2582 _
239 2529 551 2588 formidine
576 2573 593 2599 ,
623 2532 885 2588 Joannem
914 2530 1202 2601 Baptistam
1235 2529 1561 2600 Hieronymo
1593 2528 1849 2599 a-qualem

253 2633 306 2681 et
352 2641 466 2679 non
516 2624 776 2693 majorem
808 2640 821 2676 :
850 2623 1102 2693 quoniam
1147 2621 1329 2676 nullus
1372 2620 1543 2690 major
1584 2619 1848 2683 surrexit,

252 2717 406 2772 omni
435 2714 726 2770 devotione
751 2723 807 2770 et
832 2713 1133 2770 reverentia
1161 2711 1426 2767 fateamur
1450 2728 1462 2764 :
1491 2725 1648 2780 quem
1678 2709 1722 2764 si
1755 2709 1852 2761 mi-

254 2823 446 2864 norem
479 2806 724 2873 facimus,
756 2804 978 2861 Joannis
1003 2803 1185 2874 gloria:
1207 2803 1528 2873 derogamus
1559 2820 1572 2856 :
1603 2812 1657 2856 et
1684 2801 1850 2870 magis

256 2900 482 2970 injurias
509 2913 824 2955 exercemus
848 2913 1009 2968 quam
1035 2895 1242 2953 laudes.
1285 2897 1452 2966 Hujus
1487 2896 1588 2951 mei
1616 2894 1845 2964 imperiti

251 2975 522 3048 sermonis
559 3005 696 3060 opus
718 3031 732 3054 ,
761 3004 1062 3060 quanquam
1103 2987 1506 3053 insufficienter,
1545 3002 1845 3058 quanquam

257 3083 536 3146 vilissime,
578 3096 886 3152 quanquam
915 3079 1070 3147 nihil,
1099 3088 1275 3136 tamen
1300 3079 1490 3134 devote
1513 3090 1565 3134 et
1595 3094 1848 3134 reveren-

242 3184 336 3241 .ter
363 3192 392 3230 a
423 3174 583 3230 nobis
627 3174 921 3244 expletum,
953 3172 1020 3228 ad
1058 3181 1132 3237 te,
1159 3172 1483 3230 venerabilis
1514 3181 1683 3241 pater,
1714 3186 1848 3242 puro

256 3266 414 3322 corde
453 3275 510 3322 et
551 3281 744 3338 magna
771 3265 933 3319 animi
961 3265 1140 3322 devoti
1169 3265 1446 3320 alii-ctione
1475 3265 1648 3335 dirigo
1677 3281 1692 3319 :
1724 3280 1848 3335 sup-

245 3358 461 3428 plicans
486 3365 546 3412 ut
570 3356 827 3427 ingenioli
855 3356 961 3411 mei
988 3355 1204 3412 verbula
1221 3397 1236 3422 ,
1262 3371 1383 3426 quae
1409 3355 1475 3411 de
1502 3371 1635 3414 mete
1664 3356 1849 3424 impe-

259 3449 389 3503 ritia:
417 3448 675 3518 pauperie
698 3446 751 3502 in
777 3445 962 3501 laudes
983 3446 1160 3501 eximii
1187 3444 1494 3516 Hieroiiymi
1520 3445 1709 3509 obtuli,
1739 3460 1843 3502 non

255 3539 572 3603 deridendo,
600 3538 694 3594 sed
716 3537 940 3592 caritate
968 3536 1146 3594 debita
1175 3537 1547 3607 mquanintiter
1567 3537 1846 3594 tolerando

259 3627 417 3699 legas.
456 3628 522 3683 Et
548 3644 668 3699 qua:
693 3627 872 3684 minus
901 3626 1082 3684 debite
1105 3626 1217 3682 dixi
1245 3626 1312 3681 ad
1352 3627 1485 3682 tanti
1511 3628 1608 3683 viri
1640 3627 1840 3693 laudes,

255 3730 310 3774 et
334 3737 467 3778 mea:
495 3721 726 3789 imputes
759 3720 1039 3790 imperitia:
1063 3761 1078 3786 ,
1106 3730 1162 3776 et
1193 3719 1446 3789 Epistola:
1475 3719 1720 3778 brevitati
1745 3762 1760 3787 ,
1792 3729 1846 3775 et

249 3811 368 3880 ejus
405 3811 624 3872 landum
672 3812 949 3866 immensa:
997 3810 1282 3878 majestati.
1321 3812 1585 3877 Quoniam
1623 3821 1770 3866 certe
1799 3813 1842 3868 si

251 3904 493 3957 omnium
523 3903 829 3960 mortalium
861 3903 1054 3974 lingua:
1084 3902 1256 3959 solum
1283 3901 1398 3972 ejus
1423 3902 1608 3959 laudes
1635 3919 1846 3974 prome-

191 3984 199 3992 ’
258 4005 392 4061 rent,
425 3995 604 4050 minus
632 3994 813 4050 debito
840 3983 971 4050 satis
1006 4002 1168 4050 esset.
1200 3993 1301 4049 Hei
1333 3996 1646 4064 peccatoris,
1678 4011 1843 4051 vene-

257 4087 440 4143 rabilis
467 4096 640 4157 pater,
669 4095 788 4142 esto
815 4100 1021 4141 memor
1053 4104 1066 4141 :
1097 4093 1152 4140 ut
1177 4083 1303 4141 dum
1335 4085 1387 4140 in
1417 4085 1507 4140 illo
1530 4087 1744 4142 steteris
1767 4087 1842 4140 lo-

252 4192 338 4247 co,
359 4194 470 4251 quo
499 4178 628 4234 illud
659 4193 869 4234 sacrum
899 4178 1089 4234 eximii
1116 4178 1422 4250 Hieronymi
1451 4178 1680 4235 cadaver
1703 4179 1845 4250 quic-

256 4273 369 4338 scit,
389 4273 513 4343 ejus
533 4288 620 4327 me
639 4272 1117 4328 interventionibus
1139 4271 1544 4328 recommendes
1561 4273 1842 4343 :quouiam

256 4363 438 4418 tmllibi
469 4362 690 4418 dubium
719 4373 802 4417 est
825 4362 966 4434 quod
1006 4377 1069 4420 ea
1109 4379 1228 4433 quae
1256 4370 1406 4433 Optat
1428 4403 1443 4428 ,
1476 4362 1615 4420 idem
1647 4363 1840 4420 Hiero-

251 4470 446 4526 nymus
475 4465 650 4526 petest
687 4439 942 4509 continuo
984 4455 1247 4514 obtinere.
1285 4455 1402 4512 Non
1431 4455 1574 4513 enim
1603 4471 1702 4513 suo
1739 4457 1841 4514 ali-

255 4548 479 4617 qualiter
512 4545 856 4603 defraudatur
882 4546 1176 4603 desiderio.

256 4696 455 4740 ςῐκιιιι
484 4698 717 4739 EPISCOPI
747 4697 1192 4738 JIHOSOLYIIITANI
1229 4699 1296 4738 DE
1335 4696 1612 4739 IIIRACULIS
1649 4696 1841 4738 IIERO-

321 4791 445 4832 NYI-I
470 4793 539 4831 Αι)
559 4790 798 4831 ελδοῐωι
822 4791 1156 4833 Αυθοετωωι
1178 4791 1345 4832 EPISC.
1382 4791 1764 4832 HIPPONENSEI.
1798 4800 1804 4809 '

250 4897 547 4974 r'merabili
571 4911 710 4978 uiro,
743 4909 1112 4981 Episcoparum
1141 4911 1356 4976 eximio,
1387 4910 1670 4981 Auguslino
1701 4911 1838 4981 flip-

322 5004 534 5074 ponensi
561 5003 768 5073 μναῖαιιὶ
782 5044 797 5067 ,
832 5001 1054 5073 Cyrillus
1078 4999 1548 5072 Jerosolymitanus-
1563 4999 1836 5074 Pontifex,

319 5103 366 5150 et
389 5095 618 5150 omnium
647 5092 964 5148 sacerdotum
991 5092 1221 5159 inﬁmus.

319 5229 444 5286 Car.
479 5228 521 5285 Ι.
554 5227 703 5284 illius
725 5228 876 5300 sequi
902 5227 1145 5299 vestigia,
1168 5226 1321 5297 cujus
1343 5227 1394 5283 in
1419 5234 1558 5283 terra
1584 5227 1837 5283 sanctitas

251 5319 456 5377 radiare
483 5336 590 5376 non
617 5328 814 5385 cessat,
846 5319 991 5374 illius
1018 5319 1224 5375 scilicet
1256 5317 1564 5391 Hierdnymi
1591 5319 1852 5391 gloriosi,

147 5467 156 5475 ε
251 5411 399 5482 cujus
424 5412 686 5467 memoria
714 5411 818 5466 erit
846 5411 900 5465 in
929 5409 1306 5466 benedictione
1346 5411 1400 5464 in
1443 5410 1699 5467 sreculum
1732 5425 1836 5466 sa:-

251 5501 352 5557 Cuii
380 5520 395 5557 :
421 5505 511 5576 qui
539 5512 772 5574 quantus
800 5501 889 5567 sit,
918 5509 972 5556 et
999 5510 1052 5556 tu
1080 5500 1328 5556 similiter
1358 5501 1494 5558 bene
1521 5502 1658 5557 nosti
1685 5519 1698 5556 :
1722 5501 1837 5571 ejus

253 5606 377 5651 usus
401 5597 636 5651 maxime
661 5593 943 5664 colloquiis
967 5601 1020 5648 et
1042 5592 1300 5647 doctrinis
1323 5609 1337 5644 :
1362 5591 1428 5646 de
1455 5608 1560 5662 quo
1586 5607 1672 5648 me
1702 5591 1838 5647 velle

253 5683 547 5753 disserere,
579 5701 701 5743 cum
742 5688 844 5741 sim
887 5685 1147 5755 reprobus
1185 5685 1236 5738 in
1278 5692 1389 5738 toto
1413 5725 1428 5751 ,
1465 5694 1520 5740 et
1556 5685 1833 5756 indignus.

251 5783 398 5851 quasi
429 5791 621 5856 reputo
644 5773 944 5837 audaciam.
973 5777 1081 5834 Sed
1111 5788 1286 5833 tamen
1313 5777 1434 5848 quia
1465 5786 1551 5833 tua
1583 5794 1668 5834 me
1695 5777 1838 5848 cogit

251 5870 493 5945 dilectio,
521 5883 579 5933 ut
607 5872 711 5932 alia
741 5873 832 5932 tibi
861 5871 1092 5930 scribam
1122 5869 1188 5927 de
1227 5867 1481 5942 prodigiis
1529 5869 1833 5927 hominibus

1397 391 1400 394 ’
1449 389 1547 459 DE
1585 389 1956 452 HIBACULIS
1992 390 2394 458 ΙΙΙΕΗΟΝΥΜΙ.

3445 411 3552 471 190

1969 511 2215 581 insuetis,
2244 527 2364 583 quae
2387 526 2486 584 per
2512 512 2662 572 illum
2689 514 2745 572 in
2772 515 2961 576 diebus
2987 522 3188 581 nostris
3217 525 3341 584 fecit
3368 529 3552 589 Domi-

1967 617 2090 668 nus,
2121 612 2181 660 ut
2203 619 2327 660 eum
2352 605 2621 664 celebrem
2647 609 2848 665 mundo
2873 610 3088 682 faceret,
3123 627 3178 673 et
3215 624 3422 680 cuctis
3447 623 3550 682 ho-

1965 693 2199 751 rninibus
2241 695 2532 766 gloriosum
2572 714 2586 750 :
2620 699 2724 754 tuis
2759 701 2995 761 conlisus
3034 709 3364 769 orationibus
3411 731 3550 786 opus

1964 785 2266 878 aggrediar,
2294 795 2353 844 ut
2377 796 2463 844 tua
2490 790 2663 860 poscit
2692 791 2936 861 devotio,
2969 805 3026 852 et
3065 798 3396 875 breviloquio
3423 785 3550 878 per-

1963 877 2224 948 stringam
2251 878 2320 934 de
2349 879 2536 937 multis
2561 895 2749 952 pauca.
2776 883 3080 944 Gloriosum
3118 890 3276 961 hujus
3305 896 3408 953 viri
3425 877 3552 957 obi-

1967 977 2113 1037 tum,
2156 971 2524 1043 visionemque
2570 990 2782 1044 meam,
2824 992 3034 1035 necnon
3070 990 3125 1038 et
3162 985 3381 1042 miriﬁca
3422 998 3551 1050 tunc

1957 1061 2224 1131 temporis
2267 1074 2516 1134 peracta,
2559 1074 2612 1123 te
2659 1083 2818 1125 nosse
2861 1085 2968 1127 non
3007 1073 3240 1147 ambigo.
3283 1078 3420 1136 Nam
3464 1085 3550 1140 vir

1965 1154 2148 1225 utique
2167 1156 2516 1225 reverendus,
2541 1169 2595 1216 et
2617 1164 2893 1220 memoriae
2910 1166 3162 1224 oblivioni
3187 1184 3291 1226 non
3315 1173 3544 1244 dandus,

1961 1245 2227 1306 Eusebius
2253 1249 2451 1308 nobilis
2475 1251 2856 1311 Cremonensis
2884 1257 3002 1328 ejus
3023 1259 3336 1332 discipulus,
3365 1266 3420 1322 in
3441 1283 3548 1340 quo

1960 1341 2199 1411 magistri
2228 1340 2440 1400 refulsit
2465 1346 2721 1404 sanctitas
2747 1357 2806 1405 et
2831 1349 3107 1420 doctrina,
3138 1355 3292 1427 cujus
3327 1362 3541 1431 sapien-

1960 1432 2126 1500 tiam,
2175 1436 2496 1506 probitatem
2547 1448 2604 1495 et
2659 1441 3034 1501 excellentiam
3100 1462 3207 1504 non
3281 1450 3545 1522 ignoras:

1957 1524 2049 1595 qui
2080 1535 2200 1596 post
2227 1528 2500 1586 biennium
2524 1546 2554 1586 a
2581 1543 2780 1590 nostra:
2805 1538 3143 1596 mortalitatis
3180 1543 3393 1601 miseria
3422 1563 3545 1604 ere-

1957 1627 2080 1687 ptus
2096 1659 2112 1685 ,
2133 1634 2331 1712 suum
2354 1622 2873 1693 praedilectissimum
2918 1632 3229 1701 magistrum
3276 1635 3545 1712 Hierany.

1957 1723 2104 1763 mum
2132 1708 2186 1764 in
2213 1710 2336 1767 caeli
2374 1713 2598 1783 patriam
2626 1724 2710 1772 est
2733 1728 2977 1786 secutus,
3013 1730 3071 1776 ut
3112 1724 3267 1779 nobis
3312 1708 3546 1788 indicant

1958 1799 2074 1868 ejus
2115 1802 2302 1858 crebra
2346 1805 2598 1862 miracula
2621 1847 2637 1874 ,
2669 1807 2736 1863 de
2775 1809 2968 1880 quibus
2995 1813 3156 1869 etiam
3190 1815 3412 1876 inferius
3438 1823 3541 1877 ali-

1930 1891 2185 1962 .qualiter
2215 1896 2554 1963 pertractabo
2585 1915 2599 1952 :
2629 1897 2943 1956 Reverendo
2976 1899 3119 1960 Patri
3149 1905 3376 1966 Damaso
3406 1911 3541 1968 Por-

1958 1984 2132 2040 tuensi
2162 1985 2447 2058 Episcopo,
2476 1998 2532 2044 et
2553 1989 2860 2047 Theodosio
2881 1991 3247 2052 Romanorum
3271 1998 3540 2070 Senatori,

1955 2073 2074 2144 ejus
2101 2075 2244 2130 fratri
2269 2075 2472 2132 Severo
2497 2080 2816 2149 probissimo
2837 2082 2976 2149 viro,
3001 2084 3290 2145 Eustochio
3315 2093 3544 2150 sanctis-

1956 2165 2107 2219 sima:
2136 2167 2368 2233 mulieri,
2399 2177 2454 2225 et
2481 2170 2574 2225 tibi
2600 2181 2656 2227 et
2691 2173 2873 2228 multis
2899 2176 3038 2244 aliis,
3069 2193 3204 2247 quos
3231 2181 3540 2254 singillatim

1958 2257 2220 2310 nominari
2253 2272 2360 2314 non
2402 2268 2549 2331 eget,
2583 2269 2709 2316 tunc
2753 2267 3008 2335 temporis
3054 2283 3151 2338 per
3169 2285 3296 2328 suas
3335 2273 3542 2334 litteras

1959 2348 2120 2402 totius
2143 2348 2260 2417 ejus
2287 2350 2463 2406 obitus
2490 2353 2685 2410 seriem
2725 2355 3006 2414 iutimavit.
3042 2360 3194 2419 Unde
3219 2367 3446 2437 amplius
3475 2374 3538 2427 ea

1955 2449 2076 2503 quae
2099 2440 2259 2502 nosti,
2290 2441 2546 2498 reiterare
2568 2454 2712 2500 esset
2737 2448 3085 2520 superfluum,
3109 2463 3164 2509 et
3189 2455 3538 2517 dicendorutn

1958 2526 2414 2596 impedimentum.
2459 2534 2553 2589 His
2589 2551 2720 2606 ergo
2763 2540 3014 2608 omissis,
3043 2543 3110 2598 ad
3147 2545 3391 2615 ejusdem
3417 2565 3538 2621 qua:

1957 2635 2062 2673 non
2092 2631 2304 2676 cessant
2329 2625 2582 2682 continue
2603 2627 2808 2685 clarere
2833 2633 3104 2702 miracula,
3133 2647 3315 2694 noster
3342 2655 3402 2695 se
3428 2649 3540 2714 sty-

1955 2711 2038 2767 lns
2068 2724 2236 2768 vertat
2269 2733 2283 2768 :
2315 2725 2372 2770 ut
2400 2725 2486 2771 tua
2517 2719 2691 2788 poscit
2717 2720 2953 2778 devotio.
2984 2724 3050 2781 Et
3079 2728 3252 2797 primo
3277 2731 3345 2786 ab
3371 2711 3540 2790 Ense.

1953 2802 2043 2857 bio
2073 2804 2190 2858 viro
2215 2808 2575 2876 sanctissimo,
2605 2810 2844 2880 ejusdem
2874 2813 3186 2890 Hieronymi
3215 2824 3538 2882 sanctissimi

1951 2893 2211 2964 discipulo
2235 2911 2404 2955 sumat
2430 2900 2663 2957 initium.

2021 2987 2149 3079 Car.
2179 2986 2241 3042 ll.
2274 2989 2400 3044 Post
2421 2990 2624 3048 obitmn
2643 2994 3016 3066 gloriosissimi
3037 2999 3365 3076 Hieronymi,
3389 3022 3536 3079 qua:-

1947 3075 2072 3131 dam
2103 3078 2325 3136 lueresis
2348 3081 2488 3138 inter
2509 3083 2745 3154 Graecos,
2773 3087 2826 3143 id
2846 3097 2950 3156 est,
2977 3100 3112 3146 secta
3135 3075 3387 3161 surrexit,
3406 3075 3534 3168 qua:

1949 3169 2024 3222 ad.
2045 3169 2262 3227 Latinos
2287 3187 2460 3244 usque
2483 3175 2700 3233 devenit
2731 3195 2746 3232 :
2775 3195 2896 3251 quas
2919 3183 3030 3238 suis
3056 3185 3300 3243 nefandis
3328 3190 3537 3248 niteba-

1953 3268 2042 3355 tur
2068 3263 2365 3320 rationibus
2392 3266 2641 3337 probare,
2663 3271 2806 3340 quod
2833 3273 3027 3330 animae
3053 3276 3337 3336 Beatorum
3362 3297 3536 3355 usque

1947 3352 2016 3407 ad
2043 3355 2363 3412 universalis
2383 3357 2569 3428 jndicii
2595 3361 2761 3431 diem,
2791 3363 2844 3419 in
2875 3379 2981 3436 quo
3006 3381 3194 3426 eorum
3219 3352 3536 3444 corporibus

1949 3453 2105 3499 erant
2130 3444 2322 3501 iterum
2347 3448 2736 3521 coujungenda:
2759 3494 2774 3519 ,
2805 3454 3012 3512 visione
3040 3469 3095 3514 et
3123 3463 3427 3534 cognitione
3455 3467 3535 3522 di-

1949 3535 2106 3598 vina,
2156 3535 2208 3590 in
2255 3551 2360 3607 qua
2406 3547 2512 3593 tota
2560 3543 2809 3599 consistit
2855 3546 3130 3606 beatitudo
3175 3553 3531 3620 Sanctorum,

1950 3625 2298 3694 privabantur
2325 3647 2338 3683 :
2367 3640 2420 3685 et
2449 3631 2821 3692 damnatorum
2857 3639 3050 3696 anima:
3089 3643 3338 3701 similiter
3366 3660 3534 3718 usque

1947 3717 2014 3772 ad
2045 3717 2188 3773 diem
2219 3720 2366 3776 illum
2388 3762 2404 3790 ,
2449 3725 2609 3778 nullis
2648 3728 3028 3786 cruciabuntur
3067 3735 3260 3802 pcenis.
3293 3717 3532 3804 Quorum

1949 3810 2087 3864 ratio
2127 3809 2249 3864 talis
2287 3823 2406 3882 erat
2435 3833 2448 3868 :
2476 3814 2624 3870 Sicut
2661 3818 2836 3873 anima
2873 3835 2993 3876 cum
3033 3837 3258 3894 corpore
3298 3828 3531 3895 meruit,

1947 3901 2031 3956 vel
2063 3904 2302 3972 peccavit
2329 3923 2344 3960 :
2375 3906 2447 3960 ita
2476 3922 2597 3963 cum
2630 3925 2858 3980 corpore
2902 3915 3119 3983 praemia
3166 3919 3386 3988 recipit,
3415 3919 3532 3977 sive

1948 4009 2157 4064 poenas.
2200 3997 2527 4055 Asserebant
2573 4002 2734 4057 etiam
2786 4004 2929 4060 illius
2972 4017 3134 4063 secta:
3183 4011 3528 4081 nequissimi,

1947 4087 2152 4143 nullum
2199 4087 2313 4145 fore
2356 4095 2647 4164 purgatorii
2685 4095 2866 4153 locum
2900 4116 2916 4154 :
2949 4100 3000 4154 in
3039 4116 3146 4172 quo
3180 4105 3372 4160 anima:
3409 4121 3529 4178 qua:

1946 4179 2182 4236 nondum
2223 4181 2292 4237 de
2338 4183 2451 4240 suis
2497 4187 2728 4256 peccatis
2775 4189 2828 4244 in
2873 4191 3076 4248 mundo
3126 4193 3336 4264 plenam
3385 4199 3527 4269 egis.

1943 4281 2068 4328 sent
2107 4275 2472 4345 ptenitentiam
2497 4320 2514 4347 ,
2559 4291 2929 4352 purgarentur.
2975 4285 3087 4354 Qua
3131 4289 3345 4358 quidem
3383 4303 3530 4350 secta

1945 4366 2197 4434 pestifera
2237 4369 2641 4438 crebrescente,
2684 4382 2860 4430 tantus
2906 4376 2957 4432 iu
3003 4393 3102 4434 nos
3146 4379 3300 4436 dolor
3341 4383 3529 4452 irruit,

1947 4465 2005 4511 ut
2037 4472 2139 4513 nos
2177 4460 2406 4530 amplius
2451 4464 2655 4533 pigeret
2693 4465 2894 4521 vivere.
2925 4465 3184 4533 Quocirca
3228 4472 3366 4526 meis
3392 4485 3529 4528 cun-

1941 4551 2044 4604 ctis
2095 4548 2446 4622 sull‘raganeis
2487 4552 2804 4625 Episcopis,
2849 4564 2906 4610 et
2949 4556 3068 4612 aliis
3115 4559 3242 4614 viris
3286 4560 3550 4619 Catholi--

1941 4643 2024 4697 cis
2077 4643 2422 4708 convocatis,
2476 4644 2556 4700 eis
2613 4643 2817 4714 jejunia
2865 4654 2922 4701 ct
2973 4647 3242 4704 orationes
3294 4650 3458 4711 indixi
3511 4671 3528 4709 :

1945 4744 2004 4790 ut
2037 4749 2189 4789 suam
2235 4735 2314 4791 sic
2347 4735 2544 4806 agitari
2591 4735 2774 4801 fidem,
2824 4737 3002 4792 divina
3045 4755 3152 4795 non
3198 4743 3531 4811 permitteret

1943 4825 2176 4880 bonitas.
2208 4825 2339 4880 Mira
2365 4840 2475 4892 res,
2498 4835 2554 4881 et
2578 4827 2714 4882 forte
2736 4827 2862 4884 huic
2879 4829 3072 4886 similis
3099 4847 3368 4904 nunquam
3393 4836 3527 4892 visa.

1943 4916 2139 4973 Tribus
2183 4916 2414 4987 expletis
2463 4918 2656 4974 diebus
2701 4919 3029 4991 jejuniorum
3079 4931 3136 4978 et
3185 4925 3560 4996 orationum,‘

1941 5010 2290 5079 subsequenti
2321 5020 2480 5066 nocte
2517 5011 2783 5082 gloriosus
2824 5013 3180 5088 Hieronymus
3204 5056 3220 5083 ,
3247 5031 3348 5072 suo
3389 5035 3528 5090 prte-

1939 5102 2294 5158 dilectissimo
2355 5103 2467 5160 tilio
2519 5103 2758 5160 Eusebio
2811 5107 3147 5163 orationibus
3200 5109 3529 5167 incumbenti

1941 5195 2228 5252 manifeste
2277 5209 2541 5267 apparens
2573 5237 2589 5262 ,
2644 5195 2980 5270 benignaque
3021 5214 3143 5254 eum
3207 5201 3530 5259 allocutione

1940 5289 2278 5358 confortans,
2321 5289 2372 5345 ei
2417 5289 2586 5359 dixit,
2617 5289 2683 5344 In
2731 5291 2828 5345 hac
2868 5301 3002 5346 serta
3043 5294 3280 5363 pestifera
3324 5294 3530 5348 niinime

1941 5381 2342 5455 formidandum,
2372 5399 2487 5437 cum
2512 5382 2606 5437 sibi
2633 5383 2753 5452 ﬁm’s
2774 5384 2888 5452 jam
2919 5387 3179 5452 ponendus
3199 5393 3328 5438 erat.
3355 5383 3525 5450 Quem

1942 5454 2208 5530 Eusebius
2257 5473 2426 5529 nimio
2473 5473 2762 5546 fulgentem
2809 5474 3134 5544 splendore,
3185 5474 3258 5528 ita
3301 5483 3359 5528 ut
3401 5487 3524 5528 eum

1939 5567 2128 5623 oculus
2154 5564 2418 5622 humanus
2444 5567 2688 5637 aSpicere
2711 5581 2820 5621 non
2847 5566 3071 5632 valeret,
3100 5565 3344 5629 intuitus,
3375 5563 3526 5633 quod

1939 5659 2008 5718 de
2031 5660 2182 5732 gravi
2212 5674 2404 5715 somno
2432 5659 2713 5730 evigilans,
2742 5657 2930 5713 dulces
2967 5671 3064 5727 per
3089 5657 3274 5710 oculos
3297 5649 3526 5712 fundens

1939 5755 2242 5826 lacrymas,
2273 5753 2345 5808 ita
2396 5762 2452 5806 ut
2497 5765 2636 5822 pene
2662 5764 2850 5806 vocem
2877 5751 3110 5804 formare
3153 5763 3260 5805 non
3299 5757 3524 5822 posset:

1941 5857 2200 5921 quantum
2239 5855 2482 5920 poterat,
2511 5845 2744 5902 clamare
2764 5842 2930 5914 erepit
2953 5859 2966 5897 :
2993 5839 3150 5898 Pater
3172 5857 3316 5900 ηεαδ
3340 5841 3526 5900 Hiero-
