4136 6332
535 391 641 449 991

539 521 721 580 nymus
763 501 869 558 es?
915 501 1084 568 Quare
1134 495 1299 555 meum
1334 493 1632 552 societatem
1677 491 1928 564 spernis?
1977 490 2119 544 Certe

538 579 736 652 teneam
765 602 812 648 te
829 633 846 659 ,
889 607 980 646 nec
1003 590 1254 645 dimittam
1283 605 1301 642 :
1328 603 1417 642 nec
1453 587 1560 640 sine
1601 593 1687 638 tuo
1713 599 1860 654 quem
1897 579 2118 635 dilexisti

531 685 668 754 μευ,
693 682 961 752 gradieris.
994 679 1076 736 Ad
1102 694 1260 749 quem
1287 677 1550 748 gloriosus
1577 674 1932 744 Hieronymus
1956 687 1971 726 :
1998 667 2119 723 Non

539 787 607 843 te,
635 775 713 845 [ili
739 773 1080 838 dilectissime,
1108 771 1358 826 deseram.
1381 769 1700 840 Confortare,
1723 765 1955 820 vicesimo
1974 779 2120 818 nam-

529 884 632 938 que
657 867 739 921 die
765 882 845 921 me
870 866 1092 935 sequeris
1116 905 1131 930 ,
1163 873 1208 917 et
1238 861 1392 917 simul
1430 862 1484 914 in
1508 858 1694 931 gaudio
1722 855 2119 927 permanebimus

536 959 647 1013 sine
683 959 804 1026 ﬁne.
845 957 953 1012 Sed
983 955 1176 1026 Cyrillo
1215 954 1502 1020 cunctisque
1541 951 1782 1022 fratribus
1823 949 2032 1014 nuntia,
2063 957 2118 1002 ut

529 1049 759 1104 crastina
783 1047 866 1102 die
897 1049 1050 1117 juxta
1075 1061 1297 1115 praesepe
1320 1043 1530 1097 Domini
1553 1083 1568 1108 ,
1601 1041 1684 1094 ubi
1720 1055 1886 1094 meum
1914 1039 2119 1108 quiescit

539 1154 747 1210 corpus,
769 1154 941 1192 omnes
961 1137 1013 1190 in
1036 1151 1193 1189 unum
1214 1134 1531 1199 conveniant,
1555 1141 1660 1186 tam
1681 1129 1951 1193 Catholici,
1967 1145 2119 1200 quam

530 1231 690 1286 etiam
712 1228 850 1284 illius
879 1236 1033 1283 sech
1057 1226 1170 1282 uiri.
1199 1224 1262 1280 Et
1290 1235 1345 1282 tu
1373 1225 1525 1279 trium
1545 1223 1824 1287 hominum,
1842 1222 1928 1293 qui
1949 1221 2001 1276 in
2023 1221 2118 1275 hac

531 1334 655 1380 sunt
698 1322 853 1388 urbe,
879 1323 980 1376 hac
1018 1329 1164 1376 nocte
1188 1319 1414 1391 defuncti
1441 1317 1688 1372 cadavera
1725 1315 2021 1380 inhumata,
2064 1313 2118 1367 in

537 1417 704 1471 locum
729 1416 783 1469 in
809 1431 906 1482 quo
942 1428 1106 1471 meum
1142 1420 1218 1467 est
1255 1412 1517 1464 humatum
1544 1425 1729 1480 corpus
1757 1408 1911 1478 [acies
1938 1407 2121 1477 depor-

441 1493 449 1500 ’
480 1574 481 1577 η
530 1507 638 1562 tari
665 1521 850 1577 :super
877 1505 1056 1577 quibus
1095 1519 1300 1558 saccum
1339 1518 1440 1572 quo
1469 1501 1642 1554 utebar
1666 1515 1850 1571 pones,
1878 1507 1925 1552 et
1951 1497 2122 1554 statim

471 1615 476 1656 ς
531 1599 651 1652 vita:
669 1597 904 1668 pristina:
931 1594 1153 1661 redditi,
1185 1593 1318 1647 hanc
1361 1592 1606 1645 radicitus
1634 1590 1862 1644 haeresim
1893 1587 2118 1656 extirpa-

533 1688 679 1745 bunt.
705 1688 803 1744 Cui
824 1687 1132 1743 valedicens
1151 1685 1420 1756 gloriosus
1441 1682 1817 1752 Hieronymus,
1839 1678 2118 1749 disparuit.

536 1782 695 1839 Mane
722 1791 899 1838 autem
930 1781 1091 1842 facto,
1119 1779 1187 1834 ad
1217 1793 1326 1843 me,
1352 1777 1445 1847 qui
1474 1775 1746 1830 Bethleem
1781 1783 1908 1828 tunc
1930 1785 2076 1826 eram
2101 1811 2118 1837 ,

539 1873 864 1929 venerabilis
906 1870 1168 1926 Eusebius
1211 1871 1434 1925 veniens
1456 1908 1471 1933 ,
1512 1875 1701 1923 cuncta
1730 1881 1850 1936 qua:
1879 1865 2117 1930 viderat,

539 1963 834 2018 enarravit.
861 1961 983 2030 Quo
1014 1961 1305 2015 immensas
1335 1947 1569 2013 creatori
1598 1956 1797 2026 gratias
1832 1969 1996 2025 agens
2019 1993 2035 2020 ,
2066 1961 2121 2008 et

537 2055 774 2128 glorioso
801 2053 1130 2123 Hieronymo
1150 2050 1398 2106 omnibus
1423 2050 1476 2104 in
1498 2048 1754 2120 praedicto
1775 2047 1914 2114 loco,
1941 2047 1994 2101 in
2015 2061 2121 2116 quo

540 2162 641 2217 pro
662 2145 817 2201 nobis
845 2144 914 2200 de
952 2145 1269 2199 intemerata
1299 2141 1516 2212 Virgine
1541 2141 1790 2196 Salvator
1815 2149 1971 2194 natus
1999 2147 2083 2194 est
2101 2179 2117 2204 ,

537 2247 596 2294 et
622 2235 713 2293 ubi
754 2235 917 2292 etiam
959 2233 1378 2290 sacratissimum
1413 2229 1719 2302 Hieronymi
1763 2229 1993 2286 cadaver
2023 2228 2122 2284 hu-

539 2339 740 2386 matum
782 2337 866 2384 est
913 2327 1251 2397 congregatis
1275 2365 1290 2390 ,
1336 2324 1714 2396 prasdictorum
1743 2322 2117 2380 defunctorum

539 2420 803 2476 cadavera
829 2417 1029 2474 deferri
1062 2416 1208 2473 fecit.
1236 2415 1282 2472 Ο
1308 2417 1441 2471 mira
1471 2431 1596 2486 erga
1625 2414 1870 2470 homines
1898 2413 1992 2469 Dei
2020 2413 2122 2468 mi-

537 2510 741 2565 seratio
783 2518 837 2564 et
880 2507 1207 2578 dispensatio
1237 2510 1250 2560 ι
1283 2506 1424 2573 Quot
1464 2505 1638 2560 modis
1673 2504 1728 2559 in
1755 2519 1814 2560 se
1841 2513 2120 2575 sperantes

540 2601 643 2656 scit
679 2600 868 2668 juvare
894 2617 906 2651 :
932 2599 1146 2668 quantis
1173 2607 1226 2654 ct
1254 2607 1383 2668 quot
1423 2596 1713 2652 honoribus
1753 2611 1882 2651 suos
1924 2596 2123 2650 exaltat

543 2694 816 2750 Sanctos!
849 2692 1037 2747 Flebat
1084 2692 1285 2747 interea
1336 2689 1405 2744 ab
1445 2689 1586 2744 illius
1623 2697 1784 2744 secta:
1829 2688 2122 2744 cultoribus

540 2785 744 2841 derisio
775 2801 790 2837 :
823 2781 1170 2837 credentibus
1220 2779 1364 2852 quod
1422 2778 1562 2834 foret
1611 2779 1883 2834 exinanita
1929 2793 2121 2832 manus

541 2875 773 2932 Domini.
821 2873 1055 2929 Laetetur
1098 2873 1278 2941 itaque
1300 2913 1313 2936 ,
1342 2871 1518 2926 omnis
1551 2868 1791 2925 fidelium
1831 2877 2122 2924 costuszet

540 2970 652 3026 Deo
679 2969 732 3024 in
758 2982 892 3024 voce
918 2964 1260 3022 exultationis
1289 2963 1536 3032 psallant,
1560 2960 1772 3031 quando
1801 2960 2121 3030 suscipimus

540 3060 967 3120 miscricordiam
999 3060 1052 3115 in
1079 3057 1258 3113 medio
1304 3055 1486 3126 templi
1529 3055 1633 3110 sui.
1663 3052 1940 3110 Accedens
1966 3068 2120 3107 nam-

540 3169 646 3226 que
667 3154 744 3209 vir
767 3151 1088 3210 venerabilis
1108 3148 1372 3206 Eusebius
1390 3147 1456 3202 ad
1475 3147 1802 3218 singulorum
1819 3143 2076 3200 cadavera
2102 3163 2118 3200 :

539 3247 693 3302 ﬂexis
719 3244 946 3317 genibus
975 3243 1326 3312 manibusque
1367 3243 1422 3297 in
1463 3240 1654 3296 caelum
1687 3238 1922 3296 extensis
1945 3277 1960 3302 ,
1991 3252 2122 3292 cun-

537 3340 641 3395 ctis
667 3336 1008 3397 audientibus
1033 3336 1113 3391 sic
1137 3335 1312 3390 oravit
1335 3350 1348 3388 :
1372 3331 1512 3388 Deus
1531 3372 1546 3396 ,
1573 3333 1656 3387 cui
1681 3331 1809 3386 nihil
1833 3341 1906 3385 est
1931 3331 2119 3400 impos-

538 3433 716 3500 sibile,
759 3430 889 3486 nihil
924 3445 1075 3502 grave
1114 3428 1315 3483 invicta:
1356 3425 1664 3499 fortitudinis
1691 3433 1740 3479 et
1765 3424 1962 3479 virtutis
1989 3441 2008 3478 :
2033 3425 2121 3494 qui

540 3522 670 3595 facis
693 3521 946 3576 mirabilia
972 3535 1156 3591 magna
1185 3519 1343 3581 solus,
1372 3527 1420 3572 et
1449 3516 1642 3572 nullum
1668 3516 1720 3569 in
1741 3525 1788 3570 te
1810 3515 2120 3586 sperantium

539 3615 736 3686 spernis
759 3630 778 3670 :
798 3629 930 3668 nunc
955 3627 1126 3685 preces
1154 3622 1352 3665 tuorum
1378 3609 1561 3664 exaudi
1586 3609 1833 3678 fidelium,
1857 3617 1979 3662 etut
2006 3617 2116 3674 tua,

537 3723 690 3778 quam
717 3705 937 3772 dedisti,
973 3705 1099 3775 ﬁdes
1125 3704 1422 3758 intemerata
1456 3701 1795 3770 inviolateque
1823 3715 1911 3770 per
1933 3699 2120 3753 saecula

541 3808 763 3864 maneat,
791 3814 852 3852 ac
872 3798 1024 3852 etiam
1049 3805 1106 3851 ut
1135 3795 1317 3850 horum
1355 3809 1496 3848 error
1530 3800 1794 3863 appareat,
1828 3807 1916 3860 per
1944 3789 2121 3844 merita

539 3901 589 3946 et
613 3889 989 3945 intercessiones
1011 3886 1220 3958 gloriosi
1244 3887 1319 3940 tui
1347 3883 1645 3954 Hieronymi
1669 3882 1860 3947 dilecti,
1885 3881 2120 3936 introduc

537 3982 591 4037 in
621 3984 730 4036 hac
766 3981 1012 4036 cadavera
1042 3979 1239 4034 animas
1277 3995 1402 4049 quas
1437 3978 1499 4031 de
1528 3976 1653 4046 ipsis
1687 3975 1856 4047 egredi
1893 3972 2117 4028 voluisti.

539 4075 654 4142 Qua
685 4073 898 4144 quidem
929 4071 1174 4126 oratione
1202 4071 1347 4124 finita
1369 4111 1384 4135 ,
1411 4067 1617 4138 singula
1644 4082 1802 4123 sacco
1824 4081 1931 4137 quo
1959 4079 2119 4135 supra

539 4181 756 4221 carnem
785 4165 1048 4236 gloriosus
1088 4162 1443 4232 Hieronymus
1485 4159 1732 4214 utebatur
1771 4167 1993 4228 tangens
2031 4173 2122 4211 ca-

541 4261 760 4321 davera,
792 4256 1038 4326 protinus
1075 4254 1127 4308 in
1155 4269 1218 4309 ea
1243 4253 1369 4308 vita:
1405 4252 1648 4322 spiritum
1677 4249 1988 4304 introduxit.
2020 4247 2120 4316 Qui

535 4349 786 4420 homines
815 4346 1017 4418 apertis
1045 4344 1214 4400 oculis
1233 4383 1248 4409 ,
1279 4342 1636 4411 omnibusque
1664 4341 1787 4394 vitae
1825 4340 1991 4410 signis
2028 4353 2120 4394 os-

543 4443 710 4500 tensis
731 4483 747 4508 ,
775 4449 902 4496 sunt
928 4436 1160 4509 perfecte
1188 4433 1488 4492 resuscitati
1514 4452 1529 4488 :
1553 4441 1606 4486 et
1625 4439 1906 4501 cmperunt
1936 4429 2120 4484 beata-

536 4550 660 4589 rum
689 4533 988 4588 animarum
1015 4528 1240 4600 gloriam
1265 4565 1281 4591 ,
1313 4538 1368 4582 et
1397 4531 1735 4594 peccatorum
1765 4535 1983 4591 pinnas,
2015 4529 2122 4574 tam

543 4624 875 4695 Purgatorii,
906 4637 1066 4692 quam
1107 4617 1304 4675 Inferni
1349 4617 1494 4672 clara
1544 4629 1676 4670 voce
1715 4613 1965 4668 omnibus
1995 4612 2122 4666 inti-

538 4730 711 4778 mare.
730 4714 883 4778 Nam,
900 4722 958 4768 ut
975 4711 1101 4766 mihi
1120 4708 1456 4781 postmodum
1475 4706 1822 4778 interroganti
1845 4706 2120 4772 dixerunt,

538 4819 730 4870 ,aeatus
761 4803 1116 4873 Hieronymus
1139 4817 1234 4857 eos
1259 4799 1590 4857 conduxerat
1611 4813 1795 4855 secum
1823 4798 1876 4853 in
1907 4797 2124 4853 Paradi-

546 4914 662 4952 sum
684 4937 700 4964 ,
729 4895 1097 4965 Purgatorium
1118 4934 1133 4959 ,
1173 4903 1229 4950 et
1255 4892 1547 4958 lnfcrnum,
1577 4903 1634 4948 ut
1657 4907 1776 4962 qua:
1801 4891 1873 4946 ibi
1895 4891 2125 4962 ageban-

573 5005 668 5054 ur,
715 4985 1040 5057 patefaceret
1068 4983 1351 5039 universis.
1393 4982 1613 5052 Sibi-que
1657 4982 1864 5038 dixerat
1891 4983 2030 5051 quod
2057 4981 2122 5036 ad

539 5095 778 5151 corpora
808 5078 1080 5143 redirent,
1113 5087 1166 5132 et
1195 5077 1263 5132 de
1295 5075 1614 5146 perpetratis
1644 5075 1877 5144 peccatis
1908 5073 1976 5128 ibi
2002 5089 2127 5144 age-

547 5182 668 5230 rent
693 5169 1060 5243 paenitentiam
1081 5188 1094 5224 :
1114 5169 1232 5239 quia
1259 5183 1324 5224 eo
1343 5168 1430 5222 die
1450 5176 1503 5220 et
1531 5167 1658 5220 hora
1679 5181 1783 5236 qua
1807 5165 2126 5222 venerabilis

547 5265 808 5322 Eusebius
851 5263 1141 5319 moriturus
1169 5271 1284 5318 erat
1306 5301 1324 5325 ,
1353 5269 1410 5314 et
1435 5259 1539 5328 ipsi
1567 5259 1812 5314 morituri
1853 5267 2004 5314 erant
2027 5278 2042 5315 :
2065 5274 2128 5315 ac

547 5357 709 5414 etiam
737 5357 781 5412 si
821 5355 959 5411 bene
997 5362 1221 5424 agerent
1250 5351 1636 5423 pmnitentiam,
1665 5366 1787 5407 cum
1815 5366 1881 5408 eo
1905 5351 2126 5422 gloriam

549 5448 792 5519 adepturi
820 5466 834 5504 :
859 5446 998 5517 quod
1030 5454 1086 5500 et
1114 5444 1308 5499 factum
1339 5451 1458 5508 est,
1491 5451 1547 5496 ut
1574 5443 1796 5498 inferius
1821 5442 2123 5498 declarabo.

549 5540 645 5598 His
693 5538 850 5608 igitur
891 5535 1157 5607 peractis,
1206 5531 1492 5589 multitudo
1539 5533 1766 5588 Inaxima
1795 5532 2127 5604 populorum

551 5642 661 5688 tam
693 5631 925 5688 fidelium
951 5671 969 5696 ,
999 5644 1155 5700 quam
1187 5627 1346 5684 etiam
1378 5627 1520 5682 illius
1545 5637 1706 5684 secta:
1743 5627 2084 5684 defensorum
2111 5667 2126 5694 ,

548 5723 636 5791 qui
668 5722 732 5776 ad
753 5721 952 5792 grande
971 5726 1358 5776 concurrerant
1377 5719 1765 5788 spectaculum,
1791 5727 1899 5774 tam
1914 5727 2128 5772 certum

553 5813 808 5870 indicium
848 5823 902 5870 et
941 5813 1177 5871 veritatis
1216 5813 1638 5884 experimentum
1675 5831 1688 5868 :
1741 5825 1948 5868 necnon
1992 5809 2130 5867 beati

1664 378 1753 437 DE
1790 371 2159 434 IHRACUUS
2236 372 2490 429 HIERON
2500 371 2641 430 YMI.

3696 382 3806 438 292

2231 487 2552 558 Hieronymi
2578 487 2769 544 merita
2792 490 3000 561 egregia
3030 499 3332 558 cernentes,
3361 494 3565 565 magnis
3590 497 3809 555 vocibus

2225 584 2516 644 immensas
2556 590 2754 660 gratias
2791 591 3034 646 referunt
3076 593 3341 658 creatori,
3370 594 3459 664 qui
3512 609 3640 650 suos
3667 595 3719 651 in
3749 609 3809 652 se

2226 689 2506 748 sperantes
2533 696 2638 735 non
2666 681 2886 736 deserit.
2929 683 2995 736 Et
3023 683 3100 737 sic
3126 725 3140 748 ,
3170 684 3464 752 Augustine
3488 687 3766 743 carissime
3789 730 3807 757 ,

2223 768 2353 850 pius
2372 769 2630 826 Dominus
2654 772 2953 828 naviculam
2991 786 3106 828 sate
3151 773 3274 829 fidei
3311 776 3686 834 sacratissime
3710 819 3725 842 ,
3754 779 3809 834 in

2226 859 2383 928 hujus
2415 862 2598 917 mundi
2638 865 2772 918 mari
2815 865 3182 918 eructantibus
3221 865 3485 921 malorum
3529 867 3810 926 hominum

2225 952 2474 1010 fluctibus
2517 957 2704 1026 agitari
2757 959 3050 1025 permittit,
3092 958 3186 1012 sed
3233 959 3454 1017 minimc
3485 962 3808 1035 naufragari.

2225 1045 2344 1113 Quo
2370 1045 2586 1116 quidem
2634 1046 2758 1102 forti
2789 1063 2973 1119 qumso
3002 1057 3118 1105 esto
3156 1049 3337 1105 animo
3360 1067 3374 1105 :
3398 1053 3623 1108 viriliter
3663 1053 3808 1124 age':

2227 1152 2334 1192 non
2366 1138 2620 1194 formidcs
2647 1149 2836 1194 contra
2877 1140 2998 1196 fidei
3041 1151 3414 1210 persecutores
3438 1147 3810 1214 magnanimus

2225 1226 2504 1294 dimicare,
2531 1229 2634 1282 sub
2660 1229 2847 1283 umbra
2868 1229 3076 1284 alarum
3107 1241 3211 1284 tam
3242 1233 3314 1300 pii
3338 1233 3542 1302 patris:
3566 1236 3655 1304 qui
3687 1253 3810 1292 suo-

2225 1333 2344 1372 rum
2379 1317 2616 1374 fidelium
2645 1335 2831 1390 preces
2859 1319 3164 1376 inefﬁcaces
3194 1336 3297 1376 non
3329 1324 3490 1390 sinit,
3518 1325 3812 1384 dummodo

2227 1419 2334 1466 tota
2361 1426 2456 1483 spe
2483 1420 2537 1466 et
2577 1426 2711 1481 puro
2741 1411 2870 1466 flant
2911 1412 3112 1466 animo.
3144 1412 3260 1468 Non
3291 1415 3433 1469 enim
3474 1428 3676 1472 nostra:
3718 1437 3813 1476 ne-

2226 1511 2428 1571 queunt
2451 1500 2692 1557 exaudiri
2722 1517 2908 1572 preces
2931 1541 2946 1568 ,
2979 1502 3081 1557 nisi
3113 1517 3234 1558 cum
3267 1504 3317 1558 in
3351 1506 3458 1560 Deo
3489 1518 3669 1563 nostra
3703 1526 3810 1566 non

2227 1595 2463 1664 perfecte
2488 1609 2612 1665 spes
2633 1594 2909 1650 consistit:
2927 1593 3012 1650 vel
3035 1594 3156 1666 quia
3178 1597 3406 1665 petimus
3428 1613 3531 1652 non
3556 1603 3806 1670 petenda.

2228 1687 2310 1740 Ad
2353 1687 2525 1756 ipsum
2555 1701 2685 1756 ergo
2713 1686 2998 1740 Dominum
3029 1700 3134 1740 non
3165 1695 3366 1742 tantum
3394 1703 3486 1744 ore
3509 1731 3524 1755 ,
3573 1692 3667 1746 sed
3701 1699 3812 1748 toto

2227 1777 2392 1834 corde
2419 1778 2714 1832 elamemus
2735 1769 2860 1832 dum
2886 1775 3176 1847 affligimur
3201 1795 3214 1831 :
3237 1786 3290 1833 et
3314 1777 3428 1851 ipse
3449 1781 3536 1850 qui
3563 1777 3780 1837 domina
3797 1812 3812 1826 ο

2228 1878 2316 1924 tur
2360 1870 2414 1923 in
2461 1872 2658 1924 virtute
2703 1882 2835 1933 sua,
2876 1877 2931 1924 et
2973 1870 3084 1923 nos
3115 1869 3356 1938 quotidie
3397 1871 3556 1926 oculo
3593 1875 3810 1945 respicit

2225 1962 2461 2032 pictatis,
2491 1976 2596 2015 non
2625 1960 2896 2031 permittet
2917 1974 3016 2015 nos
3039 1961 3235 2016 tentari
3259 1976 3415 2032 supra
3445 1962 3496 2016 id
3520 1963 3662 2032 quod
3688 1967 3815 2036 pos-

2226 2069 2433 2109 sumus.
2457 2053 2563 2109 Sed
2579 2067 2645 2108 ne
2660 2053 2820 2108 nimis
2831 2051 3021 2107 devius
3035 2068 3063 2105 a
3083 2055 3358 2122 proposito
3382 2054 3543 2108 modo
3569 2055 3807 2125 gradiar,

2225 2144 2292 2200 ad
2332 2145 2562 2215 incapta
2602 2143 2843 2210 redeam,
2885 2152 2940 2199 et
2975 2143 3300 2198 venerabilis
3349 2143 3562 2199 Eusebii
3605 2145 3809 2200 obitum

2226 2236 2451 2308 explens
2479 2237 2652 2307 primo
2677 2278 2692 2304 ,
2741 2245 2794 2291 et
2826 2236 3064 2290 virorum
3105 2235 3317 2290 illorum
3346 2236 3502 2291 trium
3529 2237 3807 2303 similiter,

2227 2346 2362 2402 quos
2391 2329 2743 2386 resuscitatos’
2771 2329 2910 2384 nosti
2938 2371 2952 2392 ,
2985 2327 3356 2399 migrationem
3385 2328 3627 2384 scribens
3651 2347 3664 2383 :
3687 2308 3810 2400 quia

2226 2422 2415 2478 eadem
2461 2420 2595 2477 hora
2641 2429 2768 2476 sunt
2814 2429 2868 2475 et
2909 2419 3032 2482 die,
3063 2433 3168 2489 qua
3208 2419 3473 2474 Eusebius
3497 2462 3511 2484 ,
3546 2419 3614 2474 de
3655 2420 3810 2489 hujus

2227 2515 2410 2570 mundi
2441 2523 2495 2570 et
2524 2513 2660 2570 valle
2705 2513 2938 2568 miserim
2967 2513 3202 2582 exempti
3230 2553 3245 2578 ,
3277 2513 3472 2583 aliqua
3493 2512 3808 2585 Hieronymi

2227 2607 2483 2664 miracula
2509 2606 2577 2663 de
2608 2606 2792 2662 multis
2815 2605 3172 2660 introducam.
3679 2627 3682 2632 ι
3777 2619 3780 2622 ’

2296 2698 2426 2752 Car.
2475 2697 2564 2752 ill.
2603 2697 2940 2752 Adveniente
2985 2704 3166 2751 autem
3207 2694 3296 2751 die
3345 2709 3453 2766 quo
3492 2693 3810 2751 venerabilis

2227 2789 2489 2845 Eusebius
2513 2803 2543 2843 a
2571 2787 2730 2845 beato
2752 2788 3080 2858 Hieronymo
3101 2789 3153 2842 in
3181 2787 3404 2852 visione,
3432 2787 3499 2842 de
3519 2801 3620 2856 qua
3647 2791 3810 2856 supra

2229 2881 2371 2935 fatus
2399 2895 2517 2936 sum
2545 2921 2560 2946 ,
2590 2894 2649 2934 se
2689 2880 3040 2949 migraturum
3091 2878 3326 2944 scierat,
3369 2877 3454 2932 die
3483 2877 3636 2932 tertia
3669 2891 3810 2948 pra:-

2226 2979 2388 3025 cuine
2407 3011 2422 3037 ,
2453 2970 2709 3041 languore
2740 2970 2965 3026 febrium
3006 2983 3301 3024 concussus
3326 2967 3498 3022 valide
3520 3008 3535 3033 ,
3562 2981 3622 3023 se
3647 2972 3812 3039 super

2229 3073 2427 3119 terram
2453 3062 2716 3134 (magistri
2749 3077 2856 3118 non
2888 3062 3193 3132 immemor)
3227 3061 3426 3117 nudum
3454 3059 3652 3116 deferri
3685 3062 3812 3117 fecit

2225 3171 2257 3212 a
2283 3157 2535 3213 fratribus
2563 3167 2617 3212 et
2644 3156 2912 3228 singulum
2948 3154 3166 3210 fratrem
3198 3155 3426 3226 benigna
3446 3155 3812 3212 consolatiOne

2226 3248 2550 3304 confortavit
2573 3288 2590 3314 ,
2622 3257 2676 3302 et
2708 3257 2765 3302 ut
2792 3247 2844 3302 in
2873 3255 3062 3302 sancto
3090 3255 3368 3302 manerent
3389 3247 3682 3317 proposito,
3711 3246 3810 3300 ad-

2226 3339 2456 3394 monuit.
2507 3337 2710 3393 Deinde
2762 3351 2977 3392 saecum
3027 3351 3135 3407 quo
3181 3336 3446 3408 gloriosus
3495 3337 3813 3393 induebatur

2228 3430 2622 3502 Hieronymus,
2656 3427 2855 3482 deferri
2887 3426 3051 3495 fecit,
3081 3435 3136 3481 et
3174 3441 3334 3498 supra
3360 3440 3420 3482 se
3465 3428 3586 3497 poni
3613 3426 3807 3498 jussit,

2226 3520 2602 3589 ordiuavitque
2629 3531 2687 3572 se
2719 3517 2918 3572 nudum
2956 3517 3127 3572 instar
3150 3516 3370 3587 gloriosi
3397 3515 3634 3587 magistri
3661 3526 3810 3571 extra

2230 3612 2521 3668 Ecclesiam
2546 3610 2598 3665 in
2620 3624 2722 3680 qua
2738 3608 2956 3680 jacebat
2977 3618 3223 3664 sanctum
3251 3608 3558 3680 Hieronymi
3582 3607 3814 3664 cadaver

2226 3703 2463 3775 sepeliri.
2496 3702 2623 3758 Post
2648 3701 2764 3756 haec
2790 3702 3172 3757 communione
3199 3699 3541 3757 sacratissimi
3567 3701 3813 3769 corporis

2225 3796 2351 3852 Jesu
2376 3794 2575 3850 Christi
2604 3809 2664 3849 se
2689 3792 2962 3860 muniens,
2993 3792 3221 3847 Domino
3242 3806 3321 3855 se,
3351 3801 3406 3846 et
3439 3790 3593 3846 beato
3619 3789 3814 3846 Hiero-

2227 3903 2389 3961 nymo
2426 3885 2866 3951 commendavit,
2911 3894 2967 3941 et
3007 3886 3086 3940 sic
3126 3901 3221 3956 per
3263 3885 3494 3940 triduum
3541 3883 3812 3940 locutione

2227 3979 2601 4050 corporalique
2646 3977 2854 4032 visione
2891 3977 3129 4046 privatus
3153 4017 3169 4044 ,
3197 3975 3668 4032 circumstantibus
3704 3974 3814 4030 fra-

2227 4073 2398 4128 tribus
2445 4070 2747 4126 alternatim
2796 4069 3146 4142 psalterium,
3196 4069 3470 4138 passiones
3508 4068 3716 4123 Domini
3758 4075 3814 4120 et

2227 4166 2330 4219 alia
2357 4179 2510 4219 sacra
2539 4163 2792 4217 continue
2823 4160 3143 4231 legentibus,
3171 4159 3358 4229 jacuit.
3391 4158 3588 4213 Durum
3618 4157 3814 4227 quippe

2227 4267 2277 4313 et
2303 4257 2510 4312 cunctis
2531 4264 2680 4311 recte
2703 4256 2755 4310 in
2783 4253 2985 4309 mundo
3005 4252 3324 4323 degentibus
3349 4251 3694 4308 formidabile
3713 4249 3814 4305 hoc

2227 4347 2372 4419 quod
2399 4362 2579 4403 narro.
2609 4347 2704 4401 Die
2730 4355 2906 4401 autem
2933 4360 3039 4415 quo
3072 4344 3363 4400 moriturus
3393 4334 3528 4409 erat,
3560 4357 3658 4413 per
3683 4342 3814 4397 duas

2231 4440 2390 4495 horas
2409 4449 2535 4494 ante
2555 4439 2748 4493 animae
2769 4439 2940 4493 beatzc
2961 4436 3186 4501 exitum,
3210 4436 3531 4491 venerabilis
3551 4434 3816 4490 Eusebius

2229 4539 2337 4585 tam
2369 4529 2635 4585 terribiles
2672 4538 2822 4584 actus
2860 4526 3024 4597 cmpit
3070 4541 3325 4596 peragere
3347 4567 3365 4592 ,
3394 4525 3535 4596 quod
3581 4525 3814 4580 circum-

2229 4629 2432 4676 stantes
2461 4617 2706 4675 monachi
2738 4633 2936 4689 pavore
2966 4617 3233 4687 perterriti
3259 4657 3274 4680 ,
3304 4616 3446 4672 velut
3490 4624 3734 4672 amentes
3762 4617 3814 4671 in

2233 4723 2372 4770 terra
2399 4713 2664 4784 iacerent.
2699 4711 2830 4766 Nam
2872 4708 3195 4780 quandoque
3236 4709 3556 4763 transversis
3601 4709 3772 4764 oculis
3797 4749 3811 4774 ,

2233 4804 2481 4860 manibus
2510 4802 2706 4874 iunctis
2735 4842 2750 4868 ,
2783 4801 2920 4856 facie
2952 4799 3178 4855 terribili
3204 4841 3220 4866 ,
3247 4815 3483 4868 voceque
3523 4799 3637 4854 dira
3664 4801 3815 4870 quasi

2231 4898 2459 4954 smviens
2479 4887 2745 4953 clamabat
2771 4913 2785 4951 :
2811 4893 2931 4948 Non
2960 4895 3170 4964 faciam,
3195 4909 3296 4947 non
3319 4894 3506 4964 faciam
3530 4909 3550 4947 :
3569 4896 3815 4962 mentiris,

2231 4990 2478 5044 mentiris.
2503 4988 2631 5046 Post
2657 4987 2772 5042 haec
2793 4985 2858 5041 ad
2881 4996 3075 5039 terram
3097 4984 3334 5048 rediens,
3357 4983 3545 5039 faciem
3573 4984 3820 5041 firmabat

2234 5082 2287 5137 in
2333 5091 2530 5136 terram
2571 5089 2830 5151 quantum
2877 5077 3084 5148 pomit,
3125 5077 3400 5132 clamans:
3429 5076 3679 5148 Adjuvate
3705 5095 3818 5144 me,

2233 5177 2448 5245 fratres,
2482 5188 2544 5225 ne
2585 5186 2805 5240 peream.
2831 5167 2984 5236 Quod
3031 5167 3279 5222 monachi
3323 5166 3592 5233 videntes,
3643 5169 3820 5240 lacry-

2234 5275 2442 5322 mantes
2488 5273 2543 5319 et
2591 5269 2922 5327 trementes,
2970 5276 3094 5316 eum
3141 5260 3652 5331 interrogaverunt:
3687 5261 3824 5326 Quid

2235 5357 2416 5422 habes,
2458 5354 2647 5425 pater?
2677 5351 2758 5406 Ad
2803 5365 2938 5422 quos
2978 5352 3068 5406 ille
3101 5366 3115 5406 :
3149 5349 3271 5404 Non
3315 5351 3490 5406 videtis
3534 5351 3824 5406 daemonum

2235 5449 2441 5520 agmina
2461 5487 2475 5510 ,
2507 5461 2618 5516 qua:
2659 5461 2739 5498 me
2771 5444 3026 5499 debellare
3061 5443 3323 5513 cupiunt?
3352 5443 3419 5498 Ει
3450 5444 3527 5498 illi
3561 5463 3574 5498 :
3611 5445 3751 5512 Quid
3781 5456 3827 5500 te

2238 5545 2494 5614 facturum
2522 5535 2769 5602 volebant,
2790 5554 2904 5592 cum
2927 5536 3127 5591 dicebas
3154 5555 3173 5591 :
3199 5535 3322 5591 Non
3349 5538 3536 5608 faciam
3553 5538 3579 5592 ?
3605 5537 3675 5594 Et
3694 5539 3784 5595 ille
3809 5558 3822 5595 :

2237 5629 2500 5685 Conantur
2534 5644 2748 5696 namth
2767 5669 2781 5694 ,
2811 5639 2863 5681 ut
2902 5628 3059 5682 dirini
3089 5627 3304 5681 nominis
3337 5627 3664 5698 blasphemus
3690 5632 3828 5684 inve-

2238 5721 2384 5784 niar,
2428 5727 2472 5770 et
2501 5717 2613 5771 ideo
2654 5717 2748 5771 hoc
2791 5735 2870 5772 me
2913 5735 3012 5772 non
3056 5718 3225 5788 facere
3265 5717 3572 5773 clamabam.
3611 5720 3676 5774 Et
3709 5722 3821 5776 illi:

2244 5811 2412 5877 Quare
2431 5848 2444 5874 ,
2476 5819 2618 5878 pater
2642 5849 2657 5875 ,
2691 5811 2870 5880 facient
2898 5809 3237 5874 abscondebas
3264 5811 3316 5864 in
3341 5813 3572 5867 terram?
3601 5814 3664 5870 Et
3699 5815 3823 5872 ille:
