4136 6332
299 389 405 452 9.93

306 512 382 568 Ne
405 511 514 582 ejus
541 517 799 578 aspectum
827 515 1098 570 cernerem,
1129 501 1212 571 qui
1239 512 1340 556 tam
1369 501 1533 568 turpis
1560 510 1607 555 et
1635 500 1873 553 terribilis

301 611 399 665 est.
436 600 572 668 quod
609 613 780 654 omnes
809 611 935 666 pene
957 592 1253 667 formidines
1277 606 1392 663 qua
1420 592 1475 646 in
1514 590 1704 646 mundo
1735 599 1874 669 sunt,

300 673 520 763 respectu
546 694 660 764 ejus
685 690 813 746 nihil
837 698 974 743 sunt.
1007 687 1148 743 Inter
1170 686 1284 742 haec
1308 685 1466 740 verba
1490 693 1642 738 actus
1673 683 1879 753 priores

301 786 594 847 reiteraus,
631 783 709 836 sic
757 781 822 834 ad
871 790 1164 833 extremam
1210 777 1395 832 horam
1440 790 1608 846 usque
1636 775 1874 829 devenit.

300 852 511 930 Fratres
535 881 713 928 autem
743 872 833 941 qui
861 868 1126 930 astabant,
1159 885 1354 940 pavore
1377 878 1431 925 et
1457 867 1642 922 dolare
1671 875 1879 936 perter-

301 965 405 1030 riti,
432 964 578 1018 velut
607 962 800 1017 ntortui
828 962 1061 1025 stabant,
1089 960 1213 1030 quid
1244 960 1479 1012 lacerent
1501 998 1516 1020 ,
1551 957 1874 1012 nescientes.

299 1056 574 1110 Gloriosus
602 1055 740 1109 Deus
768 1054 818 1108 in
842 1053 1055 1108 Sanctis
1074 1053 1209 1116 suis,
1237 1051 1496 1105 mirabilis
1521 1051 1573 1104 in
1599 1053 1878 1117 majestate

299 1163 390 1204 sua
410 1189 427 1213 ,
459 1147 720 1217 benignus
744 1186 759 1206 .
786 1155 842 1200 et
870 1160 929 1202 se
959 1145 1262 1198 amantibus
1287 1145 1592 1199 misericors
1611 1186 1625 1207 ,
1651 1142 1880 1197 Sanctus

298 1254 420 1294 suos
461 1254 569 1292 non
613 1237 940 1306 derelinquit
988 1236 1042 1290 in
1093 1244 1336 1305 tempore
1389 1235 1746 1290 necessitatis.
1797 1233 1878 1289 Ad

297 1346 590 1391 extremam
619 1345 851 1400 namque
881 1328 1067 1384 horam
1096 1328 1384 1382 venerabili
1414 1327 1647 1381 Eusebio
1674 1341 1879 1396 praeve-

301 1426 494 1487 niente,
525 1421 792 1491 gloriosus
822 1420 1180 1491 Hieronymus
1206 1417 1471 1488 apparuit.
1502 1433 1624 1473 emn
1654 1415 1880 1487 benigne

296 1518 628 1575 Conlortam.
650 1514 816 1586 Cujus
836 1514 1068 1568 adventu
1089 1513 1264 1566 omnis
1289 1511 1374 1566 illa
1399 1511 1702 1565 daemonum
1728 1512 1880 1564 turba

297 1609 447 1681 quasi
494 1606 734 1673 inﬁnita,
767 1605 886 1674 ejus
926 1605 1120 1658 timore
1165 1603 1442 1672 perterrita
1467 1643 1482 1668 ,
1521 1601 1591 1656 ab
1631 1617 1698 1656 eo
1740 1602 1882 1656 velut

298 1700 473 1757 fumus
493 1698 730 1759 evanuit,
759 1707 816 1750 nt
841 1697 1020 1768 plures
1045 1703 1308 1755 testantur
1331 1693 1601 1757 monachi,
1630 1693 1720 1764 qui
1753 1708 1881 1763 pro-

297 1795 428 1866 priis
443 1794 617 1850 oculis
633 1791 1032 1858 dispensatione
1051 1787 1228 1843 divina
1251 1801 1308 1841 se
1330 1785 1432 1859 hoc
1449 1785 1651 1842 vidisse
1672 1786 1876 1842 dicunt.

297 1887 400 1944 Sed
424 1887 526 1939 hoc
550 1887 719 1954 magis
737 1882 1062 1952 approbatur
1082 1897 1098 1934 :
1118 1895 1239 1936 nam
1265 1893 1455 1933 omnes
1473 1878 1884 1934 circumstantes

299 1978 586 2033 audierunt
617 1975 715 2030 bas
759 1975 826 2029 ab
856 1972 1090 2028 Eusebio
1117 1987 1312 2028 voces:
1341 1969 1490 2027 Unde
1515 1972 1673 2037 venis,
1702 1970 1886 2042 pater?

301 2069 470 2135 Quare
501 2077 696 2121 tantum
724 2075 947 2119 moratus
971 2081 1024 2119 es
1041 2064 1067 2118 ?
1090 2063 1189 2119 Cui
1214 2063 1412 2126 subito.
1435 2064 1640 2120 cunctis
1665 2063 1886 2118 audien-

297 2161 462 2222 tibus,
491 2160 596 2215 alia
622 2174 723 2213 vox
757 2156 1032 2227 reSpondit
1057 2174 1070 2212 :
1098 2155 1371 2225 Exspecta,
1403 2153 1501 2223 ﬁli,
1526 2171 1588 2210 ne
1617 2154 1882 2224 formida,

293 2253 414 2320 quia
445 2261 492 2304 te
519 2265 618 2303 non
645 2249 874 2304 deserant
897 2289 914 2316 ,
945 2264 1091 2318 quem
1133 2256 1328 2300 tantum
1358 2245 1538 2317 diligo.
1565 2247 1681 2314 Qua
1706 2247 1885 2301 audita

296 2357 429 2396 voce
451 2383 468 2405 ,
499 2341 645 2396 brevi
679 2340 805 2394 inde
830 2339 1057 2393 decursa
1083 2337 1289 2390 morula
1316 2376 1333 2402 ,
1363 2334 1687 2391 venerabilis
1715 2336 1885 2390 Euse-

294 2435 415 2491 bius
462 2435 776 2504 exspiravit.
823 2433 936 2499 Qua
987 2430 1202 2500 quidem
1245 2428 1376 2482 hora
1422 2437 1478 2483 et
1524 2428 1601 2482 illi
1646 2436 1755 2483 tres
1793 2429 1885 2498 qui

293 2526 602 2581 resuscitati
626 2532 770 2584 stitit.
795 2523 1096 2592 migravere
1120 2537 1133 2573 :
1157 2531 1211 2573 et
1234 2519 1314 2590 (nt
1337 2519 1488 2588 puto)
1510 2533 1631 2574 cum
1654 2518 1886 2575 Eusebio

291 2616 359 2670 ad
389 2626 595 2670 a-terna
629 2611 818 2684 gaudia
849 2617 1227 2680 pervenerunt.
1261 2608 1391 2663 Nam
1424 2623 1519 2679 per
1551 2609 1671 2664 illos
1698 2623 1887 2664 omnes

291 2706 484 2776 viginti
525 2705 643 2759 dies
666 2744 681 2764 .
711 2702 904 2774 quibus
952 2713 1233 2771 poStquam
1279 2699 1360 2770 (ιιι
1391 2700 1552 2770 nosti)
1585 2700 1884 2755 resuscitati

291 2808 418 2853 sunt
441 2838 459 2861 ,
493 2811 556 2850 se
597 2794 650 2848 in
683 2805 826 2848 tanta
861 2793 1172 2863 paenitentia
1206 2790 1571 2853 tiadidetunt,
1599 2789 1739 2861 quod
1767 2791 1884 2847 sino

292 2888 459 2943 dubio
497 2895 700 2940 :etertta
747 2882 1078 2954 beatitudine
1119 2882 1390 2952 potiantur
1425 2891 1480 2936 et
1519 2881 1880 2952 prmtniantur.

295 2978 525 3036 Silentia
553 2974 1072 3047 praetenuittendnm
1104 2988 1442 3043 nequaquam
1469 2982 1597 3042 puto
1617 3015 1632 3038 ,
1662 2989 1783 3044 quae
1810 2973 1881 3029 ab

294 3073 498 3127 eisdem
537 3070 711 3124 tribus
737 3069 866 3122 viris
909 3083 1003 3138 per
1049 3067 1169 3122 illos
1196 3066 1349 3132 dies,
1381 3066 1574 3136 quibus
1599 3065 1876 3132 vixerunt,

296 3162 478 3218 didici.
507 3161 774 3218 Contione
801 3169 913 3213 toto
945 3160 1046 3213 hoc
1075 3170 1312 3227 tempore
1335 3173 1457 3212 cum
1487 3156 1667 3225 aliquo
1692 3171 1880 3212 eorum

295 3267 502 3310 Secreta
537 3255 660 3308 vitae
703 3252 866 3318 illius,
898 3268 1056 3321 quam
1090 3261 1209 3321 post
1246 3249 1381 3305 hanc
1425 3250 1641 3306 brevem
1681 3263 1735 3305 et
1769 3265 1884 3305 mo-

301 3359 637 3402 mentaneam
668 3352 1044 3414 exspectamus
1066 3383 1084 3408 ,
1114 3343 1294 3395 rimari
1326 3342 1548 3410 cupiens
1573 3382 1587 3405 ,
1619 3341 1881 3398 alternam

302 3437 443 3494 diem
482 3438 687 3491 ducens
729 3434 797 3489 ad
837 3448 1136 3503 vesperam.
1180 3431 1284 3488 Sed
1324 3431 1567 3503 quamvis
1606 3431 1772 3487 multa
1813 3431 1884 3487 ab

303 3530 498 3584 eisdem
530 3521 821 3582 didicerem
843 3543 858 3579 :
877 3536 1053 3580 tamen
1074 3523 1139 3578 ad
1162 3538 1402 3594 praesens
1421 3524 1692 3578 brevitatis
1720 3538 1882 3579 causa

287 3599 545 3689 quasdam
572 3628 776 3671 tantutn
806 3614 1059 3679 referam,
1083 3624 1277 3669 caetera
1305 3629 1430 3669 vero
1457 3615 1591 3669 alias
1620 3629 1683 3668 ea
1711 3612 1884 3668 dictu-

307 3731 394 3769 rus
419 3715 682 3768 mnittant.
709 3710 946 3779 Quadam
975 3710 1088 3764 vice
1114 3708 1178 3764 ad
1207 3723 1368 3763 unnnt
1399 3723 1585 3762 eorum
1613 3722 1699 3762 me
1723 3708 1881 3760 ivisse

304 3805 520 3876 contigit
549 3817 746 3872 :qttem
773 3801 906 3855 dure
934 3801 1317 3870 lacrymontem
1341 3839 1356 3862 ,
1389 3811 1492 3852 nec
1533 3797 1668 3851 meis
1707 3794 1884 3850 verbis

306 3897 724 3952 consolationem
785 3893 1018 3960 aliquam
1084 3890 1457 3944 admittentem
1506 3888 1880 3957 comperiens.

309 3990 436 4046 tanti
462 3989 621 4045 lletus
645 4001 862 4043 causam
890 3985 958 4039 ab
983 4000 1049 4040 eo
1075 3981 1215 4050 coepi
1246 3983 1540 4052 inquirere.
1558 3981 1659 4049 Qui
1681 3980 1882 4050 pluries

305 4083 370 4138 de
401 4081 504 4137 boc
527 4097 558 4136 a
585 4097 674 4136 me
702 4081 1059 4148 interrogatus
1079 4117 1096 4142 ,
1124 4090 1223 4130 nec
1251 4084 1426 4128 tamen
1457 4072 1523 4127 ad
1559 4073 1882 4140 interrogata

309 4175 640 4246 respondens
669 4192 682 4228 :
715 4171 928 4227 tandem
957 4170 1092 4224 meis
1120 4177 1339 4223 coactus
1369 4165 1879 4238 importuoitatihus,

306 4268 382 4322 sic
409 4265 683 4336 respondit
708 4281 721 4317 :
747 4262 808 4318 Si
835 4277 949 4333 qua:
972 4259 1138 4329 pridie
1170 4276 1283 4313 sum
1311 4269 1546 4328 expertus
1564 4300 1580 4325 ,
1611 4275 1710 4312 non
1740 4258 1886 4328 igno-

305 4373 461 4422 rares,
490 4356 580 4410 tibi
607 4355 788 4409 inesset
824 4368 1018 4421 semper
1047 4367 1202 4404 causa
1240 4352 1407 4422 ﬂetus.
1443 4351 1520 4405 Ad
1547 4367 1704 4420 quem
1742 4364 1880 4420 ego:

305 4447 495 4516 Quaeso
521 4457 578 4502 ut
601 4462 720 4515 quae
746 4445 921 4498 vidiSIi
945 4485 962 4508 ,
989 4443 1277 4499 edisseras.
1305 4441 1456 4496 Tunc
1486 4443 1572 4495 ille
1613 4443 1886 4511 paulisper

307 4551 486 4596 tacens
511 4579 528 4606 ,
560 4538 736 4594 dixit:
763 4536 950 4602 Quales
990 4536 1153 4590 credis
1193 4550 1366 4606 paruas
1391 4545 1439 4588 et
1464 4545 1710 4589 tormenta
1731 4576 1746 4600 ,
1782 4551 1884 4589 non

305 4631 465 4686 solum
503 4629 782 4694 damnatis,
809 4627 899 4682 sed
933 4627 1084 4682 etiam
1116 4628 1171 4681 in
1216 4626 1524 4699 Purgatorio
1562 4628 1886 4685 existentibus

309 4721 584 4793 prteparari
602 4721 628 4775 .’
651 4719 729 4774 Ad
750 4735 909 4789 quem
931 4733 1064 4789 ego:
1087 4717 1162 4773 De
1183 4715 1401 4772 incertis
1422 4733 1540 4789 quae
1562 4734 1684 4773 vera
1708 4728 1887 4790 potest

309 4813 531 4882 proferri
578 4809 890 4865 sententia?
927 4809 1007 4864 ‘Ut
1053 4809 1196 4864 enim
1247 4819 1411 4880 puto,
1455 4810 1652 4864 nostris
1688 4811 1886 4880 quibus

306 4903 588 4975 afﬂigimur
603 4903 796 4974 penis,
810 4901 1008 4970 mquari
1023 4917 1127 4957 non
1145 4911 1386 4971 possunt.
1402 4901 1478 4956 Ad
1496 4903 1636 4972 quod
1655 4905 1741 4960 ille
1761 4917 1807 4956 τι
1825 4902 1882 4959 Si

305 5010 489 5050 omnes
500 5009 621 5065 quae
639 4994 692 5048 in
710 4992 906 5046 mundo
920 4994 1137 5064 Cogitari
1155 5003 1373 5062 possunt
1390 5009 1579 5061 meum,
1598 5003 1882 5060 tormenta,

305 5083 618 5142 al‘llictiones
641 5124 660 5151 ,
689 5084 882 5140 tninori
919 5100 1037 5154 qua:
1067 5083 1176 5139 illic
1203 5083 1465 5140 ltabentur
1493 5101 1662 5153 ptume
1689 5095 1744 5140 et
1771 5097 1883 5142 tor-

264 5187 486 5245 .mento
545 5184 964 5244 comparentur,
1031 5177 1220 5232 solatia
1277 5187 1455 5233 erunt.
1519 5177 1694 5234 Mallet
1739 5180 1884 5236 enim

306 5269 524 5340 quilibet
580 5268 872 5324 viventium
931 5266 1024 5337 (si
1081 5266 1207 5323 illas
1255 5270 1583 5340 experientia
1639 5281 1887 5328 nosceret

308 5359 528 5434 ptent»)
557 5376 724 5430 usque
762 5359 830 5413 ad
866 5358 1026 5414 linem
1071 5360 1296 5427 mundi,
1336 5363 1586 5416 oumibus
1615 5362 1699 5418 his
1727 5363 1884 5419 simul

289 5451 422 5508 sine
448 5450 689 5524 remedio
711 5451 938 5506 cruciari
957 5454 1148 5521 penis,
1168 5467 1302 5522 quas
1329 5469 1520 5510 omnes
1545 5453 1792 5512 homines
1815 5458 1887 5533 ab

307 5548 476 5604 Adam
528 5551 803 5620 hucusque
847 5548 1121 5619 sigillatim
1167 5550 1540 5618 pertulerunt.
1583 5568 1742 5620 quam
1773 5568 1885 5607 uno

306 5641 393 5698 die
417 5644 469 5699 in
511 5642 756 5711 Inferno,
785 5642 898 5698 sive
928 5621 1244 5710 Purgatorio
1273 5641 1467 5696 minori
1491 5659 1610 5711 qua:
1644 5644 1754 5700 illic
1783 5645 1877 5699 ha-

266 5784 269 5786 .
311 5734 463 5792 betur
493 5735 681 5808 pana,
716 5736 972 5808 torqueri.
1009 5732 1074 5788 Et
1116 5719 1243 5798 ideo
1265 5734 1311 5813 si
1335 5748 1549 5790 causam
1580 5737 1685 5794 mei
1722 5737 1882 5795 ﬂetus

307 5825 602 5899 interrogas
623 5869 641 5895 ,
670 5829 841 5890 timor
869 5837 1154 5899 poenarum
1183 5833 1266 5879 est
1292 5865 1308 5888 ,
1344 5841 1463 5898 qua!
1500 5828 1870 5899 [uocatoribus

702 5944 762 6003 S.
817 5943 1179 6012 litt-tubam“
1229 5942 1276 6004 Ι.

1467 383 1556 439 es
1593 369 1962 440 5:33.333
1994 375 2398 437 'msaosvut.

3385 430 3387 432 η
3459 386 3565 448 ιρι

1977 497 2122 568 juste
2148 498 2364 554 dantur.
2414 501 2539 556 Scio
2586 517 2815 572 namque
2865 522 2949 562 me
2997 523 3120 578 erga
3172 508 3337 564 Deum
3384 525 3562 564 meum

1979 604 2234 662 peccasse
2261 601 2317 650 et
2343 593 2514 665 ipsum
2542 595 2750 664 justum
2781 597 2895 652 fore
2921 616 3025 654 non
3046 600 3254 658 dubito.
3275 600 3389 670 Qua
3418 601 3484 657 de
3505 618 3567 657 re

1982 697 2089 736 non
2120 683 2366 748 mireris,
2398 687 2442 739 si
2475 686 2670 756 plango
2695 729 2711 752 ,
2761 705 2886 744 cum
2921 694 3096 758 potius
3123 695 3166 748 si
3209 709 3315 749 non
3346 697 3565 766 plange~

1987 789 2100 828 rem
2126 817 2141 839 ,
2174 779 2526 832 vehementer
2550 779 2804 834 admirari
2835 781 3096 846 deberes;
3129 783 3220 838 sed
3267 787 3441 854 potius
3467 788 3566 839 ad-

1983 867 2224 931 mirare,
2254 884 2421 936 quare
2469 867 2714 925 homines
2752 872 2840 940 qtti
2887 887 2948 927 se
2991 877 3124 928 mori
3175 891 3277 929 non
3323 877 3565 931 dubitant

1989 959 2198 1028 (saltem
2245 959 2478 1014 aliorum
2524 963 2929 1033 experimento)
2964 974 3107 1019 tanta
3151 964 3238 1018 hic
3278 970 3567 1023 securitate

1983 1051 2186 1112 vivunt.
2221 1067 2318 1106 nec
2341 1062 2515 1106 tantas
2541 1055 2779 1124 cogitant
2804 1057 3032 1112 evadere
3063 1073 3264 1125 pinnas.
3293 1077 3311 1111 ι
3345 1061 3424 1114 Ad
3456 1063 3570 1116 haec

1983 1141 2173 1198 dolore
2201 1153 2372 1198 tactus
2402 1145 2756 1212 intrinsecus,
2800 1148 2871 1202 ita
2922 1159 2976 1203 ut
3005 1152 3089 1203 vix
3133 1152 3293 1206 verba
3338 1151 3569 1207 formare

1984 1248 2221 1304 possem,
2251 1235 2360 1290 dixi
2392 1255 2406 1292 :
2439 1237 2551 1291 llctt
2582 1239 2707 1308 quid
2746 1241 2946 1295 audio?
2979 1241 3085 1296 Sed
3116 1258 3330 1312 quasso,
3375 1245 3424 1298 in
3463 1259 3569 1312 quo

1986 1328 2251 1382 tormenta
2277 1326 2533 1384 dill'erunt
2560 1330 2836 1386 infernalia
2864 1333 2933 1386 ab
2962 1333 3042 1387 Itis
3068 1349 3187 1404 qua:
3213 1345 3332 1389 sunt
3364 1337 3415 1391 in
3445 1335 3571 1392 Pur-

1983 1418 2215 1488 gatorio,
2239 1417 2410 1473 dicas.
2443 1420 2508 1474 Et
2536 1420 2626 1476 ille
2651 1439 2664 1475 :
2695 1440 2714 1474 ι
2740 1422 2880 1477 Nihil
2913 1425 3053 1478 inter
3071 1425 3569 1498 sedili‘eruut:quia

1984 1509 2172 1566 eadem
2199 1521 2326 1565 sunt
2346 1513 2731 1583 tnagnittnline.
2759 1530 2930 1586 pana:
2947 1515 3244 1589 Purgatorii
3264 1527 3318 1574 et
3345 1519 3562 1574 Inferni.

1983 1601 2087 1656 Sed
2119 1618 2281 1657 unum
2310 1613 2394 1659 est
2422 1621 2529 1674 quo
2559 1606 2774 1663 dill'erre
2811 1619 3034 1678 possunt
3067 1627 3082 1665 :
3113 1612 3237 1682 quia
3280 1612 3570 1684 infernales
3655 1667 3657 1669 ,

1985 1692 2146 1747 ﬁnem
2190 1710 2295 1748 non
2325 1707 2680 1766 exspectant,
2725 1698 2821 1754 sed
2860 1712 3205 1766 augmentum
3240 1721 3253 1757 :
3285 1705 3486 1760 scilicet
3516 1706 3570 1760 in

1979 1783 2166 1854 judicii
2197 1785 2517 1841 universalis
2544 1788 2633 1844 die
2657 1829 2674 1852 ,
2724 1791 2938 1861 quando
2967 1808 3188 1862 corpora
3223 1795 3417 1849 ibidem
3447 1814 3572 1850 ern-

1984 1875 2270 1932 ciabuntur
2293 1894 2415 1933 cum
2463 1879 2743 1936 animabus
2770 1923 2784 1947 .
2814 1892 2869 1936 et
2894 1883 3190 1955 Purgatorii
3235 1903 3407 1954 pretia:
3447 1900 3574 1943 sunt

1986 1981 2111 2022 cum
2160 1969 2281 2024 line.
2343 1967 2474 2024 Nam
2543 1980 2663 2040 post
2709 1973 2976 2043 expletam
3022 1975 3390 2044 paenitentiam
3446 1978 3572 2034 inde

1986 2060 2244 2128 exempti,
2276 2059 2484 2129 gaudiis
2527 2063 2850 2119 beatissimis
2896 2064 3254 2132 perfruentur.
3288 2089 3307 2122 ι
3344 2069 3422 2125 Ad
3457 2069 3572 2125 hate

1987 2166 2090 2221 ego
2145 2167 2159 2203 :
2214 2151 2352 2209 Sunt
2401 2155 2654 2210 omnibus
2702 2157 2754 2210 in
2810 2157 3125 2228 Purgatorio
3173 2163 3523 2219 existentibus
3553 2209 3569 2230 ,

1987 2242 2214 2310 aequalia
2246 2251 2513 2298 tormenta
2540 2287 2554 2308 ,
2602 2246 2682 2300 vel
2713 2245 2968 2302 diversa?
2998 2250 3078 2304 Ad
3110 2249 3225 2306 lucc
3252 2251 3343 2308 ille
3377 2273 3392 2309 :
3426 2272 3445 2304 ‹
3477 2254 3570 2308 Di-

1989 2349 2147 2389 versa
2200 2335 2444 2406 quidem.
2506 2336 2560 2392 In
2619 2338 2884 2409 aliquibus
2936 2341 3136 2411 majora
3167 2383 3182 2407 ,
3236 2343 3571 2416 aliquibusve

1988 2425 2212 2490 leviora,
2258 2427 2409 2494 juxta
2459 2428 2874 2495 magnitudinem
2926 2442 3286 2501 peccatorum.
3335 2435 3466 2492 Nam
3519 2440 3570 2494 in

1988 2516 2159 2588 patria
2190 2518 2352 2572 etiam
2381 2517 2664 2575 Beatorum
2695 2536 2883 2578 omnes
2917 2524 3110 2580 anima:
3137 2526 3386 2595 gloriosa:
3430 2529 3569 2584 divi-

1987 2622 2112 2662 nam
2138 2610 2571 2680 contemplantur
2594 2613 2829 2681 speciem
2861 2631 2875 2668 :
2909 2615 2961 2670 in
2988 2631 3094 2685 quo
3123 2620 3298 2673 omnis
3325 2624 3573 2677 consistit

1983 2697 2176 2769 gloria.
2220 2699 2351 2768 Qua:
2379 2701 2624 2771 quamvis
2661 2703 2883 2774 singula:
2911 2714 3053 2762 tanta
3081 2707 3311 2766 habeant
3336 2715 3522 2783 gaudia
3553 2758 3567 2776 ,

1985 2787 2200 2862 quanta
2228 2793 2365 2849 velle
2409 2793 2494 2849 vel
2536 2794 2778 2865 cogitare
2822 2808 3092 2868 possunt:
3138 2810 3313 2857 tamen
3364 2807 3571 2874 gaudiis

1985 2897 2092 2938 non
2121 2891 2249 2939 sunt
2287 2899 2443 2954 pares
2467 2926 2482 2951 ,
2512 2886 2636 2956 quia
2679 2886 2881 2957 majora
2913 2889 3028 2946 haec
3058 2893 3331 2962 possidet,
3363 2895 3570 2949 minora

1984 2974 2099 3040 illa,
2126 2975 2277 3046 juxta
2302 2991 2465 3048 opera
2494 2994 2615 3048 quae
2659 2979 2924 3038 fecerunt.
2956 2983 3029 3040 Se
3073 2983 3118 3041 si
3161 2987 3252 3042 tibi
3283 2990 3456 3056 aliqua
3498 3007 3570 3044 ex

1986 3067 2089 3125 hoc
2117 3071 2354 3126 oriretur
2393 3070 2679 3130 admiratio
2702 3117 2717 3141 ,
2749 3083 2808 3129 ut
2833 3073 3045 3132 Sanctis
3079 3080 3249 3150 possit
3287 3081 3465 3136 inesse.
3490 3083 3576 3138 di-

1981 3162 2213 3217 versitas
2258 3164 2612 3234 gaudiorum,
2656 3181 2881 3238 quorum
2930 3183 3090 3224 causa
3148 3178 3232 3225 est
3268 3171 3414 3228 solus
3457 3173 3573 3246 ipse

1986 3252 2128 3309 Deus
2155 3270 2171 3306 :
2203 3253 2256 3309 in
2295 3270 2404 3325 quo
2443 3256 2590 3311 nulla
2631 3258 2800 3328 potuit
2827 3274 3060 3330 unquam
3092 3274 3214 3318 esse
3241 3261 3524 3321 diversitas
3552 3283 3568 3321 :

1983 3343 2180 3398 solutio
2205 3345 2339 3400 satis
2367 3355 2532 3417 patet.
2580 3347 2712 3402 Nam
2739 3365 2864 3406 eum
2905 3351 3082 3406 divina
3109 3356 3492 3426 contemplatio
3516 3369 3572 3415 et

1983 3439 2238 3510 cognitio.
2269 3439 2384 3494 sive
2412 3439 2764 3511 intelligentia
2787 3485 2802 3506 .
2833 3444 2901 3499 sit
2928 3452 3038 3500 tota
3067 3459 3273 3504 merces
3296 3457 3352 3504 et
3375 3449 3567 3520 gloria,

1984 3529 2038 3584 in
2066 3529 2245 3599 aliquo
2269 3539 2442 3599 potest
2463 3546 2583 3586 esse
2603 3533 2921 3590 Sanctorum
2945 3537 3141 3605 minor,
3167 3538 3220 3595 in
3242 3540 3420 3612 aliquo
3443 3557 3571 3596 vero

1984 3623 2173 3693 major.
2208 3623 2410 3678 Idcirco
2438 3639 2560 3680 cum
2591 3640 2779 3682 omnes
2806 3629 2964 3684 simul
2993 3632 3186 3686 anima:
3215 3632 3381 3688 Deum
3410 3635 3569 3689 sicuti

1983 3724 2101 3778 est,
2133 3712 2348 3769 videant
2378 3724 2431 3769 et
2474 3726 2804 3786 cognoscant
2833 3758 2846 3781 ,
2878 3719 3053 3790 aliqua
3099 3721 3277 3778 minus
3322 3723 3468 3779 videt
3515 3736 3570 3778 et

1985 3803 2232 3874 intelligit
2257 3845 2271 3870 ,
2313 3814 2370 3860 et
2395 3807 2474 3861 sic
2500 3807 2677 3862 minor
2701 3808 2840 3863 inest
2864 3810 2964 3864 sibi
3006 3811 3195 3881 gloria.
3221 3812 3411 3884 Aliqua
3441 3830 3570 3869 vero

1984 3897 2182 3952 clarius
2205 3896 2372 3962 videt,
2413 3907 2470 3954 et
2495 3899 2745 3955 subtilius
2772 3900 3018 3973 intelligit
3049 3920 3061 3957 :
3093 3911 3150 3958 et
3191 3903 3269 3960 sic
3308 3907 3566 3975 majorem

1986 3987 2226 4058 possidet
2265 3989 2509 4058 gloriam.
2555 3991 2647 4045 Sic
2688 3991 2848 4046 etiam
2888 3992 2958 4047 de
3007 3992 3218 4049 illorum
3246 3996 3566 4052 miserorum

1984 4079 2358 4136 damnatorum
2389 4082 2561 4152 poenis
2611 4081 2716 4138 dici
2770 4092 2990 4154 potest;
3046 4100 3169 4141 nam
3212 4099 3333 4142 cum
3380 4101 3570 4144 omnes

1983 4171 2176 4226 anima:
2192 4171 2567 4228 damnatorum
2590 4174 2642 4228 in
2665 4188 2774 4229 uno
2794 4176 3096 4232 consistant
3118 4192 3395 4249 pinnarum
3413 4178 3530 4235 loco
3551 4200 3563 4234 :

1987 4273 2164 4320 tamen
2206 4265 2432 4322 diversis
2481 4269 2790 4325 cruciantur
2840 4272 3053 4341 patriis,
3107 4272 3259 4345 juxta
3310 4276 3565 4331 vitiorum

1985 4354 2290 4430 qualitates.
2337 4361 2566 4418 Tantum
2607 4362 2870 4434 siquidem
2911 4363 3089 4420 dill’ert
3124 4365 3267 4422 inter
3306 4367 3568 4423 Christia-

1988 4470 2210 4517 norum,
2251 4455 2339 4526 qui
2385 4455 2454 4510 ibi
2505 4465 2858 4526 torquentur,
2893 4472 3079 4528 poenas
3115 4465 3173 4512 et
3211 4470 3568 4529 paganorum,

1987 4556 2047 4603 ut
2071 4562 2396 4618 paganorum
2427 4548 2788 4603 cruciamenta
2820 4559 3062 4619 respects
3092 4563 3278 4605 eorum
3303 4566 3420 4622 qum
3451 4551 3570 4608 falsi

1985 4637 2274 4695 Christiani
2319 4649 2632 4709 peccatores
2676 4642 2985 4707 sustinent,
3033 4641 3144 4697 sint
3183 4644 3332 4714 quasi
3381 4645 3570 4702 nulla:

1985 4747 2288 4802 quanquam
2332 4731 2612 4787 inellabilia
2651 4740 2771 4787 sunt
2794 4773 2812 4800 ,
2839 4748 2939 4790 nec
2972 4748 3003 4789 a
3043 4734 3347 4792 viventibus
3375 4739 3576 4810 cogita-

1988 4821 2132 4877 bilia.
2163 4821 2230 4876 Et
2254 4821 2473 4892 dignum
2499 4831 2602 4878 est.
2633 4821 2766 4878 Nam
2797 4823 2873 4879 illi
2900 4826 3124 4896 gratiam
3157 4826 3248 4884 Dei
3290 4829 3341 4884 in
3375 4847 3569 4886 vanum

1988 4922 2330 4984 receperunt,
2367 4928 2466 4969 nec
2511 4913 2796 4970 voluerunt
2839 4931 2870 4971 a
2922 4919 3154 4987 peccatis
3198 4921 3392 4992 corrigi
3442 4923 3569 4978 dum

1991 5009 2234 5063 vixerunt
2255 5045 2272 5072 ,
2318 5007 2490 5063 sacris
2522 5009 2778 5064 continue
2815 5010 3232 5086 vociferantibus
3256 5013 3569 5084 Scriplttris,

1988 5115 2122 5172 quas
2150 5115 2246 5168 pro
2287 5099 2452 5155 nihilo
2480 5109 2752 5172 putavere.
2783 5119 2804 5152 ι
2846 5101 2980 5157 Τιιιη
3011 5117 3141 5173 ego:
3176 5103 3435 5160 horribile
3458 5117 3570 5172 est,

1989 5191 2225 5262 inquam,
2255 5190 2397 5262 quod
2425 5190 2581 5257 dicis,
2616 5201 2668 5247 et
2709 5192 2911 5248 utinam
2941 5193 3129 5251 sedulo
3155 5195 3460 5252 mortalium
3492 5200 3576 5251 iu-

1990 5282 2204 5339 sisteret
2229 5283 2500 5340 mentibus
2523 5323 2539 5352 ,
2569 5293 2630 5338 ut
2661 5284 2745 5339 vel
2771 5295 3034 5341 tantarum
3063 5301 3342 5358 pmnarum
3367 5298 3575 5344 terrore

1987 5361 2020 5428 a
2061 5373 2238 5443 pravis
2275 5383 2595 5441 cessarent,
2649 5376 2695 5431 si
2742 5377 2946 5433 nollent
2990 5394 3174 5435 amore
3218 5379 3424 5450 glorim.
3467 5380 3572 5435 Sed

1990 5481 2174 5536 qu:eso
2209 5465 2334 5536 qttid
2378 5482 2501 5539 erga
2532 5474 2585 5522 te
2613 5467 2785 5538 pridie
2820 5480 3051 5525 exeunte
3093 5471 3270 5526 anima
3299 5482 3574 5540 peractum

1991 5553 2093 5622 est,
2127 5557 2369 5613 breviter
2400 5557 2694 5615 innutesce.
2721 5559 2800 5615 Ad
2835 5561 2976 5632 quod
3009 5561 3136 5616 ille:
3171 5578 3193 5612 ι
3216 5559 3572 5630 Adveniente,

1995 5647 2182 5717 inquit,
2215 5650 2403 5704 mortis
2424 5665 2556 5706 mea:
2586 5647 2719 5705 hora
2745 5691 2761 5716 ,
2792 5661 2936 5706 tanta
2961 5652 3153 5705 inloco
3178 5664 3286 5720 quo
3315 5650 3577 5720 migratu—

1996 5735 2088 5792 rus
2105 5738 2368 5810 jacebam.
2403 5739 2760 5796 nefandorum
2788 5737 2940 5796 amnt
2959 5742 3244 5812 spirituum
3266 5741 3574 5799 multitudo.

1995 5846 2102 5901 quo
2124 5847 2232 5902 prze
2254 5831 2465 5886 ntultitu
2487 5831 2593 5887 line
2616 5831 2944 5889 dinumerari
2961 5832 3308 5888 omniuon‘ou
3331 5844 3573 5906 possent,

2965 5943 3168 6028 (om)
