2068 3166
272 179 326 208 205

271 241 384 270 quorum
393 232 494 267 species
505 230 564 258 talis
577 233 645 262 erat,
658 227 727 263 quod
738 234 768 254 ea
781 226 817 253 nil
829 226 975 261 pwnosius,
990 224 1061 251 nilve

269 269 431 308 'borribilius
457 275 604 310 excogitari
619 277 719 308 potest.
743 272 835 300 Potius
859 272 932 299 cuitu
947 269 1060 305 quilibet

272 325 409 353 hominum
426 322 540 350 ﬂammis
555 320 710 348 ardentibus
721 325 844 347 arsurum
859 325 888 344 se
903 320 1059 351 exponeret,

271 378 352 406 quam
365 376 457 398 earum
467 368 614 396 formarum
629 365 682 392 ictu
697 364 766 392 oculi
780 363 882 390 visione
893 362 981 397 potiri.
993 360 1061 395 Quid

272 415 306 443 ad
329 423 377 443 me
395 414 552 442 venientes?
587 412 676 439 omnia
711 415 885 445 qumcumque
912 406 1060 442 perpetravi

271 468 353 495 opera
367 464 461 488 centra
477 459 570 490 Deum,
585 457 617 484 ad
628 463 713 484 meam
722 454 877 481 memoriam
890 452 1061 483 revocabant,

271 507 416 536 suadentes
431 505 494 533 mihi
507 526 513 536 .
530 510 557 530 ιιι
572 503 685 537 atuplius
700 500 817 528 divinam
839 497 1060 529 misericordiam,

272 561 352 588 quam
371 558 423 579 tam
447 551 562 585 gravita-r
582 546 745 575 oll‘eudcram
759 567 766 576 ,
792 552 845 571 non
866 550 1013 579 sperarem.
1030 542 1063 569 Et

272 587 347 627 certe
362 598 469 625 noveris
492 596 561 630 quod
586 593 637 620 nisi
658 593 746 619 divina
769 589 905 617 miseratio
928 596 970 615 me
989 587 1063 622 adju-

273 646 366 678 viuet.
382 643 423 672 eis
437 641 564 670 resistere
584 647 636 667 non
658 638 812 665 valuissent.
827 635 894 663 Nam
909 634 976 662 dum
990 632 1062 659 omui

273 691 364 727 vigore
385 688 495 723 spiritus
510 685 653 714 destitutus
666 704 675 717 ,
689 689 781 710 eorum
796 681 884 708 verbis
897 679 1004 715 paulum
1019 685 1063 704 as-

272 724 400 764 sentirem
418 743 425 762 :
441 733 574 769 gloriosus
587 730 662 758 ab‘uit
678 729 857 763 llieronymns
871 733 969 761 magno
980 724 1063 751 valla-

274 789 317 809 tus
331 781 436 817 agmine
448 779 611 814 Angelorum
624 797 631 808 .
645 776 748 811 species
760 774 817 801 Sole
829 771 1004 808 splendidior.
1021 777 1064 798 me

274 815 439 856 confortans.
456 825 506 859 Qui
528 824 571 850 ubi
596 822 655 849 illos
668 821 777 856 spiritus
792 817 942 846 immundos
958 816 1006 843 l'uit
1020 815 1064 843 in-

273 876 356 902 tuitus
366 893 375 906 ,
392 880 434 899 me
450 877 502 898 tam
517 870 584 896 dure
598 867 790 895 exacerbantcs
802 885 811 897 ,
826 864 902 891 valde.
914 867 1064 889 commotus

272 927 334 954 erga
356 926 420 950 eos.
444 924 511 944 voce
536 914 648 943 terribili
672 913 712 940 eis
737 911 828 944 dixit:
845 909 912 943 Quid
937 908 969 935 ad
993 907 1063 936 hunc

274 965 400 1001 nequitizc
422 968 449 992 et
469 962 558 989 omnis
580 957 776 988 maledictionis
798 957 908 992 spiritus
934 954 1064 980 venistis?

270 998 435 1039 nes-ciebatis
449 1008 520 1035 lumc
542 1006 608 1033 meis
623 1004 681 1031 fore
695 1001 838 1030 fovendum
858 999 983 1026 auxiliis?
997 998 1064 1026 Pro-

270 1058 346 1084 tinus
358 1052 631 1087 ltuuc‘roliuquentes.
647 1049 729 1080 abite.
744 1052 772 1075 et
786 1051 888 1074 vestras
900 1046 934 1072 ab
946 1052 979 1071 co
990 1045 1065 1070 clon-

272 1109 337 1139 gate
349 1101 485 1135 ιιιττιιιιὶιὶεις
497 1119 504 1131 ,
527 1102 655 1133 quantum
667 1096 751 1123 distat
764 1097 839 1121 ortus
849 1093 883 1119 ab
897 1099 1003 1119 occasu.
1018 1090 1065 1117 llis

275 1136 319 1177 illa
333 1147 535 1176 maledictorum
549 1143 690 1178 spirituum
702 1141 818 1168 societas
825 1138 969 1173 perterrita
980 1157 987 1168 ,
999 1136 1064 1162 diris

269 1194 456 1223 utulatibnset
469 1188 741 1221 clamoribus,.limen
756 1185 807 1212 loci
827 1185 853 1211 iu
868 1192 920 1219 quo
929 1182 1063 1218 jaccbaut,

268 1240 390 1268 excessit
411 1239 485 1265 'l‘unc
496 1237 629 1272 gloriosus
646 1233 825 1267 lliemnymus
836 1228 968 1264 aliquibus
981 1228 1065 1261 impe-

273 1293 336 1314 rans
358 1284 467 1319 Angelis
487 1290 522 1309 ne
546 1290 560 1307 ιι
582 1287 626 1307 me
648 1278 836 1308 discederent,
856 1275 903 1302 sed
919 1280 1065 1309 quousque

269 1335 453 1360 «reverteretur
463 1348 472 1362 ,
488 1329 693 1362 exspectarent,
704 1330 767 1350 cum
787 1321 892 1349 ueteris
906 1319 1013 1354 Angelis
1028 1319 1065 1345 te-

274 1379 406 1405 stinauter
423 1373 563 1401 abscessit.
578 1370 679 1398 Eodem
692 1374 799 1404 quoque
819 1366 934 1393 abeunte
945 1384 954 1396 ,
971 1363 1065 1398 Aogcli

274 1424 319 1459 qui
331 1422 364 1449 ad
380 1429 422 1449 me
436 1417 639 1448 custodiendum
650 1418 844 1445 remanserant,
859 1420 901 1439 me
915 1410 1066 1438 conl‘ortare

276 1456 395 1504 cepere,
411 1465 505 1494 blanda
520 1461 849 1497 etdulciapromittcntes.
869 1459 890 1485 si
906 1456 966 1484 torti
976 1456 1066 1484 animo

275 1501 458 1551 perdurarent.
486 1511 558 1543 Inter
581 1510 638 1536 lucc
661 1513 749 1534 autem
772 1503 963 1533 consolationis
985 1501 1066 1529 collo-

274 1550 347 1598 quia,
361 1562 426 1589 hora
437 1558 512 1595 quasi
522 1557 646 1587 decursa,
656 1553 773 1581 secundo
785 1552 877 1578 beatus
885 1550 1066 1584 Hieronymus

275 1594 396 1639 veniens,
408 1611 534 1640 stansque
545 1603 569 1630 in
585 1600 687 1633 limine,
701 1598 839 1627 velociter,
852 1595 946 1630 inquit,
963 1594 1062 1620 venite.

277 1655 352 1681 'J'une
374 1651 463 1680 subito
485 1649 573 1676 anima
592 1652 691 1680 corpus
704 1643 828 1678 reliquit,
846 1649 898 1670 tam
910 1641 1026 1676 graviter
1039 1644 1066 1666 et

274 1700 372 1728 acerbe
383 1719 392 1732 ,
406 1696 476 1733 quod
489 1700 563 1723 certe
585 1696 691 1728 quarum
704 1689 803 1718 fuerint
825 1695 959 1724 preSsurae
973 1691 999 1713 ct
1013 1693 1066 1712 an-

273 1746 370 1782 gustia:
382 1765 390 1779 ,
411 1732 547 1772 intellectu
562 1748 615 1768 non
630 1742 739 1774 caperet
762 1744 837 1764 mens
860 1734 987 1766 humana,
1003 1732 1064 1765 nisi,

276 1779 305 1821 ut
317 1799 367 1828 ego
378 1810 387 1823 .
401 1787 568 1825 experientia
581 1785 729 1814 didicisset.
739 1782 773 1810 ‘Si
787 1784 858 1809 enim
873 1780 960 1807 omnis
973 1779 1066 1806 buma-

272 1826 372 1867 norum
386 1833 560 1871 intelligentia
572 1854 580 1866 ,
595 1839 661 1868 quas
676 1830 757 1858 vellet
769 1828 905 1863 angustias
920 1830 947 1854 et
960 1826 1066 1853 dolores

275 1886 422 1913 :cstimaret
434 1903 441 1915 ,
458 1884 583 1916 respectu
598 1880 694 1906 anima:
715 1873 900 1903 dissolutionis
919 1880 934 1900 a
955 1878 1067 1907 corpore

276 1938 401 1967 tanquam
426 1936 474 1965 pro
497 1926 771 1959 nihilocomputaret.
789 1931 799 1947 ι
817 1921 879 1949 Ιιωο
900 1924 927 1948 et
947 1920 998 1947 alia
1013 1926 1066 1945 non

272 1978 365 2006 minus
377 1976 460 2004 ardua
472 1981 500 2002 et
515 1972 593 2000 valde
615 1970 772 1999 mortalibus
796 1967 962 1996 formidanda
976 1987 984 1998 .
1009 1973 1067 2001 quae

276 2032 325 2059 pro
344 2021 528 2058 longitudine,
543 2018 667 2054 praesenti
693 2015 767 2051 operi
791 2022 842 2041 non
866 2013 1019 2043 inscribant,
1035 2019 1068 2039 eo

276 2058 405 2106 loquente
419 2088 426 2100 ,
442 2066 586 2102 incipiebat
599 2062 687 2091 claudi
700 2061 758 2089 dies
772 2081 779 2092 ,
803 2067 899 2087 occasu
914 2058 978 2087 solis
991 2079 998 2090 ,
1015 2064 1068 2093 quo

275 2104 389 2144 necesse
410 2113 477 2145 fuit,
493 2110 556 2146 quid
577 2110 601 2137 ei
616 2113 677 2144 post
699 2111 814 2134 mortem
837 2104 996 2139 contigerit,
1014 2110 1067 2129 non

278 2160 396 2195 explere.
413 2157 466 2185 Sed
479 2155 540 2191 quia
553 2162 611 2189 pra:
621 2151 730 2180 caeteris
745 2149 902 2177 aﬂectabam
914 2169 923 2181 ,
947 2147 1068 2182 sequenti

276 2193 322 2235 die
333 2227 342 2240 .
355 2205 459 2233 duobus
479 2201 538 2229 aliis
550 2207 611 2228 cum
626 2205 659 2226 eo
674 2196 782 2225 insimul
795 2194 948 2222 convocatis
960 2193 993 2220 ad
1008 2201 1068 2219 nar-

277 2239 391 2281 rationis
404 2250 476 2277 illius
488 2247 585 2275 seriem
601 2244 679 2277 redii,
695 2243 747 2270 hoc
760 2241 870 2276 cupiens
881 2239 915 2267 ab
928 2239 979 2266 illis
989 2239 1068 2265 etiam

279 2298 382 2326 duobus
397 2295 458 2323 aliis
470 2292 615 2331 peraudire
628 2311 635 2321 ,
649 2295 678 2316 ut
691 2289 772 2315 trium
786 2286 939 2315 testimonio
958 2284 1071 2312 solidius

277 2345 419 2372 edocercr.
442 2340 533 2374 Itaque
546 2339 606 2366 eum
621 2336 647 2364 lii
668 2335 722 2371 jam
737 2334 838 2362 dictare
853 2333 999 2367 inciperent
1010 2351 1018 2362 .
1032 2331 1072 2358 sic

280 2387 418 2424 respondi.
432 2386 588 2420 Quanquam
609 2383 666 2410 lucc
685 2381 757 2408 utilia
771 2379 841 2411 sint.
856 2385 905 2405 nec
920 2376 1030 2404 tatdcret
1043 2376 1069 2403 in

282 2422 396 2462 vacuum
408 2432 505 2466 saepius
516 2431 573 2465 ipsa
585 2428 633 2455 fari
646 2448 654 2461 ,
671 2432 760 2454 tamen
773 2425 815 2452 bis
829 2431 891 2459 qua:
911 2423 966 2458 jam
981 2422 1069 2449 audivi

281 2482 402 2514 omissis,
415 2484 508 2514 quazso
520 2480 550 2504 ut
560 2474 622 2510 quid
638 2473 714 2501 vobis
728 2476 788 2506 post
799 2470 1003 2498 dissolutionem
1016 2476 1072 2496 cor-

283 2527 358 2563 poris
367 2524 504 2556 evenerit,
520 2529 580 2549 meo
593 2519 677 2547 hianti
691 2516 822 2551 detegatis
835 2515 934 2543 animo.
956 2515 996 2542 Ad
1021 2515 1072 2542 hoc

284 2560 328 2602 ille
342 2571 387 2607 qui
401 2569 476 2602 milii,
489 2576 550 2603 qua:
564 2565 671 2598 audisti,
687 2567 821 2591 transacto
834 2565 988 2588 narraverat
1001 2560 1044 2588 die
1063 2570 1069 2587 :

286 2629 296 2648 ς
310 2614 531 2653 Quod,Cyrille,i
543 2612 638 2648 inquit,
653 2620 662 2637 ι
675 2611 833 2643 interrogas,
843 2615 894 2635 non
901 2612 941 2634 est
948 2607 1073 2641 pes-sibila

285 2666 365 2701 plene
382 2663 431 2691 I'ari
448 2671 456 2689 :
471 2658 595 2696 quoniam
610 2655 756 2693 spiritualia
772 2655 872 2682 nostris
887 2654 996 2680 minime
1010 2661 1074 2680 scn-

285 2699 367 2741 sibus.
378 2706 648 2744 comprehenduntur.
671 2702 730 2731 Scis
744 2709 856 2737 namque
871 2708 923 2727 non
944 2705 969 2727 te
983 2699 1075 2726 exani-

286 2765 356 2787 mem
370 2757 426 2784 l'ore
438 2777 445 2787 .
469 2760 494 2782 et
510 2751 672 2791 tamenquid
684 2755 730 2777 aut
742 2749 827 2785 qualis
845 2748 879 2776 sit
896 2748 983 2775 anima
996 2767 1004 2780 ,
1020 2753 1072 2773 non

286 2793 416 2840 agnoscis.
430 2803 512 2829 Deum
526 2804 598 2827 certe
610 2799 663 2826 scis
675 2796 793 2824 omnium
808 2803 866 2823 esse
878 2793 1034 2830 principium
1048 2797 1075 2819 et

286 2853 366 2878 linem
376 2857 417 2883 ,Α
431 2856 485 2883 qlto
503 2846 630 2881 incipiunt
645 2844 732 2871 omnia
746 2842 825 2877 atque
845 2840 957 2868 tendunt
970 2847 978 2865 :
994 2842 1022 2865 ct.
1036 2842 1075 2864 ta‘

287 2888 348 2924 men
361 2895 425 2930 quid
438 2895 473 2921 sit
486 2894 554 2921 Deus
574 2896 618 2919 aut
632 2891 728 2926 qualis,
744 2889 806 2917 dn-n
821 2887 910 2915 carnis
923 2885 999 2913 istius
1012 2891 1074 2920 gla-

860 169 903 197 DE
925 168 1108 198 MIIHCULIS
1128 168 1328 197 IIIERONYMI.

1854 167 1907 196 296

1115 225 1229 255 vissimrc
1244 224 1416 258 corruptibile
1432 227 1521 259 portas
1533 231 1600 250 onus
1612 245 1618 256 ,
1635 230 1687 249 non
1704 218 1840 256 intelligis,
1857 222 1905 248 nisi

1116 276 1162 303 pct‘
1172 269 1307 302 speculum
1322 274 1348 296 ct
1360 270 1385 296 in
1401 270 1539 305 aenigmate
1556 279 1562 296 :
1577 270 1615 295 sic
1627 269 1706 295 etiam
1720 268 1753 294 de
1767 268 1870 302 angelis
1880 273 1907 294 et

1114 314 1218 340 caeteris
1238 313 1402 347 incorporcis
1430 314 1498 341 idem
1522 315 1613 348 liquet.
1639 313 1706 340 Cum
1730 312 1800 339 enim
1824 312 1907 339 multa

1114 367 1173 393 qum
1187 364 1248 385 sunt
1261 360 1398 386 notissima
1422 360 1446 386 in
1463 365 1554 385 natura
1569 380 1575 390 ,
1595 364 1797 394 ιιοςιγῑιξυτιτνίε
1809 357 1907 384 intelli-

1115 406 1210 440 gentim
1225 405 1340 435 defectu.
1356 405 1503 439 intelligere
1521 414 1573 432 non
1588 413 1730 440 possumus
1746 414 1751 431 :
1773 411 1908 439 supercac-

1116 452 1192 477 lestia
1203 456 1229 477 et
1238 450 1382 485 spiritualia
1393 451 1502 477 omnino
1513 451 1596 477 aliena
1606 458 1620 476 a
1631 455 1732 477 natura:
1742 450 1906 484 cognitione.

1115 496 1253 529 quomodo
1268 496 1467 530 intelligemus?
1485 506 1492 520 ι
1508 495 1544 523 Ut
1558 496 1633 527 dicis,
1654 497 1821 530 inquanLest
1838 504 1844 521 :
1861 495 1907 521 sed

1116 542 1152 568 uti
1170 547 1255 576 potes,
1272 549 1363 575 quaeso
1379 541 1463 567 dictus.
1481 543 1513 567 At
1529 542 1573 567 ille
1591 550 1596 567 :
1616 551 1624 565 ι
1641 541 1852 574 Circumloquar,
1866 540 1907 566 itt-

1116 588 1181 622 qnit,
1198 588 1222 614 id
1238 588 1308 623 quod
1323 593 1399 622 optas
1415 596 1421 614 :
1438 592 1465 613 et
1483 587 1569 614 dicam
1586 586 1754 621 panlominus
1769 586 1841 617 quod
1854 593 1907 613 non

1116 641 1234 667 possum.
1258 634 1290 660 At
1306 633 1330 659 bi
1344 633 1388 667 qui
1405 640 1507 659 mecum
1523 640 1553 658 ea
1576 639 1635 666 qua:
1654 631 1740 666 pridie
1755 631 1808 657 dixi
1822 652 1829 663 ,
1846 637 1909 658 sunt

1116 679 1217 713 experti
1231 699 1237 708 .
1253 679 1274 705 si
1289 679 1324 705 ita
1339 684 1380 705 est
1393 698 1399 709 ,
1413 678 1633 704 testiﬁcabuutur.
1650 677 1705 703 Mea
1723 677 1806 711 pridie
1819 677 1907 703 animo

1117 733 1130 751 a
1146 733 1259 759 corpore
1275 729 1313 751 tot
1326 727 1367 759 (ut
1379 733 1459 758 supra
1475 724 1543 751 fatus
1557 723 1627 758 sum)
1644 723 1775 758 pressuris
1789 730 1816 750 et
1829 723 1907 749 dolo-

1117 771 1189 797 ribus
1203 771 1329 797 dissoluta
1342 791 1349 802 ,
1364 770 1451 796 subito
1465 770 1490 796 in
1507 770 1559 796 ictu
1577 770 1647 796 oculi
1669 768 1839 795 inetl'abilitcr
1859 768 1908 795 fuit

1116 823 1177 844 ante
1192 818 1236 844 Dei
1249 817 1392 851 iudicantis
1408 817 1576 852 pratsentiam
1592 817 1740 851 deportata.
1753 816 1805 844 Sed
1821 824 1835 842 a
1849 815 1908 850 qui-

1117 865 1166 891 bus
1180 886 1186 897 ,
1203 868 1228 891 et
1251 864 1385 899 quomodo
1397 885 1403 896 ,
1422 872 1473 891 non
1489 871 1614 898 agnosco.
1631 863 1684 890 Nec
1697 868 1769 891 certe
1787 863 1883 889 mirum
1899 872 1907 890 τ

1117 919 1176 937 nam
1197 918 1269 937 nunc
1288 911 1376 937 carnis
1401 911 1470 937 mole
1492 918 1620 945 μίξει-ιιι·οΓ
1635 919 1641 935 :
1659 915 1721 937 tunc
1743 915 1832 936 autem
1858 909 1909 937 erlt

1117 957 1203 982 anima
1227 957 1284 983 sine
1310 964 1399 983 carne.
1420 955 1544 983 "Fuerunt
1569 957 1648 983 etiam
1676 956 1772 982 ibidctn
1796 956 1907 982 istorum

1117 1002 1222 1031 animm,
1239 1002 1384 1027 terroribus
1397 1001 1643 1036 incxcogitabilibns
1654 1001 1715 1035 quid
1727 1000 1806 1034 jndex
1817 1005 1908 1033 ageret

1118 1046 1300 1074 I‘onnidautes.
1317 1047 1371 1073 llcu
1384 1055 1432 1073 cur
1452 1047 1578 1073 mortales
1595 1046 1715 1072 nesciunt
1726 1066 1732 1076 ,
1747 1046 1843 1079 quibus
1857 1045 1907 1071 boc

1117 1093 1220 1119 eveniet
1242 1093 1311 1127 quod
1334 1098 1394 1120 tunc
1410 1093 1501 1119 nobis!
1524 1093 1603 1119 Certe
1624 1093 1647 1118 si
1672 1092 1740 1119 illitis
1764 1100 1816 1118 non
1838 1091 1908 1119 foret

1119 1139 1267 1172 ignorantia
1281 1160 1288 1171 ,
1306 1140 1383 1165 toties
1399 1147 1450 1165 non
1468 1143 1618 1173 peccarent.
1639 1137 1742 1164 Nullum
1757 1159 1764 1169 ,
1779 1145 1838 1171 qum
1853 1141 1908 1163 toto

1119 1191 1237 1220 tempore
1250 1187 1380 1220 gessimus
1391 1189 1571 1220 peccatorum,
1581 1184 1696 1218 indicem
1708 1184 1790 1210 latcrc
1803 1184 1888 1217 potuit
1900 1192 1905 1208 :

1118 1233 1171 1258 imo
1186 1237 1280 1258 cuncta
1295 1239 1354 1265 qum
1375 1231 1487 1257 fecimus
1501 1236 1626 1265 tanquam
1647 1231 1668 1257 si
1686 1229 1774 1257 forent
1788 1237 1906 1264 pra-seu-

1118 1278 1282 1310 tia,-cuuctis
1297 1277 1447 1304 astantibus
1460 1278 1532 1303 clara
1548 1282 1623 1303 erant
1640 1285 1645 1302 :
1663 1277 1697 1303 ita
1717 1281 1745 1302 ut
1768 1276 1907 1302 minimqu

1118 1329 1269 1350 nostrorum
1284 1324 1495 1358 cogitatuinunt,
1519 1323 1596 1349 sicuti
1622 1323 1704 1349 fuerat
1719 1343 1726 1352 .
1749 1322 1906 1357 apparebat.

1117 1369 1264 1396 Considera
1285 1377 1399 1403 namque
1413 1369 1509 1402 quibus
1522 1373 1548 1394 et
1563 1374 1626 1403 quot
1642 1368 1807 1402 agitabamur
1822 1372 1908 1393 terro-

1118 1415 1190 1442 ιὶιιιις
1207 1424 1212 1440 :
1228 1415 1289 1441 hinc
1302 1414 1452 1441 da'monutn
1466 1414 1606 1442 multitudo
1617 1414 1712 1445 stabat,
1729 1412 1796 1439 mala
1812 1413 1908 1439 tcstitl-

1118 1467 1209 1488 cantes
1233 1468 1291 1495 quze
1316 1460 1426 1487 fecimus
1439 1481 1445 1493 ,
1472 1461 1578 1492 locum,
1601 1460 1706 1486 modum
1719 1479 1726 1491 ,
1743 1463 1769 1485 et
1787 1463 1908 1492 tempera

1118 1507 1293 1534 declaranles.
1319 1506 1385 1533 llinc
1401 1506 1558 1540 nosmetipsi
1574 1506 1605 1532 ad
1627 1513 1657 1532 ea
1672 1514 1729 1539 qiuc
1744 1504 1908 1539 objicicltan-

1119 1559 1179 1586 tur,
1199 1554 1348 1580 nullatenus
1370 1553 1554 1580 contradicere
1578 1557 1728 1587 poteramus
1745 1560 1751 1577 :
1773 1556 1827 1578 tum
1848 1553 1909 1586 quia

1116 1600 1232 1635 judicent
1257 1604 1351 1626 cuncta
1375 1599 1521 1630 scientem,
1543 1603 1598 1625 tum
1621 1598 1680 1633 quia
1697 1597 1782 1631 ipsum
1798 1597 1909 1631 quilibet

1119 1651 1238 1673 nostrum
1250 1646 1426 1679 iustissimum
1444 1644 1633 1679 cognoscebat.
1648 1643 1706 1670 Heu
1723 1643 1786 1677 quid
1800 1643 1909 1669 dicam?

1118 1691 1202 1725 Quam
1219 1691 1375 1717 sententiam
1389 1690 1618 1725 pra-stolabamur,
1632 1689 1666 1714 ob
1680 1688 1737 1723 ejus
1752 1688 1908 1714 memoriam

1119 1746 1188 1765 minc
1204 1737 1326 1764 formido.
1343 1736 1410 1763 lline
1430 1736 1490 1763 inde
1515 1736 1583 1762 nulla
1607 1735 1736 1769 undique,
1765 1735 1909 1760 vindictam

1117 1785 1199 1819 judici
1212 1783 1396 1810 acclamabant
1414 1791 1420 1809 ε
1437 1790 1486 1809 nec
1507 1782 1589 1809 ullum
1612 1789 1679 1816 pene
1699 1781 1844 1816 apparebat
1864 1780 1910 1807 bo-

1120 1839 1182 1857 num
1197 1838 1248 1865 quo
1271 1829 1333 1864 quid
1359 1828 1549 1856 misericordim
1574 1836 1752 1862 spcrarcmus.
1777 1827 1844 1853 lline
1861 1834 1910 1853 nos
1939 1850 1944 1854 .

1119 1876 1214 1911 dignos
1235 1874 1365 1909 supplicio
1389 1881 1482 1901 omnes
1504 1874 1547 1909 qui
1569 1873 1691 1904 aderant,
1711 1872 1907 1899 exclamabant.

1120 1922 1237 1956 Cumque
1250 1921 1303 1955 jam
1323 1920 1387 1947 nihil
1402 1920 1508 1946 deesset
1523 1919 1572 1945 nisi
1588 1919 1746 1945 sententiam
1761 1917 1908 1952 publicari,

1120 1976 1179 2002 qua:
1194 1966 1375 2002 peccatoribus
1390 1966 1468 2000 digna
1483 1965 1561 1991 dator
1577 1973 1582 1991 :
1598 1971 1661 1991 erce
1674 1963 1806 1998 gloriosus
1820 1962 1909 1990 lliero-

1122 2020 1216 2047 nytnns
1237 2012 1340 2039 cunctis
1362 2010 1527 2046 splendidior
1544 2010 1632 2042 astris,
1648 2009 1726 2036 beato
1740 2008 1843 2036 Joanne
1859 2009 1908 2035 Ba-

1121 2060 1200 2094 ptista
1213 2078 1221 2090 ,
1245 2064 1403 2091 summoque
1416 2055 1604 2090 Apostolorum
1619 2054 1737 2089 principe
1751 2054 1846 2086 Petro,
1862 2060 1910 2080 nec

1120 2112 1173 2131 non
1198 2103 1358 2137 Angelorum
1386 2101 1483 2136 ingenti
1509 2100 1675 2127 multitudine
1697 2098 1840 2126 comitatus
1854 2120 1860 2130 ,
1876 2098 1909 2124 ad

1122 2150 1288 2185 pra'sidcntis
1301 2148 1398 2183 judicis
1413 2149 1537 2174 thronum
1555 2147 1665 2174 veniens
1678 2167 1684 2178 ,
1703 2150 1821 2172 nostram
1847 2151 1908 2171 seu-

1123 2197 1230 2222 teutiam
1245 2194 1372 2229 suspendi
1387 2194 1492 2221 modico
1508 2192 1636 2227 temporis
1648 2212 1655 2223 .
1673 2198 1774 2226 nosque
1788 2190 1838 2217 sibi
1853 2190 1910 2217 dari

1123 2243 1156 2268 ob
1171 2243 1344 2269 reverentiam
1359 2246 1386 2268 et
1398 2240 1565 2267 devotionem
1588 2246 1667 2274 quam
1691 2237 1740 2264 sibi
1761 2237 1911 2264 contulera-

1124 2295 1192 2319 iuns,
1207 2292 1233 2314 et
1250 2292 1358 2322 propter
1372 2285 1472 2313 erroris
1486 2284 1638 2312 destruendi
1653 2283 1840 2310 necessitatem
1852 2303 1860 2315 ,
1883 2286 1911 2308 ut.

1124 2334 1207 2361 voluit
1219 2354 1226 2365 .
1242 2333 1403 2368 impetravit.
1419 2331 1518 2358 Deinde
1538 2337 1588 2356 nos
1602 2337 1691 2356 secum
1712 2329 1823 2360 ducens,
1840 2328 1911 2354 omni

1125 2380 1167 2407 ilia
1184 2379 1259 2406 beata
1275 2377 1387 2404 vallatus
1399 2376 1536 2406 societate,
1552 2375 1596 2401 ubi
1612 2374 1729 2401 ﬁdelium
1744 2374 1840 2400 animm
1858 2374 1913 2399 iue-

1126 2425 1250 2453 stimabili
1264 2423 1347 2458 gloria
1365 2427 1493 2456 perpetuo
1507 2420 1677 2455 perfruuntur
1689 2440 1695 2452 ,
1712 2427 1772 2454 qum
1789 2419 1823 2446 ibi
1835 2426 1914 2453 gere-

1125 2471 1230 2501 bantur,
1244 2474 1274 2496 ut
1287 2468 1460 2495 redderemus
1474 2466 1666 2498 testimonium,
1681 2465 1836 2492 declaravit.
1855 2464 1916 2490 Post

1126 2517 1184 2543 lucc
1196 2515 1228 2542 ad
1244 2515 1428 2548 Purgatorium
1441 2517 1469 2539 et
1482 2511 1615 2538 Inl'crnum
1628 2518 1677 2537 nos
1689 2510 1828 2537 deducens
1839 2531 1846 2542 ,
1862 2518 1915 2535 non

1126 2563 1211 2589 solum
1225 2568 1283 2595 qua:
1296 2559 1332 2586 ibi
1346 2563 1422 2585 crant
1435 2578 1441 2589 .
1456 2557 1600 2584 indicavit:
1614 2556 1661 2583 sed
1682 2556 1764 2582 voluit
1778 2560 1807 2582 ut
1823 2562 1917 2590 poma--

1126 2615 1184 2635 rum
1208 2604 1398 2639 exlierieutiam
1418 2603 1606 2637 probarcums.
1633 2602 1679 2628 llis
1694 2602 1773 2635 igitur
1790 2600 1917 2627 omnibus

1127 2653 1165 2680 Sic
1179 2650 1293 2686 peractis
1305 2670 1312 2681 ,
1335 2648 1400 2675 hora
1416 2655 1467 2682 qua
1483 2652 1571 2674 nostra
1592 2647 1720 2674 cadavera
1740 2653 1820 2673 sacco
1834 2666 1842 2678 ,
1865 2652 1918 2679 quo

1129 2699 1222 2726 beatus
1238 2704 1300 2722 usus
1316 2695 1362 2722 fuit
1379 2695 1566 2730 Hieronymus,
1580 2693 1667 2728 tetigit
1683 2692 1847 2719 venerabilis
1862 2691 1917 2718 Eu-

1130 2744 1229 2772 sebius.
1245 2742 1314 2769 idem
1329 2741 1462 2775 gloriosus
1478 2740 1655 2775 Hieronymus
1669 2739 1745 2765 nobis
1766 2738 1918 2772 imperarit.

1130 2795 1157 2816 ut
1170 2787 1202 2815 ad
1218 2794 1329 2822 corpora
1346 2786 1515 2813 rediremus:
1535 2785 1664 2811 mandans
1686 2789 1714 2810 ut
1738 2783 1773 2811 de
1797 2784 1840 2811 bis
1861 2790 1928 2818 qna»

1130 2835 1253 2864 vidimus,
1269 2838 1428 2861 testaremur
1446 2840 1452 2857 :
1471 2832 1684 2867 promittensque
1699 2830 1777 2858 nobis
1791 2830 1919 2858 vicesimo

1131 2881 1185 2913 die,
1201 2880 1222 2907 si
1239 2879 1270 2906 de
1285 2878 1444 2914 perpetratis
1459 2878 1575 2913 peccatis
1597 2885 1646 2905 nos
1661 2876 1828 2911 contingeret
1842 2876 1918 2902 debi-
