4136 6332
307 391 403 450 297

303 519 405 565 tant
434 504 801 578 paenitentiam
834 515 1115 569 exercere,
1148 516 1271 558 cum
1300 500 1459 555 beato
1490 498 1721 554 Eusebio
1746 536 1762 560 ,
1788 493 1877 565 qui

305 611 424 656 tunc
446 606 566 654 erat
588 611 658 653 ex
699 597 801 651 hoc
844 594 1046 651 saeculo
1090 592 1452 663 migraturus,
1481 589 1707 663 gloriam
1753 588 1879 649 finis

304 694 530 751 nesciam
558 689 814 761 adipisci;
859 688 1042 759 sicque
1088 685 1407 757 corporibus
1448 692 1644 740 nostra:
1683 682 1880 736 animm

300 794 415 842 sunt
438 783 762 853 conjunctae.
794 799 813 833 ι
847 780 1007 835 Multa
1037 779 1300 851 siquidem
1334 776 1627 847 Augustine
1656 772 1877 828 carissia-

299 893 398 943 me,
430 873 787 936 formidanda,
812 887 931 944 quae
960 871 1265 926 mortalium
1296 869 1555 938 impressa
1585 864 1875 930 mentibus,

299 970 361 1024 ab
387 967 590 1024 eisdem
637 967 929 1021 labentium
954 963 1197 1021 omnium
1231 971 1567 1017 terrenorum
1608 973 1873 1023 amorem,

300 1070 558 1115 ctcuram
617 1056 968 1128 pervigilem,
1033 1070 1138 1124 qua
1198 1062 1275 1107 tot
1313 1054 1566 1106 aberrant
1604 1049 1873 1113 homines,

298 1162 350 1205 ut
377 1159 501 1220 puto
533 1148 773 1203 funditus
802 1148 1197 1215 cxstirparent,
1232 1154 1476 1214 patenter
1513 1140 1672 1197 didici
1710 1157 1724 1194 :
1757 1154 1876 1209 qua:

296 1245 337 1298 si
361 1244 440 1297 his
466 1242 671 1297 chartis
702 1240 1063 1310 imprimerem
1086 1279 1099 1301 ,
1127 1238 1244 1307 plus
1267 1236 1499 1306 cogitato
1524 1248 1659 1304 Opus
1681 1247 1871 1303 proce-

295 1336 475 1398 deret,
510 1347 611 1388 nec
639 1346 814 1387 essem
836 1344 1060 1400 compos
1088 1327 1424 1383 subscribere
1445 1326 1553 1395 jam
1582 1324 1865 1395 promissa.

295 1425 471 1495 [aque
498 1439 623 1480 cum
664 1422 731 1477 de
758 1421 1011 1493 proximo
1053 1428 1107 1474 te
1149 1426 1492 1489 exspectem,
1539 1416 1873 1470 visitaturutu

292 1516 511 1588 gloriosi
543 1514 852 1586 Hieronymi
880 1512 1155 1582 reliquias,
1189 1521 1246 1565 ut
1272 1526 1391 1581 qtta‘
1420 1524 1553 1580 quas
1581 1508 1753 1579 pridie
1785 1523 1871 1563 re-

293 1610 428 1681 cepi,
463 1609 663 1664 litterm
688 1606 991 1662 fatebantur
1019 1622 1032 1659 :
1067 1614 1260 1660 czetcra
1293 1620 1413 1673 qua:
1444 1615 1570 1657 tunc
1597 1602 1663 1657 ad
1698 1616 1871 1656 meam

295 1701 554 1755 reducere
582 1709 769 1769 potero
813 1698 1125 1752 memoriam
1148 1738 1162 1759 ,
1193 1694 1498 1751 declarabo.
1544 1694 1670 1749 Hmc
1697 1696 1874 1747 omnia

293 1790 393 1847 hoc
420 1790 527 1845 fine
551 1790 816 1851 claudam,
848 1798 1069 1858 tangens
1100 1786 1420 1842 venerabilis
1447 1784 1662 1841 Eusebii
1690 1784 1875 1854 sepul-

292 1890 486 1948 turam,
511 1889 570 1935 ut
597 1880 664 1934 ad
694 1880 947 1934 miracula
979 1878 1192 1934 redeam
1212 1876 1537 1940 enarranda,
1568 1890 1689 1947 quae
1712 1891 1876 1947 supe-

292 1974 400 2028 rius
424 1987 543 2027 sum
576 1971 848 2043 pollicitus
870 1984 1146 2025 enarrare.
1170 1962 1368 2024 Obitus
1398 1982 1629 2039 namque
1657 1967 1874 2023 Eusebii

291 2064 612 2121 venerabilis
639 2073 695 2117 et
735 2064 894 2118 trium
930 2062 1206 2116 hominum
1235 2060 1612 2131 praedictorum
1654 2061 1872 2125 seriem,

292 2158 341 2212 in
371 2155 797 2227 prmcedentibus
825 2169 983 2225 quam
1013 2153 1229 2208 brevius
1265 2152 1412 2222 potui
1445 2152 1645 2207 inserui
1676 2168 1689 2203 :
1722 2166 1874 2221 qua:-

288 2249 410 2301 dam
442 2248 575 2313 tibi,
603 2254 663 2300 ut
692 2256 840 2315 puto,
872 2244 1163 2299 affectuosa
1195 2244 1565 2312 interponens.
1597 2241 1705 2298 Sed
1736 2258 1874 2313 prte-

287 2341 554 2395 dictorum
579 2339 871 2407 sepultura:
901 2336 1071 2391 series
1099 2336 1169 2389 ita
1211 2344 1374 2404 patet.
1407 2332 1617 2388 Mortuo
1648 2348 1877 2402 namque

287 2432 584 2487 venerabili
610 2432 858 2487 Eusebio.
892 2428 1042 2499 plura
1073 2438 1197 2481 sunt
1226 2426 1481 2480 miracula
1508 2428 1712 2480 cunctis
1740 2429 1873 2491 visi,

284 2541 405 2593 qum
428 2523 787 2594 prarccdentis
811 2524 933 2575 vita:
960 2520 1296 2573 sanctitatem
1327 2527 1590 2573 testantur
1614 2536 1627 2573 :
1650 2534 1874 2588 quormn

281 2617 347 2669 ad
382 2629 629 2685 praesens
652 2613 761 2667 duo
794 2612 967 2665 solum
994 2611 1187 2664 dicam.
1220 2607 1509 2664 Monachus
1534 2608 1747 2679 quidam
1778 2625 1872 2663 cu-

285 2708 496 2775 iusdam
545 2703 813 2769 cmnobii,
861 2718 970 2772 pra:
1012 2700 1260 2771 lacrymis
1305 2710 1361 2755 et
1402 2700 1593 2769 vigiliis
1639 2701 1873 2768 priiatus

286 2797 552 2867 corporali
582 2796 782 2851 lumine
813 2795 1113 2860 oculorum,
1145 2791 1323 2848 statim
1356 2801 1412 2847 ut
1433 2791 1649 2847 Eusebii
1678 2806 1874 2860 Corpus

292 2886 650 2943 venerandum
692 2885 826 2941 facie
854 2886 1059 2955 tetigit,
1092 2883 1333 2954 pristinae
1378 2882 1511 2938 lucis
1535 2883 1760 2953 gratiam
1792 2892 1875 2939 est

276 2970 530 3051 'adeptus.
583 2979 953 3034 Daemoniacus
999 2986 1178 3033 autem
1223 2976 1437 3048 quidam
1486 2976 1615 3033 dum
1661 2992 1871 3033 sacrum

292 3087 483 3143 corpus
512 3071 580 3126 ad
611 3070 905 3126 Ecclesiam
931 3069 1250 3125 duceremus
1270 3111 1285 3134 ,
1314 3067 1487 3124 eidem
1515 3069 1759 3133 obvians,
1791 3080 1872 3125 est

295 3168 533 3235 protinus
574 3164 849 3220 liberatus.
881 3162 1039 3219 Juxta
1070 3162 1364 3218 Ecclesiam
1386 3204 1403 3230 ,
1435 3164 1486 3217 in
1522 3179 1623 3233 qua
1654 3163 1873 3234 gloriosi

295 3256 598 3329 Hieronymi
628 3255 860 3311 cadaver
884 3254 1280 3311 sanctissimum
1312 3263 1395 3310 est
1425 3254 1698 3309 hmnatum
1719 3297 1734 3321 ,
1777 3270 1871 3310 ve.

294 3350 539 3405 nerabilis
570 3347 787 3404 Eusebii
824 3362 1021 3417 corpus
1047 3346 1252 3403 honore
1281 3346 1462 3403 debito
1491 3347 1688 3402 nudum
1708 3389 1722 3411 ,
1754 3363 1870 3403 ma-

294 3443 436 3509 gisnri
482 3444 651 3496 instar
697 3441 1058 3510 sepelivimus.
1108 3438 1167 3495 In
1210 3442 1364 3511 cujus
1408 3443 1571 3496 etiam
1617 3438 1873 3496 Ecclesia:

293 3533 601 3589 cmineterio
622 3575 635 3595 ,
672 3531 945 3586 hominum
978 3532 1186 3587 illorum
1218 3532 1374 3585 trium
1404 3530 1493 3601 qui
1534 3530 1721 3585 eadem
1750 3540 1874 3585 sunt

295 3626 415 3680 hora
447 3626 663 3691 mortui,
696 3625 845 3679 fuere
868 3639 1092 3695 corpora
1116 3624 1394 3677 tumulata.
1425 3621 1517 3677 His
1542 3638 1669 3691 ergo
1690 3622 1869 3684 dictis,

297 3720 608 3775 venerabilis
643 3719 857 3774 Eusebii
888 3727 1075 3772 cuncta
1115 3716 1340 3781 sileant,
1373 3724 1432 3770 ut
1458 3715 1788 3786 prmgrandia
1820 3724 1875 3769 et

296 3811 577 3868 ineffabilia
611 3812 783 3866 locum
827 3819 1047 3865 teneant
1085 3808 1325 3881 prodigia
1360 3808 1539 3864 eximii
1574 3808 1711 3863 beati
1744 3806 1872 3863 Hie-

296 3905 493 3976 ronymi
519 3903 630 3974 jam
660 3901 939 3973 promissa.

363 3994 492 4053 Car.
527 3995 616 4051 IV.
650 3995 706 4051 in
734 4009 950 4050 amoeno
975 4002 1031 4049 et
1056 3990 1451 4063 iucundissimo
1481 3989 1745 4061 siquidem
1773 3990 1875 4046 mi-

294 4089 537 4144 rabiliutn
562 4098 840 4159 gestorum
883 4084 1211 4140 sanctissimi
1254 4082 1568 4154 Hieronymi
1601 4092 1751 4150 prato
1779 4095 1873 4150 po.

296 4184 473 4236 situs:
520 4182 595 4235 uti
658 4189 859 4233 sertum
916 4177 1143 4242 faciens,
1191 4174 1493 4245 praecipuos
1544 4182 1597 4228 et
1648 4174 1874 4227 decoros

298 4272 673 4328 miraculorum
720 4270 905 4334 ﬂores,
935 4268 1002 4322 ad
1031 4266 1191 4337 hujus
1237 4266 1479 4336 Opusculi
1512 4272 1870 4332 venustatem,

295 4372 348 4420 et
374 4373 596 4429 nostrae,
631 4362 1059 4432 posteriorumve
1088 4358 1246 4412 saluti
1279 4357 1439 4411 utiles
1468 4373 1566 4428 pro
1596 4370 1756 4427 posse
1800 4356 1874 4411 le-

296 4472 430 4527 gam.
462 4455 703 4524 Quorum
735 4454 975 4510 omnium
1005 4451 1133 4523 quid
1168 4449 1339 4521 pridie
1368 4465 1492 4520 erga
1524 4448 1871 4504 Sabinianum

298 4546 706 4603 hmresiarcham
731 4544 1042 4617 pestiferum
1071 4542 1264 4613 (quem
1294 4542 1572 4611 agnoscis;
1601 4551 1875 4613 peractum

296 4652 395 4707 est,
424 4642 598 4712 primo
626 4640 826 4694 dicam.
856 4638 1179 4693 Sabinianus
1226 4650 1459 4705 namque
1491 4633 1872 4703 ltrcresiarcha,

300 4733 680 4790 hmretieorum
707 4734 903 4797 fautor,
930 4730 1065 4786 duas
1088 4732 1139 4785 in
1168 4728 1384 4785 Christo
1408 4743 1658 4785 asserens
1686 4729 1878 4784 volun-

300 4834 452 4888 tates,
485 4832 543 4879 et
565 4822 708 4894 quod
737 4823 889 4893 pejus
914 4830 1022 4887 est,
1054 4821 1197 4875 inter
1219 4835 1280 4875 se
1311 4819 1631 4891 quandoque
1663 4818 1876 4874 discor-

294 4914 387 4970 des
404 4934 417 4971 :
437 4915 505 4970 ad
527 4915 684 4987 cujus
706 4924 813 4970 tam
837 4913 1178 4984 inopinabilis
1200 4912 1450 4967 falsitatis
1472 4912 1872 4987 probationem,

292 5005 664 5062 introducebat
690 5004 819 5062 illud
847 5006 992 5076 quod
1017 5004 1070 5059 in
1102 5004 1394 5074 Evangelia
1420 5001 1668 5060 Christus
1698 5000 1834 5058 dixit
1857 5019 1871 5058 :

298 5097 470 5163 Pater,
492 5100 539 5154 si
567 5099 679 5169 ﬁeri
718 5107 901 5168 potest,
928 5106 1152 5151 transeat
1180 5113 1212 5149 tt
1236 5112 1316 5150 me
1340 5096 1478 5150 calix
1507 5096 1619 5159 ists,
1648 5096 1875 5151 eiiciens

297 5207 360 5248 es
403 5193 512 5250 hoc
541 5193 780 5259 rationes
802 5190 1149 5261 gravissimas
1174 5198 1229 5246 et
1272 5204 1409 5260 pene
1452 5188 1872 5252 inextricabiles,

297 5285 436 5356 quod
480 5284 785 5355 passionem
826 5282 1059 5336 voluerit
1104 5296 1210 5336 una
1262 5280 1447 5351 fugere
1489 5277 1787 5344 voluntate,
1820 5290 1875 5334 et

300 5380 460 5434 altera
483 5376 727 5435 eamdem
753 5384 939 5432 coacte
975 5374 1158 5428 subire
1204 5372 1505 5444 oportuerit
1534 5372 1871 5442 passionem:

300 5481 347 5525 et
378 5487 440 5526 ex
474 5470 559 5525 his
600 5468 835 5530 dicebat,
868 5465 1011 5536 quod
1064 5465 1226 5519 multa
1257 5463 1504 5520 Christus
1536 5464 1728 5528 voluit,
1758 5480 1877 5533 quzc

303 5563 543 5617 obtinere
572 5576 678 5615 non
711 5559 915 5629 potuit:
943 5565 1149 5611 tantum
1178 5555 1232 5610 in
1261 5570 1359 5610 nos
1380 5554 1585 5610 doloris
1608 5555 1872 5618 exercuit,

303 5654 441 5723 quod
464 5651 887 5722 magnitudinem
903 5647 1175 5718 explicare
1200 5647 1507 5717 nequimus.
1532 5646 1881 5702 Pervertebat

308 5760 535 5817 namque
564 5745 705 5798 idem
737 5739 960 5811 pestifer
981 5738 1191 5807 anguis,
1224 5747 1278 5793 et
1302 5738 1457 5808 lupus
1482 5753 1671 5809 rapax,
1696 5755 1757 5795 se
1787 5755 1881 5793 ve-

304 5838 554 5894 stimento
580 5836 764 5892 ovium
805 5832 1053 5896 induens,
1073 5830 1230 5886 nobis
1257 5830 1603 5885 commissum
1631 5844 1869 5903 gregem.

1472 384 1561 441 OE
1600 372 1970 440 MIRACUUS
2010 377 2415 437 HlERONYMI.

3457 378 3568 439 998

1992 492 2060 548 Et
2108 503 2166 548 ut
2210 493 2469 549 saevitiam
2515 492 2617 548 diri
2670 494 2904 566 pectoris
2945 494 3219 551 efficacius
3260 504 3569 564 exerceret-

1984 586 2296 656 opusculum
2318 584 2588 656 quoddam
2604 585 3009 655 compilaverat,
3037 586 3182 642 falsis
3210 587 3449 657 probans
3477 599 3569 639 rs-

1985 678 2219 734 tionibus
2250 678 2353 733 hoc
2398 679 2475 732 sic
2502 692 2643 733 esse.
2686 678 2838 744 Quod
2873 679 3087 749 quidem
3132 679 3473 747 opusculum,
3505 685 3571 733 ut

1985 770 2143 826 fidem
2190 772 2239 826 ei
2270 772 2548 835 daremus,
2581 771 2820 841 glorioso
2847 770 3196 843 Hieronymo,
3230 770 3395 827 totius
3421 772 3569 827 veri-

1985 862 2109 917 tatis
2136 862 2358 933 speculo
2404 862 2791 917 intitulaverat.
2819 862 2989 931 Cujus
3030 861 3277 918 falsitatis
3315 862 3566 917 notitiam

1981 956 2343 1025 comperiens,
2378 956 2554 1010 sciens
2582 956 2676 1010 tibi
2706 956 3004 1027 gloriosum
3025 954 3413 1026 Hieronymum
3440 953 3567 1024 Epi-

1982 1048 2174 1102 stolam
2202 1062 2367 1116 super
2395 1046 2554 1115 hujus
2580 1048 2781 1101 erroris
2803 1047 3187 1111 destructione,
3207 1061 3315 1100 non
3338 1046 3565 1101 multum

1981 1148 2105 1195 ante
2131 1141 2212 1194 sui
2240 1141 2442 1194 obitum
2477 1140 2749 1196 edidisse:
2784 1138 3097 1208 pra-dictum
3145 1136 3564 1193 hmresiarcham

1981 1246 2102 1287 cum
2150 1232 2265 1286 suis
2294 1232 2595 1304 discipulis,
2633 1241 2686 1286 et
2712 1231 2954 1301 ejusdem
3005 1231 3255 1301 nequitia:
3285 1229 3571 1296 ministris.

1982 1324 2200 1381 invitavi
2229 1325 2461 1397 quodam
2490 1326 2764 1382 dominico
2792 1324 2883 1381 die
2914 1324 2967 1378 in
3016 1323 3310 1379 Ecclesiam
3345 1322 3570 1379 Jeroso-

1983 1418 2295 1489 lytnitanam
2326 1418 2393 1473 ad
2443 1417 2859 1489 disputandum,
2891 1424 2942 1471 ct
2987 1430 3142 1471 suum
3186 1430 3429 1471 errorem
3473 1429 3572 1471 ne-

1980 1512 2297 1581 quissimum
2327 1510 2811 1583 comprobandum.
2840 1511 2957 1578 Quo
2984 1524 3215 1579 namque
3244 1510 3333 1564 die
3354 1508 3571 1563 univer-

1980 1605 2055 1660 sis
2077 1605 2212 1660 meis
2239 1605 2593 1674 sufi’ragaueis
2610 1604 2913 1675 Episcopis,
2934 1613 2988 1659 ct
3024 1603 3143 1658 aliis
3158 1602 3570 1674 quampluribus

1981 1697 2319 1761 orthodoxis,
2350 1713 2560 1752 necnon
2606 1706 2655 1752 el
2708 1699 2828 1766 ipso
2879 1696 3236 1752 haeresiarcha
3285 1710 3407 1751 cum
3456 1696 3570 1751 suis

1982 1791 2230 1848 nefandis
2257 1792 2541 1861 discipulis
2598 1792 2649 1845 in
2700 1789 2953 1860 praedicta
3000 1789 3241 1844 Ecclesia
3290 1788 3564 1852 adunatis,

1979 1883 2274 1954 disputatio
2304 1900 2333 1938 a
2376 1898 2515 1938 nona
2546 1882 2782 1952 incepta,
2811 1880 2881 1937 ad
2905 1894 3159 1951 vesperas
3187 1894 3356 1951 usque
3388 1881 3568 1936 tendi-

1980 1986 2086 2030 tur.
2105 1976 2239 2030 Cum
2260 1984 2435 2029 autem
2461 1975 2600 2031 idem
2633 1971 2990 2030 haeresiarcba
3013 1982 3199 2030 contra
3219 1988 3320 2029 nos
3334 1988 3570 2044 opuscu-

1981 2069 2089 2122 lum
2116 2067 2185 2121 ab
2210 2068 2325 2137 ipso
2376 2066 2511 2121 falso
2537 2066 2918 2136 compositum,
2946 2064 3088 2137 quod
3116 2066 3352 2135 glorioso
3381 2065 3570 2121 inlitu-

1979 2159 2191 2213 labatur
2235 2160 2586 2231 Hieronymo,
2619 2160 2902 2229 allegaret,
2937 2159 3034 2213 has
3059 2167 3235 2214 tantas
3272 2159 3414 2215 beati
3440 2159 3568 2216 Hie-

1981 2251 2192 2322 ronymi
2238 2250 2463 2320 injurias
2503 2249 2647 2305 ferre
2694 2264 2800 2305 non
2852 2250 3039 2305 valens
3084 2250 3240 2306 bona:
3291 2252 3568 2307 memoria:

1980 2342 2481 2411 Sylvanus,sanctae
2512 2342 2777 2399 Nazareth
2802 2343 3058 2400 Ecclesiae
3088 2343 3564 2416 Archiepiscopus,

1978 2434 2067 2503 qui
2104 2443 2245 2486 tanta
2303 2434 2523 2487 beatum
2557 2433 2941 2505 Hieronymum
2984 2433 3271 2490 all‘ectione
3320 2436 3569 2495 animiet

1978 2525 2265 2578 devotione
2293 2524 2521 2584 colebat,
2544 2534 2599 2578 ttt
2620 2526 2665 2580 si
2686 2525 2812 2595 quid
2842 2523 3063 2589 faceret,
3095 2526 3335 2582 divinum
3368 2543 3565 2584 nomen

1979 2626 2025 2669 et
2061 2616 2199 2670 beati
2235 2615 2546 2685 Hieronymi
2582 2615 2966 2685 prm'tnittebat,
3000 2616 3142 2672 unde
3170 2620 3321 2689 quasi
3352 2620 3421 2673 ab
3449 2636 3566 2675 oui-

1979 2707 2134 2759 nibus
2169 2705 2526 2775 Hieronymus
2554 2706 2833 2761 dicebatur
2861 2724 2872 2759 :
2905 2707 3161 2776 przedicto
3191 2709 3567 2767 bmrcsiarcha:

1979 2801 2222 2866 protinus
2252 2800 2570 2861 assurrexit,
2604 2798 2719 2854 dire
2745 2815 2867 2855 eum
2913 2801 3215 2871 increpans,
3246 2812 3373 2872 quot
3404 2812 3482 2859 tot
3510 2812 3568 2859 ct

1978 2900 2154 2944 lattlas
2196 2891 2529 2945 exercuisset
2572 2891 2859 2961 nequitias.
2898 2890 3031 2946 Dum
3079 2900 3257 2948 autem
3304 2893 3567 2950 intereas

1977 2980 2133 3050 longa
2160 2981 2393 3035 oriretur
2446 2982 2745 3048 contentio,
2774 2991 2827 3037 et
2858 2990 3082 3053 uterque
3125 2982 3411 3054 Opprobria
3459 2985 3566 3041 sibi

1977 3072 2205 3127 invicem
2238 3086 2336 3143 pro
2371 3088 2528 3142 posse
2557 3073 2786 3140 diceret,
2819 3073 2871 3128 in
2918 3074 3025 3128 fine
3050 3073 3129 3129 sic
3156 3074 3317 3130 ambo
3361 3076 3567 3145 pariter

1976 3173 2300 3229 statuerunt,
2321 3163 2463 3234 quod
2492 3165 2536 3219 si
2570 3180 2737 3235 usque
2761 3166 2812 3219 iu
2840 3164 3217 3236 subsequentis
3237 3166 3346 3222 diei
3374 3168 3563 3222 horam

1974 3274 2194 3325 nonam,
2228 3259 2419 3314 beatus
2454 3257 2811 3329 Hieronymus
2844 3256 2945 3312 hoc
2975 3272 3111 3327 opus
3139 3257 3274 3313 falso
3296 3259 3568 3329 composi-

1976 3359 2086 3404 tum
2116 3349 2394 3406 evidenter
2420 3350 2750 3417 ostenderet,
2772 3350 3058 3421 praedictus
3082 3342 3441 3406 haeresiarcha
3470 3365 3565 3407 ca-

1977 3441 2087 3511 pite
2131 3441 2410 3511 puniretur
2442 3457 2454 3493 :
2489 3442 2571 3494 sin
2623 3450 2827 3507 autem,
2858 3441 3567 3513 Archiepiscopus..Quibus

1980 3534 2164 3599 finitis,
2194 3534 2388 3603 singuli
2422 3532 2487 3587 ad
2524 3534 2738 3603 propria
2771 3543 3101 3589 remearunt.
3136 3534 3241 3589 Per
3266 3545 3434 3591 totam
3464 3552 3567 3591 au-

1980 3636 2086 3680 tem
2134 3636 2347 3681 noctem
2380 3626 2608 3696 quisque.
2649 3636 2894 3680 nostrum
2939 3628 3275 3683 orationibus
3315 3628 3561 3696 vacabat,

1978 3726 2037 3771 ut
2087 3717 2243 3770 nobis
2292 3717 2344 3770 in
2390 3715 2884 3785 Opportunitatihus
2929 3717 3188 3771 auxilium
3239 3718 3484 3774 eveniret
3530 3734 3563 3775 ι

1979 3808 2230 3874 Domino,
2276 3808 2367 3876 qui
2415 3807 2687 3862 neminem
2733 3821 2965 3876 unquam
3016 3807 3067 3862 in
3121 3822 3183 3862 se
3228 3809 3563 3879 sperantium

1986 3900 2206 3970 sprevit.
2234 3897 2453 3967 Magnus
2485 3896 2743 3952 Dominus
2771 3906 2827 3953 et
2857 3897 3138 3953 laudabilis
3168 3899 3327 3953 nimis
3358 3917 3374 3955 :
3404 3901 3560 3967 cujus

1991 4001 2141 4047 certe
2170 3992 2445 4061 sapientiae
2470 4007 2577 4045 non
2608 4000 2689 4046 est
2715 4005 2991 4046 numerus.
3022 3990 3437 4048 Statutoautem
3466 3992 3559 4049 die

1975 4094 2031 4139 et
2062 4084 2189 4137 hora
2236 4082 2391 4137 lactus
2420 4081 2781 4137 harresiarcha
2830 4084 2882 4137 in
2926 4081 3223 4138 Ecclesium
3270 4096 3395 4139 cum
3442 4085 3556 4139 suis

1979 4176 2230 4247 nequitia:
2261 4175 2383 4231 filiis
2405 4176 2654 4243 veniens,
2681 4174 2785 4231 huc
2810 4174 3045 4246 illucque
3066 4175 3396 4243 discurrens,
3415 4192 3564 4249 quas-

1980 4269 2135 4324 rebat
2161 4268 2254 4323 Dei
2279 4282 2517 4334 servum,
2553 4276 2805 4339 tanquam
2836 4268 2921 4324 leo
2951 4268 3167 4339 rugiens
3197 4254 3414 4338 paratus
3434 4282 3560 4325 cum
3606 4308 3609 4311 ι

1977 4362 2261 4429 devorare,
2293 4361 2457 4417 \‘Blllii
2498 4358 2544 4416 si
2575 4360 2712 4415 foret
2763 4361 2903 4416 Deus
2947 4377 3054 4417 non
3101 4361 3429 4433 intelligens,
3460 4376 3562 4418 nec

1978 4471 2198 4509 suorum
2221 4470 2504 4508 servorum
2535 4468 2724 4523 preces
2751 4452 3068 4508 exaudiens.
3092 4454 3201 4507 Sed
3236 4464 3414 4508 tamen
3440 4468 3605 4523 cum.‘

1980 4546 2207 4602 solidius
2237 4561 2297 4601 se
2332 4546 2507 4600 fatuus
2550 4553 2696 4599 stare
2721 4545 2986 4610 crederet,
3018 4543 3375 4599 miserabilius
3414 4546 3558 4602 ceci-
3600 4544 3603 4547 ’

1978 4637 2075 4693 dit.
2099 4637 2286 4693 Stabat
2314 4645 2493 4690 autem
2523 4636 2700 4690 omnis
2729 4634 2967 4690 fldelium
2996 4635 3188 4690 concio
3218 4635 3272 4690 in
3299 4636 3554 4706 Ecclesia,

1984 4731 2213 4801 quilibet
2235 4731 2405 4783 sancti
2434 4728 2747 4800 Hieronymi
2768 4728 3009 4783 clamans
3039 4743 3255 4785 nomen.
3282 4726 3551 4788 Clauserd

1980 4818 2248 4890 siquidem
2293 4818 2562 4889 gloriosus
2607 4817 2969 4892 Hieronymus
3012 4834 3217 4876 aures:
3260 4821 3467 4894 ﬁngens
3506 4838 3555 4882 st

1982 4911 2242 4975 dormire,
2284 4910 2584 4967 orationem
2630 4911 3049 4982 supplicantium
3101 4926 3208 4969 non
3259 4916 3551 4991 intendens,

1982 5012 2042 5059 ut
2088 5000 2386 5058 mirabilior
2426 5012 2733 5073 appareret.
2785 5005 2857 5058 At
2886 5018 2987 5074 ego
3034 5013 3180 5061 totus
3211 5003 3463 5078 perfusus
3496 5012 3550 5066 la

1982 5098 2208 5170 crymis,
2257 5106 2479 5167 stupens
2522 5106 2578 5151 et
2623 5096 2917 5164 admirans,
2950 5112 3046 5153 cur
3076 5098 3439 5175 Hieronymus
3489 5107 3567 5163 sie

1982 5191 2217 5256 abesset,
2248 5189 2378 5259 quid
2424 5189 2680 5259 deinceps
2710 5190 2998 5255 accideret,
3030 5194 3431 5262 exspectabam.
3467 5196 3561 5252 De-

1985 5286 2148 5355 nique
2176 5299 2299 5339 cum
2330 5283 2405 5339 nil
2432 5284 2675 5340 miraculi
2705 5294 3010 5355 appareret,
3041 5288 3233 5343 sa'vire
3258 5289 3421 5358 erepit
3451 5289 3558 5343 ικιε.

1987 5375 2257 5431 resiarcha
2281 5374 2474 5430 canitis
2496 5374 2669 5443 rabie,
2701 5385 2760 5430 ut
2778 5375 3045 5448 Sylvanus
3067 5377 3211 5448 quod
3228 5377 3553 5447 promiserat

1979 5466 2089 5537 jam
2141 5466 2404 5537 expleret.
2459 5465 2540 5521 Ad
2594 5465 2777 5521 locum
2821 5476 3004 5522 autem
3050 5482 3161 5538 quo
3213 5466 3569 5525 decollandus.

1942 5604 1949 5615 .
1988 5568 2105 5613 erat
2141 5558 2409 5629 Sylvanus
2437 5552 2831 5625 sanctissimus,
2862 5557 3103 5631 gaudens
3142 5567 3198 5615 et
3240 5557 3563 5627 intrepidus,

1992 5664 2246 5729 tauquam
2277 5648 2343 5704 ad
2372 5650 2587 5721 nuptias
2620 5650 2860 5717 veniens,
2884 5652 3242 5722 lacrymantes
3271 5648 3567 5725 Episcopus

1991 5752 2049 5798 et
2076 5757 2270 5799 omnes
2301 5742 2437 5796 alios
2474 5742 2781 5799 Catholicos
2799 5740 2893 5812 qui
2931 5740 3002 5795 ad
3032 5740 3136 5797 hoc
3160 5752 3565 5811 concurrerant,

1991 5832 2079 5889 his
2120 5831 2457 5889 confortabat
2484 5830 2667 5888 verbis
2695 5848 2711 5886 :
2746 5828 3009 5887 Exsultat:
3058 5842 3271 5896 merant,
3304 5828 3566 5896 curiu'mi,
