4136 6332
560 324 676 382 ειη

553 441 778 508 .gaudete
807 451 852 491 et
879 440 1034 491 nolite
1075 441 1383 504 contristari,
1412 443 1650 511 quoniam
1692 457 1792 496 non
1837 442 2140 508 derelinquit

555 527 707 584 .Detts
723 539 986 599 sperantes
1017 530 1069 583 in
1099 545 1169 594 se.
1202 529 1265 584 Si
1290 545 1390 585 non
1431 531 1699 597 extrudiar,
1727 533 1841 603 plus
1887 523 2008 589 uicis
2026 537 2140 606 jam

547 619 863 690 perpetratis
893 621 1051 675 merui
1081 624 1316 690 peccatis.
1369 623 1497 677 Post
1540 623 1654 678 lucc
1679 639 1850 694 genua
1896 625 2136 692 flectens,

550 706 753 768 Sancte
793 710 1026 780 (inquit)
1065 710 1396 783 Hieronyme,
1432 713 1606 768 adesto
1663 717 1785 768 mihi
1845 718 1886 768 si
1939 717 2138 785 placet:

559 817 847 870 quanquam
895 804 1066 858 ethoc
1095 806 1290 876 maiore
1317 808 1411 859 sim
1437 807 1621 876 dignus
1658 808 1928 876 supplicio,
1970 820 2137 863 unum

559 911 624 950 tte
650 894 854 966 falsitas
894 897 1276 962 locunt‘tmat,
1300 900 1499 952 veritati
1519 916 1774 953 succurre.
1796 899 1963 968 ,ρυοά
1986 902 2029 955 si
2058 904 2137 972 fas

557 1002 662 1046 non
686 994 780 1049 est.
801 995 863 1040 at
883 988 1130 1058 adjuvet,
1157 989 1406 1058 propitius
1433 990 1555 1042 nti/ti
1573 1000 1678 1044 esto
1704 991 1756 1043 in
1783 992 1908 1045 liora
1936 979 2134 1057 mortis,

555 1087 618 1134 ιι
646 1079 824 1149 gloria:
851 1078 969 1144 ﬁnis
1011 1080 1191 1133 nescire
1219 1097 1318 1133 non
1361 1081 1456 1133 sint
1504 1096 1704 1148 expers.
1753 1081 1876 1136 lbee
1923 1082 2132 1148 dicens,

552 1169 882 1236 spiculator't.
909 1169 1106 1222 collum
1150 1170 1396 1236 prazbuit,
1445 1180 1499 1222 ιιι
1534 1172 1700 1232 leriat,
1740 1172 1915 1240 ipsum
1941 1182 2130 1243 rogat.

550 1257 750 1314 Elevat
770 1269 948 1326 autem
978 1258 1521 1328 ἀερίειιιιιιοτ-ειιεθιιι,
1555 1263 2131 1317 antistitisvoneramli

556 1359 850 1421 eapntnno
873 1351 980 1404 ictu
1007 1349 1234 1420 cupiens
1261 1359 1556 1420 amputare.
1606 1353 1771 1408 Adest
1803 1352 1978 1408 subito
2005 1354 2132 1409 llic-

547 1455 814 1514 ronymus
853 1440 1120 1512 gloriosus
1161 1443 1376 1495 cuncti.-
1421 1445 1787 1510 cernenlibus,
1821 1460 1983 1499 manu
2034 1463 2133 1500 ex-

555 1541 709 1589 wnsa
735 1541 926 1587 tenens
949 1545 1160 1595 ensem,
1183 1529 1416 1602 Sylvano
1443 1531 1736 1601 imperans,
1766 1546 1828 1588 ut
1859 1551 2054 1606 exsurg
2074 1546 2130 1590 ut.

543 1623 758 1686 Deinde
809 1622 1219 1677 haeresiareham
1276 1621 1592 1692 increpans,
1646 1626 1944 1693 scripturas
1998 1626 2132 1680 falso

552 1717 881 1784 compositas
910 1714 1160 1791 innuens,
1184 1715 1342 1784 eique
1375 1717 1588 1769 minans
1630 1715 1700 1768 ab
1721 1717 1973 1770 omnium
2003 1733 2135 1770 eva-

554 1809 670 1862 nuit
718 1807 914 1862 oculis.
954 1805 1108 1872 Quod
1165 1805 1290 1861 huic
1339 1806 1562 1876 ejusque
1611 1806 1877 1861 similibus
1919 1810 2130 1862 utinam

553 1898 816 1965 eveniret,
847 1897 1135 1953 confestim
1169 1906 1226 1952 ut
1267 1897 1535 1969 gloriosus
1563 1897 1921 1970 Hieronymus
1949 1897 2130 1970 dispa-

540 1991 683 2055 _ruit,
711 1988 1089 2046 haeresiarchze
1115 1997 1276 2060 caput
1303 1997 1502 2045 terram
1550 1990 1707 2061 petiit
1732 2005 1761 2043 a
1789 2006 2014 2061 corpore
2039 1991 2134 2046 de-

554 2091 858 2136 truncatutn
911 2096 925 2135 :
979 2088 1234 2151 tanquam
1278 2081 1324 2136 si
1371 2095 1502 2136 ense
1549 2080 1890 2152 Spiculatoris
1942 2097 2132 2139 manus

551 2181 884 2243 amputasset
913 2171 1020 2227 ictu
1048 2189 1175 2227 uno.

625 2263 752 2318 (ὶΑιι.
782 2261 845 2317 ν.
888 2263 1040 2331 Quod
1097 2272 1202 2316 tam
1230 2248 1493 2317 mirabile
1537 2263 1738 2318 cnncti'
1769 2263 2014 2319 videntes
2041 2266 2129 2335 qui

542 2343 793 2418 aderant,
846 2355 988 2409 illico
1040 2352 1349 2424 stupefacti,
1388 2353 1497 2409 Deo
1551 2355 1751 2425 gratias
1800 2366 2026 2425 egerunt
2077 2367 2131 2412 et

537 2435 878 2519 Hieronymo
905 2447 1168 2517 glorioso,
1203 2458 1258 2502 et
1287 2450 1351 2500 ad
1371 2448 1622 2505 .veritatis
1649 2450 1918 2504 tramitem
1954 2449 2126 2504 Ita-rc-

534 2525 775 2610 ,siarcba:
799 2539 1048 2610 discipuli
1081 2540 1316 2596 rediere.
1346 2539 1486 2595 Ecce
1516 2553 1772 2611 quantum
1808 2543 2128 2598 venerabilis

541 2632 813 2691 antistitis
840 2633 1034 2688 ﬁducia
1077 2631 1386 2693 inDomino
1407 2642 1462 2688 et
1489 2632 1646 2687 beato
1677 2634 2004 2706 Hieronymo
2033 2637 2129 2690 fuit

539 2725 767 2791 efficax,
796 2725 888 2796 qui
937 2739 1037 2795 pro
1089 2723 1316 2780 veritate
1365 2725 1499 2779 tnori
1529 2725 1749 2780 minime
1798 2726 2124 2781 formidavit.

533 2816 840 2890 ,Esemplar
871 2827 1019 2886 certe
1045 2817 1218 2871 laetus
1241 2825 1326 2871 est
1353 2817 1688 2872 venerandus
1714 2819 1938 2873 antistes
1964 2830 2124 2872 cade-

538 2908 626 2963 τίς
646 2908 993 2964 Christianis.
1013 2907 1130 2985 Non
1150 2908 1292 2964 enim
1311 2907 1652 2962 Christianus
1683 2909 1769 2965 ille
1793 2919 1896 2976 est,
1917 2911 2004 2979 qui
2032 2927 2126 2980 pro

546 3002 776 3058 veritate
823 3003 959 3058 mori
1005 3002 1180 3058 timet.
1239 3002 1294 3058 Si
1347 3003 1490 3057 enim
1535 3002 1781 3057 Christus
1817 3019 1928 3074 ,ιιι-ο
1972 3005 2127 3059 nobis

535 3097 778 3168 animam
819 3112 972 3153 suam
1024 3095 1223 3166 posuit,
1267 3103 1326 3150 ut
1373 3111 1475 3150 nos
1520 3096 1588 3148 ab
1633 3096 1776 3150 omni
1813 3096 2128 3152 sredimeret

531 3195 804 3252 ,st-rvdute
832 3210 846 3243 :
879 3200 1062 3262 etgnos
1106 3203 1202 3259 pro
1231 3189 1349 3256 ipso
1379 3187 1505 3241 dmn
1553 3198 1761 3256 tempus
1805 3197 1889 3243 est
1916 3189 2124 3243 animas

532 3298 748 3350 vortere
777 3281 999 3337 tninime
1025 3284 1312 3336 timeamus
1341 3297 1354 3333 :
1385 3279 1507 3349 quia
1553 3297 1710 3332 nemo
1740 3279 1838 3333 nisi
1887 3280 2124 3348 legitime

529 3382 781 3444 ,eertans,
835 3381 1012 3441 potest
1061 3386 1320 3426 Coronam
1377 3370 1562 3440 gloria:
1608 3370 1875 3425 obtinere.
1924 3369 2121 3425 Verum

543 3463 667 3536 quia
695 3462 762 3519 de
789 3462 1023 3536 Sylvano
1051 3461 1254 3532 aliquid
1279 3461 1480 3535 dictum
1510 3461 1671 3526 nos:i,
1691 3461 1834 3517 aliud
1854 3463 2122 3533 quoddam

555 3570 664 3612 non
712 3555 940 3626 tninus-(
960 3565 1015 3609 ut
1059 3553 1219 3626 puto)
1267 3554 1516 3610 mirabile
1565 3570 1687 3623 erga
1743 3570 1866 3610 eum
1922 3555 2121 3627 factum

535 3631 708 3702 narro
729 3664 748 3702 :
774 3644 934 3716 cujus
963 3655 1041 3701 tot
1063 3646 1276 3701 fuerunt
1307 3655 1490 3712 testes,
1517 3645 1656 3716 quod
1681 3644 1947 3700 Naaareth
1995 3647 2122 3702 urbs

529 3752 600 3808 et
624 3741 905 3800 Bethleem
929 3749 1132 3804 tenent,
1151 3740 1240 3811 qui
1265 3740 1497 3810 propriis
1521 3739 1699 3818 oculis
1723 3741 1822 3794 hoc
1852 3739 2120 3798 viderunt.

543 3835 786 3906 Serpens
811 3833 919 3891 ille
958 3833 1211 3904 antiquus
1254 3833 1538 3898 diabolus,
1563 3833 1634 3888 ob
1679 3849 1827 3888 suam
1880 3834 2123 3902 dejectus

538 3925 846 3999 superbiam
894 3924 948 3979 in
982 3923 1549 3996 ittl'erttiprnfuntlttm.
1583 3923 1870 3979 venerandi
1912 3926 2123 3979 antisti-

539 4017 608 4072 tis
633 4015 847 4089 Sylvani
877 4014 1060 4070 nimize
1093 4013 1340 4070 invidens
1386 4015 1678 4078 sanetitati,
1719 4015 1768 4068 in
1806 4031 1928 4068 eum
1957 4015 2118 4080 dolis,

540 4118 598 4165 ut
625 4106 874 4164 callidior
899 4105 1114 4162 cunctis
1156 4107 1519 4160 animantibus
1563 4106 1800 4175 graviter
1839 4116 1920 4161 est
1968 4122 2121 4159 eom-

541 4207 738 4254 tnolus.
768 4197 866 4266 Qui
899 4206 956 4250 ιιι
985 4198 1154 4250 virum
1207 4197 1299 4250 Dei
1345 4196 1598 4250 infament
1627 4189 2120 4264 redderel,‘qnate-

542 4273 646 4350 nus
675 4288 764 4360 qui
805 4303 917 4342 sua:
964 4287 1264 4342 sanctitatis
1316 4286 1568 4356 exemplo
1622 4285 2002 4340 relevabantnr
2053 4285 2119 4340 ad

540 4389 701 4438 recta:
746 4378 1172 4440 conversationis
1221 4379 1473 4438 semitas.
1509 4391 1606 4429 suo
1653 4390 1780 4430 casu
1809 4375 2121 4431 deciderent

523 4453 604 4541 ad
640 4473 842 4545 pejora.
884 4468 1054 4526 Nocte
1097 4468 1328 4540 quadam
1381 4465 1609 4522 formam
1661 4468 1834 4521 sancti
1875 4467 1971 4520 viri
2028 4483 2121 4520 su-

543 4585 720 4633 mens,
767 4567 980 4622 cuidam
1026 4563 1239 4621 mulieri
1292 4561 1642 4617 nobilissima:
1682 4561 1795 4629 jam
1846 4561 1898 4614 in
1949 4570 2117 4616 stram

541 4657 837 4730 quiescenti
864 4656 1111 4726 apparuit
1142 4672 1154 4708 :
1187 4661 1246 4710 et
1270 4668 1330 4708 se
1356 4653 1422 4708 ad
1458 4653 1602 4706 illam
1635 4651 1822 4707 illicite
1859 4651 2118 4708 accedere

544 4751 776 4820 tingens,
793 4760 1117 4802 consensum
1144 4746 1231 4801 sui
1255 4746 1498 4814 corporis
1529 4743 1852 4814 inquirebat.
1874 4742 1954 4796 Ad
1979 4743 2118 4812 quod

541 4839 828 4916 perterrita
876 4836 1095 4902 mulier,
1150 4836 1251 4890 viri
1287 4835 1540 4905 ignorans
1589 4835 1846 4904 speciem,
1876 4834 2004 4888 dum
2058 4850 2118 4890 se

539 4946 665 4986 eum
714 4929 936 4986 homine
964 4928 1138 4982 solam
1169 4927 1221 4982 itt
1278 4926 1514 4990 thalamo
1562 4938 1838 4990 cerneret,
1863 4943 1962 4980 nrc
1993 4927 2117 4995 quid

539 5028 761 5090 laceret,
805 5023 968 5076 sciret
997 5037 1009 5074 :
1043 5019 1190 5074 diras
1235 5019 1398 5088 ('(Bpil.
1437 5033 1598 5072 voces
1639 5020 1906 5083 emittere,
1950 5019 2020 5073 ita
2061 5029 2119 5074 ut

425 5109 472 5154 δ’
542 5115 870 5173 clamoribus
895 5110 1128 5167 assiduis
1149 5125 1340 5165 onmes
1369 5109 1735 5163 excitarentur
1760 5109 2113 5186 dormientes,

520 5183 592 5261 ἰιι
643 5221 749 5260 non
789 5203 968 5260 solum
999 5201 1069 5257 dc
1115 5200 1204 5254 illa
1251 5199 1435 5265 domo,
1482 5197 1576 5253 sed
1619 5200 1782 5254 etiam
1825 5183 2112 5253 convieini.

538 5298 640 5369 Qui
669 5311 861 5353 omnes
887 5295 955 5349 ad
989 5291 1261 5364 praedicta:
1303 5289 1548 5345 mulieris
1594 5289 1883 5346 thalamum
1920 5306 2113 5346 accur-

538 5401 744 5453 rentes,
777 5389 905 5460 quid
956 5387 1058 5442 hoc
1086 5394 1255 5450 esset,
1289 5385 1686 5452 interrogavere
1720 5383 1962 5454 pavidam
1991 5400 2115 5439 mu-

533 5485 741 5539 lierem.
768 5482 972 5537 Interea
999 5475 1225 5532 callidus
1245 5488 1472 5543 serpens
1493 5473 1591 5529 sub
1619 5473 1777 5529 thoro
1801 5490 1861 5531 se
1886 5475 2110 5546 ponens,

511 5561 701 5644 'ccepit
729 5574 895 5628 latere
923 5585 939 5625 :
969 5569 1059 5641 qui
1090 5575 1268 5623 autem
1297 5577 1642 5622 occurrerant
1670 5568 1784 5623 bace
1812 5569 2111 5638 audientes,

505 5643 513 5659 ’
537 5643 660 5734 quis
687 5666 772 5720 hic
800 5665 960 5718 homo
984 5660 1162 5726 fuerit,
1190 5660 1386 5732 ubique
1414 5659 1726 5730 perquirere
1758 5659 2114 5732 inempernnl.

509 5743 511 5747 ’
544 5755 741 5810 Verum
777 5757 852 5810 illi
876 5755 964 5813 ditt
994 5762 1416 5824 perscrutantes,
1451 5752 1670 5808 tandem
1701 5753 1766 5809 ad
1797 5755 1972 5810 locum
2018 5771 2110 5812 ve-

1732 330 1835 385 ’ΒΕ
1880 331 2245 388 ιιιιιιςυιιιδ
2286 334 2684 399 lllEllONYMl.

2251 447 2482 516 nienles,
2512 454 2618 506 ubi
2647 455 2866 524 pestifer
2915 459 3112 516 latebat
3163 467 3374 536 anguis,
3415 469 3602 527 aliena
3646 477 3827 546 specie

2245 540 2566 597 occultatum
2595 544 2862 602 hominem
2904 551 3240 610 invenerunt.
3271 558 3374 624 Qui
3413 540 3826 629 eumdem'can-g

2245 626 2652 716 deus-accensis
2699 637 2988 705 intuentes,
3017 641 3308 715 Sylvanum
3340 626 3826 724 Archiepisco'putu

2244 720 2608 819 crediderunt.
2637 727 2718 780 Ad
2759 730 2902 798 quod
2927 748 3118 790 omnes
3143 736 3233 806 qui
3259 738 3504 808 aderant,
3537 720 3826 819 stupefacti

2245 819 2302 885 et
2347 812 2494 868 velut
2527 827 2767 872 amentes
2792 819 2990 887 effecti,
3016 825 3168 894 quasi
3195 826 3324 896 quid
3354 841 3597 900 agerent,
3625 812 3825 904 quidve

2243 901 2521 970 dicerent,
2573 906 2912 978 ignorabant,
2941 913 3172 972 scientes
3225 917 3466 987 ejusdem
3521 901 3822 984 sanctitatis

2244 1007 2460 1088 nomen.
2493 994 2567 1050 Et
2591 999 2717 1067 quia
2758 998 2860 1055 hoc
2906 1011 3012 1057 tam
3041 1004 3360 1080 detestabile
3389 1011 3824 1088 inopinabileque

2242 1084 2557 1152 cernebant,
2583 1105 2707 1144 eum
2755 1090 3223 1165 interrogaverunt
3255 1117 3270 1154 :
3301 1115 3400 1156 cur
3431 1113 3605 1160 tantas
3633 1084 3822 1180 neq-ui-

2244 1175 2751 1270 tias-iperpetrasset.
2780 1186 2849 1239 Αι
2875 1185 3003 1242 ille:
3033 1188 3171 1256 Quid
3197 1192 3443 1263 (inquit)
3474 1199 3606 1254 male
3631 1175 3749 1270 fecit,
3778 1203 3825 1257 σε

2242 1266 2424 1323 mulier
2473 1269 2582 1325 lucc
2633 1288 2714 1327 me
2768 1276 2838 1328 ad
2900 1277 3194 1350 hujusmodi
3246 1289 3500 1355 negotium
3551 1266 3825 1348 invitavit?

2241 1358 2392 1425 Quod
2444 1365 2642 1420 mulier
2683 1368 2932 1433 audiens,
2959 1387 3084 1427 eun:
3130 1375 3246 1432 fore
3293 1381 3604 1438 mendacem
3645 1385 3822 1460 laery-

2241 1466 2412 1548 matis,
2433 1457 2732 1548 respondit.
2752 1461 2902 1519 Tune
2929 1464 3021 1520 ille
3043 1476 3102 1522 nt
3127 1466 3372 1527 homines
3412 1475 3532 1530 illos
3570 1492 3696 1548 erga
3727 1457 3821 1538 Dei

2239 1543 2412 1600 virum
2440 1547 2506 1602 ad
2533 1549 2702 1620 majus
2734 1553 2917 1610 odium
2949 1557 3217 1624 incitaret.
3249 1577 3514 1632 quatenus
3555 1543 3704 1626 illum
3743 1575 3822 1630 ci-

2241 1637 2345 1694 tius
2369 1638 2731 1708 dill'amarent.
2753 1649 2877 1703 talia
2903 1654 3068 1721 cmpit
3085 1665 3138 1708 et
3167 1660 3628 1720 tamahborrenda
3656 1667 3818 1726 verba

2240 1727 2360 1792 fari.
2380 1733 2521 1801 quod
2545 1735 2726 1792 nullus
2743 1753 2853 1808 pra!
2870 1744 3174 1801 turbatione
3191 1749 3416 1806 auribus
3434 1767 3646 1823 poterat
3665 1766 3820 1820 susti-

2238 1836 2388 1918 nere.
2430 1825 2688 1892 Quocirca
2726 1847 2849 1888 eum
2875 1841 3213 1897 contumeliis
3259 1853 3314 1899 et
3355 1851 3656 1918 opprobriis
3684 1871 3815 1910 cxa~

2237 1914 2540 2008 cerbantes,
2561 1931 2748 1978 eoacte
2774 1935 2921 1980 extra
2949 1927 3278 1987 domicilium
3304 1914 3639 2008 expulerunt.
3664 1943 3818 2004 Mane

2237 2016 2412 2104 autem
2441 2007 2603 2078 facto,
2625 2028 2910 2085 qutegesta
2933 2022 3142 2076 fuerant
3161 2007 3500 2094 enarrantes,
3523 2033 3814 2104 Sylvanum

2235 2097 2708 2171 Arcbiepiscopum
2732 2103 3094 2176 hypocritam,
3123 2122 3178 2168 et
3207 2114 3422 2186 dignum
3459 2097 3704 2180 incendio
3727 2143 3818 2183 ao-

2235 2188 2558 2248 elatnabant.
2584 2193 2696 2262 Qua
2722 2197 2788 2252 de
2831 2215 2888 2253 re
2922 2205 3070 2271 quasi
3097 2215 3204 2260 tota
3236 2219 3319 2264 est
3356 2209 3615 2270 Nazareth
3659 2235 3813 2275 com-

2233 2291 2377 2336 mota
2403 2283 2664 2341 adversus
2695 2290 3190 2364 A‘rcbiepiscopum,
3223 2299 3290 2352 ita
3321 2309 3380 2355 ut
3405 2304 3675 2362 audiendo
3697 2310 3815 2378 ejus

2234 2387 2450 2437 nomen,
2473 2375 2695 2444 quilibet
2717 2378 3124 2449 blasphetnaret.
3151 2386 3280 2442 Mira
3309 2389 3468 2461 hujus
3495 2396 3590 2450 viri
3616 2375 3812 2466 patien-

2235 2465 2325 2526 tia,
2367 2473 2420 2519 et
2445 2481 2650 2538 magna:
2693 2473 2991 2526 sanctitatis
3023 2475 3300 2532 indicimn.
3333 2480 3488 2540 Volat
3513 2486 3578 2539 ad
3608 2489 3815 2553 innoxii

2231 2555 2489 2610 antistitis
2533 2573 2692 2614 aures
2755 2564 2885 2615 tanti
2934 2563 3068 2618 fama
3117 2567 3441 2626 discriminis
3472 2595 3486 2630 :
3515 2589 3578 2631 os
3634 2569 3810 2641 tamen

2234 2659 2340 2698 non
2363 2657 2607 2702 movetur
2625 2649 2691 2705 ad
2718 2651 2953 2720 injurias.
2969 2654 3120 2711 lnlcr
3144 2668 3222 2714 tot
3245 2661 3488 2729 adversa,
3516 2681 3610 2722 eor
3632 2683 3813 2734 manet

2234 2734 2524 2830 immobile,
2558 2740 2624 2794 ad
2656 2743 2853 2797 nullam
2903 2761 2962 2801 se
2992 2758 3205 2804 vertens
3236 2751 3656 2823 impatientiam,
3685 2776 3811 2830 gra-

2235 2824 2334 2879 tias
2359 2825 2538 2881 divino
2574 2844 2785 2900 semper
2813 2848 2976 2904 agens
3005 2839 3228 2906 tiotnini,
3272 2856 3367 2896 sua
3387 2843 3498 2898 hoc
3524 2824 3812 2906 ciuilitetur

2233 2931 2372 2971 noxa
2414 2921 2692 2976 meruisse.
2743 2923 2856 2980 llen
2909 2928 3035 2995 quid
3073 2930 3268 2996 dicam,
3321 2935 3654 3005 Augustine?
3693 2941 3809 2997 Non

2231 3009 2403 3065 solum
2436 3011 2655 3082 injurias
2693 3025 2746 3071 et
2787 3020 3093 3088 opprobria,
3143 3034 3200 3078 ut
3224 3040 3460 3095 possum,
3502 3029 3644 3101 fugio
3672 3051 3686 3088 :
3716 3010 3811 3090 sed

2229 3103 2391 3157 etiam
2430 3105 2730 3178 quibusque
2758 3112 2993 3167 verbulis
3020 3115 3254 3187 frangor,
3289 3123 3504 3189 praemia
3533 3136 3682 3194 opto,
3711 3145 3810 3185 nec

2231 3191 2298 3247 de
2320 3193 2591 3252 laboribus
2618 3213 2769 3264 curo,
2792 3218 3097 3274 quanquam
3145 3210 3308 3265 sciam
3346 3214 3412 3269 ad
3450 3191 3606 3286 regna
3641 3191 3809 3276 cuilu-

2230 3298 2346 3338 rum
2377 3299 2482 3340 non
2507 3287 2664 3343 aliter
2701 3293 3004 3362 quempiam
3049 3297 3149 3352 nisi
3193 3299 3431 3357 laborum
3463 3317 3516 3359 et
3560 3299 3809 3365 afﬂictio-

2225 3378 2597 3441 _num.tramite
2621 3385 2918 3450 pervenire.
2948 3387 3082 3453 Quid
3111 3390 3252 3445 enim
3292 3394 3435 3449 aliud
3467 3397 3640 3452 debeo
3659 3401 3808 3470 judi-

2227 3480 2369 3532 care,
2400 3483 2520 3523 cum
2544 3485 2628 3525 me
2653 3486 2683 3525 a
2711 3471 2920 3530 Sanctis
2947 3479 2997 3531 in
3022 3481 3258 3536 moribus
3287 3493 3341 3538 et
3372 3485 3477 3541 vita
3505 3488 3806 3548 discordem

2228 3556 2458 3654 invenio,
2500 3561 2598 3615 nisi
2626 3571 2680 3617 et
2707 3563 3010 3623 discordem
3042 3572 3090 3625 in
3121 3583 3292 3629 morte
3321 3587 3374 3630 et
3405 3581 3624 3647 praemio
3653 3599 3808 3654 repe-

2228 3645 2363 3701 riri?
2390 3647 2612 3706 Flebilia
2657 3662 2713 3709 et
2748 3658 2928 3726 gravia
2971 3663 3097 3715 tnibi
3131 3663 3344 3730 adsunt,
3394 3645 3437 3722 si
3481 3645 3806 3730 Sanctorum

2227 3739 2388 3794 vitam
2411 3752 2464 3796 et
2497 3759 2669 3799 meam
2698 3750 2972 3806 recordor,
2998 3751 3128 3808 Miro
3155 3758 3350 3827 quippe
3368 3759 3547 3815 auditu
3573 3761 3804 3818 Sancto.

2227 3845 2346 3887 rum
2371 3845 2520 3904 gesta
2560 3838 2842 3896 reVolvunt
2885 3843 3127 3901 homines
3158 3851 3231 3902 uti
3259 3865 3379 3922 ego,
3429 3862 3481 3908 et
3515 3866 3694 3913 tamen
3725 3857 3798 3918 nil

2229 3924 2328 3995 ipsi
2364 3927 2550 3984 volunt
2590 3945 2865 4002 peragere.
2898 3935 3062 3990 Porro
3095 3939 3199 3996 hoc
3244 3942 3309 3995 ad
3347 3959 3519 3999 meant
3549 3945 3805 4016 detegen-

2223 4015 2346 4071 dam
2393 4017 2752 4091 insipientiam
2795 4035 2880 4080 est
2925 4029 3065 4097 quod
3119 4031 3328 4086 dicant:
3361 4035 3558 4103 pluries
3609 4015 3694 4092 tne
3738 4041 3806 4092 ab

2223 4106 2464 4178 ejusdem
2490 4110 2704 4182 Sylvani
2743 4127 2840 4170 ore
2871 4119 3082 4174 audisse
3109 4121 3242 4186 scio,
3287 4140 3557 4194 nunquam
3598 4136 3800 4182 tantum

2223 4211 2282 4254 se
2323 4199 2530 4256 felicem
2575 4201 2760 4271 fuisse,
2801 4218 3055 4276 quantum
3105 4227 3228 4265 eum
3284 4229 3344 4268 se
3383 4215 3452 4268 ab
3499 4213 3803 4272 hominibus

2217 4280 2424 4360 despici
2453 4302 2508 4348 et
2535 4295 2836 4352 conculcari
2863 4303 3138 4356 cernebat.
3169 4300 3348 4360 Crevit
3372 4305 3425 4360 in
3455 4316 3660 4363 tantum
3689 4310 3802 4378 ejus

2225 4379 2465 4450 infamia,
2517 4387 2658 4456 quod
2702 4388 2820 4458 ejus
2853 4392 3036 4463 opinio
3078 4410 3244 4464 usque
3285 4397 3350 4450 ad
3396 4399 3798 4461 Alexandriam,

2223 4473 2482 4545 Cyprum,
2525 4486 2584 4533 et
2616 4495 2711 4550 per
2751 4481 2996 4556 civitates
3026 4485 3215 4540 allines
3256 4501 3394 4557 pene
3429 4503 3525 4545 ore
3564 4491 3801 4545 omnium

2224 4577 2306 4620 est
2334 4565 2532 4624 delata.
2563 4570 2720 4641 Atqui
2739 4570 2908 4627 linteo
2937 4572 3130 4628 domus
3152 4575 3348 4632 innoxii
3377 4578 3650 4644 antistitis,
3679 4582 3802 4636 calx

2225 4655 2449 4727 alicujus
2473 4667 2690 4732 tangere
2715 4676 2818 4717 non
2849 4663 3098 4719 audebat.
3133 4665 3352 4721 Manens
3380 4683 3509 4723 vero
3535 4671 3588 4725 in
3617 4687 3804 4740 super-

2225 4747 2309 4803 nis
2337 4748 2596 4807 Dominus
2621 4761 2888 4823 spectator
2910 4754 3168 4821 omnium,
3203 4771 3331 4812 suos
3373 4760 3501 4813 sinit
3541 4760 3646 4815 labi
3672 4762 3806 4817 Sati-

2224 4850 2342 4897 ctos
2382 4841 2434 4898 in
2467 4843 2867 4900 tribulationum
2897 4860 3186 4914 aerumnas,
3239 4857 3297 4903 ιιι
3325 4860 3453 4907 tunc
3483 4850 3670 4906 lideles
3710 4868 3801 4922 pa-

2209 4931 2409 4988 tientia
2448 4946 2542 4987 eos
2571 4932 2784 4999 reddat,
2831 4932 2926 4988 sed
2963 4949 3059 4991 eos
3102 4939 3349 5008 exigente
3386 4941 3707 4996 necessitate
3750 4938 3802 4995 in

2225 5023 2490 5092 pressuris
2516 5021 2736 5076 minimc
2772 5022 3110 5094 derclinquit.
3142 5027 3401 5082 Revoluto
3425 5031 3601 5099 itaque
3639 5046 3800 5094 anno,

2225 5111 2365 5180 quod
2404 5112 2598 5165 diaboli
2641 5114 2834 5167 astutia
2867 5113 2989 5167 talia
3031 5131 3157 5186 erga
3190 5117 3281 5171 Dei
3317 5119 3584 5173 Irotttinent
3611 5128 3808 5191 perpe-

2226 5215 2493 5268 trarerat;
2542 5206 2812 5259 civitatem
2863 5207 3123 5263 Nazarelh
3167 5211 3246 5281 (ut
3305 5211 3513 5265 illarum
3565 5214 3804 5282 gentium

2223 5296 2524 5366 aliqualiter
2553 5297 2860 5352 scandalum
2903 5282 3192 5370 mitigaret)
3221 5304 3302 5356 vir
3351 5303 3440 5358 Dei
3472 5308 3680 5360 occulte
3708 5306 3805 5358 de-

2222 5403 2428 5454 serens,
2458 5387 2522 5442 ad
2550 5387 2842 5444 Ecclesiam
2884 5391 2934 5446 in
2963 5409 3063 5462 qua
3099 5394 3315 5460 gloriosi
3359 5395 3667 5467 Hieronymi
3710 5399 3809 5450 Ln-

2221 5487 2422 5536 matum
2449 5478 2676 5548 quiescit
2705 5495 2921 5551 corpus,
2973 5493 3219 5553 tanquam
3263 5485 3326 5538 ad
3373 5484 3563 5553 refugii
3594 5497 3805 5556 portum

2222 5569 2462 5632 veniens,
2493 5585 2553 5624 se
2595 5569 2644 5622 in
2687 5573 2977 5640 sepulturm
3023 5575 3140 5630 loco
3174 5577 3349 5645 posuit
3387 5589 3659 5630 oraturus.
3693 5579 3810 5644 Quo

2223 5675 2318 5730 per
2342 5659 2565 5712 duarum
2599 5659 2849 5717 horarum
2897 5667 3123 5735 Spatium
3156 5667 3232 5720 sic
3260 5674 3529 5732 manente,
3576 5668 3659 5720 vir
3687 5667 3809 5736 qui;

2225 5753 2345 5806 dam
2401 5752 2651 5808 nequitia:
2695 5757 2880 5810 suiritn
2948 5757 3301 5811 inflammatus
3393 5758 3443 5807 in
3501 5760 3812 5817 ιιι-ιιιιιὶςιιιιη
