4136 6332
330 452 431 525 Ser

330 584 611 640 Ecclesiam
654 583 871 645 intrans,
905 591 1246 651 sanctumque
1292 582 1563 651 reperiens
1609 596 1771 650 super
1809 595 1889 633 sc—

326 678 557 750 pulcrum
602 678 931 730 itt‘oratioue
970 676 1220 746 positum,
1267 674 1495 729 adeum
1540 672 1685 729 velut
1731 675 1894 727 draco

324 768 572 832 cucurrit,
617 767 1066 836 ct'improperans
1093 767 1233 837 quod
1267 766 1547 821 mulierum
1576 774 1802 829 mentes,
1832 774 1893 818 ac

322 860 625 914 libidinosas
672 871 796 912 Suas
837 858 1136 927 voluptates
1185 859 1438 911 cnlttiztue
1483 857 1753 911 incitaret.
1793 855 1890 909 Cui

320 964 481 1020 agnus
509 951 769 1005 innocens
793 948 1075 1021 Sylvauus,
1110 963 1168 1003 se
1203 949 1401 1016 despici
1432 948 1689 1018 gaudens,
1717 948 1891 1001 humi-

319 1042 460 1096 lltarc
502 1042 679 1102 Solita,
724 1052 781 1095 ut
809 1042 909 1095 ista
957 1056 1100 1110 saepe
1143 1042 1190 1096 ei
1235 1041 1458 1104 diceret,
1492 1040 1699 1095 blandis
1730 1039 1893 1092 collo-

317 1133 448 1202 quiis
493 1133 766 1193 invitabat,
821 1132 960 1201 quod
1011 1134 1272 1201 pessimus
1321 1133 1409 1187 ille
1460 1132 1598 1187 latro
1644 1132 1888 1195 audiens,

316 1223 540 1293 gladium
586 1239 649 1276 ex
681 1224 865 1293 vagina
910 1238 1009 1276 suo
1045 1223 1365 1293 pendentem
1400 1222 1576 1289 lateri,
1624 1220 1889 1293 impudica

319 1313 531 1366 trahens
556 1312 795 1377 devtera,
822 1314 995 1381 ipsum
1020 1323 1073 1366 ut
1108 1314 1156 1365 in
1181 1313 1401 1383 Sylvaui
1432 1314 1685 1367 antitistis
1710 1321 1891 1381 guttur

315 1403 668 1472 immergeret.
692 1403 937 1458 elevavit.
959 1403 1055 1458 Cui
1085 1420 1204 1456 cum
1226 1405 1324 1457 hoc
1346 1404 1587 1465 verbum,
1612 1402 1887 1465 Succurre,

320 1491 623 1562 Hieronyme
652 1495 889 1563 gtan'ose,
928 1496 1264 1550 venerandus
1302 1498 1527 1550 antistes
1566 1504 1883 1565 opponeret,

313 1586 363 1640 itt
391 1598 574 1656 guttur
600 1588 875 1655 proprium
919 1589 1188 1642 clevatmu
1219 1588 1453 1657 gladium
1488 1589 1753 1644 immersit
1788 1589 1903 1643 viri'

312 1680 449 1733 illius
476 1681 695 1735 dextera
726 1690 1045 1735 retroversa.
1081 1683 1143 1735 lit
1169 1682 1266 1748 sic,
1296 1690 1357 1735 ut
1380 1681 1625 1749 decebat,
1651 1681 1886 1749 seipsnm

312 1775 389 1827 vir
414 1775 770 1843 nequissimus
799 1776 1085 1839 interemit,
1110 1777 1242 1829 nt‘iu
1271 1776 1442 1851 lacum
1469 1774 1701 1839 caderet,
1726 1790 1886 1845 quem

310 1865 508 1919 effodit.
541 1861 867 1919 Admimbife
900 1867 1019 1931 hoc,
1058 1867 1151 1921 scd
1183 1881 1289 1921 non
1331 1868 1508 1921 minus
1535 1874 1619 1921 est
1645 1867 1889 1923 mirabile

319 1956 367 2010 id
409 1956 548 2024 quod
591 1968 774 2010 restat.
805 1957 941 2011 Casu
988 1958 1165 2026 itaque
1207 1957 1345 2011 alius
1385 1958 1770 2028 superveniens
1809 1961 1890 2013 vir

313 2048 686 2117 nequissimus,
733 2049 833 2101 ltnc
875 2048 1016 2115 quod
1056 2048 1258 2103 ultione
1301 2048 1480 2103 divina
1524 2056 1885 2117 perpetratum

311 2142 477 2193 fuerat
507 2150 565 2193 ut
586 2141 733 2204 vidit,
764 2142 1005 2209 protinus
1032 2141 1261 2209 gladium
1291 2144 1571 2210 arripiens,
1601 2158 1643 2196 a'
1662 2143 1751 2197 Dci
1773 2143 1888 2197 viro

310 2234 579 2288 hominem
628 2235 774 2288 illmn
818 2235 1131 2288 existimans
1174 2236 1573 2303 interemptum,
1599 2236 1885 2306 Sylvanum

309 2326 612 2381 interﬁcere
654 2326 967 2381 conabatur.
1017 2325 1094 2380 Ne
1145 2326 1308 2380 nimia
1360 2326 1520 2379 verba
1580 2327 1786 2393 loquar,
1836 2325 1886 2380 id

305 2418 445 2486 quod
480 2417 653 2485 primo
673 2418 962 2479 accidctat,
993 2416 1117 2470 huic
1144 2418 1342 2469 evenit.
1372 2416 1512 2484 Quin
1543 2416 1777 2470 nendum
1809 2418 1889 2471 vir

306 2509 405 2562 iste
423 2509 693 2564 secundus
721 2508 772 2561 in
798 2516 993 2561 terram
1022 2508 1309 2571 ceciderat,
1333 2507 1440 2561 duo
1464 2508 1554 2562 alii
1582 2508 1678 2563 viri
1705 2508 1890 2563 Eccle-

301 2602 436 2655 siam
468 2601 754 2654 intravere.
796 2600 894 2667 Qui
934 2600 983 2653 id
1006 2600 1267 2665 videntes,
1303 2601 1468 2654 divini
1496 2602 1660 2672 ignari
1680 2602 1883 2671 judicii,

302 2688 407 2743 hoc
450 2698 653 2743 tantum
696 2688 859 2744 fuisse
915 2700 1186 2760 peractqu
1235 2692 1411 2746 scelus
1457 2707 1485 2745 a
1532 2692 1620 2746 Dei
1672 2692 1886 2749 homine

304 2789 649 2847 putaverunt,
690 2796 919 2851 quorum
958 2796 1093 2836 unus
1124 2782 1172 2836 id
1216 2799 1324 2851 pra:
1352 2784 1459 2838 alio
1484 2800 1653 2855 grave
1685 2787 1880 2851 terens,

304 2874 435 2927 furia
466 2873 695 2927 vesania:
719 2874 951 2943 undique
981 2874 1337 2930 inﬂammatus
1358 2876 1692 2945 la:ro,co:pit
1717 2894 1884 2947 quan-

306 2972 412 3015 tum
452 2972 660 3030 peteret
686 2964 1009 3028 exclamare,
1042 2978 1316 3033 usquequo
1358 2975 1453 3018 tua
1472 2967 1608 3033 viget
1644 2968 1885 3022 malitia?

305 3053 348 3106 T
353 3072 381 3106 ιι
420 3054 672 3109 mulieres
700 3054 764 3108 ad
806 3065 922 3108 tuas
952 3056 1263 3109 libidinosas
1291 3057 1437 3126 cogis
1476 3060 1796 3127 voluptates,
1829 3070 1884 3116 ct

307 3143 549 3200 homines
587 3146 839 3202 interﬁcis
891 3148 941 3199 iu
988 3147 1219 3212 occulto,
1265 3158 1411 3202 certe
1450 3160 1552 3203 Itue
1593 3151 1751 3206 hodie
1785 3170 1879 3208 ne-

307 3238 481 3305 quitiae
509 3237 630 3291 linis
659 3239 778 3292 erit.
809 3239 875 3291 Et
898 3239 1073 3292 subito
1098 3256 1194 3309 pro
1222 3256 1376 3309 posse
1393 3244 1643 3307 cucurrit,
1677 3255 1734 3297 ut
1760 3261 1881 3300 eum

307 3328 639 3398 extingueret
666 3329 876 3383 vibrato
896 3342 948 3383 ct
978 3329 1247 3384 denudato
1287 3347 1436 3386 ense.
1468 3334 1535 3387 At
1568 3334 1654 3389 ttbi
1691 3335 1879 3405 Sylva-

310 3434 402 3473 nus
429 3436 575 3474 more
604 3421 780 3483 Solito,
809 3421 1081 3487 Succurre,
1106 3422 1323 3491 gloriose
1350 3423 1670 3495 Hieronyme,
1700 3429 1878 3480 e\cla-

309 3513 482 3571 tnavit,
515 3514 595 3565 vir
625 3513 715 3564 ilic.
743 3523 795 3564 ut
826 3512 935 3565 duo
961 3514 1119 3581 pritui
1148 3528 1206 3567 se
1233 3530 1391 3568 utauu
1422 3524 1477 3569 et
1507 3531 1637 3572 ense
1668 3521 1881 3586 proprio

310 3606 589 3659 interfecit.
623 3605 715 3659 Vir
740 3617 917 3659 autem
942 3607 1097 3669 alius,
1122 3606 1208 3677 qtti
1231 3622 1350 3662 cum
1376 3608 1492 3679 ipso
1516 3620 1753 3672 venerat,
1780 3610 1883 3665 hoc

310 3696 534 3761 intuens,
568 3696 949 3750 tremebundus
976 3697 1045 3751 ob
1073 3698 1354 3764 visionem,
1374 3700 1439 3752 ad
1461 3700 1712 3754 Ecclesia:
1741 3701 1882 3755 fores

308 3790 554 3842 cucurrit.
600 3786 705 3853 Qui
753 3788 804 3842 id
854 3788 1069 3858 quidem
1121 3790 1396 3844 maleﬁciis
1435 3791 1632 3846 factum
1668 3804 1878 3862 putans,

309 3888 552 3947 quantum
588 3889 814 3948 poterat,
867 3882 1167 3935 exclamare
1191 3882 1353 3950 coepit
1382 3901 1395 3935 :
1428 3882 1539 3936 lluc
1580 3899 1764 3937 omnes
1792 3899 1883 3937 ac-

307 3974 517 4036 currite,
543 3988 668 4028 ecce
696 3974 967 4029 maleﬁcus
991 3973 1257 4044 Sylvnnus
1280 3976 1748 4046 Archiepiscopus,
1772 3992 1878 4030 non

307 4063 469 4116 solum
489 4064 765 4119 mulierem
797 4065 1077 4134 vituperat,
1107 4065 1201 4119 scd
1233 4066 1341 4119 suis
1372 4068 1530 4119 etiam
1560 4067 1879 4121 incantatio-

308 4156 457 4209 nibus
485 4166 639 4211 necat
681 4156 926 4211 homines
966 4166 1075 4211 toto
1105 4172 1201 4226 pro
1233 4173 1407 4225 posse.
1439 4158 1523 4212 Fit
1562 4157 1644 4211 his
1685 4158 1881 4213 auditis

308 4249 496 4303 nimius
526 4251 763 4305 virorum
808 4261 858 4305 et
906 4251 1188 4305 mulierum
1230 4267 1559 4319 concursus,
1594 4253 1880 4309 verberant

308 4353 424 4392 arra
450 4355 610 4396 voces
647 4360 661 4395 :
690 4340 1061 4396 combustione
1090 4343 1304 4407 dignum
1328 4343 1620 4414 Sylvattum
1650 4344 1879 4400 Archie~

311 4419 573 4499 piscopum
621 4432 1006 4501 nequissimum
1053 4434 1431 4487 acclamantes.
1465 4432 1593 4489 Hzec
1634 4435 1701 4489 ad
1732 4450 1881 4491 meas

308 4528 495 4575 sonant
537 4536 734 4576 aures:
766 4523 934 4577 tristis
978 4538 1078 4593 ego
1120 4533 1173 4578 et
1211 4524 1535 4595 lacrymans,
1575 4525 1641 4579 ad
1676 4534 1878 4580 tantum

310 4625 464 4681 pergo
491 4622 809 4667 monstrum.
838 4614 1024 4669 Stabat
1052 4630 1219 4686 agnus
1260 4616 1400 4670 ittter
1424 4618 1578 4686 lupos
1606 4618 1879 4673 atrocissi-

308 4719 437 4769 mos,
470 4707 755 4759 szevientcs
778 4714 833 4759 ut
851 4721 1012 4761 canes
1037 4707 1287 4773 famelici,
1322 4708 1470 4762 rabie
1499 4723 1603 4761 non
1635 4710 1877 4775 minima,

308 4796 614 4850 mitissimus
652 4808 705 4851 et
747 4798 897 4851 Ianus
935 4807 1183 4871 tanquam
1221 4796 1447 4868 l‘nttgens
1476 4800 1765 4869 prosperis,
1806 4800 1883 4853 nil

306 4889 484 4943 dicens
524 4890 687 4952 aliud,
739 4891 836 4944 nisi
880 4891 1001 4956 hoc,
1044 4891 1185 4960 juste
1216 4892 1408 4959 patior,
1448 4893 1572 4960 quia
1620 4893 1672 4945 itt
1712 4892 1881 4946 Deum

306 4996 475 5034 meum
531 4982 747 5051 peccavi
794 4984 1045 5050 graviter.
1102 4982 1425 5036 Verberetur
1474 4982 1556 5035 vir
1600 4982 1878 5048 innocens,

306 5074 509 5140 capitur
540 5074 609 5126 ab
639 5075 909 5138 omnibus,
955 5084 1010 5128 ιιι
1045 5074 1111 5128 ad
1155 5075 1411 5144 snpplicia
1447 5075 1641 5140 ltetior,
1680 5085 1880 5145 quanto

306 5176 456 5231 paena
499 5166 734 5233 gravior,
765 5166 1075 5218 deducatur.
1132 5169 1197 5220 At
1226 5166 1352 5221 dum
1395 5182 1497 5238 ego
1530 5181 1688 5222 mum
1720 5168 1883 5221 silen-

309 5254 431 5307 tium
460 5256 678 5325 populo,
724 5256 841 5324 ejus
880 5268 1071 5325 nptans
1100 5258 1332 5313 furorem
1364 5259 1582 5312 uin‘iiutn
1612 5259 1879 5327 mitigare,

309 5346 554 5411 insinuo,
606 5361 673 5401 eo
725 5348 953 5416 amplius
1004 5349 1273 5403 iracundia
1320 5359 1376 5403 et
1429 5349 1609 5406 lurore
1654 5350 1881 5420 populus

308 5434 680 5493 inﬂammatur.
738 5440 977 5508 (lituique
1030 5439 1139 5507 jam
1185 5452 1374 5511 captus
1414 5442 1679 5515 Sylvanus
1727 5451 1881 5498 extra

312 5528 601 5585 Ecclesiam
632 5531 920 5587 duceretur
950 5551 963 5588 :
992 5534 1167 5587 subito
1196 5534 1456 5602 gloriosus
1486 5536 1839 5607 Hieronymus
1864 5576 1879 5600 ,

308 5630 362 5671 ut
392 5621 561 5676 vismn
589 5632 692 5685 est,
726 5624 794 5677 de
833 5624 951 5677 loco
989 5625 1040 5677 in
1071 5640 1179 5694 quo
1199 5624 1412 5693 jaecbat
1442 5641 1689 5697 surgens,
1734 5637 1883 5680 tanto

307 5714 655 5769 circumfusus
685 5716 907 5779 lumine,
938 5716 1084 5784 quod
1120 5716 1285 5770 radiis
1324 5718 1373 5769 in
1410 5733 1531 5772 eum
1563 5719 1878 5773 intuentimn

309 5803 442 5855 oculi
471 5806 826 5868 vihrarcntur,
864 5805 1073 5859 cunctis
1115 5808 1378 5874 apparuit,
1412 5822 1507 5860 suo
1536 5808 1883 5863 devotissimo

310 5896 527 5953 antistiti
570 5896 764 5951 auxilia
802 5896 1110 5961 deuolutus,
1146 5897 1240 5968 qui
1284 5913 1372 5951 sm
1407 5898 1625 5952 dextera
1666 5900 1879 5969 Sylvaui

1495 465 1582 520 DE
1624 460 1987 519 ιιιιιιευιλς
2028 458 2421 519 ιιιιειιοκγιιι.

3476 469 3597 524 302'

2005 579 2290 634 vent-randi
2318 584 2533 649 Cupiens
2561 582 2853 645 dexteram,
2884 585 2965 637 Itis
2985 584 3074 653 qui
3098 585 3343 641 eumdem
3365 596 3593 653 captum
3674 644 3679 653 _

2000 673 2301 727 retinebant
2342 674 2655 734 antisdtcm,
2688 691 2816 729 voce
2847 676 3088 737 terribili,
3121 687 3175 731 ut
3218 678 3467 733 eumdem
3493 679 3581 732 dic

2000 764 2271 819 mitterent
2295 767 2592 835 imperavit.
2617 766 2799 821 Tanta:
2826 766 3087 836 siquidem
3109 768 3205 822 fuit
3226 769 3440 827 virtutis
3463 766 3587 827 lucc.

2001 858 2152 915 visio.
2187 868 2241 910 ut
2271 868 2555 928 antequam
2587 858 2826 912 ﬁniretur
2845 873 2947 914 vox
2976 860 3114 921 talis,
3147 862 3582 931 om’nesrepcnte

2002 956 2179 999 tantus
2218 948 2378 1001 timor
2428 948 2698 1011 invaserit,
2748 950 2889 1018 quod
2934 948 3078 1002 omni
3112 949 3295 1017 vigore
3335 954 3588 1017 corporis

1997 1039 2260 1103 destituti,
2293 1041 2345 1093 itt
2378 1050 2573 1098 terram
2604 1040 2750 1094 velut
2774 1041 2966 1094 mortui
2995 1041 3259 1095 cecidere.
3292 1041 3437 1095 Inter
3458 1041 3587 1095 hee

1998 1134 2192 1186 mulier
2213 1128 2455 1200 qttmdztttt
2482 1148 2510 1185 a
2540 1133 2771 1188 nefando
2793 1134 2981 1203 spiritu
3010 1133 3347 1198 obumbrata,
3374 1137 3584 1188 catenis

1998 1226 2193 1284 vincta,
2223 1225 2587 1293 compedibus.
2604 1260 2605 1263 η
2625 1226 2952 1295 manicisque
2980 1224 3167 1280 ferreis
3192 1225 3431 1293 alligata,
3455 1226 3576 1295 plu-

1994 1316 2130 1367 rium
2166 1316 2437 1367 hominum
2463 1315 2704 1370 manibus
2726 1314 3059 1371 liberationis
3078 1315 3395 1371 obtinenda
3417 1332 3583 1371 causa

1992 1406 2059 1459 ad
2096 1407 2389 1461 Ecclesium
2415 1407 2747 1475 deportatur.
2783 1410 2851 1461 At
2893 1407 2981 1460 ubi
3015 1406 3252 1462 nuntietis
3280 1423 3372 1473 pes
3414 1411 3587 1474 tangit

1995 1498 2176 1564 limen,
2225 1499 2460 1552 ululatus
2504 1508 2560 1554 et
2601 1508 2763 1553 voces
2809 1499 3075 1554 terribiles
3106 1517 3121 1554 :
3150 1498 3405 1556 Miserere
3452 1499 3589 1561 mei.‘

1992 1590 2226 1661 gloriose
2271 1591 2619 1661 Hieronyme,
2671 1604 2797 1645 nam‘
2828 1607 2922 1657 rer
2948 1602 2998 1644 to
3041 1590 3257 1646 crucior
3286 1602 3410 1647 ante
3446 1602 3585 1647 term

1995 1697 2114 1752 pus,
2143 1682 2385 1737 diabolus
2406 1684 2649 1737 emittere
2670 1698 2778 1737 non
2808 1682 3073 1738 cesSabat.
3099 1682 3199 1737 Cui
3222 1685 3579 1755 Hieronymus

1991 1775 2257 1845 gloriosus
2283 1793 2297 1829 :
2325 1773 2583 1844 Nefanda,
2615 1775 2806 1843 inquit,
2835 1775 3053 1829 spiritus
3072 1775 3134 1828 ab
3157 1779 3254 1828 hac
3275 1779 3364 1830 exi
3383 1780 3587 1847 [ηιιινιπ

1997 1866 2108 1929 Dei,
2137 1875 2184 1921 et
2213 1876 2327 1920 tuas
2351 1866 2525 1935 detege
2551 1882 2679 1937 quos
2705 1882 2825 1935 erga
2848 1865 3130 1937 Sylitannm
3153 1868 3300 1935 egisti
3322 1869 3572 1936 (alterius,

1992 1962 2043 2013 in
2072 1960 2285 2030 Sylvani
2315 1962 2480 2031 {arma
2509 1958 2742 2013 omnibus
2768 1968 2815 2011 te
2845 1959 3217 2013 demonstrans.
3250 1960 3403 2018 'lfuuc
3458 1962 3543 2013 dia
3565 1975 3587 2000 -'

1990 2051 2167 2117 bolos,
2201 2061 2257 2105 ut
2298 2052 2562 2123 gloriosus
2595 2052 2951 2124 llieronynms
2978 2052 3235 2118 jusscrat,
3268 2053 3318 2105 iu
3350 2051 3587 2123 Sylvanit

1992 2142 2185 2209 forma,
2218 2142 2287 2196 ita
2319 2152 2376 2196 ut
2418 2142 2486 2196 ab
2530 2143 2783 2198 omnibus
2822 2142 3090 2214 Sylvanus
3120 2144 3585 2213 Archiepiseoptw

1992 2244 2289 2304 putaretur,
2336 2235 2599 2302 apparuit,
2650 2243 2703 2286 et
2750 2250 2862 2287 rem
2895 2250 3055 2303 quam
3097 2235 3313 2296 h-eerat,
3347 2246 3404 2289 ut
3441 2237 3575 2289 inla-

1992 2340 2133 2378 mem
2180 2323 2429 2377 redderet
2470 2323 2562 2378 Dei
2605 2322 2886 2387 famulum,
2937 2327 3225 2379 enarravit.
3278 2325 3575 2382 Ilisvdictis

1990 2415 2125 2469 diris
2153 2413 2476 2468 clamoribus
2502 2423 2575 2470 et“
2601 2416 2909 2478 ululatibus,
2956 2414 3215 2469 nefandus
3256 2417 3480 2485 spiritus
3503 2419 3572 2470 Ill

1994 2504 2190 2573 templo
2226 2504 2507 2573 disparuit.
2539 2504 2689 2571 Quod
2710 2506 2825 2557 'ubi'
2855 2515 2960 2560 lant
3006 2506 3250 2563 mirabile
3298 2513 3568 2578 negotium

1990 2606 2074 2650 est
2117 2603 2414 2663 peractum,
2468 2595 2734 2665 gloriosus
2782 2594 3143 2667 Hieronymus
3188 2600 3440 2653 antistitis
3486 2604 3579 2656 sui

1988 2687 2262 2742 dexteram
2304 2703 2409 2742 non
2456 2689 2802 2758 relinquens:
2838 2689 2976 2753 Quid
3022 2701 3189 2758 optas,
3232 2693 3400 2763 inquit
3441 2709 3585 2749 voce-

1988 2780 2114 2846 Icui,
2144 2780 2655 2849 Sylvanecariuime,
2682 2780 2771 2833 tibi
2800 2780 3041 2844 placitum
3070 2798 3148 2835 me
3174 2786 3430 2854 fa:th
3450 2784 3477 2837 ?
3501 2786 3585 2841 At

1988 2874 2077 2927 ille
2100 2889 2113 2927 :
2146 2870 2224 2926 Hi
2242 2871 2484 2927 domine:
2512 2881 2565 2925 ut
2590 2889 2670 2927 me
2697 2870 3021 2943 Itic'amplius
3040 2888 3151 2929 "non
3180 2878 3458 2945 relinquas.
3486 2881 3566 2933 Ad

1985 2976 2144 3033 quem
2172 2963 2435 3033 gloriosus
2462 2963 2819 3035 Hieronymus
2846 2967 3218 3035 corrc-spondit
3247 2985 3261 3020 :
3297 2968 3447 3033 Quod
3476 2986 3587 3040 ροο·

1984 3054 2166 3116 stultis,
2192 3054 2264 3107 ita
2284 3055 2396 3121 ﬁat.
2425 3053 2548 3109 Post
2571 3072 2650 3108 me
2668 3056 2902 3109 celeriter
2920 3073 3040 3125 erqo
3061 3058 3190 3111 veni.
3217 3059 3339 3111 llarc
3358 3059 3583 3118 dicens;

1984 3153 2295 3200 cunctorum
2326 3146 2458 3199 visui
2505 3161 2565 3200 se
2613 3147 2846 3216 negavit.
2884 3146 3174 3203 Intervallo
3213 3160 3390 3204 autem
3421 3149 3581 3205 hora:

1987 3236 2142 3289 unius
2168 3236 2325 3299 iacto,
2356 3236 2619 3307 Sylvanus
2658 3238 3107 3307 Archiepiseopus
3140 3238 3453 3307 exspiravit.
3483 3241 3583 3295 Fit-

1984 3327 2054 3380 ob
2082 3326 2187 3380 hoc
2202 3327 2409 3380 cunctis
2433 3336 2618 3395 stupor
2644 3337 2699 3383 et
2724 3329 3006 3383 admiratio
3038 3331 3294 3385 inaudita.
3322 3331 3568 3402 Undique

1984 3420 2345 3474 mulierutnet
2374 3423 2625 3485 virorum,
2674 3437 2881 3476 necnon
2930 3435 2977 3474 et
3015 3439 3301 3491 puerorum
3345 3425 3577 3481 conﬂuit:

1984 3512 2284 3565 multitudo.
2304 3511 2683 3582 Lacrymarum
2708 3521 2847 3567 terra
2871 3515 3132 3570 cll'usioue
3158 3516 3357 3583 madet,
3380 3534 3563 3580 voces,

1984 3603 2411 3667 lamentationes,
2437 3604 2689 3669 ululatus,
2713 3606 2963 3673 gemitus,
2993 3618 3046 3661 ct
3067 3609 3563 3677 suspiriainBama

1983 3698 2470 3766 sonant:quililnrt
2522 3712 2582 3750 se
2632 3712 2799 3759 reum,
2856 3715 2923 3753 eo
2976 3700 3135 3769 quod.
3167 3702 3227 3754 ius
3270 3700 3578 3773 Sylvanum?

1982 3785 2360 3850 commisisset,
2419 3787 2630 3841 veniam
2679 3795 2868 3855 petens
2910 3788 3196 3843 clamabat.
3249 3790 3352 3845 Per
3394 3800 3577 3845 totam

1982 3887 2157 3929 autem
2181 3887 2494 3946 sequentem
2524 3885 2758 3942 noctem,
2787 3879 3023 3945 gentium
3058 3880 3343 3936 multitudo
3368 3885 3436 3937 ab
3462 3884 3577 3940 Ec-J

1983 3968 2143 4023 clesia
2168 3984 2273 4022 non
2300 3970 2521 4023 recedit.
2557 3967 2925 4039 Itaque-mane
2952 3970 3112 4035 facto,
3143 3973 3293 4026 clero
3328 3973 3395 4028 ad
3422 3979 3575 4030 antis

1983 4062 2121 4114 stitis
2164 4058 2323 4115 funus
2354 4068 2673 4131 praeparato,
2712 4074 2906 4129 corpus
2932 4060 3173 4130 ejusdem
3202 4061 3267 4116 ad
3300 4062 3559 4120 Nazareth

1987 4151 2280 4205 Ecclesiam
2330 4152 2672 4221 deportatur,
2728 4162 2833 4206 tam
2879 4153 3032 4208 istius
3081 4152 3348 4220 civitatis,
3401 4173 3559 4225 quam

1984 4244 2147 4305 illius,
2180 4242 2383 4297 scilicet
2408 4242 2705 4308 Bethleem,
2739 4244 2916 4313 populi
2960 4246 3299 4303 multitudine
3341 4252 3576 4304 eonvita-~

1983 4348 2117 4394 tum.
2150 4338 2206 4393 In
2233 4340 2578 4410 quaqnidem
2622 4340 2855 4395 Ecclesia
2887 4340 3400 4412 Nazaretb,corpus
3436 4340 3575 4398 illudi

1983 4430 2345 4486 venerandum
2397 4431 2737 4485 ltumavimus
2786 4440 2845 4486 ut
2890 4432 3134 4487 decebat.
3184 4433 3365 4502 [muga
3418 4444 3574 4489 certe

1983 4522 2160 4577 adhuc
2188 4522 2372 4586 verba,
2417 4537 2481 4577 ac
2518 4523 2679 4578 etiam
2708 4522 3301 4577 admirandamiraeula
3346 4522 3567 4594 Sylvani
3618 4520 3619 4523 “

1984 4614 2275 4669 venerandi
2300 4614 2546 4683 praesulis
2572 4615 2762 4668 merita
2789 4614 2945 4684 plene
2969 4624 3295 4683 promerent,
3321 4615 3414 4669 sed
3436 4616 3562 4685 quia

1983 4704 2331 4758 dicendorum
2387 4704 2716 4774 praegrandis
2757 4717 2917 4769 area,
2977 4703 3219 4774 ejusdem
3272 4708 3565 4762 venerandi

1988 4797 2228 4866 [il‘tIBSIliiS
2259 4808 2407 4849 actus
2438 4796 2640 4859 ﬁniam,
2664 4796 2910 4864 quaedam
2932 4795 3036 4851 alia
3066 4811 3172 4851 non
3204 4798 3380 4853 minus
3405 4813 3569 4869 grauv

1983 4887 2093 4952 dia,
2123 4887 2268 4941 brevi
2302 4889 2582 4942 verborum
2611 4888 2886 4943 schemate
2924 4900 3259 4945 narraturus.

2054 4978 2182 5034 Car.
2219 4978 2301 5032 γι.
2346 4979 2677 5034 Narrandtun
2705 4992 2833 5050 puto
2854 4981 3121 5052 quoddam
3143 4983 3274 5035 satis
3300 4982 3568 5048 mirabile,

1985 5072 2124 5144 quoa
2169 5073 2355 5140 partim
2404 5072 2661 5128 relatione
2710 5072 3067 5129 vcridicorum
3117 5077 3333 5130 testium
3380 5075 3563 5138 didici,

1986 5163 2176 5235 partim
2209 5164 2485 5218 oculorum
2514 5166 2649 5220 visu.
2683 5166 2798 5219 Duo
2829 5167 2927 5222 viri
2956 5167 3294 5231 nobilissimi,
3325 5177 3381 5223 et
3405 5167 3568 5223 rebus

1988 5242 2313 5311 transitoriis
2351 5256 2663 5325 locupletes,
2702 5259 2827 5313 licet
2861 5259 3148 5315 Catholica:
3174 5259 3301 5314 ﬁdei
3325 5259 3569 5316 veritatis

1988 5348 2138 5403 inscii
2168 5388 2183 5411 ,
2218 5358 2392 5402 tamen
2428 5357 2484 5402 ut
2514 5349 2565 5402 iu
2593 5350 2777 5416 gentili
2807 5351 2912 5405 ritu
2939 5349 3101 5418 geniti
3128 5351 3259 5406 satis
3286 5349 3431 5414 boni,
3451 5349 3568 5419 glo-

1988 5439 2115 5493 riosi
2168 5439 2474 5512 Hieronymi
2543 5440 2806 5495 mirabilia
2859 5442 3182 5505 audientes,
3236 5456 3300 5495 ex
3352 5439 3567 5494 civitate

1987 5529 2370 5595 Alexandrina,
2400 5531 2583 5585 multis
2620 5531 2869 5586 adunatis
2892 5531 3086 5601 Opibus
3112 5531 3397 5585 devotione
3421 5529 3567 5598 ejuss

1987 5623 2108 5676 dem
2138 5622 2346 5687 fervidi,
2377 5633 2656 5690 ceperunt
2686 5623 2811 5690 iter,
2842 5633 2897 5677 ut
2921 5622 3161 5691 ejusdem
3187 5621 3403 5691 gloriosi
3434 5619 3563 5675 Hie-
3608 5634 3613 5637 λ

1989 5713 2197 5785 ronymi
2253 5713 2507 5782 reliquias
2549 5713 2847 5768 visitarcnt.
2886 5711 3126 5780 Cumque
3166 5710 3278 5780 jam
3329 5712 3566 5781 incmpto

1992 5804 2182 5857 itinere
2206 5803 2472 5871 quoddam
2513 5819 2541 5857 a
2574 5805 2786 5858 tramite
2824 5802 2964 5856 devii
2998 5801 3307 5856 introissent
3350 5804 3563 5868 nemus,

1998 5898 2086 5950 ubi
2116 5897 2256 5951 nulla
2301 5896 2601 5962 hominum,
2632 5905 2725 5951 aut
2760 5907 3022 5966 equorum
3052 5894 3274 5964 vestigia
3309 5894 3571 5951 videbam»
