4136 6332
512 441 621 498 303

511 567 599 610 tur
627 573 643 609 :
675 552 812 608 beati
839 549 1150 621 Hieronymi
1178 549 1486 604 invocantes
1517 560 1735 607 nomen.
1762 542 2000 612 ejusdem
2033 556 2093 595 se

508 645 769 701 custodiae
798 644 1152 699 tradiderunt.
1200 640 1257 696 lo
1302 639 1493 695 eodem
1536 637 1800 706 siquidem
1844 649 2089 699 nemore,
2132 694 2139 699 κ

509 736 729 807 quidam
770 735 1039 791 latronum
1082 733 1287 791 habens
1331 732 1434 789 sub
1477 746 1536 787 se
1578 730 1758 801 plures
1787 729 2094 798 quingentis

511 829 812 883 latronibus
850 827 1125 884 habitabat
1169 827 1435 897 princeps,
1480 822 1579 878 hos
1619 831 1676 879 et
1720 822 1841 877 illos
1887 821 1957 875 ad
1996 820 2094 875 ali-

509 920 653 989 quod
685 919 1074 989 przedestinans
1102 916 1224 984 iter,
1251 927 1308 971 ut
1338 924 1676 971 transeuntes
1705 911 2090 977 interficerent,

508 1020 566 1065 et
583 1010 649 1066 ad
671 1011 917 1067 eumdem
935 1020 991 1065 et
1014 1020 1239 1066 czeteros
1265 1009 1434 1080 spolia
1455 1015 1809 1078 reportarem.
1839 1005 1887 1061 ls
1912 1006 2093 1073 itaque

511 1105 761 1173 princeps
798 1104 898 1158 hos
937 1113 1275 1159 transeuntes
1322 1103 1534 1155 intuens
1571 1099 1739 1155 tribus
1782 1099 2094 1155 convocatis

509 1197 828 1259 latronibus,
857 1207 913 1251 ut
940 1196 1008 1251 ad
1030 1211 1125 1250 eos
1154 1193 1578 1249 interficiendum
1615 1191 1955 1257 accederent,
1987 1190 2090 1244 im-

508 1288 738 1358 peravit.
777 1287 880 1354 Qui
925 1287 1008 1341 sui
1061 1284 1318 1354 principis
1357 1284 1579 1354 implere
1603 1282 1751 1351 jussa
1789 1281 2088 1353 cupientes,

510 1377 804 1448 assumptis
835 1376 1000 1431 armis
1032 1377 1271 1430 illorsutn
1314 1390 1416 1444 qua
1447 1373 1827 1442 gradiebantur
1857 1372 2093 1427 Alexan-

508 1469 672 1535 drini,
702 1468 913 1522 concito
956 1480 1114 1521 cursu
1151 1465 1397 1521 tendunt.
1437 1464 1622 1535 Magna
1668 1463 1931 1534 siquidem
1970 1463 2090 1533 glo-

508 1562 637 1615 riosi
682 1559 992 1631 Hieronymi
1039 1560 1249 1626 merita,
1299 1573 1488 1628 magna
1536 1567 1591 1614 et
1643 1556 1906 1628 prodigia.
1955 1556 2093 1612 forte

507 1662 569 1706 ut
626 1662 795 1723 puto,
869 1668 900 1707 a
954 1652 1168 1708 Sanctis
1228 1650 1451 1706 modicis
1509 1665 1615 1705 non
1666 1650 1790 1706 talia
1857 1664 2090 1719 unquam

507 1745 639 1801 viss.
685 1745 998 1801 Acceleraot
1037 1746 1293 1809 latrones,
1326 1752 1386 1797 ttt
1426 1751 1764 1798 transeuntes
1807 1750 2042 1797 mactent
2074 1759 2088 1796 :

505 1835 602 1890 sed
644 1836 772 1891 dum
811 1852 979 1907 prope
1020 1838 1172 1901 liuut,
1223 1850 1357 1905 quos
1388 1837 1536 1903 prius
1576 1835 1748 1891 solum
1797 1834 1933 1889 duos
1970 1847 2091 1887 eer-

507 1928 741 1993 nebant,
801 1927 1138 1996 paulominus
1204 1924 1627 1983 innumerabiles
1686 1940 1804 1981 esse
1869 1924 2089 1989 vident,

505 2023 649 2079 inter
693 2039 829 2092 quos
878 2024 960 2079 vir
1005 2024 1228 2093 praeibat
1274 2032 1422 2078 tanto
1460 2024 1662 2079 lumine
1709 2025 2089 2091 circumfusus,

507 2126 569 2171 ut
634 2116 873 2174 intuendi
946 2118 998 2171 in
1069 2134 1192 2172 eum
1251 2118 1551 2187 aliqnaliter
1616 2116 1698 2171 fas
1755 2133 1862 2172 non
1921 2128 2087 2174 esset.

504 2206 876 2277 Apprehendit
903 2208 1082 2273 timor,
1107 2217 1294 2277 stupor
1313 2218 1368 2262 et
1386 2208 1669 2263 admiratio
1694 2208 1793 2263 bos
1820 2208 2088 2266 latrones:

506 2298 636 2366 quid
683 2298 825 2354 aliud
872 2299 1078 2369 possint
1121 2298 1299 2355 facere
1330 2300 1596 2366 nesciunt,
1626 2300 1727 2355 nisi
1756 2298 1825 2355 ad
1855 2300 2091 2357 latrones

504 2390 642 2445 alios
683 2404 944 2446 remeare.
994 2393 1063 2444 At
1108 2390 1196 2446 ubi
1223 2391 1331 2457 jam
1363 2391 1537 2446 forent
1564 2407 1593 2446 a
1622 2391 1779 2463 longe
1806 2391 2093 2447 redeuntes

507 2482 824 2545 retroversi,
854 2482 1028 2536 solum
1055 2481 1192 2535 duos
1230 2490 1288 2535 ut
1314 2482 1460 2550 prius
1486 2482 1733 2537 homines
1760 2483 2087 2538 reviderunt.

505 2570 771 2626 Mirantur
812 2572 973 2627 nimis
1016 2572 1251 2627 latrones
1281 2589 1295 2626 :
1329 2581 1384 2626 et
1419 2587 1480 2626 se
1526 2572 1713 2626 illusos
1737 2572 2087 2637 arbitrantes,

505 2672 792 2731 creperum
832 2664 898 2718 ad
927 2671 1263 2719 transeuntes
1290 2663 1535 2719 homines
1563 2663 1880 2734 retrogredi.
1908 2665 1977 2720 At
2001 2665 2089 2721 ubi

505 2754 1025 2824 appropinquarunt,
1072 2753 1148 2808 uti
1176 2754 1323 2824 prius
1350 2752 1616 2819 viderant,
1650 2768 1791 2811 nunc
1817 2753 2087 2811 viderunt.

506 2844 673 2914 Magis
708 2858 773 2900 ac
800 2844 969 2914 magis
994 2844 1275 2913 stupefacti
1301 2843 1557 2909 latrones,
1590 2854 1877 2903 cernentes
1904 2846 1957 2901 in
1985 2861 2091 2900 va-

504 2949 663 2991 cuum
708 2950 769 2991 se
809 2935 1034 3001 redisse,
1084 2943 1231 3006 terga
1276 2943 1552 2991 verterunt
1584 2952 1598 2989 :
1631 2945 1686 2992 et
1729 2937 1986 2993 velociter
2022 2936 2089 2993 ad

504 3043 661 3084 suum
699 3027 827 3099 quid
870 3027 926 3083 hi
956 3027 1212 3083 fecissent
1235 3036 1638 3098 exspectaan
1668 3028 1960 3099 principem
1989 3027 2087 3085 de-

506 3132 785 3177 venerunt.
820 3119 1063 3191 Increpat
1089 3136 1182 3176 eos
1204 3120 1455 3191 princeps
1477 3121 1603 3191 quid
1637 3119 1818 3176 tandiu
1846 3124 2086 3193 peregis-

505 3224 646 3270 sent.
693 3214 798 3271 Sed
828 3230 949 3269 eunt
982 3231 1093 3269 rem
1123 3225 1327 3284 gestam
1361 3213 1618 3276 audisset,
1650 3229 1745 3268 eos
1774 3214 2089 3285 insipientes

506 3313 563 3360 et
588 3304 763 3360 fatuos
792 3306 1123 3368 existimans,
1156 3304 1438 3359 duodecim
1478 3304 1597 3359 aliis
1627 3304 1927 3360 latronibus
1953 3320 2088 3360 con-

507 3397 731 3461 vocatis,
796 3411 919 3450 cum
975 3398 1175 3450 eisdem
1226 3411 1409 3450 versus
1455 3395 1700 3451 homines
1750 3406 2088 3453 transeuntes

507 3495 675 3542 meat.
706 3486 937 3543 Rursum
964 3503 991 3540 a
1025 3489 1179 3557 longe
1207 3486 1342 3542 duos
1366 3497 1625 3552 cernunt;
1657 3488 1753 3543 sed
1778 3490 2085 3559 propinqui,

509 3580 585 3632 uti
637 3578 790 3647 primi
837 3578 1100 3641 viderant,
1145 3580 1222 3633 sic
1261 3589 1316 3633 et
1344 3579 1449 3633 isti.
1485 3578 1812 3635 Eorumdem
1840 3580 2087 3649 protinus

507 3679 745 3727 tremunt
786 3671 962 3735 bases,
1014 3670 1243 3740 trepidat
1285 3685 1399 3732 cor.
1450 3670 1584 3724 fiunt
1633 3670 1780 3725 velut
1825 3680 2086 3733 amentes,

507 3762 655 3817 omni
683 3761 866 3832 vigore
893 3764 1054 3817 animi
1079 3762 1337 3817 destituti.
1370 3761 1611 3817 Tandem
1630 3761 1682 3816 in
1702 3776 1761 3822 se
1779 3761 2087 3825 redeuntes,

506 3868 602 3911 eos
645 3855 873 3909 latenter
911 3864 1227 3923 sequuntur,
1256 3854 1533 3924 cupientes
1556 3852 1684 3925 quid
1716 3852 1972 3923 deinceps
1997 3867 2089 3907 ac-

507 3946 649 4002 cidat
677 3945 912 4002 edoceri.
946 3945 1237 4015 Trepidant
1267 3960 1397 4002 vero
1426 3945 1584 4014 hujus
1616 3945 1783 4000 nescii
1813 3955 2092 4001 transeun-

506 4049 588 4093 tes
638 4036 738 4093 hos
780 4036 1023 4092 videntes
1072 4036 1340 4103 homines,
1385 4046 1443 4092 et
1484 4038 1626 4092 inter
1672 4051 1732 4092 se
1778 4035 1953 4106 quibi
1984 4036 2090 4090 sint

506 4130 661 4186 avide
700 4138 1134 4200 percunctantur.
1168 4129 1408 4200 Denique
1442 4128 1553 4198 jam
1600 4143 1793 4184 occasu
1836 4129 1966 4184 solis
2011 4128 2090 4183 in-

507 4221 703 4276 clinata
742 4221 853 4288 uie,
883 4234 1005 4276 cum
1030 4219 1157 4290 quid
1186 4220 1239 4274 in
1269 4228 1427 4277 nocte
1458 4219 1654 4275 faciant
1683 4219 1940 4282 nesciant,
1969 4218 2090 4274 illos

508 4312 788 4369 duodecim
816 4312 1071 4376 latrones,
1102 4314 1338 4367 viatores
1361 4312 1753 4376 existimantes,
1780 4309 1847 4365 ad
1872 4309 2091 4371 eosdem

507 4403 895 4463 consulendum
938 4410 1177 4461 statuunt
1221 4402 1517 4459 declinare.
1548 4404 1616 4459 At
1643 4402 1732 4456 ubi
1761 4402 1827 4458 ad
1858 4402 2093 4463 latrones

507 4494 756 4552 veniendi
796 4496 897 4553 iter
938 4505 1188 4567 carpunt,
1220 4494 1440 4551 eosdem
1488 4494 1587 4563 ipsi
1639 4494 1877 4550 latrones
1918 4494 2091 4548 solum

506 4587 645 4642 duos
671 4598 891 4642 cernunt
905 4629 919 4643 .
941 4588 1060 4655 Quo
1079 4588 1316 4657 vigorem
1335 4586 1569 4642 latrones
1588 4584 1790 4655 adepti,
1816 4594 2093 4641 transeun-

508 4680 652 4734 tibus
695 4687 749 4734 et
787 4680 883 4748 ipsi
932 4681 1177 4749 protinus
1205 4680 1577 4735 obviaverunt.
1606 4678 1707 4743 Qtti
1736 4691 1925 4733 omnes
1949 4676 2087 4732 invi-

506 4786 626 4827 cem
652 4771 845 4841 juncti,
874 4786 933 4825 se
956 4771 1116 4826 simul
1146 4770 1464 4827 salutarunt.
1502 4769 1718 4826 Interim
1756 4769 2094 4839 interrogant

508 4865 745 4919 latrones
770 4863 860 4933 qui
886 4863 995 4917 siut
1021 4881 1033 4916 :
1065 4863 1209 4918 unde
1236 4864 1455 4918 veniant
1487 4880 1501 4915 :
1532 4872 1589 4919 et
1614 4878 1722 4932 quo
1751 4872 1993 4933 pergant.
2023 4865 2095 4921 At

506 4955 585 5010 illi
630 4954 874 5023 inquiunt
915 4972 930 5008 :
978 4954 1170 5011 Sumus
1216 4955 1279 5010 de
1304 4954 1639 5019 Alexandria,
1671 4955 1789 5009 inde
1816 4956 2089 5020 venientes,

505 5046 764 5101 Bethleem
794 5047 1028 5117 petimus,
1058 5057 1111 5101 ut
1138 5047 1348 5118 gloriosi
1378 5046 1678 5117 Hieronymi
1705 5048 1943 5119 reliquias
1968 5051 2094 5104 visi-

506 5151 687 5192 muus.
722 5138 804 5195 Ad
832 5140 946 5193 lucc
971 5138 1238 5193 latronum
1270 5139 1518 5207 princeps
1543 5153 1563 5193 :
1585 5136 1723 5203 Qui,
1754 5140 1944 5209 inquit,
1973 5143 2089 5212 fue-

505 5239 626 5283 runt
670 5231 785 5293 viri,
828 5230 914 5299 qui
960 5230 1217 5299 hucusque
1260 5228 1513 5284 vobiscum
1540 5233 1891 5286 tantummodo
1918 5234 2090 5287 venie-

508 5324 645 5375 bant.
677 5321 938 5376 Mirantur
963 5321 1061 5376 hos
1087 5321 1209 5376 talia
1239 5319 1335 5377 fari
1363 5322 1593 5377 viatores
1615 5337 1631 5377 :
1650 5331 1701 5377 et
1728 5337 1788 5379 se
1810 5334 2091 5396 postquam

506 5428 699 5467 nemus
743 5412 1094 5479 intraverunt,
1137 5412 1405 5467 neminem
1436 5412 1535 5467 nisi
1563 5411 1709 5481 ipsos
1732 5425 1785 5469 et
1814 5424 1925 5470 tres
1953 5416 2090 5471 alios

505 5501 705 5560 vidisse
733 5504 870 5559 velle
897 5504 1110 5559 audisse
1152 5503 1354 5559 dicunt.
1386 5503 1517 5572 Quae
1553 5515 1703 5575 gesta
1727 5505 1941 5561 fuerant
1966 5517 2092 5562 tunc

507 5595 772 5652 latronum
820 5608 999 5652 narrat
1046 5597 1292 5668 princeps
1325 5615 1337 5651 :
1370 5597 1491 5653 illos
1521 5597 1832 5663 obsecrans,
1866 5608 1923 5651 ut
1966 5599 2094 5666 ipsis

522 5689 595 5743 ob
635 5704 796 5760 quam
824 5704 1040 5744 causam
1081 5690 1183 5746 hoc
1206 5689 1483 5750 acciderit.
1512 5691 1556 5743 si
1590 5700 1832 5753 noscant,
1863 5688 2094 5744 debeant

508 5780 763 5836 indicare.
786 5781 991 5848 Quibus
1018 5784 1115 5849 illi,
1144 5798 1254 5837 non
1279 5783 1349 5837 ob
1389 5783 1547 5837 aliam
1573 5797 1816 5846 causam,
1842 5780 1946 5835 nisi
1966 5781 2087 5849 quia

507 5870 725 5931 αισι-ἰοςί
772 5872 1077 5945 Hieronymi
1122 5874 1381 5931 custodiae
1426 5888 1484 5930 sc
1514 5872 1801 5937 dederunt,
1836 5871 1937 5927 hoc
1964 5886 2093 5928 eve-

1684 429 1773 486 DE
1814 423 2179 484 MIRACULIS
2207 421 2608 480 llll‘ZRONYHI.

3678 430 3787 489 ὅθι

2197 540 2363 604 uisse,
2418 552 2480 593 se
2518 536 2725 593 nescire
2767 536 2968 594 dicunt.
3011 539 3094 595 Ad
3141 538 3246 596 hoc
3292 540 3529 597 latrones
3578 540 3785 615 Spiritu

2197 629 2413 696 Sancto,
2440 629 2531 701 qui
2558 628 2646 685 ubi
2690 629 2805 686 vult
2842 630 3031 701 spirat,
3074 631 3253 688 subito
3287 632 3605 709 inspirante,
3635 635 3783 691 omni

2196 733 2357 788 quam
2404 718 2550 791 prius
2596 720 2863 778 habebant
2900 721 3176 778 ferocitate
3202 722 3465 794 deposita,
3496 722 3551 779 in
3582 733 3784 781 terrain

2197 827 2387 868 eorum
2415 810 2640 882 pedibus
2668 815 2956 885 provoluti,
2984 830 3082 883 pro
3111 816 3429 887 excogitatis
3456 816 3672 888 ﬂagitiis
3692 834 3784 873 ve-

2200 906 2339 958 niam
2363 905 2717 975 postulantes,
2738 905 2862 962 illos
2888 906 2955 962 ad
2977 906 3213 964 latrones
3232 909 3369 966 alios
3395 910 3780 979 perduxerunt.

2196 993 2301 1049 Sed
2325 994 2467 1065 quod
2496 996 2618 1052 dico
2648 1011 2755 1052 non
2786 997 2962 1054 minus
2981 1006 3127 1067 patet
3145 998 3212 1055 ad
3229 1000 3618 1055 contuendum.
3637 1000 3780 1059 Hora

2199 1088 2366 1155 prima
2412 1089 2588 1143 noctis
2631 1089 2699 1143 ad
2744 1088 2981 1145 latrones
3028 1102 3406 1161 exspectantes
3449 1092 3737 1150 deveniunt
3762 1136 3781 1163 ,

2198 1188 2318 1249 post
2345 1178 2448 1234 hoc
2473 1180 2600 1250 quid
2630 1182 2900 1237 acciderat
2923 1182 3201 1239 declarant
3228 1200 3244 1237 :
3274 1186 3494 1251 eosdem
3522 1188 3780 1256 supplici-

2198 1280 2278 1326 ter
2303 1282 2610 1343 esorantes,
2644 1284 2701 1328 ut
2742 1272 2824 1330 his
2850 1273 3066 1345 ﬂagitiis
3095 1276 3267 1332 solitis
3287 1276 3398 1347 jam
3425 1278 3685 1349 expulsis,
3712 1279 3786 1337 ad

2195 1365 2485 1433 gloriosum
2504 1367 2824 1423 visitandum
2843 1369 3073 1424 cadaver
3095 1368 3404 1442 Hieronymi
3423 1388 3602 1426 secum
3618 1372 3777 1428 irent.

2196 1453 2282 1509 Fit
2325 1453 2411 1510 his
2439 1456 2621 1512 verbis
2660 1458 2869 1513 caeteris
2898 1457 3194 1515 latronibus
3221 1460 3417 1515 irrisio.
3456 1461 3784 1518 Promittant
3851 1468 3857 1473 '

2194 1547 2456 1616 siquidem
2479 1563 2578 1603 suo
2592 1549 2839 1619 principi,
2861 1559 2916 1605 et
2940 1550 3043 1605 illis
3063 1551 3181 1606 aliis
3204 1566 3391 1608 necem
3412 1552 3778 1621 durissimam,

2195 1640 2241 1691 si
2283 1638 2514 1694 audeant
2555 1640 2785 1710 amplius
2824 1641 2923 1697 ista
2965 1641 3087 1696 fari.
3136 1641 3252 1698 Non
3298 1645 3632 1701 cessantibus
3674 1646 3785 1702 illis

2196 1729 2371 1799 priora
2437 1730 2626 1787 iterum
2677 1732 2823 1802 loqui
2870 1732 3052 1799 verba,
3100 1732 3366 1790 latronum
3395 1735 3779 1807 quamplurimi

2194 1826 2342 1880 canis
2385 1826 2532 1883 rabie
2572 1826 2864 1894 furibundi,
2896 1843 3019 1882 mox
3047 1828 3098 1882 ltt
3124 1842 3222 1883 eos
3255 1829 3537 1899 insurgunt
3559 1830 3781 1886 ensibus

2194 1916 2495 1971 deundatis.
2534 1916 2829 1973 Potuerunt
2855 1934 3046 1989 nempe
3076 1920 3374 1991 rompha-as
3397 1922 3611 1978 elevare
3639 1939 3654 1976 :
3680 1922 3781 1977 sed

2195 2007 2325 2077 ipsis
2360 2008 2577 2079 gloriosi
2620 2008 2931 2080 llieronytni
2954 2010 3146 2066 auxilia
3180 2011 3591 2080 postulantibus,
3617 2026 3779 2070 enses

2193 2099 2465 2169 deponere
2511 2099 2817 2156 nullatenus
2868 2101 3150 2157 valuerunt
3179 2119 3192 2156 :
3220 2103 3395 2157 donec
3434 2103 3513 2158 illi
3539 2103 3629 2174 qui
3657 2103 3777 2159 fue-

2196 2202 2313 2248 rant
2342 2192 2642 2258 occidendi,
2673 2192 2744 2248 ab
2771 2192 3098 2264 Hieronymo
3129 2194 3487 2264 postularunt.
3519 2196 3562 2251 0
3593 2195 3782 2252 ineffa-

2193 2285 2316 2341 bilis
2340 2286 2621 2341 cletnentia
2646 2284 2962 2353 Salvatoris,
2991 2296 3121 2357 quot
3151 2287 3326 2343 modis
3350 2302 3484 2356 quos
3510 2287 3621 2342 vult
3651 2287 3780 2343 facit

2191 2379 2258 2435 ad
2301 2381 2627 2451 agnitionem
2669 2380 2752 2436 sui
2797 2380 3032 2437 nominis
3068 2378 3364 2439 devenire?
3392 2380 3634 2451 Repente
3662 2379 3780 2436 hzee

2194 2480 2302 2527 tam
2342 2472 2551 2531 insueta
2590 2471 2766 2527 omnis
2793 2471 2880 2526 illa
2908 2472 3173 2527 latronum
3202 2471 3389 2527 videns
3416 2472 3623 2536 concio,
3653 2472 3778 2527 altis

2195 2562 2306 2618 Deo
2350 2571 2406 2619 et
2447 2562 2681 2631 glorioso
2728 2561 3053 2631 Hieronymo
3103 2562 3325 2617 vocibus
3367 2562 3573 2619 debitas
3611 2572 3778 2633 agunt

2194 2654 2379 2713 laudes
2412 2677 2425 2714 :
2457 2655 2700 2727 ejusdem
2727 2670 2788 2711 se
2808 2666 3062 2711 voventes
3083 2656 3338 2726 reliquias
3354 2656 3586 2713 visitare.
3609 2655 3781 2711 Facto

2194 2747 2353 2823 igitur
2401 2762 2580 2811 mane,
2631 2747 2812 2817 plures
2862 2748 3115 2803 trecentis
3164 2747 3469 2802 hominibus
3510 2748 3600 2819 qui
3650 2759 3778 2803 tnuc

2194 2841 2449 2911 temporis
2493 2840 2563 2897 ibi
2607 2850 2762 2896 erant
2800 2842 2925 2896 talia
2976 2850 3366 2913 perpelrantes,
3416 2857 3536 2897 cum
3567 2841 3773 2899 eisdem

2192 2932 2567 2989 Alexandrinis
2592 2950 2661 2989 ex
2713 2934 2805 2988 illo
2851 2946 3106 2989 exeuntes
3154 2948 3396 2997 nemore.
3444 2934 3509 2990 ad
3551 2933 3778 3003 gloriosi

2194 3023 2501 3097 Hieronymi
2528 3025 2789 3081 tumttlum
2809 3025 3164 3090 devenerunt,
3193 3026 3400 3079 cunctis
3428 3034 3535 3078 tam
3564 3026 3773 3083 insueta

2194 3115 2435 3187 prodigia
2496 3128 2831 3173 cuarrantes.
2901 3116 3242 3187 Butptizautur
3303 3117 3484 3186 itaque
3546 3118 3779 3187 gentiles

2193 3208 2539 3264 Alexandrini
2566 3225 2577 3260 :
2609 3218 2663 3262 et
2690 3209 2897 3262 cunctis
2926 3208 3107 3264 mundi
3149 3209 3471 3262 Vanitatibus
3495 3208 3778 3263 conculca-

2192 3300 2280 3363 tis,
2330 3299 2630 3371 rcligiosam
2680 3299 2732 3353 in
2778 3298 3008 3369 quodam
3052 3299 3298 3354 eoenobio
3341 3298 3503 3353 vitam
3550 3298 3771 3354 ducunt.

2192 3392 2451 3447 Latrones
2480 3404 2657 3447 autem
2700 3392 2775 3446 illi
2798 3394 3043 3455 similiter
3069 3392 3135 3448 ad
3164 3393 3333 3448 lucem
3370 3393 3609 3449 veritatis
3649 3408 3775 3447 san-

2190 3497 2399 3557 ctasque
2427 3497 2479 3540 et
2507 3485 2793 3541 laudabilis
2837 3487 2981 3553 vitm,
3031 3486 3209 3543 divina
3249 3487 3417 3556 gratia
3463 3495 3518 3541 et
3556 3486 3777 3555 gloriosi

2195 3577 2503 3649 Hieronymi
2531 3578 2740 3633 meritis
2770 3586 3149 3646 pervenerunt.

2261 3668 2389 3725 Cn.
2420 3667 2532 3724 Vll.
2573 3668 2720 3725 Sicut
2744 3667 3345 3738 Constantinopolitanis
3375 3668 3679 3725 litterisbac
3707 3669 3781 3725 de

2193 3779 2250 3817 re
2314 3762 2440 3817 tuibi
2498 3762 2803 3831 specialiter
2863 3762 3102 3827 directis,
3151 3771 3420 3821 transacto
3464 3777 3569 3827 non
3614 3762 3779 3832 longo

2192 3854 2403 3909 dierum
2435 3858 2606 3923 spitio
2647 3853 2906 3919 intellexi,
2938 3853 3113 3909 simile
3156 3868 3291 3923 pene
3337 3853 3651 3908 miraculum
3699 3854 3777 3909 illi

2192 3946 2334 4016 quod
2365 3961 2523 4015 supra
2556 3944 2695 4000 fatus
2720 3960 2862 4011 sunt,
2893 3944 3105 4000 duobus
3128 3946 3321 3999 accidit
3349 3944 3605 4001 Romanis
3624 3944 3781 4014 juve-

2196 4038 2353 4092 nibus
2377 4052 2407 4091 a
2431 4037 2667 4092 Romana
2696 4036 2828 4093 urbe
2855 4037 3130 4092 Bethleem
3157 4038 3514 4101 venientibus,
3543 4052 3639 4107 pro
3664 4036 3780 4107 glo-

2196 4132 2322 4187 riosi
2370 4130 2682 4202 llieronymi
2726 4132 2991 4185 visitando
3032 4146 3276 4198 corpore.
3337 4129 3489 4196 Quod
3539 4130 3780 4185 tractabo

2194 4227 2348 4282 sicuti
2378 4227 2591 4281 brevius
2615 4234 2821 4295 potero.
2852 4224 2985 4279 Cum
3012 4226 3170 4295 igitur
3190 4224 3299 4278 duo
3324 4223 3397 4279 illi
3419 4224 3646 4293 juvenes
3665 4222 3781 4276 cui“-

2195 4318 2317 4372 dam
2367 4317 2861 4388 appropinquarent
2908 4316 3041 4380 rttri,
3093 4330 3123 4371 a
3173 4313 3629 4385 Constantinopoli
3685 4328 3779 4380 per

2196 4408 2481 4471 duodecim
2513 4409 2650 4466 {orte
2679 4408 2914 4463 distante
2942 4408 3316 4463 milliariorum
3347 4407 3597 4474 spatium,
3625 4414 3779 4459 antc-

2196 4516 2357 4570 quam
2376 4516 2469 4557 rus
2491 4516 2520 4560 s
2538 4500 2747 4557 duobus
2776 4500 3091 4555 milliarilms
3121 4499 3425 4560 introirent,
3452 4496 3643 4555 eadem
3666 4496 3779 4551 fere

2199 4591 2329 4646 hora
2349 4592 2487 4651 duos
2505 4592 2800 4660 contigerat
2819 4590 3063 4643 homines
3088 4588 3343 4643 interimi.
3369 4588 3607 4654 Quorum
3634 4602 3781 4641 mor-

2199 4683 2266 4743 tis
2294 4697 2510 4737 rumore
2542 4682 2795 4750 pra-dicto
2818 4690 3101 4735 resonante
3124 4680 3255 4740 ruri.
3283 4680 3383 4732 loci
3410 4678 3650 4747 ejusdem
3679 4676 3779 4731 viri

2198 4775 2504 4843 ctutgregati
2534 4773 2968 4842 circumquaque,
3000 4773 3120 4839 quis
3170 4770 3358 4825 horum
3406 4768 3566 4824 fuerit
3610 4769 3779 4824 inter-

2198 4868 2385 4926 it-ctor.
2415 4875 2693 4935 coeperunt
2718 4864 2987 4934 inquirere
3014 4863 3635 4933 vehentcttter.Cumqtte
3662 4863 3778 4918 dili-

2198 4969 2387 5029 genter
2433 4956 2804 5027 perquirerent
2851 4970 3250 5025 usquequaque,
3312 4954 3505 5013 adesse
3556 4964 3785 5017 cernunt

2200 5049 2469 5105 nemiuem
2502 5048 2601 5103 uisi
2635 5046 2919 5114 przedietos
2954 5045 3202 5115 juvenes,
3234 5045 3326 5116 qui
3359 5046 3471 5115 jam
3506 5061 3670 5116 ιιι-ονε
3694 5063 3785 5101 vc-

2200 5149 2393 5195 neraut
2428 5138 2760 5208 reperientes
2787 5137 3027 5203 eosdem,
3056 5140 3297 5209 protinus
3325 5149 3610 5199 tenuerunt
3656 5156 3670 5194 :
3717 5142 3786 5194 ab

2198 5231 2400 5287 eisdem
2418 5227 2697 5291 credentes
2720 5226 2881 5283 fuisse
2900 5227 3144 5284 homines
3173 5228 3503 5287 interfectos.
3526 5230 3787 5287 Mirantur

2200 5322 2378 5392 itaque
2412 5319 2570 5387 hujus
2592 5319 2758 5389 ignari
2779 5318 3004 5389 juvenes
3034 5338 3047 5373 :
3078 5331 3130 5375 et
3160 5319 3351 5375 borum
3377 5336 3436 5377 se
3463 5321 3596 5387 nihil
3622 5323 3783 5387 scire,

2201 5416 2327 5479 totis
2366 5412 2572 5471 nisibus
2610 5412 2981 5481 cuttjurabant.
3016 5416 3087 5468 At
3134 5413 3209 5469 illi
3258 5428 3446 5495 eorum
3492 5430 3589 5485 pro
3619 5414 3789 5470 nihilo

2200 5514 2573 5575 computantes
2602 5504 2786 5572 verba,
2816 5518 3002 5577 captos
3041 5507 3259 5563 eosdem
3298 5508 3365 5562 ad
3409 5524 3500 5564 rus
3524 5519 3790 5567 conantur

2198 5598 2396 5655 ducere
2425 5596 2760 5653 festinanter.
2792 5598 2919 5655 Post
2948 5599 3054 5659 hoc
3077 5599 3146 5659 de
3170 5615 3295 5655 rure
3322 5602 3445 5670 quia
3469 5600 3537 5657 ad
3566 5601 3786 5656 eosdem

2201 5691 2341 5744 viros
2382 5690 2587 5755 iustitia
2620 5704 2728 5745 non
2758 5692 3034 5762 spectabat
3066 5711 3080 5747 :
3110 5709 3230 5747 cum
3256 5693 3693 5749 accusationibus
3718 5695 3789 5750 ad

2198 5782 2845 5849 Coustantmopolitanutu
2876 5784 3172 5839 dominium
3202 5786 3340 5854 capti
3369 5785 3599 5854 juvenes
3623 5788 3794 5845 desti-

2199 5878 2411 5926 nantur.
2460 5870 2595 5937 Quin
2644 5871 2751 5942 (ne
2799 5874 2955 5929 nimis
3005 5871 3195 5946 longus
3228 5875 3352 5930 ftam
3381 5878 3595 5950 verbis)
3647 5876 3790 5951 quod
