4136 6332
347 459 452 519 505

350 592 455 629 non
478 574 719 630 fecerant
740 577 1124 624 tormentorum
1151 566 1325 637 rigore
1345 562 1629 633 juvenibus
1645 564 1756 632 jam
1806 578 1927 617 cou-

353 652 504 723 iussis
548 664 842 734 :adjicitur
884 675 1033 717 more
1077 658 1235 715 solito
1288 657 1553 713 sententia
1595 652 1922 712 decollandi.

351 758 463 815 lien
511 755 670 826 quale
710 769 808 810 eor
854 749 1118 807 audiendo
1166 758 1239 805 tot
1288 750 1518 804 lamenta
1564 745 1925 803 innocentium

352 852 518 921 (quos
556 856 612 903 et
651 844 950 916 juventutis
975 852 1030 898 et
1059 839 1465 913 pulchritudinis
1491 839 1723 894 maxima
1753 853 1894 893 venu
1912 866 1926 877 -

355 952 480 1002 stas.
524 948 581 996 et
619 950 771 993 ortus
816 935 1180 992 nobilissimus
1206 932 1568 1007 decorabant)
1602 939 1785 1002 posset
1809 945 1869 985 se
1897 943 1926 983 a

353 1031 599 1104 lacrytnis
646 1026 1203 1084 continere'l'Fleutes
1229 1026 1409 1095 itaque
1430 1023 1656 1095 juvenes
1678 1022 1928 1095 gravibus

353 1123 620 1197 lacryntis,
653 1121 874 1192 pallidas
900 1117 1066 1175 facies
1092 1117 1398 1189 irrigantes,
1423 1115 1654 1171 ululatus
1673 1115 1929 1185 gemitus-

348 1232 449 1287 que
487 1224 542 1270 et
581 1212 808 1281 suspiria
851 1224 1099 1281 promere
1143 1224 1249 1262 non
1295 1216 1616 1262 cessantes:
1661 1204 1925 1271 Gloriose,

348 1305 614 1368 dicebant,
662 1300 1003 1371 Hieronyme,
1036 1299 1132 1352 hoc
1159 1297 1260 1353 tale
1298 1314 1361 1377 us
1399 1307 1480 1352 est
1497 1297 1766 1367 pratmiton
1792 1295 1961 1367 quod-

349 1393 724 1469 obsequentibus
754 1392 843 1446 tibi
869 1400 1079 1460 prwstas
1095 1391 1121 1444 Ρ
1152 1399 1224 1445 est
1248 1389 1349 1444 tale
1369 1389 1508 1461 quod
1532 1387 1704 1443 labore
1727 1388 1802 1441 tui
1822 1404 1925 1442 nte-

348 1490 539 1545 ruimus
563 1482 805 1540 itineris?
836 1480 951 1536 Heu
981 1481 1213 1538 Romana
1235 1480 1351 1534 urbs
1376 1479 1535 1534 nostri
1551 1479 1765 1550 prtescia
1785 1489 1929 1534 ortus

349 1601 447 1639 non
474 1584 547 1638 sit:
579 1593 626 1636 te
665 1580 993 1635 crcdebamus
1032 1577 1251 1632 nesciant
1276 1576 1438 1630 nostri
1466 1576 1603 1645 ﬁnis.
1638 1575 1729 1630 Ad
1750 1575 1925 1629 locum

350 1678 523 1746 itaque
566 1673 697 1729 tanti
741 1670 1007 1741 supplicii,
1054 1668 1252 1725 ibidem
1300 1667 1540 1738 gentium
1587 1666 1928 1721 multitudine

348 1766 576 1822 maxima
594 1771 964 1834 exspectante,
988 1760 1195 1816 innoxii
1217 1760 1441 1829 juvenes
1467 1758 1860 1813 conducuntur.
1883 1758 1934 1813 0

348 1857 628 1914 iueﬂ‘abilis
650 1852 1014 1910 misericordia
1034 1852 1127 1906 Dei
1148 1850 1313 1906 nostri
1330 1867 1430 1922 qua
1447 1851 1643 1906 celum
1664 1848 1928 1904 redundat

348 1959 403 2005 et
428 1959 588 2012 terra.
611 1961 712 2002 nec
737 1945 833 2000 ulli
860 1943 928 2000 ad
954 1957 1015 1999 se
1040 1942 1273 1998 currenti
1304 1941 1637 1996 obliviscitur
1660 1942 1924 1998 misereri.

348 2038 592 2097 l‘lcxisiu
625 2037 746 2093 loco
769 2050 877 2107 quo
900 2033 1163 2105 plectendi
1188 2042 1346 2089 erant
1369 2033 1614 2102 genibus,
1648 2034 1701 2087 in
1729 2033 1926 2089 ctelunt

348 2128 793 2202 uterquejuvenis
803 2126 1280 2184 manibuselevatis
1297 2143 1311 2181 :
1328 2123 1781 2193 Gloriougnagna
1798 2139 1929 2180 voce

348 2225 611 2295 inquiunt.
658 2221 991 2294 Hieronyme,
1033 2228 1219 2274 nostra
1241 2218 1421 2274 salutis
1446 2225 1495 2271 et
1521 2219 1700 2271 auxilii
1728 2226 1927 2289 portus,

346 2326 624 2384 ttostrreque
636 2315 744 2379 spei
761 2313 985 2367 anchora
1001 2309 1332 2364 sababerrima
1346 2319 1392 2360 et
1415 2308 1603 2378 vitalis,
1624 2310 1716 2365 hac
1737 2307 1930 2366 iudina

346 2407 472 2458 hara
499 2406 695 2462 inauris
712 2403 934 2480 indignis
960 2400 1421 2477 supplicationibus
1440 2404 1553 2474 pias
1577 2420 1727 2458 aures
1754 2413 1867 2458 tatas
1911 2418 1935 2458 ε

344 2514 398 2557 ttt
425 2505 468 2557 si
497 2506 593 2556 hoc
635 2518 736 2571 quo
766 2501 1007 2569 puniatur
1033 2502 1197 2552 scelus
1226 2512 1328 2549 non
1364 2495 1626 2566 gessimus.
1656 2502 1771 2548 tuas
1804 2495 1927 2549 libe-

342 2593 558 2647 rationis
580 2606 700 2661 apes
728 2591 914 2659 pietate
941 2587 1090 2642 solita
1116 2586 1409 2640 sentiamus.
1444 2584 1595 2651 Quod
1623 2584 1668 2638 si
1693 2586 1926 2655 fecimus,

342 2684 573 2753 exigente
606 2682 819 2752 justitiav
851 2677 1263 2733 condemnemur.
1317 2677 1437 2731 llaec
1484 2676 1570 2730 ubi
1620 2674 1868 2751 dixerunt
1913 2694 1926 2730 :

344 2776 482 2832 colla
510 2773 868 2830 extenderunt
899 2770 1241 2827 carniﬁcibus
1277 2768 1539 2833 ferienda,
1586 2770 1658 2823 nil
1691 2769 1930 2825 dicentes

345 2868 484 2923 aliud
496 2882 677 2937 quam,
690 2880 952 2930 succurre,
969 2878 1222 2928 succurre,
1233 2860 1540 2933 Hieronyme
1549 2861 1936 2933 gloriose.Qnid

349 2963 564 3025 mirum,
609 2959 654 3015 si
697 2967 776 3013 tot
802 2955 1053 3027 lacrjunis
1075 2963 1388 3011 cunctorum
1414 2954 1480 3007 ad
1512 2969 1572 3009 se
1598 2953 1931 3010 currentium

348 3052 652 3108 misericors
694 3049 871 3120 Opifer
914 3048 1294 3118 Hieronymus.
1344 3060 1404 3102 se
1430 3063 1460 3100 a
1487 3046 1795 3100 miserando
1822 3063 1928 3100 non

351 3144 517 3213 potuit
553 3144 829 3198 abstinuere
867 3159 882 3196 :
926 3156 1048 3195 cum
1094 3139 1557 3194 circumstantium
1586 3139 1844 3204 omnium,
1875 3148 1931 3194 et

351 3235 653 3291 carnificum
680 3233 841 3289 etiam
870 3230 1033 3288 corda
1062 3229 1137 3285 ad.
1174 3231 1603 3299 compassionem
1647 3247 1932 3288 movemen-

353 3327 470 3382 tur?
514 3326 749 3382 Elevatis
787 3323 1064 3396 siquidem
1093 3322 1335 3385 ensibus.
1360 3323 1619 3392 juvcnnm
1648 3325 1931 3381 carnufices

351 3420 483 3475 eolla
527 3418 728 3474 feriunt
755 3436 769 3474 :
800 3432 866 3474 ae
907 3417 1044 3473 colla
1070 3417 1475 3487 percussionum
1514 3418 1662 3488 signa
1691 3417 1774 3473 uti
1800 3434 1927 3488 por-

353 3510 606 3582 phyrctici
636 3509 842 3580 lapides
866 3507 1078 3575 forent,
1100 3508 1370 3577 recipiunt
1423 3507 1682 3563 Mirantur
1708 3510 1926 3565 caruili-

344 3618 460 3667 .ees,
496 3602 782 3659 credentes
823 3616 885 3658 se
910 3601 1049 3655 ictus
1078 3600 1330 3655 fefellisse
1359 3617 1372 3652 :
1401 3598 1584 3655 denuo
1607 3598 1844 3665 elevant,
1874 3609 1931 3654 ιιι

357 3696 467 3764 plus
505 3704 749 3765 possunt,
796 3707 972 3754 enses.
1018 3692 1255 3748 feriunt:
1288 3691 1391 3746 sed.
1415 3701 1540 3746 tunc
1568 3691 1642 3746 uti
1674 3693 1822 3761 prius
1849 3692 1930 3745 in-

354 3784 619 3840 sensibilia
640 3784 898 3855 juvenum
924 3784 1059 3839 colla
1087 3792 1323 3838 manent.
1350 3783 1421 3839 At
1448 3784 1638 3838 iterum
1660 3785 1927 3838 etiterum

355 3874 548 3931 feriunt
574 3893 589 3928 :
617 3874 712 3930 sed
747 3890 908 3930 enses
948 3874 1027 3929 uti
1074 3883 1256 3929 essent
1298 3873 1487 3942 paleas,
1528 3874 1755 3945 juvenes
1795 3891 1931 3928 ιιιιιι-

353 3983 506 4034 quam
561 3967 779 4024 heduut.
823 3968 1005 4024 Oritur
1031 3980 1103 4023 es
1135 3969 1235 4022 hoc
1265 3968 1405 4023 inter
1426 3976 1670 4023 astantes
1697 3966 1930 4022 admira-

356 4058 446 4125 tio,
490 4070 546 4115 et
589 4070 777 4131 stupor
822 4059 1322 4116 vehementissimus
1365 4073 1555 4114 omnes
1599 4058 1763 4128 capit.
1792 4057 1929 4113 Hinc

353 4148 473 4204 inde
493 4151 729 4221 gentium
751 4149 818 4205 ad
849 4159 953 4203 tant
981 4150 1242 4204 insuetum
1272 4146 1529 4203 visionem
1551 4147 1774 4203 conﬂuit
1794 4148 1931 4202 mul-

326 4217 539 4296 ‘titudo.
573 4240 733 4296 Audit
779 4240 880 4296 huc
919 4250 975 4294 et
997 4240 1114 4310 ipse
1141 4239 1419 4294 sententia:
1446 4238 1603 4303 bitur,
1636 4248 1690 4294 et
1713 4240 1882 4293 currit
1913 4255 1928 4292 :

352 4328 505 4388 lubet
531 4334 724 4388 iterum
754 4331 1115 4394 carnificibus,
1150 4338 1229 4396 ut,
1261 4345 1322 4384 so
1346 4328 1582 4393 vidente,
1626 4329 1817 4385 denuo
1848 4328 1931 4384 fe-

353 4421 489 4478 riant
531 4441 546 4479 :
598 4433 655 4480 et
701 4434 878 4479 tamen
925 4423 1235 4478 omnimodo
1280 4423 1445 4478 illtcsa
1487 4421 1745 4491 iuvenum
1792 4421 1951 4503 colla.

355 4525 586 4569 tnanent.
635 4514 873 4586 Stupens
914 4515 1082 4585 magis
1131 4530 1195 4569 ac
1238 4516 1408 4586 magis
1449 4513 1637 4583 judex,
1690 4513 1931 4583 tantique

354 4603 565 4675 ignarus
586 4606 851 4669 miraculi.
880 4606 957 4662 nil
998 4607 1100 4662 scit
1126 4607 1270 4661 aliud
1297 4623 1394 4661 cur
1422 4610 1541 4661 haec
1576 4608 1725 4671 (iant,
1769 4623 1929 4677 quam

353 4695 606 4752 veneﬁcia
636 4697 890 4768 cogitare.
939 4694 1198 4767 Prazcepit
1244 4698 1422 4765 itaque
1462 4697 1741 4758 ministris,
1785 4698 1930 4752 omni

355 4802 499 4842 mora
542 4789 856 4857 postposita,
905 4788 1088 4843 nudos.
1119 4789 1252 4843 tradi
1295 4803 1517 4845 arsuros
1550 4789 1780 4859 juvenes
1816 4789 1935 4862 regi

353 4875 597 4935 ﬂammis.
639 4879 795 4935 Eirea
841 4880 962 4935 illos
988 4897 1110 4935 mox
1135 4881 1388 4950 copiosus
1417 4880 1554 4949 ignis
1573 4880 1888 4953 accenditur
1916 4900 1929 4935 :

354 4966 645 5024 infunditur
680 4970 839 5041 lignis
875 4971 1054 5026 oleum
1085 4979 1140 5025 et
1170 4971 1257 5040 pix
1288 4989 1300 5024 :
1333 4982 1389 5026 ut
1419 4972 1531 5025 vita
1561 4987 1747 5028 eorum
1771 4973 1933 5029 citius

353 5058 678 5116 destruatur.
728 5060 863 5130 Quid
907 5062 1229 5124 mirandum,
1278 5061 1322 5116 si
1369 5076 1593 5132 compos
1616 5065 1930 5135 protegendi

352 5153 426 5208 ab
454 5154 673 5209 ensibus
710 5155 977 5225 gloriosus
1017 5155 1405 5227 Hieronymus,
1441 5172 1471 5211 a
1505 5156 1733 5214 flammis
1771 5159 1931 5212 etiam

354 5257 478 5298 suos
498 5259 560 5301 se
587 5246 900 5301 invocantes
918 5245 1120 5302 sedulis
1146 5249 1367 5302 vocibus
1388 5248 1617 5316 juvenes
1657 5250 1830 5319 potuit
1867 5251 1935 5304 li-

264 5328 284 5339 “
324 5344 325 5347 ‘
354 5331 579 5390 iterare?
617 5332 840 5389 Sursqu
868 5333 1069 5405 ignium
1096 5336 1325 5391 flamma:
1355 5338 1407 5392 in
1430 5339 1752 5393 immensum
1779 5354 1937 5396 scan-

354 5420 505 5478 dunt.
552 5426 623 5479 At
669 5423 906 5495 juvenes
942 5426 1043 5481 sub
1081 5427 1181 5483 alis
1222 5428 1580 5485 consistentes
1617 5429 1932 5503 Hieronymi

355 5513 595 5585 gloriosi,
637 5516 926 5572 salubriter
968 5526 1305 5588 permanent.
1345 5519 1510 5576 veluti
1549 5520 1604 5579 in
1650 5537 1866 5579 amomo
1890 5523 1936 5578 si

357 5612 694 5682 quiescerent
742 5609 1000 5667 viridario
1045 5622 1100 5667 et
1141 5611 1399 5681 iucundo.
1445 5613 1577 5669 Post
1617 5612 1734 5671 lucc
1771 5613 1938 5687 iudex

359 5713 534 5757 utrum
574 5702 680 5759 hoc
706 5703 779 5757 sit
800 5701 1213 5758 adscribendum
1240 5702 1512 5761 miraculis
1542 5719 1609 5760 an
1636 5706 1934 5772 veneficiis,

359 5796 556 5852 certius
580 5796 802 5866 cupiens
829 5811 892 5850 ex
903 5795 1083 5864 periri,
1110 5803 1166 5849 ιιι
1191 5794 1235 5850 si
1257 5793 1311 5848 bi
1333 5793 1522 5852 diebus
1543 5806 1665 5853 octo
1687 5801 1934 5868 suspensi

361 5888 618 5957 viverent,
641 5904 749 5960 quo
777 5888 973 5944 vellent
998 5889 1209 5945 abirent
1232 5886 1388 5943 soluti
1418 5901 1471 5944 et
1498 5888 1672 5960 liberi,
1697 5894 1932 5947 censuit.

1502 449 1590 505 DE
1630 448 1999 505 MIRACULIS
2040 445 2439 504 IIIERONYIH.

3510 452 3627 515 5W

2032 561 2321 633 Suspensis
2348 563 2528 634 itaque
2557 564 2663 619 illis
2709 582 2853 631 mox,
2884 565 3196 641 llieronymi
3223 569 3442 641 gloriosi
3466 585 3609 643 prae-

2032 657 2204 714 sentia
2249 659 2472 715 minime
2515 657 2726 715 deluit:
2764 660 2853 733 qui
2886 662 3096 732 plantas
3137 662 3382 719 manibus
3423 674 3616 722 tenens

2035 750 2252 821 pedum,
2283 752 2480 808 illmsos
2498 762 2553 809 et
2573 754 2811 820 vivaces,
2837 756 3054 810 statutis
3074 754 3263 813 diebus
3294 758 3617 813 miserabili-

2035 852 2118 899 ter
2142 843 2468 901 observavit.
2495 844 2733 901 Currnnt
2760 846 2925 916 igitur
2951 858 3141 901 octavo
3168 846 3258 903 die
3287 849 3450 905 totius
3474 849 3609 904 civi.

2035 936 2161 1003 tatis
2191 945 2247 990 et
2286 933 2849 1006 circumadjacentium
2895 937 3142 991 villarum
3191 938 3312 998 viri.
3365 939 3535 994 currit
3558 949 3615 993 et

2029 1026 2213 1099 judex,
2244 1037 2473 1084 cernunt
2512 1029 2661 1085 clare
2703 1030 2995 1100 gloriosum
3036 1029 3373 1092 ntiracrlnm,
3409 1034 3623 1101 patela-.

2032 1119 2298 1177 cientibus
2322 1138 2442 1193 qua:
2470 1122 2738 1187 viderunt,
2774 1123 2863 1193 qui
2891 1121 2957 1176 ad
2989 1122 3619 1192 custodiemlosjnvenes

2034 1211 2245 1267 fuerant
2272 1213 2531 1283 deputati.
2561 1212 2823 1268 Mirantur
2848 1229 3058 1275 omnes.
3088 1214 3142 1268 in
3170 1214 3391 1268 vocibus
3429 1214 3611 1268 excel—

2033 1307 2109 1361 sis
2140 1306 2324 1362 laudes
2355 1316 2614 1377 peragunt
2639 1306 2870 1362 creatori
2904 1315 2958 1362 et
2997 1306 3327 1381 Hieronymo
3359 1305 3615 1375 glorioso.

2034 1397 2153 1454 Mox
2184 1399 2252 1456 de
2278 1399 2466 1455 eculeo
2497 1398 2701 1454 innoxii
2728 1399 2954 1470 juvenes
2982 1399 3345 1468 deponuntur,
3370 1407 3427 1454 et
3451 1397 3619 1453 niaxi-

2033 1491 2137 1545 mis
2174 1488 2442 1545 honorum
2472 1489 2749 1559 obsequiis
2773 1489 2842 1544 ab
2870 1489 3018 1544 onmi
3049 1488 3245 1561 populo
3272 1500 3616 1544 venerantur.

2034 1578 2230 1636 Verum
2268 1581 2357 1652 qui
2398 1581 2450 1635 in
2481 1581 2666 1637 urbem
2692 1581 3337 1651 Constantinopolitanam
3371 1580 3534 1652 capti,
3563 1590 3620 1635 et

2033 1670 2224 1727 dolore
2247 1669 2725 1726 vehementissimo
2756 1671 3110 1736 intraverant,
3139 1672 3294 1727 liberi
3323 1670 3620 1728 honorifice

2031 1773 2086 1819 et
2127 1779 2249 1819 cum
2288 1761 2484 1832 gaudio
2526 1759 2780 1816 ineffabili
2829 1762 3105 1817 exierunt.
3157 1763 3215 1817 Et
3262 1762 3499 1827 tandem,
3525 1778 3620 1816 au-

2034 1866 2233 1914 nnente
2263 1856 2396 1916 Deo.
2430 1870 2460 1911 a
2491 1855 2673 1910 multis
2698 1852 3281 1925 Constantinopolitani
3317 1856 3495 1924 populi
3521 1871 3619 1910 eoo

2032 1950 2226 2015 mitati,
2251 1948 2526 2004 Bethleem
2554 1949 2906 2017 attingentes,
2929 1948 3277 2003 veneratione
3301 1946 3482 2003 debita
3504 1947 3622 2018 glo-

2033 2040 2160 2096 riosi
2226 2039 2537 2111 Hieronymi
2588 2038 2842 2109 reliquias
2897 2039 3268 2094 visitaverunt.
3318 2036 3619 2109 Statimque

2032 2133 2272 2203 deposita
2308 2130 2646 2186 s:ecularium
2691 2130 2835 2184 omni
2880 2144 3029 2198 cura,
3075 2128 3380 2186 coenobium
3428 2129 3481 2183 in
3510 2146 3619 2200 que

2033 2227 2165 2286 vixit
2200 2224 2467 2301 gloriosus
2508 2222 2867 2298 Hieronymus
2892 2221 3250 2293 intraverunt,
3282 2232 3335 2282 et
3364 2234 3617 2284 vacantes

2031 2325 2122 2381 die
2147 2332 2413 2392 noctuque
2449 2320 2777 2390 pauitentite
2803 2331 2857 2374 et
2895 2320 3248 2383 orationibus,
3273 2319 3473 2376 celebri
3510 2321 3617 2375 vita

2032 2413 2335 2472 sanctitatis
2361 2412 2661 2485 perspicuis
2682 2411 2736 2466 in
2762 2410 3018 2482 pmdicto
3039 2410 3298 2467 ctenobio.
3312 2411 3486 2467 adhuc
3507 2429 3621 2467 ma.

2034 2520 2137 2561 neu
2145 2513 2186 2560 ι.

2104 2598 2233 2651 Car.
2267 2593 2401 2650 Vill.
2429 2593 2631 2664 Magum
2654 2592 3042 2656 admirationis.
3064 2593 3264 2663 gaudii,
3291 2594 3620 2650 devotionis.

2032 2703 2138 2759 que
2174 2701 2332 2740 causa
2380 2683 2690 2754 pra-cedens
2746 2682 3000 2753 juvcnum
3042 2683 3355 2740 miraculum
3380 2685 3615 2749 exstitit;

2034 2777 2126 2833 sed
2159 2777 2337 2830 multa:
2367 2774 2635 2829 formidini
2667 2782 2842 2828 exstat
2866 2789 3120 2844 sequens,
3146 2774 3198 2829 iu
3224 2774 3391 2830 sacris
3417 2775 3623 2830 ordini-

2034 2867 2133 2921 bus
2149 2866 2379 2920 maxime
2403 2864 2726 2919 constitutis.
2755 2863 2910 2935 Apud
2933 2865 3268 2937 superiorem
3291 2863 3620 2920 Thebaidem

2033 2959 2301 3030 quoddam
2336 2959 2680 3013 Dominarum
2714 2957 2878 3014 fuisse
2906 2969 3029 3015 ante
3056 2958 3193 3014 duos
3219 2972 3393 3014 annos
3427 2957 3621 3013 dicitur

2033 3051 2286 3107 eximium
2325 3059 2381 3104 et
2423 3050 2577 3105 dives
2619 3050 3035 3117 monasterium,
3051 3049 3196 3105 omni
3224 3049 3622 3120 pulchritudine

2032 3158 2096 3198 ac
2120 3141 2440 3197 excellentia
2469 3140 2782 3196 decoratum
2816 3157 2830 3194 :
2861 3140 2914 3195 in
2939 3156 3047 3211 quo
3070 3155 3209 3211 pene
3233 3140 3481 3196 ducentae
3511 3140 3617 3194 Do-

2032 3234 2214 3299 minte,
2250 3234 2355 3287 vita
2381 3231 2645 3298 honestae,
2685 3231 2960 3302 religionis
2988 3231 3293 3287 reclusione
3321 3231 3574 3287 continua
3599 3274 3615 3298 ,

2032 3323 2350 3394 decorisque
2375 3322 2613 3376 moribus
2636 3321 3041 3390 permanebant.
3063 3320 3302 3385 Atthate,
3324 3322 3520 3393 quibus
3535 3322 3619 3379 in-

2032 3426 2178 3479 suul,
2217 3414 2377 3485 figant
2417 3426 2597 3475 aures,
2630 3428 2698 3467 ne
2743 3410 2884 3483 quod
2931 3428 3040 3467 una
3076 3411 3315 3469 hauserit
3355 3413 3614 3481 auricula,

2035 3506 2219 3561 ltutdat
2244 3506 2431 3559 altera.
2480 3503 2643 3557 Navis
2670 3514 3103 3575 qttantocumque
3136 3519 3265 3560 sana
3293 3505 3365 3560 sit
3388 3513 3445 3561 et
3472 3505 3614 3561 inte-

2032 3617 2147 3673 gra,
2173 3599 2441 3655 modicum
2470 3599 2579 3653 into
2599 3596 2731 3651 nihil
2758 3595 2995 3665 prodest,
3025 3598 3069 3651 si
3096 3597 3201 3653 alta
3221 3597 3407 3654 volens
3426 3612 3615 3654 secare

2034 3693 2241 3757 maria,
2268 3706 2489 3760 parvum
2521 3687 2661 3758 quod
2694 3687 2865 3742 fundo
2890 3689 3033 3743 inest
3057 3688 3295 3744 forameh
3327 3689 3616 3759 relinquat,

2035 3791 2092 3837 ut
2116 3781 2241 3838 dira
2262 3781 2530 3848 naufragia
2556 3796 2660 3832 non
2690 3777 2955 3833 admittat.
2999 3779 3105 3834 Cur
3148 3779 3265 3834 hmo
3311 3780 3411 3834 situ
3455 3780 3617 3845 latus,

2035 3876 2313 3948 praesentis
2334 3872 2657 3929 narrationis
2682 3870 2900 3926 historia
2929 3871 3207 3927 reserabit.
3239 3871 3416 3926 Multis
3437 3872 3616 3941 itaque

2037 3968 2246 4039 pollens
2293 3964 2604 4035 pradictmn
2658 3962 3038 4018 monasterium
3085 3962 3405 4025 virtutibus.
3449 3977 3615 4016 unum

2035 4062 2348 4133 pessinmm,
2379 4072 2488 4127 quo
2515 4056 2644 4121 ruit,
2674 4054 2918 4110 sitnonite
2946 4053 3131 4108 vitium
3158 4053 3446 4108 retinebat.
3485 4052 3617 4107 Nam

2036 4154 2322 4223 instigante
2355 4146 2570 4205 diabolo
2606 4148 2658 4203 in
2689 4145 2896 4205 eisdem
2927 4145 3256 4202 Dominabus
3283 4145 3401 4200 bace
3426 4146 3616 4201 obser-

2036 4245 2259 4299 vabatur
2283 4240 2493 4302 abusio,
2521 4249 2579 4294 ut
2607 4238 2652 4294 si
2683 4254 2842 4309 quam
2866 4237 3062 4293 vellcttt
3083 4237 3139 4293 in
3165 4228 3454 4294 monialem
3477 4239 3620 4294 reci-

2038 4351 2189 4407 pere,
2226 4348 2331 4390 non
2376 4341 2579 4387 tantum
2619 4329 2827 4385 intuitu.
2860 4329 3098 4384 caritatis
3134 4337 3190 4385 et
3233 4328 3620 4386 misericordia:

2037 4427 2465 4500 recipiendqu
2508 4428 2758 4485 monialis
2785 4428 3021 4483 bonitate
3043 4469 3058 4495 ,
3089 4436 3353 4497 quantum
3389 4426 3617 4496 recipie-

2037 4519 2166 4576 bant
2189 4531 2436 4591 respectu
2467 4520 2731 4591 pecnnim.
2772 4519 2925 4574 Nulla
2954 4520 3098 4573 enim
3128 4516 3514 4573 monasterium
3536 4518 3622 4572 itt-

2038 4619 2181 4665 trare
2209 4625 2459 4665 mansura
2490 4619 2732 4678 poterat,
2766 4609 2870 4663 nisi
2899 4618 3045 4662 certa
3086 4607 3326 4677 pecunia:
3353 4607 3621 4678 quantitas

2039 4713 2221 4755 secum
2254 4699 2375 4755 iret.
2410 4701 2463 4755 In
2497 4700 2601 4756 hoc
2626 4699 2891 4769 siquidem
2920 4708 3036 4753 erat
3063 4698 3393 4755 monasterio
3416 4700 3621 4756 sancti-

2039 4792 2287 4846 monialis
2321 4793 2568 4864 qua'dant
2604 4792 2850 4856 Domina,
2874 4800 3037 4849 tntate
3066 4790 3376 4863 grandaeva,
3404 4806 3527 4863 qua
3554 4792 3624 4847 ab

2039 4882 2258 4940 infantia
2281 4899 2375 4939 sua
2402 4884 2623 4955 jejuniis
2648 4894 2703 4939 et
2720 4885 3053 4940 orationibus
3073 4886 3218 4940 omni
3243 4892 3458 4941 terreno
3477 4900 3599 4941 reso
3614 4912 3628 4923 -

2040 4977 2149 5032 luta
2175 4991 2353 5043 coeno,
2385 4978 2493 5033 Deo
2524 4977 2732 5035 vixerat
2762 4995 2775 5032 :
2806 4994 2925 5048 qua:
2951 4979 3139 5034 vitium
3173 4977 3305 5034 illud
3336 4977 3621 5051 quamplu-

2039 5068 2234 5125 rimum
2261 5070 2603 5125 abhorrebat.
2630 5070 2727 5127 Cui
2752 5080 2910 5128 nocte
2928 5071 3178 5142 quadam,
3202 5080 3260 5126 ut
3300 5079 3420 5128 erat
3447 5070 3624 5131 solita.

2041 5160 2094 5216 in
2117 5164 2361 5217 oratione
2389 5164 2601 5232 posiae,
2629 5163 2899 5233 gloriosus
2938 5162 3297 5236 Hieronymus
3335 5176 3621 5232 apparens,

2042 5252 2218 5308 locum
2258 5253 2406 5308 illum
2435 5254 2701 5310 immenso
2724 5255 2997 5311 illustrans
3020 5253 3242 5317 lumine.
3268 5254 3443 5309 eidem
3485 5268 3626 5322 prte-

2022 5346 2217 5414 cepit.
2260 5354 2320 5398 ut
2357 5349 2426 5398 ad
2469 5345 2809 5401 Abbatissam
2853 5354 3183 5414 ceterasque
3223 5342 3369 5399 illius
3394 5341 3629 5400 conubii

2042 5436 2302 5493 meniales
2345 5452 2502 5493 mane
2547 5448 2793 5509 pergeret
2819 5455 2834 5493 :
2865 5437 3119 5492 nuntians
3144 5434 3287 5507 quod
3319 5433 3418 5489 nisi
3444 5447 3475 5487 a
3503 5446 3630 5501 poc-

2043 5538 2165 5584 cato
2188 5527 2300 5599 jam
2339 5529 2638 5585 inveterato
2676 5543 2894 5584 manum
2941 5526 3323 5591 retraherent,
3367 5521 3622 5576 ultionem

2044 5618 2277 5675 divinant
2329 5618 2507 5675 subito
2552 5627 2957 5689 exspectarent.
3000 5615 3097 5671 llis
3139 5613 3297 5670 dictis
3338 5610 3623 5681 disparuit.

2042 5710 2335 5768 Perterrita
2376 5710 2583 5767 visione
2636 5712 2842 5768 insueta
2887 5703 3312 5764 sanctimonialis
3358 5701 3585 5758 Domina
3607 5742 3624 5767 ,

2042 5804 2162 5875 quis
2195 5803 2283 5861 hic
2310 5804 2503 5870 fuerit,
2526 5804 2722 5875 jubcns
2753 5802 2878 5859 talia
2904 5797 3158 5866 nuntiari,
3184 5797 3238 5853 in
3265 5797 3441 5883 seipsa
3469 5794 3626 5851 avide

2048 5908 2397 5966 pertractans.
2430 5908 2594 5953 totam
2638 5896 2692 5950 ill
2708 5910 2782 5951 un
2823 5900 3034 5949 noctem
3059 5890 3262 5962 peregit
3302 5890 3627 5957 insomnem.
