4136 6332
497 382 602 440 307

495 502 732 567 (Ira-pusc
757 498 825 551 :lo
868 497 970 551 diei
1013 497 1350 564 adveniente,
1378 511 1566 553 omnes
1597 496 1646 549 in
1675 494 1925 560 Capitulo
1954 510 2066 548 uto-

497 591 686 654 niales,
720 589 923 658 pulsam
950 589 1304 646 tintinnabula
1324 631 1338 653 ,
1365 590 1722 661 coogregavit.
1752 587 1955 656 Quibus
1981 587 2076 664 ad:

497 684 834 749 mirantibus,
860 683 925 737 ad
954 700 1070 753 qua:
1095 683 1270 738 forent
1300 693 1442 737 tanta
1472 680 1812 737 festinatione
1844 680 1895 735 itt
1920 679 2074 748 Capi-

496 775 609 828 tuto
655 782 999 841 convocate,
1044 773 1463 829 sanctimonialis
1507 772 1727 827 Domina
1773 786 1838 826 ex
1889 785 2073 826 earum

495 878 783 934 assurgens
821 865 1019 932 medio,
1049 881 1168 937 quae
1196 868 1399 920 viderat
1437 873 1491 920 et
1529 864 1793 928 audierat,
1825 863 2075 916 outnibus

495 955 764 1024 patefecit.
793 953 876 1008 Fit
906 955 1048 1010 illico
1067 971 1135 1010 ex
1161 957 1261 1011 hoc
1283 955 1602 1009 mouialihus
1623 953 1830 1009 cunctis
1861 953 2072 1007 irrisio:

494 1047 634 1102 hanc
671 1049 963 1104 exclamant
1015 1048 1235 1113 fatuam,
1273 1048 1557 1115 multisque
1584 1046 1823 1114 garriunt
1851 1045 2074 1100 derisio-

494 1138 674 1199 nibus.
708 1139 844 1193 hanc
872 1137 1008 1193 forte
1039 1138 1122 1192 illa
1156 1139 1313 1192 niutia
1351 1139 1609 1192 ebrietate
1637 1139 1955 1190 somniasse.
1987 1127 2074 1190 Illa

499 1243 628 1282 vero
655 1239 872 1299 accepta
896 1227 1235 1290 contumelia,
1270 1228 1483 1294 patienti
1505 1247 1532 1277 ι·
1559 1243 1616 1279 se
1638 1237 1789 1280 scuto
1809 1228 2073 1289 muniens,

497 1323 563 1375 de
584 1338 766 1375 earum
797 1321 1060 1391 siquidem
1090 1323 1374 1392 pertinacia
1401 1321 1620 1375 uituiutn
1652 1322 1860 1382 dolens,
1889 1320 1980 1375 sed
2010 1318 2078 1374 de

496 1431 592 1468 sua
620 1415 962 1486 despecuone
985 1416 1239 1484 gaudens,
1274 1413 1337 1467 ad
1369 1413 1551 1468 solitas
1579 1413 1738 1467 rediit
1765 1413 2036 1467 orationes
2062 1432 2074 1465 :

497 1507 802 1577 supplicans
828 1511 1082 1562 continuo
1102 1549 1116 1571 ,
1143 1521 1209 1558 ne
1240 1507 1349 1558 suis
1377 1507 1691 1559 r‘nonialihus
1718 1504 1858 1573 quod
1889 1504 2079 1560 audie-

496 1601 860 1654 rateveniret.
911 1599 1214 1654 Transaetis
1262 1601 1420 1667 igitur
1455 1597 1642 1653 diebus
1686 1599 1894 1658 decem,
1925 1605 2080 1650 nocte

497 1691 672 1744 inedia
719 1691 984 1760 praulictzo
1027 1687 1416 1744 sanctimoniaii
1463 1687 1734 1749 Dominae,
1774 1687 1871 1739 hac
1915 1686 1980 1737 de.
2021 1701 2079 1738 re

495 1784 704 1837 devotis
730 1784 1056 1836 Orationibus
1089 1781 1438 1842 iucutnbenti,
1471 1781 1734 1849 gloriosus
1766 1783 1952 1833 iturum
1986 1795 2078 1846 ap-

497 1875 673 1942 parttit
720 1873 1073 1946 Hieronymus
1113 1873 1274 1936 idem,
1308 1884 1364 1927 ιιι
1403 1889 1521 1940 qua:
1561 1854 1708 1940 prius
1747 1876 2077 1926 nuntiaverat

495 1964 837 2030 tttonialibns,
888 1964 1062 2019 denuo
1115 1963 1376 2033 intrepide
1424 1965 1712 2029 ttuutiaret,
1760 1963 2080 2016 allocutione

499 2055 764 2112 mandavit
793 2057 1040 2126 benigna.
1070 2058 1149 2112 Ad
1177 2072 1334 2128 quem
1361 2057 1446 2112 illa
1474 2077 1485 2110 :
1511 2057 1656 2123 Quis,
1683 2058 1870 2127 inquit,
1900 2074 1950 2110 es
1975 2053 2081 2108 llo-

495 2149 649 2212 mine,
681 2149 806 2203 talia
836 2149 961 2202 mihi
981 2149 1272 2202 mandans!
1303 2146 1666 2219 Hieronymus,
1697 2149 1887 2216 inquit,
1920 2163 2029 2198 sunt
2063 2163 2081 2200 :

495 2249 547 2290 ιιι
580 2239 646 2293 ait
675 2239 913 2306 ejusdem
940 2239 1158 2294 evanuit
1181 2238 1374 2293 oculis.
1422 2237 1508 2292 Illa
1537 2253 1667 2292 vero
1693 2239 1869 2292 sciens
1895 2253 2079 2292 earnm

495 2333 766 2396 duritiem,
797 2330 924 2402 quid
945 2339 1147 2402 ageret,
1175 2330 1368 2400 quidve
1401 2330 1625 2394 diceret,
1655 2329 1948 2383 nesciebat.
1980 2327 2082 2382 Ta-

499 2439 620 2476 un-n
651 2423 858 2478 malens
896 2438 927 2477 a
967 2422 1287 2477 monialibus
1328 2421 1510 2476 insana
1541 2431 1594 2475 ct
1632 2421 1778 2475 ebria
1820 2421 2078 2488 reputari,

495 2529 656 2581 quam
684 2512 876 2567 divinis
906 2513 1170 2567 contraire
1201 2511 1496 2582 perceptis,
1522 2512 1858 2582 congregatis
1888 2512 2081 2564 iterum

501 2603 819 2658 mouialibus
839 2644 854 2667 ,
885 2619 1004 2672 qua:
1032 2602 1238 2656 viderat
1262 2613 1316 2657 et
1341 2601 1582 2656 audierat
1613 2602 1775 2656 voluit
1812 2601 2078 2656 intimare.

498 2697 597 2747 Ast
637 2704 694 2748 ut
735 2710 851 2748 eam
895 2709 1176 2764 assurgere
1204 2693 1462 2748 moniales
1490 2693 1752 2762 pestiferae
1781 2708 2078 2762 Con-pete-

499 2792 645 2846 l'llttt,
675 2783 837 2838 divini
867 2783 1262 2852 nescitejudicii
1295 2782 1394 2837 sibi
1424 2783 1491 2837 de
1519 2784 1763 2852 proximo
1786 2783 1968 2845 futuri,
1989 2798 2081 2834 an-

499 2887 712 2942 tequam
739 2877 898 2930 verba
932 2873 1223 2947 inciperet,
1265 2891 1297 2929 e
1331 2874 1576 2943 Capituio
1603 2889 1721 2929 cum
1755 2879 1955 2943 magnis
1989 2890 2078 2926 ca-

498 2965 931 3021 chinnationibus
956 2971 1221 3021 exierunt.
1253 2965 1389 3033 Quin
1419 2967 1699 3020 transactis
1730 2965 1944 3033 insuper
1969 2965 2082 3018 die-

498 3057 600 3110 bus
625 3057 790 3111 tribus
809 3055 1095 3111 dormienti
1125 3056 1394 3125 praedicta:
1423 3056 1814 3110 sanctimoniali
1845 3056 2081 3109 tinuiuzn

498 3148 761 3215 gloriosus
789 3147 1145 3219 llierouymns
1169 3144 1416 3201 ineffabili
1446 3146 1672 3216 quadam
1696 3147 1950 3202 Societate
1972 3147 2055 3201 val

500 3239 639 3293 latus
666 3239 1016 3308 Angelorum,
1047 3246 1202 3291 nocte
1229 3251 1494 3307 apparens
1522 3237 1716 3301 media,
1738 3253 1856 3292 eam
1884 3241 2083 3291 excita-

499 3329 593 3392 vit,
615 3329 770 3400 eique
786 3329 945 3400 jussit
967 3330 1229 3399 protinus,
1255 3338 1310 3382 ut
1329 3328 1397 3384 de
1418 3329 1511 3384 illo
1530 3331 1700 3384 exiret
1721 3331 2079 3386 monasterio:

499 3435 601 3476 nec
630 3421 804 3476 subito
832 3421 1059 3476 futuram
1087 3421 1406 3478 sententiam
1441 3432 1798 3492 exspectaret.
1830 3425 1962 3478 Cum
1995 3425 2080 3478 illa

499 3528 630 3566 vero
657 3513 836 3566 multis
867 3513 1115 3584 lacryntis
1146 3513 1470 3583 suppliCarct
1507 3530 1574 3568 ne
1617 3514 1717 3569 hoc
1747 3513 1899 3569 iieret
1928 3515 2082 3585 :glo-

499 3606 676 3660 t-iosus
720 3605 890 3688 inqqit
933 3605 1285 3677 Hieronymus
1309 3648 1323 3670 ,
1369 3606 1451 3660 Att
1489 3606 1772 3662 Abatissam
1800 3617 1846 3662 et
1876 3619 2084 3662 εωιενιιε

501 3698 700 3768 pergito
748 3697 887 3751 omni
933 3715 1076 3752 mora
1121 3700 1420 3768 postposita,
1449 3699 1633 3753 eisdem
1662 3702 1920 3764 nuntians,
1949 3700 2084 3772 quod

500 3792 600 3845 nisi
627 3793 921 3861 paruiteant,
954 3795 1048 3846 hac
1070 3803 1215 3848 nocte
1240 3794 1462 3847 divinam
1487 3795 1699 3848 sentient
1726 3794 1985 3850 ultionem.
2022 3796 2084 3852 Si

498 3893 668 3938 autem
708 3884 762 3937 in
801 3901 894 3938 sua
933 3886 1292 3955 permanebunt
1318 3886 1506 3939 duritia
1530 3886 1701 3939 statim
1729 3889 1899 3941 exiens
1923 3930 1939 3955 ,
1969 3905 2081 3941 am-

500 3975 636 4044 plius
669 3975 724 4029 in
768 3977 1072 4030 monasterio
1111 3993 1176 4031 ne
1209 3978 1440 4032 moreris.
1476 3977 1566 4032 llis
1606 3976 1768 4033 tinitis
1805 3980 2082 4035 abscessit.

498 4063 627 4120 Ilzec
671 4063 830 4136 igitur
872 4065 1093 4119 audiens
1129 4065 1582 4131 sanctimonialis,
1613 4067 1789 4132 anxia,
1819 4067 2084 4138 plenaque

501 4157 754 4221 tristitiis,
781 4155 1082 4226 Capitulum
1111 4156 1259 4220 adiit,
1300 4165 1354 4211 et
1396 4172 1710 4225 campanam
1751 4160 1892 4226 cepit
1916 4160 2082 4214 vehe-

499 4257 730 4313 menter,
762 4256 821 4301 ut
844 4247 908 4301 ad
932 4247 1232 4317 Capitulum
1261 4247 1575 4302 accederent
1602 4249 1861 4304 moniales
1882 4290 1898 4314 ,
1928 4265 2082 4304 reso.

501 4353 651 4395 nare.
678 4339 795 4407 Quo
824 4339 1105 4395 Abbatissa
1133 4337 1202 4395 de
1226 4353 1415 4392 somno
1441 4339 1717 4407 evigilans,
1735 4355 2084 4410 cognoscens-

499 4445 603 4501 que
629 4430 696 4485 ab
727 4431 826 4486 hac
853 4429 966 4486 fore
993 4445 1304 4502 campanam
1334 4430 1596 4502 pulsatam
1617 4471 1633 4496 ,
1661 4445 1781 4486 cum
1811 4433 2080 4488 iracundia

498 4524 565 4578 ad
591 4523 890 4594 Capitulum
912 4524 1240 4594 properavit.
1272 4525 1337 4578 At
1362 4523 1446 4577 nhi
1471 4523 1616 4577 illam
1639 4522 1790 4586 vidit,
1811 4523 1942 4578 diris
1964 4541 2081 4580 eam

499 4617 659 4669 minis
691 4617 995 4687 increpans,
1023 4617 1225 4672 nullum
1257 4617 1422 4670 voluit
1451 4615 1637 4670 audire
1660 4616 1880 4671 verbum
1908 4658 1922 4679 ,
1952 4634 2080 4688 pro-

499 4705 718 4759 mittens
739 4706 878 4775 qund
909 4707 1011 4760 nisi
1037 4718 1276 4761 cessaret
1305 4708 1406 4761 hoc
1434 4721 1616 4779 agere,
1645 4722 1826 4761 secum
1855 4710 2084 4777 amplius

499 4797 552 4848 in
584 4797 907 4850 monasterio
935 4812 1042 4851 non
1068 4806 1328 4852 maneret.
1366 4797 1463 4851 Cui
1506 4797 1930 4852 sanctimonialis
1977 4801 2082 4853 Do-

500 4887 665 4950 mina,
697 4884 750 4938 Ν
755 4903 782 4940 e
805 4888 994 4954 tardes,
1021 4905 1209 4957 quaso,
1237 4905 1384 4958 agere
1403 4905 1515 4958 qua:
1549 4892 1818 4960 promittis.
1843 4891 2083 4963 Profecto

499 4993 582 5030 me
642 4993 822 5030 noscas
878 4979 975 5031 Itoc
1035 4979 1086 5031 in
1150 4980 1262 5032 loco
1317 4981 1538 5047 amﬂius
1602 4999 1702 5034 non
1747 5000 2083 5039 mansurum:

499 5069 751 5137 gloriosus
777 5068 1003 5138 equidem
1033 5068 1373 5138 Hieronymus
1401 5087 1652 5139 apparens
1691 5072 1813 5124 nti/ti
1855 5075 2078 5125 tantum-

500 5160 648 5212 modo
680 5161 772 5211 hoc
797 5163 967 5212 statim
998 5161 1298 5212 monasterio
1327 5164 1557 5230 futurum
1589 5160 1846 5229 judicium
1883 5167 2079 5232 patefe-

498 5255 580 5304 cit.
639 5253 676 5305 Η
700 5269 757 5296 vc
809 5253 1028 5304 audietis
1082 5253 1378 5315 Altittitissa,
1417 5252 1662 5308 deridere
1706 5255 1894 5321 cmpit,
1945 5255 2080 5311 hanc

503 5357 766 5395 ῖτιεέιιιτιτιι»
805 5361 1000 5394 ιιι-ηιιτι
1031 5346 1200 5410 capite
1247 5348 1338 5394 ista
1386 5341 1482 5393 fari
1544 5343 1602 5396 Et
1635 5345 1917 5399 σὶςιίιινὶειιιι
1946 5363 2079 5402 eon-

498 5450 716 5494 vtuxuts,
743 5436 899 5504 jussit
931 5449 978 5488 ut
1013 5437 1148 5490 itatte
1176 5435 1239 5487 de
1265 5438 1589 5489 monasterio
1615 5441 1852 5502 protinus
1879 5437 2079 5509 eﬂ’uga-

496 5539 580 5584 rct
596 5546 609 5582 :
628 5529 883 5584 mandans
904 5530 1101 5592 eidem,
1118 5526 1358 5596 utaliqna
1376 5527 1502 5582 hora
1521 5529 1596 5581 sic
1616 5539 1764 5584 extra
1779 5530 2073 5597 dimissam,

495 5618 834 5689 postmodum
864 5619 1058 5676 faceret
1085 5618 1329 5684 introire,
1359 5629 1415 5673 ut
1442 5620 1518 5673 sic
1538 5620 1606 5674 ab
1631 5620 1876 5686 inemptis
1899 5625 2071 5694 operi-

476 5709 594 5765 'bus
619 5709 728 5780 jam
758 5719 993 5766 cessaret
1046 5709 1156 5766 [lac
1181 5707 1247 5762 de
1277 5726 1333 5765 rc
1362 5710 1480 5765 lzrta
1512 5711 1930 5768 Sanctimon'ialis
1973 5714 2073 5768 llo-

498 5802 635 5856 mina
662 5841 679 5865 ,
718 5818 874 5869 quam
905 5802 1061 5856 cilius
1102 5801 1268 5872 potuit
1297 5815 1326 5854 e
1355 5802 1678 5855 ltltltltlsICt'iO
1707 5813 1786 5858 est
1814 5817 2030 5873 egressa
2059 5846 2073 5868 ,

1660 377 1745 435 DE
1781 375 2149 433 MIRMIUUS
2190 368 2436 429 ΙΙΙέἰῐὶΟΧ
2449 373 2483 425 Υ
2498 375 2584 428 ιιι.

3655 379 3762 436 508

2192 492 2435 560 lacrymis
2460 488 2740 556 transfusa,
2770 488 3145 556 doloribusque
3173 487 3371 556 repleta
3419 505 3516 558 pro
3541 489 3624 545 bis
3643 509 3764 563 quas

2185 583 2509 637 m0nasterio
2525 590 2742 637 noverat
2761 583 2994 637 evenire.
3015 581 3293 636 Terribilis
3312 583 3574 652 siquidem
3599 585 3761 652 Deus,

2184 670 2336 726 furtis
2361 683 2521 742 atque
2549 681 2736 741 potens
2768 690 2782 728 :
2810 683 2863 726 et
2895 673 3012 744 quis
3046 673 3258 727 resistet
3281 674 3329 727 ei
3347 674 3372 726 ἲ
3401 673 3514 730 lien
3543 690 3641 731 cur
3668 677 3766 732 hoc

2185 767 2358 840 mines
2398 781 2518 819 eum
2568 781 2674 820 non
2726 765 3028 829 formidant,
3074 765 3307 820 scientes
3352 782 3411 820 se
3452 760 3766 824 nullatenus

2185 871 2342 926 posse
2370 855 2438 910 ab
2463 856 2576 925 ejus
2601 856 2836 923 effugere
2863 857 3106 911 manibus
3124 900 3137 920 ,
3164 869 3217 912 ut
3251 860 3367 929 ejus
3390 875 3485 915 eos
3513 877 3762 931 magnum

2183 957 2235 1000 ct
2264 948 2618 1003 inenarrabile
2638 948 2895 1015 judicium
2936 965 3041 1003 non
3073 951 3495 1018 comprehendat
3524 968 3538 1004 :
3569 955 3763 1008 salte'n

2185 1035 2268 1092 Itis
2310 1039 2490 1093 miseri
2534 1047 2834 1092 terreantur
2871 1042 3148 1108 exemplis.
3198 1042 3428 1097 Audiant
3457 1046 3542 1114 qui
3574 1045 3626 1099 itt
3654 1048 3767 1099 suis

2182 1129 2458 1185 confidunt
2481 1129 2700 1193 divitiis,
2725 1131 2920 1199 quique
2949 1131 2998 1186 in
3031 1133 3162 1185 iram
3192 1135 3463 1188 concitant
3488 1136 3764 1193 excelsum

2187 1221 2488 1278 hominum,
2527 1238 2638 1274 sure
2682 1223 2919 1276 avaritize
2963 1225 3224 1288 siccitate,
3248 1214 3405 1291 quale
3435 1226 3556 1280 huic
3583 1244 3768 1281 mona-

2183 1312 2350 1364 sterio
2375 1327 2404 1363 a
2437 1311 2544 1365 lleo
2587 1323 2802 1381 propter
2845 1315 3097 1381 pecunias
3145 1313 3332 1367 faciem
3372 1319 3667 1380 arerteuti,
3698 1320 3768 1374 de

2184 1403 2322 1456 caelo
2342 1401 2694 1471 estjudicium
2718 1404 3026 1472 jacolatnm.
3072 1405 3211 1460 Pene
3237 1407 3395 1461 limen
3423 1411 3542 1463 ostii
3571 1415 3769 1463 saltt~ti-‘

2186 1493 2430 1546 tnonialis
2460 1493 2677 1548 Domina
2707 1507 3006 1549 evccsserat
3039 1516 3050 1548 τ
3084 1507 3136 1550 et
3162 1498 3340 1552 subito
3367 1510 3532 1556 totum
3563 1506 3768 1558 Corruit

2185 1585 2588 1648 monasterium,
2627 1601 2816 1640 omnes
2856 1589 3166 1658 opprimeus
3206 1593 3486 1656 moniales,
3521 1596 3587 1647 ita
3615 1609 3670 1648 ttt
3698 1613 3766 1653 ex

2185 1676 2264 1729 eis
2291 1677 2407 1730 viva
2435 1676 2609 1747 aliqua
2633 1695 2738 1731 tton
2767 1680 3042 1733 remansit.
3071 1680 3501 1740 Sanctimonialis
3528 1703 3653 1742 vero
3675 1688 3764 1742 illa

2187 1768 2236 1819 ia
2269 1767 2497 1836 quodam
2533 1771 2816 1824 venerabili
2851 1772 3190 1827 Dominarum
3233 1777 3557 1831 monasterio
3580 1821 3594 1844 ,
3623 1780 3798 1847 quod

2184 1871 2262 1911 es:
2296 1861 2431 1926 apud
2461 1861 2764 1916 inferiorem
2795 1862 3120 1920 'l'hehaidcnt
3147 1906 3166 1931 ,
3206 1865 3460 1924 hactenus
3486 1875 3769 1928 sanCtitate

2188 1952 2450 2020 pr.-rcipua
2481 1953 2597 2006 viva
2625 1962 2823 2007 manet.

2256 2041 2381 2095 (ἷΑι).
2418 2041 2506 2095 IX.
2539 2041 2761 2112 Dignum
2784 2045 2965 2100 censui
2989 2031 3277 2114 praemissis
3299 2049 3568 2106 miraculis
3591 2053 3765 2122 aliqua

2187 2133 2286 2184 a’ia
2317 2133 2479 2186 divini
2507 2143 2690 2188 contra
2722 2148 3002 2203 peccantes
3043 2138 3308 2194 manifesti
3354 2141 3540 2208 jndicii
3579 2143 3766 2198 decla-

2187 2227 2349 2278 l‘:tti\a
2375 2225 2601 2293 juneere
2627 2245 2639 2281 :
2670 2237 2725 2280 ttt
2754 2227 2798 2280 si
2831 2228 2963 2282 forte
2992 2245 3099 2298 pra:
3127 2231 3441 2286 indiciomut
3471 2233 3770 2289 multitudi-

2189 2333 2290 2372 ue.
2335 2326 2672 2384 peccatorum
2707 2319 2871 2374 corda
2906 2321 3109 2374 tenacia
3140 2332 3195 2376 et
3226 2323 3344 2392 plus
3369 2340 3528 2391 quam
3558 2325 3768 2394 lapidea

2187 2412 2237 2462 in
2278 2425 2468 2464 carnea
2510 2419 2880 2476 verterentur,
2921 2421 3187 2480 quatenus
3215 2429 3335 2467 cum
3371 2428 3430 2470 se
3456 2415 3525 2469 ob
3551 2429 3774 2484 peccant

2186 2515 2470 2557 cernerent
2497 2502 2606 2556 tieri
2640 2503 2841 2556 belluas
2862 2543 2874 2564 ,
2917 2504 3123 2557 ratione
3152 2513 3205 2558 et
3239 2507 3541 2574 cognitione
3565 2509 3646 2560 sui
3675 2523 3768 2560 ctr-

2188 2603 2440 2648 nart-nlur
2466 2604 2520 2646 ut.
2550 2594 2738 2649 tierent
2769 2596 3029 2654 homines.
3053 2598 3292 2668 adipisci.
3327 2599 3540 2668 Abjecta
3569 2605 3766 2655 etenim

2186 2688 2412 2749 ratione,
2436 2702 2536 2754 qua
2563 2697 2684 2741 sunt
2716 2688 2981 2751 homines,
3007 2689 3141 2744 infra
3173 2690 3325 2746 bruta
3351 2693 3598 2747 animalia
3628 2695 3770 2745 redi-

2185 2788 2398 2842 gnutur.
2446 2774 2756 2831 Grascorum
2801 2779 3015 2848 quidam
3059 2779 3374 2841 hmreliens,
3411 2782 3498 2837 die
3538 2785 3768 2850 quadam

2187 2879 2305 2918 cum
2345 2866 2620 2920 sacerdote
2666 2869 2893 2936 quodam
2939 2869 2989 2921 iu
3033 2868 3480 2942 Jerosnlyntitana
3527 2872 3767 2928 Ecclesia

2188 2961 2398 3029 publice
2444 2961 2768 3030 dis-putabat.
2810 2961 3052 3032 Cumque
3080 2964 3331 3019 sacerdos
3367 2966 3436 3018 ob
3466 2980 3574 3019 sua:
3603 2969 3770 3035 partis

2187 3052 2555 3108 defensionem
2599 3054 2972 3108 auctoritatem
3013 3055 3298 3124 quamdam
3330 3056 3544 3125 gloriosi
3581 3058 3768 3112 Ilicrtr-

2189 3147 2332 3217 uymi
2381 3147 2651 3213 allegaret,
2693 3155 2748 3200 ut
2789 3147 2959 3202 Grmci
2986 3148 3282 3203 destrueret
3316 3152 3570 3214 mtiones,
3605 3161 3745 3205 teme

2187 3239 2329 3293 rario
2359 3238 2574 3308 pestifer
2599 3239 2818 3293 Grazcus
2847 3253 2942 3293 ore
2967 3240 3254 3308 gloriosum
3301 3239 3464 3294 fuisse
3505 3240 3768 3312 Hierony-

2189 3348 2332 3386 mum
2361 3334 2377 3398 (
2406 3333 2570 3385 totius
2595 3331 2834 3387 veritatis
2865 3331 3084 3401 lumen)
3116 3332 3393 3386 mentitum
3424 3349 3528 3387 non
3559 3335 3770 3388 erubuit

2189 3439 2321 3478 voce
2360 3423 2478 3477 fari.
2508 3425 2576 3477 At
2600 3424 2719 3492 quia
2747 3438 2879 3478 voce
2908 3423 3066 3477 talem
3096 3423 3384 3492 nequitiam
3426 3437 3770 3493 perpetrave-

2188 3524 2291 3577 πη,
2321 3530 2508 3570 vocem
2539 3515 2793 3584 deinceps
2815 3515 3081 3569 ullatenus
3105 3531 3209 3569 non
3233 3517 3496 3570 formavit.

2258 3607 2387 3662 CAP.
2436 3606 2506 3662 Χ.
2549 3605 2774 3674 Quidam
2815 3608 3032 3676 insuper
3072 3607 3208 3660 alius
3252 3607 3528 3661 haereticus
3553 3609 3778 3676 pestifer

2190 3701 2526 3761 Arianorum,
2565 3699 2618 3752 in
2646 3698 2875 3767 quadam
2914 3698 3275 3764 disietttatione
3315 3697 3520 3752 cuidam
3549 3699 3770 3766 gloriosi

2191 3791 2497 3862 Hieronymi
2551 3792 2920 3844 anetoritatem
2966 3801 3150 3844 cootra
3195 3807 3316 3845 eum
3362 3790 3660 3853 inducenti,
3713 3801 3774 3846 ιιι

2189 3884 2461 3944 mentitur,
2491 3897 2584 3935 sua
2609 3883 2908 3936 temeritate
2931 3881 3206 3949 reSpondit
3229 3899 3244 3935 :
3267 3881 3441 3935 subito
3467 3882 3556 3934 fuit
3588 3881 3769 3934 divina

2189 3975 2389 4028 ultione
2413 3989 2715 4038 percus~us.
2742 3972 2870 4026 Nam
2899 3975 3134 4027 nondum
3159 3973 3378 4027 verbum
3403 3989 3532 4027 voce
3557 3974 3767 4036 finiens,

2187 4065 2417 4120 clamare
2459 4081 2556 4134 per
2585 4074 2752 4119 totum
2792 4064 2932 4118 diem
2979 4067 3094 4119 sine
3131 4066 3302 4134 aliqua
3335 4065 3636 4120 cessatione
3663 4083 3768 4119 non

2187 4158 2344 4212 desiit
2372 4176 2385 4212 :
2419 4156 2658 4210 Miserere
2676 4157 2793 4220 ntei,
2830 4155 3139 4226 Hieronyme
3158 4157 3396 4226 gloriose,
3421 4158 3506 4227 qui
3532 4173 3564 4209 α
3593 4168 3642 4210 te
3667 4175 3784 4231 pte;

2188 4250 2266 4302 nis
2292 4249 2573 4302 durissimis
2605 4258 2852 4318 torqueor.
2889 4247 2954 4302 Et
2982 4249 3082 4303 hoc
3121 4264 3212 4318 per
3246 4255 3412 4302 totuttt
3446 4248 3594 4301 ilhtut
3621 4247 3766 4302 diem

2188 4341 2396 4410 quantis
2443 4348 2651 4408 poterat
2698 4339 2918 4394 vocibus
2960 4340 3224 4400 clamans,
3268 4339 3396 4392 hora
3437 4338 3770 4409 contpleturii

2191 4431 2561 4487 miserabiliter
2587 4434 2793 4486 cunctis
2835 4447 2924 4503 qut
2969 4431 3035 4486 ad
3083 4431 3198 4486 lta-c
3242 4439 3630 4486 concurrerant
3653 4445 3772 4485 eer-

2189 4523 2455 4584 nentibtts,
2487 4522 2800 4591 exspiravit.

2259 4615 2388 4670 CAP.
2420 4614 2513 4670 XI.
2543 4615 2833 4669 Ila-retices
2858 4615 3070 4684 quidam
3093 4616 3230 4668 alius
3254 4613 3521 4684 pestiferat
3547 4614 3772 4670 hzeresis

2189 4708 2418 4768 Arianat,
2460 4708 2543 4760 cui
2574 4718 2699 4760 ante
2723 4724 2900 4762 meum
2942 4707 3165 4768 obitnnt,
3199 4707 3357 4761 finem
3385 4711 3502 4776 pius
3531 4709 3770 4775 imponat

2190 4800 2442 4854 Dominus
2468 4816 2482 4852 :
2515 4801 2567 4854 itt
2617 4799 2855 4855 Eecle~ia
2883 4799 3010 4854 Sion
3039 4802 3253 4870 gloriosi
3285 4801 3593 4872 Hieronymi
3640 4801 3774 4855 inta-

2185 4893 2360 4961 ginem
2397 4907 2626 4948 cernens
2658 4909 2670 4945 :
2705 4890 2911 4948 Utinam
2933 4932 2946 4954 ,
2991 4893 3157 4962 inquit
3179 4934 3194 4956 ,
3222 4893 3294 4947 sic
3335 4903 3383 4946 te
3421 4909 3534 4946 cum
3577 4893 3774 4948 vivebas

2187 4988 2308 5040 meis
2335 4988 2564 5041 manibus
2589 4988 2873 5048 tenuissent,
2899 4990 3016 5057 quia
3038 4998 3084 5042 te
3105 5006 3212 5042 meo
3234 4989 3406 5062 giadio
3421 4989 3772 5060 jugulassem.

2188 5076 2311 5130 lltec
2340 5086 2395 5130 ut
2420 5078 2492 5130 ita
2520 5077 2675 5138 dixit,
2698 5078 2927 5147 gladium
2956 5080 3263 5148 evaginans,
3294 5090 3401 5133 tota
3430 5083 3477 5133 vi
3512 5082 3686 5149 ipsum
3721 5083 3772 5134 iu

2169 5169 2432 5238 imaginis
2459 5169 2596 5223 illius
2626 5177 2809 5238 guttur
2837 5170 3027 5224 iulixit.
3061 5171 3229 5238 Quam
3261 5187 3482 5242 magnus
3510 5173 3610 5227 iste
3641 5172 3771 5228 llie-

2189 5273 2462 5330 rOnyu'tus,
2504 5267 2580 5311 tot
2624 5260 2823 5313 faciens
2870 5261 3152 5318 mirabilia.
3199 5263 3281 5315 cui
3333 5262 3626 5316 secundum
3672 5277 3768 5317 sua

2187 5367 2348 5418 opera
2379 5349 2571 5404 similis
2600 5363 2703 5402 uoo
2735 5361 2980 5420 apparet,
3015 5352 3183 5419 potuit
3210 5353 3455 5420 equidem
3485 5353 3771 5408 imbecillis

2187 5440 2239 5494 in
2285 5439 2527 5506 imaginis
2568 5449 2782 5505 gnttttre
2821 5441 3055 5509 gladium
3085 5440 3244 5510 figere
3271 5443 3371 5498 des
3399 5458 3486 5498 era
3524 5444 3662 5500 :sed
3699 5443 3768 5498 de

2186 5530 2416 5599 imagine
2452 5527 2720 5598 gladium,
2748 5541 2800 5586 et
2825 5546 2852 5584 a
2880 5533 3056 5600 gladio
3099 5551 3311 5588 tuanntn
3358 5548 3639 5605 quousque
3684 5549 3770 5590 res

2186 5619 2433 5686 innotuit,
2466 5619 2749 5676 extrahere
2780 5623 3078 5678 nullatenus
3104 5623 3198 5678 fuit
3222 5611 3613 5695 compodeox
3643 5635 3764 5696 qtto-

2184 5726 2288 5780 quc
2309 5726 2371 5764 cx
2397 5713 2756 5778 percussiouis
2777 5714 2915 5780 loco,
2936 5726 3182 5786 tanquam
3205 5733 3268 5772 ex
3289 5718 3517 5773 hominis
3539 5734 3764 5788 corport

2184 5805 2307 5856 vivi.
2343 5805 2615 5872 sanguinis
2645 5807 2778 5860 tuuizt
2808 5808 2974 5875 ﬂuxit,
3010 5823 3127 5878 qua!
3158 5825 3320 5879 u~que
3353 5810 3509 5862 modo
3537 5825 3635 5877 pro
3668 5812 3760 5864 tui-
