4136 6332
319 386 458 467 309..

324 523 500 580 raeulo
521 517 842 576 declarando
873 518 1038 574 fluere
1063 531 1330 589 nunquam
1357 526 1554 574 cessat.
1585 517 1784 573 Eadem
1815 519 1896 571 in-

321 628 476 685 super
505 611 636 667 hora
657 652 671 677 ,
710 626 812 681 qua
842 625 929 664 res
955 610 1031 664 sie
1060 621 1176 665 acta
1201 618 1314 674 est,
1339 609 1504 680 judici
1534 610 1586 664 in
1613 611 1750 663 atrio
1777 610 1892 664 exi-

318 705 499 771 stenti,
522 702 661 758 idem
683 701 946 772 gloriosus
976 701 1330 773 Hieronymus
1352 718 1472 756 cum
1497 702 1676 770 gladio
1696 702 1893 772 gutturi

320 797 478 853 infixo
501 809 800 866 apparens,
838 809 932 863 pro
957 792 1250 849 offensione
1276 793 1576 864 hujusmodi
1608 795 1893 848 vindictam

320 889 429 945 fieri
456 886 764 958 postulavit,
789 902 1010 940 narrans
1037 887 1280 956 equidem
1307 887 1406 940 sibi
1438 885 1654 941 factum.
1691 887 1754 940 Et
1782 886 1896 941 ba-c

317 981 497 1036 dicens
536 979 687 1034 abiit.
732 977 1069 1046 Stupef'aetus
1107 978 1280 1047 itaque
1314 977 1478 1046 jtttlex
1518 993 1638 1030 cuiu
1685 979 1895 1032 ca~teris

315 1071 403 1140 qui
431 1069 749 1133 adstabant,
775 1069 842 1122 ad
873 1068 1166 1123 Ecclesium
1201 1084 1492 1138 properans
1517 1110 1532 1133 ,
1583 1067 1890 1122 hmreticuin

315 1178 472 1217 manu
496 1162 729 1231 gladium
757 1161 1005 1232 imaginis
1028 1161 1228 1232 gutturi
1257 1161 1477 1216 infixum
1505 1172 1775 1217 tenentem
1805 1176 1893 1216 re-

314 1256 468 1326 perit,
497 1255 587 1325 qui
617 1256 881 1324 protinus,
909 1264 966 1308 ιιι
991 1256 1043 1308 bi
1072 1254 1341 1320 viderunt,
1373 1270 1588 1308 manum
1621 1255 1715 1307 fuit
1742 1261 1907 1306 eom-'

313 1362 408 1416 pos
442 1363 474 1400 a
509 1347 686 1418 gladio
724 1347 1054 1401 removendi.
1101 1345 1301 1416 Captus
1327 1346 1504 1415 itaque
1531 1347 1811 1400 haereticus
1839 1347 1890 1400 in

313 1454 405 1494 sua
445 1454 768 1509 permanens
793 1441 1010 1504 duritia,
1039 1439 1110 1493 ob
1137 1439 1278 1494 aliud
1315 1454 1372 1495 se
1412 1454 1516 1494 non
1558 1439 1761 1500 dolere,
1789 1438 1890 1492 nisi

314 1530 452 1602 quod
480 1531 652 1585 vivum
683 1546 788 1586 non
817 1541 1022 1586 teneret
1052 1520 1432 1602 Hieronymum
1461 1531 1724 1602 garriens,
1745 1548 1771 1583 a
1799 1547 1893 1600 po-

314 1623 421 1694 puli
447 1623 786 1680 mnltitudine
812 1624 1099 1694 lapidibus,
1130 1625 1303 1694 lignis,
1337 1625 1577 1687 ensilnis,
1607 1636 1659 1679 et
1691 1624 1892 1680 lanceis

309 1714 597 1786 jugulatur.
1224 1771 1226 1773 ,

381 1804 506 1860 Cn.
541 1803 656 1858 XII.
686 1803 867 1874 Nepos
912 1821 1064 1861 meus
1107 1805 1363 1874 Joannes,
1407 1822 1565 1876 quem
1605 1808 1889 1878 agnoscis,

313 1897 454 1950 omni
487 1896 694 1965 fulgens
726 1897 1138 1966 pulchritudine,
1161 1915 1319 1968 quem
1348 1899 1476 1955 mihi
1507 1901 1559 1954 in
1591 1902 1773 1955 locum
1793 1901 1888 1955 filii

310 1987 578 2058 adeptavi,
603 1999 659 2044 ut
683 2000 828 2055 puto,
846 1992 936 2044 tibi
954 1991 1122 2061 pridie
1137 1991 1261 2061 quid
1283 1993 1330 2046 ei
1356 1994 1599 2048 evenerit
1620 1992 1887 2049 enarravi.

313 2080 417 2136 Sed
445 2090 618 2134 tamen
638 2121 655 2142 ,
686 2091 742 2134 ut
772 2083 1106 2150 prmstantins
1136 2084 1408 2139 memoria:
1445 2085 1852 2139 commendetur
1873 2126 1889 2151 ,

312 2169 523 2224 silentio
567 2187 674 2225 non
719 2173 974 2227 transibo.
1021 2174 1220 2244 Captus
1259 2176 1436 2246 itaque
1477 2176 1615 2230 idem
1659 2175 1893 2231 Joannes

311 2274 436 2318 ante
457 2264 594 2320 duos
615 2281 784 2320 annos
811 2283 840 2319 a
869 2265 1067 2332 Persis,
1088 2278 1140 2320 et
1170 2268 1450 2321 Persarum
1473 2268 1612 2337 regis
1636 2268 1894 2322 ministris

309 2355 590 2420 venditus,
636 2366 857 2424 propter
899 2357 1223 2410 eminentem
1255 2372 1405 2410 suam
1438 2356 1886 2425 pulchritmlinem

309 2445 374 2497 ad
403 2448 544 2515 regis
571 2445 870 2500 exercenda
898 2445 1155 2515 obsequia
1191 2448 1492 2515 deputatur.
1531 2447 1770 2518 Cumque
1799 2465 1894 2517 per

306 2549 505 2590 annum
534 2536 587 2589 in
617 2537 762 2589 curia
788 2536 946 2604 regis.
979 2551 1083 2589 non
1117 2552 1280 2604 parvo
1302 2537 1487 2591 dolore
1512 2549 1564 2592 et
1589 2539 1744 2592 taedio
1767 2555 1890 2609 per-

307 2622 614 2691 mansisset,
638 2627 826 2682 eodem
855 2630 1198 2683 revoltttionis
1219 2632 1343 2684 anni
1367 2633 1454 2684 die
1479 2633 1755 2700 prandenti
1780 2635 1888 2705 regi

305 2721 577 2783 serviens,
600 2735 710 2787 prie
734 2721 944 2776 tristitia
971 2734 1030 2774 se
1059 2736 1088 2774 a
1121 2722 1371 2791 faerymis
1402 2739 1506 2776 non
1533 2727 1699 2792 potuit
1720 2729 1892 2779 conti-

309 2826 454 2866 nere.
485 2811 595 2864 Hoc
619 2827 714 2865 rex
741 2812 974 2876 intuens,
1005 2813 1358 2882 laerymarnm
1386 2815 1452 2868 ab
1480 2831 1546 2869 eo
1567 2816 1723 2871 avida
1743 2833 1888 2886 quite-

308 2903 377 2956 rit
401 2917 642 2956 causam.
673 2904 788 2968 Qua
818 2916 1112 2972 comperta,
1163 2905 1214 2958 in
1246 2905 1474 2975 quodam
1505 2923 1626 2962 eum
1652 2925 1830 2963 castro
1855 2927 1884 2964 a

309 2992 621 3061 quibusdam
683 2995 942 3062 praecepit
990 2995 1246 3050 militibus
1297 2999 1574 3053 custodiri.
1633 2999 1886 3070 Sequenti

310 3097 534 3152 namque
561 3093 737 3148 nocte,
763 3086 952 3139 eodem
982 3087 1033 3139 in
1057 3095 1237 3142 castro
1265 3090 1528 3146 existente
1556 3093 1688 3148 diris
1719 3095 1888 3166 lacry-

309 3176 410 3231 niis
445 3177 684 3247 undique
722 3177 1021 3234 madefacto
1067 3181 1120 3233 in
1159 3184 1362 3236 somnis
1404 3185 1580 3239 eidem
1625 3188 1886 3256 gloriosus

309 3265 658 3340 Hieronymus
686 3269 906 3324 veniens
929 3310 942 3332 ,
974 3286 1294 3342 manumque
1323 3275 1440 3343 ejus
1463 3317 1480 3342 ,
1517 3287 1570 3330 ut
1600 3278 1698 3330 sibi
1733 3279 1882 3333 vitle-

310 3359 478 3424 batur,
506 3361 748 3428 capiens,
778 3362 843 3415 ad
871 3363 1141 3418 civitatem
1171 3364 1467 3421 Jerusalem
1495 3385 1674 3424 secum
1701 3371 1878 3426 duxit.

309 3448 719 3520 Expergefactus
744 3468 919 3519 mane,
949 3455 1000 3506 in
1041 3454 1224 3520 domo,
1270 3459 1322 3510 in
1367 3469 1544 3514 castro
1569 3477 1598 3514 a
1629 3464 1882 3518 militibus

308 3541 522 3596 retineri
552 3553 741 3611 putans
763 3559 842 3607 se,
869 3560 971 3613 qua
1003 3561 1214 3612 maneo,
1247 3564 1306 3602 se
1334 3549 1554 3603 invenit.
1586 3553 1684 3618 Qui
1713 3555 1883 3607 adini-

308 3633 506 3686 ratione
531 3634 680 3688 velut
705 3650 890 3690 aniens
921 3636 1121 3702 factus,
1165 3651 1339 3693 utrum
1385 3641 1437 3694 in
1483 3656 1661 3698 castro
1702 3649 1780 3701 vel
1829 3652 1878 3704 in

306 3724 571 3781 domicilio
600 3741 720 3780 meo
755 3738 952 3790 staret,
987 3730 1287 3785 nullatenus
1326 3733 1679 3791 discernebat.
1728 3739 1782 3792 in
1821 3755 1880 3795 se

308 3826 570 3883 postremo
595 3818 828 3883 rediens,
849 3821 1044 3874 emissa
1071 3837 1222 3885 voce,
1247 3823 1602 3881 dormientem
1627 3828 1878 3886 familiam

306 3907 569 3963 excitavit.
609 3908 842 3964 Currunt
881 3911 1038 3981 igitur
1059 3911 1125 3966 ad
1154 3929 1240 3967 me
1263 3912 1448 3968 famuli
1485 3917 1674 3972 adesse
1713 3919 1880 3975 Joan-

306 4013 420 4052 nem
450 4000 702 4054 ineffabili
740 4004 934 4071 gaudio
974 4004 1301 4059 nuntiantes.
1343 4005 1520 4073 Quare
1562 4008 1756 4065 dubius
1793 4026 1882 4068 ac-

304 4104 540 4158 currens,
564 4108 722 4163 quem
751 4109 780 4148 a
813 4095 988 4150 Persis
1011 4097 1242 4153 vinctum
1269 4100 1538 4168 putabam,
1561 4115 1878 4172 praesentem

303 4197 483 4239 cerno.
513 4186 632 4251 Quo
656 4185 868 4255 quidem
899 4187 1025 4257 quid
1051 4189 1099 4243 ei
1127 4191 1384 4246 acciderit
1417 4204 1702 4250 enarrante
1725 4237 1739 4260 ,
1771 4196 1880 4254 Deo

303 4281 354 4326 ct
377 4275 609 4343 glorioso
641 4276 965 4348 Hieronymo
992 4279 1176 4334 laudes
1207 4283 1451 4337 maxima:
1481 4285 1876 4354 persolvuntur.

368 4366 494 4422 CAP.
513 4366 652 4422 XIII.
674 4369 1102 4426 Sanctimouialis
1118 4373 1358 4442 quaedam
1381 4374 1621 4443 Domina,
1640 4380 1877 4434 omnium

301 4473 433 4527 pene
459 4461 810 4530 pulcherrima
850 4461 1164 4519 feminarum
1189 4508 1203 4532 ,
1235 4475 1392 4521 tetate
1428 4468 1734 4536 juvencula,
1785 4472 1878 4527 sed

298 4555 454 4607 animi
477 4555 733 4625 sapientia
761 4556 914 4611 valde
939 4573 1092 4622 cana,
1131 4559 1266 4614 beati
1295 4559 1603 4633 Hieronymi
1641 4563 1881 4618 devotis-

298 4647 448 4713 sima,
474 4647 525 4701 in
553 4647 784 4718 quodam
823 4649 1072 4703 coenobio
1107 4651 1450 4708 Dominarum
1477 4655 1641 4709 multa
1675 4659 1875 4712 sancti-

301 4745 424 4801 tate,
452 4748 509 4792 nt
545 4739 754 4809 Opinor,
786 4740 964 4796 adhuc
993 4742 1141 4808 vivit,
1169 4745 1257 4799 cui
1297 4745 1438 4813 quod
1473 4747 1658 4803 audies
1682 4749 1880 4805 dicitur

297 4832 602 4901 contigisse.
645 4832 726 4887 Sit
763 4834 956 4889 mulier
984 4835 1098 4890 lucc
1139 4836 1260 4891 aliis
1295 4838 1346 4892 in
1387 4841 1690 4910 exemplum
1712 4883 1727 4905 ,
1758 4859 1877 4913 qua:

297 4920 408 4978 huc.
427 4925 658 4995 illucque
688 4941 782 4995 per
805 4927 1004 4996 plateas
1032 4937 1083 4983 et
1122 4929 1264 4985 vicos
1287 4930 1590 4988 disc‘nrrcre
1613 4950 1717 4989 non
1756 4951 1878 4991 ces-

295 5023 432 5080 Sani,
455 5031 550 5068 sua
577 5017 860 5072 stultorum
893 5018 1164 5074 hominum
1197 5022 1542 5092 illaqueantes
1566 5027 1770 5082 animas
1799 5028 1881 5082 vi-

295 5106 464 5162 sione.
495 5106 653 5162 Nullo
670 5118 745 5163 tot
759 5109 1001 5165 diabolus
1015 5113 1220 5166 animas
1235 5114 1334 5169 reti
1357 5115 1517 5184 capit,
1541 5126 1669 5184 quot
1692 5117 1882 5188 laqueo

295 5200 532 5266 pessimo
556 5200 856 5256 mulierum.
905 5202 1339 5260 Sanctimouialis
1365 5206 1477 5262 lucc
1504 5212 1594 5280 (ut
1639 5211 1877 5265 omnium

295 5287 635 5345 Dominarum
675 5292 980 5358 testimonio
1005 5281 1420 5366 comprobatur)
1467 5313 1734 5369 nunquam
1781 5301 1880 5355 nisi

293 5393 407 5436 eam
433 5383 664 5438 maxima
703 5385 985 5455 compellat
1021 5387 1330 5451 necessitas,
1357 5399 1505 5445 extra
1532 5406 1682 5447 suam
1715 5393 1882 5448 cellu-

297 5473 397 5531 lam
426 5477 654 5547 gradum
679 5477 812 5548 figit,
841 5493 1014 5548 neque
1057 5481 1200 5534 enim
1241 5481 1382 5536 aliud
1432 5484 1539 5553 agit
1571 5500 1726 5554 opus,
1754 5488 1880 5557 quin

293 5580 383 5624 aut
405 5570 739 5626 orationibus
764 5580 936 5637 vacat,
967 5579 1058 5626 aut
1096 5571 1412 5629 lectionibus
1435 5583 1490 5630 et
1517 5577 1880 5635 meditationi-

296 5659 390 5716 bus
411 5662 735 5732 implicatur,
759 5670 853 5716 aut
870 5677 1069 5733 corpus
1101 5662 1268 5719 reﬁcit
1295 5663 1631 5740 dormienda,
1657 5680 1747 5725 aut
1775 5674 1876 5728 ali-

294 5769 393 5824 qua
420 5764 637 5812 exercet
656 5755 902 5812 manibus
916 5770 1100 5826 opera,
1131 5770 1342 5825 semper
1363 5766 1539 5814 tamen
1556 5759 1874 5820 dominicam

297 5850 611 5921 scripturam
652 5849 987 5906 ruminando.
1027 5849 1118 5904 llis
1145 5850 1308 5906 durus
1337 5865 1556 5922 serpens
1595 5855 1870 5926 antiquus,

1475 382 1562 437 DE
1603 379 1969 437 ιιιιιλαιτιτις
2012 379 2416 440 llllZRONYlll.

3479 396 3594 455 310

2002 493 2267 558 diabolus,
2299 497 2552 566 operibus
2573 499 2835 568 invidens,
2869 510 2924 558 ut
2950 519 3068 560 eam
3107 521 3136 561 a
3182 519 3370 564 sancto
3398 525 3593 582 propo-

2001 585 2105 636 sito
2130 597 2426 650 revocaret,
2457 588 2734 657 cujusdam
2764 594 3078 652 nobilissimi
3111 599 3320 668 juvenis
3349 604 3586 660 animum

2000 676 2238 744 ejusdem
2289 679 2709 739 sanctimonialis
2759 684 2811 739 in
2849 694 3048 743 tantam
3101 690 3336 748 incitavit
3386 711 3588 753 concu-

1999 769 2311 838 piscrntiam
2335 811 2350 835 ,
2378 772 2518 841 quod
2547 775 2618 830 nil
2647 785 2854 844 poterat
2879 779 2967 834 die
2994 792 3258 853 noctuque
3277 786 3455 855 aliud,
3487 791 3588 845 nisi

1999 861 2267 930 quomodo
2293 874 2470 931 posset
2494 880 2610 919 eam
2650 869 2910 939 attingere
2935 872 3192 940 cogitare.
3223 877 3372 932 Circa
3399 897 3589 936 mona-

1999 953 2218 1005 sterium
2242 955 2352 1007 veri
2381 956 2594 1011 luminis
2614 959 2914 1016 alica-catus
2931 967 3184 1020 continue
3205 984 3448 1041 pergens,
3473 975 3592 1027 nul-

1999 1040 2106 1095 lum
2131 1045 2420 1098 remedium
2447 1048 2588 1102 aliud
2637 1052 2872 1116 reperire
2897 1055 3096 1122 quibat.
3143 1040 3320 1114 Tanti
3359 1077 3590 1133 namque

1938 1153 1947 1162 ’
1999 1131 2220 1186 inscitia:
2249 1136 2386 1190 nnbc
2410 1138 2664 1208 C-tllgllllls
2693 1144 2917 1205 exstitit,
2965 1153 3024 1199 ut
3072 1147 3343 1204 multoties
3384 1167 3442 1206 se
3477 1131 3591 1208 suis

1999 1227 2309 1292 perniciosis
2351 1230 2616 1284 turbatum
2649 1234 2931 1290 affectibus
2977 1253 3226 1305 evruens,
3258 1243 3392 1296 volui
3415 1245 3483 1298 rit
3531 1262 3591 1300 se

1995 1319 2145 1385 aquis
2173 1320 2387 1390 tradere
2405 1321 2791 1378 sutl'ocsinduin.
2841 1327 2996 1382 Stulti
3027 1332 3228 1385 amoris
3251 1334 3468 1388 stultum
3495 1336 3588 1403 ju-

1993 1418 2186 1459 viuiem
2209 1416 2393 1462 catena
2424 1411 2492 1466 de
2519 1412 2603 1465 die
2632 1413 2682 1466 iu
2713 1415 2854 1468 diem
2877 1419 3105 1485 stringit.
3140 1419 3204 1474 Ut
3229 1421 3342 1476 haec
3366 1424 3432 1476 ad
3459 1440 3587 1478 san-

1999 1497 2316 1551 ctimonialis
2347 1515 2504 1555 aures
2536 1515 2808 1566 resonent,
2859 1507 2930 1560 ob
2959 1522 3107 1562 suam
3141 1525 3244 1564 non
3283 1512 3444 1567 audet
3488 1529 3588 1583 pu-

1996 1585 2253 1640 dicitiam.
2283 1588 2394 1654 Qua
2433 1590 2500 1644 de
2531 1608 2586 1644 re
2610 1595 2754 1648 omni
2787 1597 2852 1647 ad
2882 1598 2980 1650 hoc
3025 1600 3222 1652 auxilio
3264 1599 3584 1669 destitutus,

1997 1677 2279 1746 quemdam
2307 1678 2585 1735 inveniens
2608 1699 2818 1753 magum
2840 1726 2855 1750 ,
2883 1689 3134 1743 veneficia
3175 1689 3477 1746 dmmonum
3532 1703 3588 1748 et

1997 1768 2386 1828 incantationes
2433 1775 2689 1830 nefandas
2739 1779 2945 1832 artibus
2991 1793 3331 1838 exercentem
3379 1786 3507 1840 adiit
3533 1799 3586 1842 et

1998 1877 2242 1932 magnam
2288 1866 2545 1934 promittit
2591 1869 2674 1930 (si
2716 1871 2854 1930 quod
2905 1880 3058 1940 Optat
3098 1885 3348 1944 expertus
3389 1877 3584 1947 fuerit)

2001 1954 2238 2022 pecuniae
2262 1958 2631 2026 quantitatem.
2663 1959 2812 2014 Tune
2845 1963 3223 2018 veneficiorum
3250 1983 3448 2035 magns,
3475 1972 3586 2024 suis

1997 2048 2318 2102 carminilms
2342 2063 2688 2104 com-oratum
2710 2055 3030 2121 daemonem,
3061 2055 3352 2126 decipiendi
3389 2075 3571 2126 causa,

1999 2140 2353 2192 nocte-media
2385 2141 2574 2196 festiue
2619 2145 2682 2195 :ul
2731 2158 2966 2199 sanciam
2995 2147 3222 2202 desti-at
3277 2151 3582 2207 inonialem.

1998 2229 2077 2301 Ad
2107 2229 2350 2284 cellulam
2383 2231 2559 2300 itaque
2609 2234 2872 2287 accedens
2915 2235 3145 2290 εἰςιιιῐιιιιι.
3184 2241 3409 2292 transire
3448 2244 3582 2295 ultra

1998 2318 2205 2371 ci-llulae
2237 2319 2538 2390 Hieronymi
2588 2321 2832 2392 imaginis
2858 2325 2908 2377 in
2936 2326 3068 2379 cella
3114 2328 3264 2395 picta.-
3294 2330 3482 2384 timore
3505 2334 3586 2385 ni-

1999 2409 2106 2462 tnio
2127 2411 2307 2479 nequit
2336 2413 2514 2468 limen.
2541 2413 2664 2468 Mira
2712 2431 2818 2480 res,
2851 2418 3140 2487 Augustine
3167 2422 3260 2488 (ut
3285 2424 3587 2491 multiplici-

1998 2500 2098 2554 hns
2137 2511 2277 2568 patet
2299 2505 2599 2574 exemplis)
2635 2517 2812 2559 tantus
2841 2508 3058 2572 gloriosi
3090 2511 3392 2584 Hieronymi
3426 2515 3585 2569 timur

1995 2589 2210 2643 diabolo
2241 2594 2396 2658 inest,
2427 2605 2477 2646 ut
2507 2596 2665 2648 etiam
2694 2613 2804 2651 sum
2833 2600 3052 2668 pictura!
3080 2618 3181 2654 non
3205 2607 3392 2658 audeat
3422 2623 3584 2675 appa-

1995 2697 2134 2738 rere.
2148 2682 2279 2737 Nam
2297 2686 2339 2738 si
2362 2688 2444 2739 cui
2465 2686 2686 2740 obsesso
2707 2691 2916 2758 corpori
2939 2691 3168 2758 pretiosa
3189 2693 3381 2749 denmn
3416 2707 3585 2751 tratur

1997 2776 2192 2844 imago.
2224 2777 2293 2830 ab
2323 2778 2510 2832 eodem
2549 2781 2803 2832 continuo
2833 2782 3074 2837 diabolus
3105 2785 3385 2854 efl‘ugatur.
3420 2790 3585 2858 igitur

1993 2868 2335 2920 commissum
2363 2870 2606 2936 ettplendi
2629 2888 2763 2938 opus
2787 2889 3011 2942 nequam
3034 2876 3130 2942 Spit
3148 2877 3251 2930 ilus
3267 2879 3580 2945 desperans,

1991 2957 2057 3009 ad
2086 2957 2382 3012 mittemem
2411 2962 2693 3014 revertitur
2725 2977 2739 3016 :
2769 2963 2976 3032 sibique
3004 2969 3180 3036 iii-gari
3203 2968 3268 3020 ad
3297 2969 3581 3023 monialem

1992 3045 2264 3102 introitum
2299 3050 2500 3119 pandit,
2533 3053 2601 3106 ob
2629 3053 2846 3120 gloriosi
2880 3055 3183 3128 Hieronymi
3219 3059 3499 3129 imaginem
3530 3065 3581 3118 in

1989 3138 2120 3195 cella
2157 3139 2369 3208 pictum,
2394 3157 2551 3210 quem
2582 3143 2833 3198 deridens
2877 3162 3063 3216 magus
3103 3149 3323 3204 dimisit.
3357 3150 3584 3223 Moxque

1988 3240 2341 3284 eonvncatum
2369 3234 2530 3287 alium
2562 3233 2883 3301 daunooem,
2915 3253 3073 3307 quam
3109 3251 3281 3306 potest
3311 3244 3471 3298 mittit
3504 3245 3585 3299 ci-

1992 3321 2093 3376 tius
2114 3321 2180 3376 ad
2211 3322 2511 3392 hujusinodi
2549 3342 2709 3394 opera
2741 3325 2972 3384 finienda
3007 3347 3021 3384 :
3056 3331 3217 3402 fitquc
3256 3337 3494 3389 seeiindo
3525 3337 3586 3406 id.

1990 3411 2127 3480 quod
2157 3411 2347 3478 primo.
2377 3415 2443 3466 At
2470 3417 2736 3470 secimdus
2765 3433 2860 3487 per
2903 3420 3089 3476 horam
3142 3423 3278 3480 forte
3324 3443 3576 3495 manens,

1987 3513 2204 3557 co:ictus
2224 3506 2464 3560 excelsas
2484 3509 2641 3577 Cthll
2674 3525 2831 3565 voces
2853 3513 3095 3568 emittere
3121 3533 3134 3569 :
3164 3517 3225 3571 Si
3249 3535 3328 3572 me
3346 3561 3361 3584 ,
3389 3519 3578 3575 Hiero-

1985 3613 2152 3667 nyme,
2181 3598 2298 3651 hinc
2325 3599 2448 3653 sinis
2470 3601 2716 3659 recedere.
2747 3604 2846 3655 huc
2876 3605 3081 3660 ulterius
3102 3625 3200 3661 non
3225 3623 3460 3665 revertar.
3495 3613 3576 3667 Ad

1987 3685 2099 3741 ha-c
2124 3688 2419 3757 stupefacta
2445 3692 2656 3754 mulier,
2679 3709 2798 3762 qua:
2827 3699 3158 3752 oratiooibus
3190 3701 3241 3754 in
3273 3703 3464 3758 rellnla
3499 3706 3578 3758 in-

1987 3777 2242 3842 luni-iebat,
2271 3780 2392 3848 quis
2423 3782 2551 3835 istas
2598 3781 2784 3836 fundat
2817 3799 2993 3848 voces.
3025 3789 3188 3843 nimio
3218 3807 3418 3860 pavore
3458 3809 3578 3862 per-

1983 3879 2280 3924 cunctatur.
2314 3870 2427 3924 Non
2455 3881 2701 3926 cessante
2721 3871 2934 3929 diabolo
2953 3877 3030 3931 sic
3056 3879 3307 3942 clamare.
3334 3882 3577 3938 excitata:

1986 3961 2129 4014 illius
2166 3961 2395 4017 emnobii
2424 3963 2687 4018 moniales
2706 4006 2721 4030 ,
2754 3965 2944 4021 timore
2973 3984 3236 4037 percussa-
3260 3973 3445 4042 grandi
3471 3985 3577 4029 tre-

1984 4053 2145 4107 mula:
2185 4053 2250 4107 ad
2303 4054 2444 4108 illam
2493 4065 2779 4110 accurrunt
2827 4058 3115 4124 cellulam,
3167 4077 3325 4118 cruce
3367 4063 3574 4122 Domini

1986 4151 2275 4212 praeeunte.
2302 4145 2369 4197 At
2398 4144 2482 4197 ubi
2507 4144 2652 4198 illum
2680 4162 2905 4216 nequam
2934 4150 3178 4218 Spil'iltlm
3202 4155 3396 4222 sciunt,
3415 4172 3571 4212 eum~

1983 4234 2105 4290 dem
2135 4235 2433 4306 conjurant,
2468 4247 2525 4290 ut
2554 4237 2748 4293 debeat
2776 4255 2879 4310 qua
2906 4240 2973 4296 de
3000 4257 3158 4297 causa
3189 4247 3416 4313 venerit,
3450 4248 3576 4304 inti-

1984 4343 2152 4381 mare.
2195 4326 2429 4382 Narrans
2454 4327 2700 4398 equidem
2741 4330 2982 4387 diabolus
3028 4334 3105 4389 rei
3160 4337 3378 4400 seriem,
3410 4354 3577 4408 seque

1983 4418 2266 4486 gemitibus
2296 4429 2349 4472 et
2377 4419 2667 4474 ululatibus
2703 4421 2945 4490 pandens
2982 4426 3187 4479 catenis
3239 4427 3410 4496 igneis
3458 4429 3578 4482 vin-

1983 4520 2126 4562 ctum
2149 4509 2217 4561 ab
2239 4509 2564 4581 Hieronymo
2594 4512 2829 4573 retineri.
2855 4521 3133 4582 rogateas,
3162 4525 3219 4568 ut
3241 4517 3350 4571 suis
3372 4533 3577 4574 merea-

1986 4613 2071 4655 tur
2094 4601 2337 4670 precibus
2362 4603 2588 4656 abeundi
2617 4605 2840 4674 gratiam
2869 4607 3128 4662 invenire.
3161 4611 3228 4663 At
3258 4610 3344 4665 tibi
3369 4615 3576 4666 monia-

1985 4689 2064 4744 les
2093 4692 2204 4744 hinc
2241 4691 2480 4757 audiunt,
2519 4692 2628 4746 Deo
2664 4702 2718 4746 et
2759 4693 2996 4764 glorioso
3025 4695 3350 4772 Hieronymo
3391 4701 3577 4760 laudes

1983 4783 2212 4836 reddunt
2237 4799 2249 4834 :
2279 4783 2588 4850 suppliciter
2626 4785 2976 4853 postulantes,
3025 4799 3083 4842 ut
3110 4790 3406 4848 da-monem
3434 4794 3576 4853 hunc

1986 4872 2290 4926 nullatenus
2321 4889 2657 4928 reversurum
2689 4876 2757 4930 de
2802 4879 2990 4932 eodem
3021 4883 3268 4938 coenobio
3293 4886 3572 4955 effugaret.

1985 4964 2084 5018 Vix
2114 4964 2412 5020 orationum
2443 4968 2619 5022 verbis
2647 4967 2830 5034 finitis,
2871 4971 3115 5028 diabolus
3145 4980 3351 5046 magnis
3371 4981 3575 5036 strido-

1987 5057 2132 5111 ribus
2173 5074 2235 5111 ex
2265 5057 2451 5111 eodem
2485 5058 2602 5113 loito
2634 5059 2912 5126 recedens,
2959 5079 3170 5135 magum
3205 5069 3333 5122 adiit
3367 5087 3381 5125 :
3418 5084 3575 5126 eum-

1985 5165 2089 5218 que
2109 5147 2346 5216 capiens,
2377 5150 2536 5202 tantis
2569 5151 2881 5206 verberibus
2904 5163 2960 5208 et
2989 5157 3311 5213 cruciatibus
3337 5160 3575 5232 flagella-

1986 5239 2080 5304 vit,
2105 5231 2156 5294 ut
2186 5255 2280 5307 per
2297 5240 2461 5294 multa
2484 5240 2734 5295 horarum
2752 5245 2919 5312 spatia
2954 5246 3162 5315 aliquod
3189 5249 3345 5306 vitale
3364 5231 3574 5323 signum

1989 5331 2322 5401 paulominus
2347 5343 2656 5402 appareret,
2717 5335 2849 5388 diris
2889 5336 3125 5393 clamans
3171 5343 3390 5397 vocibus
3422 5360 3436 5397 :
3469 5343 3577 5398 Mei

1987 5423 2239 5477 cruciatus
2264 5439 2418 5477 causa
2444 5424 2604 5494 fuisti,
2629 5425 2695 5479 ad
2742 5427 2883 5480 illam
2907 5445 2984 5481 me
3008 5429 3266 5486 destinam
3283 5433 3572 5487 monialem.

1985 5513 2128 5569 Certe
2151 5515 2271 5568 inte
2293 5514 2482 5569 eisdem
2510 5517 2798 5570 verberibus
2825 5519 3138 5572 vindicabor.
3169 5519 3312 5576 Inter
3336 5520 3451 5576 lucc
3475 5537 3574 5576 an-

1988 5617 2094 5662 tem
2118 5608 2338 5663 vcrbera
2370 5617 2474 5662 tam
2511 5607 2799 5668 horrenda,
2831 5626 3012 5680 magus
3041 5625 3161 5664 cum
3193 5626 3252 5664 se
3294 5627 3429 5680 pene
3450 5629 3575 5682 pcr-

1987 5701 2139 5756 niciei
2173 5702 2524 5772 propinquum
2541 5713 2807 5765 cerneret,
2841 5717 2966 5756 suas
2986 5701 3170 5756 videns
3195 5711 3339 5759 artes
3369 5706 3572 5766 nullum

1987 5794 2083 5847 sibi
2137 5795 2391 5849 auxilium
2453 5793 2728 5857 adhibere,
2778 5794 2842 5846 ad
2895 5795 3054 5848 totius
3099 5794 3284 5866 refugii
3339 5810 3567 5866 pot'lttm,

2001 5886 2374 5952 Hieronymum
2429 5883 2717 5952 gloriosum
2763 5881 2870 5951 jam
2906 5887 3192 5955 naufmgus
3221 5902 3276 5940 se
3304 5888 3571 5959 dirigens,
