  <div class='ocr_page' id='page_1' title='image "/cluster/home/n/w/nwhite01/storage/ocr_20150623/22/hvd.32044015471378/211.png"; bbox 0 0 4136 6332; ppageno 0'>
   <div class='ocr_carea' id='block_1_1' title="bbox 509 423 606 479">
    <p class='ocr_par' dir='ltr' id='par_1_1' title="bbox 509 423 606 479">
     <span class='ocr_line' id='line_1_1' title="bbox 509 423 606 479; baseline -0.031 0"><span class='ocrx_word' id='word_1_1' title='bbox 509 423 606 479; x_wconf 70' lang='lat' dir='ltr'><strong>8H</strong></span> 
     </span>
    </p>
   </div>
   <div class='ocr_carea' id='block_1_2' title="bbox 511 518 2089 600">
    <p class='ocr_par' dir='ltr' id='par_1_2' title="bbox 511 518 2089 600">
     <span class='ocr_line' id='line_1_2' title="bbox 511 518 2089 600; baseline -0.014 -9"><span class='ocrx_word' id='word_1_2' title='bbox 511 536 759 596; x_wconf 65' lang='lat' dir='ltr'><strong>(iloriose,</strong></span> <span class='ocrx_word' id='word_1_3' title='bbox 791 528 981 600; x_wconf 80' lang='lat' dir='ltr'><strong>inquit,</strong></span> <span class='ocrx_word' id='word_1_4' title='bbox 1010 528 1334 597; x_wconf 68' lang='lat' dir='ltr'><strong>Hieronyme,</strong></span> <span class='ocrx_word' id='word_1_5' title='bbox 1370 524 1485 577; x_wconf 65' lang='lat' dir='ltr'><strong>huic</strong></span> <span class='ocrx_word' id='word_1_6' title='bbox 1512 521 1579 575; x_wconf 89' lang='lat' dir='ltr'><strong>ad</strong></span> <span class='ocrx_word' id='word_1_7' title='bbox 1614 532 1750 574; x_wconf 85' lang='lat' dir='ltr'><strong>tuam</strong></span> <span class='ocrx_word' id='word_1_8' title='bbox 1772 518 2089 573; x_wconf 66' lang='lat' dir='ltr'><strong>clementiam</strong></span> 
     </span>
    </p>
   </div>
   <div class='ocr_carea' id='block_1_3' title="bbox 506 611 2095 687">
    <p class='ocr_par' dir='ltr' id='par_1_3' title="bbox 506 611 2095 687">
     <span class='ocr_line' id='line_1_3' title="bbox 506 611 2095 687; baseline -0.016 -1"><span class='ocrx_word' id='word_1_9' title='bbox 506 627 715 687; x_wconf 70' lang='lat' dir='ltr'><strong>subveni</strong></span> <span class='ocrx_word' id='word_1_10' title='bbox 734 626 912 680; x_wconf 79' lang='lat' dir='ltr'><strong>misera</strong></span> <span class='ocrx_word' id='word_1_11' title='bbox 924 619 1233 681; x_wconf 72' lang='lat' dir='ltr'><strong>decurrenti,</strong></span> <span class='ocrx_word' id='word_1_12' title='bbox 1248 618 1398 673; x_wconf 85' lang='lat' dir='ltr'><strong>solita</strong></span> <span class='ocrx_word' id='word_1_13' title='bbox 1425 613 1783 669; x_wconf 69' lang='lat' dir='ltr'><strong>misericordia:</strong></span> <span class='ocrx_word' id='word_1_14' title='bbox 1797 611 1933 665; x_wconf 82' lang='lat' dir='ltr'><strong>dona</strong></span> <span class='ocrx_word' id='word_1_15' title='bbox 1960 624 2095 678; x_wconf 78' lang='lat' dir='ltr'><strong>prte-</strong></span> 
     </span>
    </p>
   </div>
   <div class='ocr_carea' id='block_1_4' title="bbox 506 698 2091 791">
    <p class='ocr_par' dir='ltr' id='par_1_4' title="bbox 506 698 2091 791">
     <span class='ocr_line' id='line_1_4' title="bbox 506 698 2091 791; baseline -0.015 -17"><span class='ocrx_word' id='word_1_16' title='bbox 506 704 723 791; x_wconf 63' lang='grc' dir='ltr'><strong>ρωηάία</strong></span> <span class='ocrx_word' id='word_1_17' title='bbox 748 732 853 770; x_wconf 81' lang='lat' dir='ltr'><strong>non</strong></span> <span class='ocrx_word' id='word_1_18' title='bbox 898 715 1168 781; x_wconf 77' lang='lat' dir='ltr'><strong>denegans.</strong></span> <span class='ocrx_word' id='word_1_19' title='bbox 1218 706 1464 761; x_wconf 83' lang='lat' dir='ltr'><strong>Promitto</strong></span> <span class='ocrx_word' id='word_1_20' title='bbox 1507 719 1720 771; x_wconf 82' lang='lat' dir='ltr'><strong><em>namque</em></strong></span> <span class='ocrx_word' id='word_1_21' title='bbox 1746 702 1791 755; x_wconf 88' lang='lat' dir='ltr'><strong>si</strong></span> <span class='ocrx_word' id='word_1_22' title='bbox 1827 701 1925 752; x_wconf 89' lang='lat' dir='ltr'><strong>tuis</strong></span> <span class='ocrx_word' id='word_1_23' title='bbox 1994 698 2091 751; x_wconf 81' lang='lat' dir='ltr'><strong>hac</strong></span> 
     </span>
    </p>
   </div>
   <div class='ocr_carea' id='block_1_5' title="bbox 510 792 2093 879">
    <p class='ocr_par' dir='ltr' id='par_1_5' title="bbox 510 792 2093 879">
     <span class='ocr_line' id='line_1_5' title="bbox 510 792 2093 879; baseline -0.016 -14"><span class='ocrx_word' id='word_1_24' title='bbox 510 815 637 865; x_wconf 74' lang='lat' dir='ltr'><strong>hora</strong></span> <span class='ocrx_word' id='word_1_25' title='bbox 664 808 871 879; x_wconf 78' lang='lat' dir='ltr'><strong>adjutus</strong></span> <span class='ocrx_word' id='word_1_26' title='bbox 903 803 1109 859; x_wconf 70' lang='lat' dir='ltr'><strong>auxiliis</strong></span> <span class='ocrx_word' id='word_1_27' title='bbox 1154 798 1390 871; x_wconf 60' lang='lat' dir='ltr'><strong>perniciei</strong></span> <span class='ocrx_word' id='word_1_28' title='bbox 1431 806 1533 849; x_wconf 85' lang='lat' dir='ltr'><strong>tam</strong></span> <span class='ocrx_word' id='word_1_29' title='bbox 1577 792 1807 847; x_wconf 80' lang='lat' dir='ltr'><strong>horribili</strong></span> <span class='ocrx_word' id='word_1_30' title='bbox 1830 808 1931 844; x_wconf 84' lang='lat' dir='ltr'><strong>non</strong></span> <span class='ocrx_word' id='word_1_31' title='bbox 1958 804 2093 843; x_wconf 83' lang='lat' dir='ltr'><strong>suc-</strong></span> 
     </span>
    </p>
   </div>
   <div class='ocr_carea' id='block_1_6' title="bbox 508 880 2101 968">
    <p class='ocr_par' dir='ltr' id='par_1_6' title="bbox 508 880 2101 968">
     <span class='ocr_line' id='line_1_6' title="bbox 508 880 2101 968; baseline -0.014 -12"><span class='ocrx_word' id='word_1_32' title='bbox 508 901 762 965; x_wconf 77' lang='lat' dir='ltr'><strong>cuntbam,</strong></span> <span class='ocrx_word' id='word_1_33' title='bbox 790 896 925 968; x_wconf 73' lang='lat' dir='ltr'><strong>quod</strong></span> <span class='ocrx_word' id='word_1_34' title='bbox 949 895 1179 964; x_wconf 56' lang='lat' dir='ltr'><strong>ddum-ps</strong></span> <span class='ocrx_word' id='word_1_35' title='bbox 1208 889 1408 944; x_wconf 77' lang='lat' dir='ltr'><strong>cunctis</strong></span> <span class='ocrx_word' id='word_1_36' title='bbox 1437 896 1629 940; x_wconf 40' lang='lat' dir='ltr'><strong>exutus.</strong></span> <span class='ocrx_word' id='word_1_37' title='bbox 1658 883 1912 954; x_wconf 72' lang='lat' dir='ltr'><strong>fallaciis,</strong></span> <span class='ocrx_word' id='word_1_38' title='bbox 1932 897 1964 934; x_wconf 90' lang='lat' dir='ltr'><strong>a</strong></span> <span class='ocrx_word' id='word_1_39' title='bbox 1994 880 2101 934; x_wconf 71' lang='lat' dir='ltr'><strong>tuis</strong></span> 
     </span>
    </p>
   </div>
   <div class='ocr_carea' id='block_1_7' title="bbox 509 973 2094 1066">
    <p class='ocr_par' dir='ltr' id='par_1_7' title="bbox 509 973 2094 1066">
     <span class='ocr_line' id='line_1_7' title="bbox 509 973 2094 1066; baseline -0.017 -16"><span class='ocrx_word' id='word_1_40' title='bbox 509 994 763 1066; x_wconf 76' lang='lat' dir='ltr'><strong>obsequiis</strong></span> <span class='ocrx_word' id='word_1_41' title='bbox 788 1008 887 1045; x_wconf 75' lang='lat' dir='ltr'><strong>non</strong></span> <span class='ocrx_word' id='word_1_42' title='bbox 912 988 1160 1043; x_wconf 75' lang='lat' dir='ltr'><strong>recedam.</strong></span> <span class='ocrx_word' id='word_1_43' title='bbox 1193 985 1286 1038; x_wconf 87' lang='lat' dir='ltr'><strong>His</strong></span> <span class='ocrx_word' id='word_1_44' title='bbox 1315 982 1497 1042; x_wconf 84' lang='lat' dir='ltr'><strong>flnitis,</strong></span> <span class='ocrx_word' id='word_1_45' title='bbox 1525 980 1669 1033; x_wconf 86' lang='lat' dir='ltr'><strong>velut</strong></span> <span class='ocrx_word' id='word_1_46' title='bbox 1701 976 1878 1030; x_wconf 87' lang='lat' dir='ltr'><strong>funms</strong></span> <span class='ocrx_word' id='word_1_47' title='bbox 1909 973 2094 1066; x_wconf 82' lang='lat' dir='ltr'><strong>abeo-</strong></span> 
     </span>
    </p>
   </div>
   <div class='ocr_carea' id='block_1_8' title="bbox 510 1064 2101 1156">
    <p class='ocr_par' dir='ltr' id='par_1_8' title="bbox 510 1064 2101 1156">
     <span class='ocr_line' id='line_1_8' title="bbox 510 1064 2101 1156; baseline -0.016 -13"><span class='ocrx_word' id='word_1_48' title='bbox 510 1064 883 1156; x_wconf 80' lang='lat' dir='ltr'><strong>demnequam</strong></span> <span class='ocrx_word' id='word_1_49' title='bbox 904 1082 1121 1152; x_wconf 73' lang='lat' dir='ltr'><strong>Splfillls</strong></span> <span class='ocrx_word' id='word_1_50' title='bbox 1143 1076 1374 1134; x_wconf 74' lang='lat' dir='ltr'><strong>evantdt.</strong></span> <span class='ocrx_word' id='word_1_51' title='bbox 1405 1073 1504 1127; x_wconf 81' lang='lat' dir='ltr'><strong>Per</strong></span> <span class='ocrx_word' id='word_1_52' title='bbox 1525 1086 1720 1125; x_wconf 89' lang='lat' dir='ltr'><strong>annum</strong></span> <span class='ocrx_word' id='word_1_53' title='bbox 1744 1078 1919 1121; x_wconf 82' lang='lat' dir='ltr'><strong>atuem</strong></span> <span class='ocrx_word' id='word_1_54' title='bbox 1952 1064 2101 1118; x_wconf 85' lang='lat' dir='ltr'><strong>idem</strong></span> 
     </span>
    </p>
   </div>
   <div class='ocr_carea' id='block_1_9' title="bbox 505 1157 2091 1252">
    <p class='ocr_par' dir='ltr' id='par_1_9' title="bbox 505 1157 2091 1252">
     <span class='ocr_line' id='line_1_9' title="bbox 505 1157 2091 1252; baseline -0.018 -19"><span class='ocrx_word' id='word_1_55' title='bbox 505 1175 997 1252; x_wconf 84' lang='lat' dir='ltr'><strong>jacuitverberibus</strong></span> <span class='ocrx_word' id='word_1_56' title='bbox 1019 1184 1204 1241; x_wconf 74' lang='lat' dir='ltr'><strong>magus</strong></span> <span class='ocrx_word' id='word_1_57' title='bbox 1224 1169 1274 1222; x_wconf 91' lang='lat' dir='ltr'><strong>in</strong></span> <span class='ocrx_word' id='word_1_58' title='bbox 1298 1174 1503 1220; x_wconf 79' lang='lat' dir='ltr'><strong>tantum</strong></span> <span class='ocrx_word' id='word_1_59' title='bbox 1527 1163 1607 1216; x_wconf 85' lang='lat' dir='ltr'><strong>sui</strong></span> <span class='ocrx_word' id='word_1_60' title='bbox 1630 1158 1869 1227; x_wconf 77' lang='lat' dir='ltr'><strong>corporis</strong></span> <span class='ocrx_word' id='word_1_61' title='bbox 1899 1157 2091 1252; x_wconf 72' lang='lat' dir='ltr'><strong>impos,</strong></span> 
     </span>
    </p>
   </div>
   <div class='ocr_carea' id='block_1_10' title="bbox 511 1246 2094 1339">
    <p class='ocr_par' dir='ltr' id='par_1_10' title="bbox 511 1246 2094 1339">
     <span class='ocr_line' id='line_1_10' title="bbox 511 1246 2094 1339; baseline -0.016 -14"><span class='ocrx_word' id='word_1_62' title='bbox 511 1246 661 1339; x_wconf 76' lang='lat' dir='ltr'><strong>quod</strong></span> <span class='ocrx_word' id='word_1_63' title='bbox 682 1284 795 1323; x_wconf 73' lang='lat' dir='ltr'><strong>non</strong></span> <span class='ocrx_word' id='word_1_64' title='bbox 816 1266 916 1320; x_wconf 83' lang='lat' dir='ltr'><strong>nisi</strong></span> <span class='ocrx_word' id='word_1_65' title='bbox 963 1265 1142 1318; x_wconf 84' lang='lat' dir='ltr'><strong>alieno</strong></span> <span class='ocrx_word' id='word_1_66' title='bbox 1169 1258 1367 1314; x_wconf 81' lang='lat' dir='ltr'><strong>auxilio</strong></span> <span class='ocrx_word' id='word_1_67' title='bbox 1395 1255 1560 1325; x_wconf 80' lang='lat' dir='ltr'><strong>potuit</strong></span> <span class='ocrx_word' id='word_1_68' title='bbox 1605 1268 1663 1307; x_wconf 91' lang='lat' dir='ltr'><strong>se</strong></span> <span class='ocrx_word' id='word_1_69' title='bbox 1708 1264 1943 1305; x_wconf 82' lang='lat' dir='ltr'><strong>movere.</strong></span> <span class='ocrx_word' id='word_1_70' title='bbox 1975 1246 2094 1300; x_wconf 78' lang='lat' dir='ltr'><strong>bl&#39;ox</strong></span> 
     </span>
    </p>
   </div>
   <div class='ocr_carea' id='block_1_11' title="bbox 513 1340 2097 1428">
    <p class='ocr_par' dir='ltr' id='par_1_11' title="bbox 513 1340 2097 1428">
     <span class='ocr_line' id='line_1_11' title="bbox 513 1340 2097 1428; baseline -0.017 -11"><span class='ocrx_word' id='word_1_71' title='bbox 513 1362 652 1417; x_wconf 86' lang='lat' dir='ltr'><strong>idem</strong></span> <span class='ocrx_word' id='word_1_72' title='bbox 701 1370 913 1428; x_wconf 87' lang='lat' dir='ltr'><strong>accepta</strong></span> <span class='ocrx_word' id='word_1_73' title='bbox 950 1352 1256 1425; x_wconf 72' lang='lat' dir='ltr'><strong>pmnitentia</strong></span> <span class='ocrx_word' id='word_1_74' title='bbox 1303 1363 1491 1417; x_wconf 70' lang='lat' dir='ltr'><strong>magus</strong></span> <span class='ocrx_word' id='word_1_75' title='bbox 1536 1356 1817 1416; x_wconf 83' lang='lat' dir='ltr'><strong>antequam</strong></span> <span class='ocrx_word' id='word_1_76' title='bbox 1860 1340 2097 1396; x_wconf 82' lang='lat' dir='ltr'><strong>delecto</strong></span> 
     </span>
    </p>
   </div>
   <div class='ocr_carea' id='block_1_12' title="bbox 513 1435 2100 1524">
    <p class='ocr_par' dir='ltr' id='par_1_12' title="bbox 513 1435 2100 1524">
     <span class='ocr_line' id='line_1_12' title="bbox 513 1435 2100 1524; baseline -0.014 -16"><span class='ocrx_word' id='word_1_77' title='bbox 513 1463 775 1524; x_wconf 73' lang='lat' dir='ltr'><strong>surgeret.</strong></span> <span class='ocrx_word' id='word_1_78' title='bbox 804 1448 1012 1505; x_wconf 82' lang='lat' dir='ltr'><strong>eunetis</strong></span> <span class='ocrx_word' id='word_1_79' title='bbox 1039 1444 1333 1501; x_wconf 75' lang='lat' dir='ltr'><strong>combustis</strong></span> <span class='ocrx_word' id='word_1_80' title='bbox 1375 1438 1669 1499; x_wconf 87' lang='lat' dir='ltr'><strong>codicibus,</strong></span> <span class='ocrx_word' id='word_1_81' title='bbox 1713 1435 1905 1506; x_wconf 84' lang='lat' dir='ltr'><strong>quibus</strong></span> <span class='ocrx_word' id='word_1_82' title='bbox 1954 1441 2100 1486; x_wconf 88' lang='lat' dir='ltr'><strong>artes</strong></span> 
     </span>
    </p>
   </div>
   <div class='ocr_carea' id='block_1_13' title="bbox 515 1528 2098 1614">
    <p class='ocr_par' dir='ltr' id='par_1_13' title="bbox 515 1528 2098 1614">
     <span class='ocr_line' id='line_1_13' title="bbox 515 1528 2098 1614; baseline -0.015 -13"><span class='ocrx_word' id='word_1_83' title='bbox 515 1549 630 1603; x_wconf 85' lang='lat' dir='ltr'><strong>illas</strong></span> <span class='ocrx_word' id='word_1_84' title='bbox 657 1543 1007 1614; x_wconf 74' lang='lat' dir='ltr'><strong>nequissimae</strong></span> <span class='ocrx_word' id='word_1_85' title='bbox 1030 1537 1342 1601; x_wconf 79' lang='lat' dir='ltr'><strong>exercebat,</strong></span> <span class='ocrx_word' id='word_1_86' title='bbox 1358 1532 1693 1600; x_wconf 86' lang='lat' dir='ltr'><strong>venditisque</strong></span> <span class='ocrx_word' id='word_1_87' title='bbox 1713 1528 1959 1583; x_wconf 85' lang='lat' dir='ltr'><strong>omnibus</strong></span> <span class='ocrx_word' id='word_1_88' title='bbox 1978 1541 2098 1596; x_wconf 67' lang='lat' dir='ltr'><strong>qure</strong></span> 
     </span>
    </p>
   </div>
   <div class='ocr_carea' id='block_1_14' title="bbox 515 1619 2097 1704">
    <p class='ocr_par' dir='ltr' id='par_1_14' title="bbox 515 1619 2097 1704">
     <span class='ocr_line' id='line_1_14' title="bbox 515 1619 2097 1704; baseline -0.014 -9"><span class='ocrx_word' id='word_1_89' title='bbox 515 1640 744 1695; x_wconf 83' lang='lat' dir='ltr'><strong>habebat</strong></span> <span class='ocrx_word' id='word_1_90' title='bbox 772 1647 827 1693; x_wconf 89' lang='lat' dir='ltr'><strong>et</strong></span> <span class='ocrx_word' id='word_1_91' title='bbox 857 1631 1176 1704; x_wconf 67' lang='lat' dir='ltr'><strong>pauperibus</strong></span> <span class='ocrx_word' id='word_1_92' title='bbox 1194 1628 1427 1699; x_wconf 81' lang='lat' dir='ltr'><strong>erogatis</strong></span> <span class='ocrx_word' id='word_1_93' title='bbox 1451 1644 1465 1680; x_wconf 85' lang='lat'><strong>:</strong></span> <span class='ocrx_word' id='word_1_94' title='bbox 1492 1624 1759 1693; x_wconf 73' lang='lat' dir='ltr'><strong>completo</strong></span> <span class='ocrx_word' id='word_1_95' title='bbox 1782 1636 1923 1675; x_wconf 86' lang='lat' dir='ltr'><strong>anno</strong></span> <span class='ocrx_word' id='word_1_96' title='bbox 1943 1634 2002 1673; x_wconf 88' lang='lat' dir='ltr'><strong>se</strong></span> <span class='ocrx_word' id='word_1_97' title='bbox 2028 1619 2097 1673; x_wconf 90' lang='lat' dir='ltr'><strong>ob</strong></span> 
     </span>
    </p>
   </div>
   <div class='ocr_carea' id='block_1_15' title="bbox 515 1711 2100 1802">
    <p class='ocr_par' dir='ltr' id='par_1_15' title="bbox 515 1711 2100 1802">
     <span class='ocr_line' id='line_1_15' title="bbox 515 1711 2100 1802; baseline -0.015 -17"><span class='ocrx_word' id='word_1_98' title='bbox 515 1731 879 1802; x_wconf 69' lang='lat' dir='ltr'><strong>pmoitentium</strong></span> <span class='ocrx_word' id='word_1_99' title='bbox 913 1721 1264 1796; x_wconf 76' lang='lat' dir='ltr'><strong>peragendam</strong></span> <span class='ocrx_word' id='word_1_100' title='bbox 1296 1720 1347 1773; x_wconf 92' lang='lat' dir='ltr'><strong>in</strong></span> <span class='ocrx_word' id='word_1_101' title='bbox 1393 1716 1619 1785; x_wconf 88' lang='lat' dir='ltr'><strong>quadam</strong></span> <span class='ocrx_word' id='word_1_102' title='bbox 1664 1714 1913 1781; x_wconf 79' lang='lat' dir='ltr'><strong>Spelunca</strong></span> <span class='ocrx_word' id='word_1_103' title='bbox 1954 1711 2100 1765; x_wconf 83' lang='lat' dir='ltr'><strong>clau-</strong></span> 
     </span>
    </p>
   </div>
   <div class='ocr_carea' id='block_1_16' title="bbox 514 1803 2102 1883">
    <p class='ocr_par' dir='ltr' id='par_1_16' title="bbox 514 1803 2102 1883">
     <span class='ocr_line' id='line_1_16' title="bbox 514 1803 2102 1883; baseline -0.016 -4"><span class='ocrx_word' id='word_1_104' title='bbox 514 1827 646 1879; x_wconf 83' lang='lat' dir='ltr'><strong>dens</strong></span> <span class='ocrx_word' id='word_1_105' title='bbox 694 1823 744 1875; x_wconf 91' lang='lat' dir='ltr'><strong>in</strong></span> <span class='ocrx_word' id='word_1_106' title='bbox 772 1833 982 1882; x_wconf 89' lang='lat' dir='ltr'><strong>eremo,</strong></span> <span class='ocrx_word' id='word_1_107' title='bbox 1031 1817 1083 1870; x_wconf 91' lang='lat' dir='ltr'><strong>in</strong></span> <span class='ocrx_word' id='word_1_108' title='bbox 1140 1828 1242 1883; x_wconf 86' lang='lat' dir='ltr'><strong>qua</strong></span> <span class='ocrx_word' id='word_1_109' title='bbox 1271 1826 1369 1881; x_wconf 88' lang='lat' dir='ltr'><strong>per</strong></span> <span class='ocrx_word' id='word_1_110' title='bbox 1391 1807 1801 1877; x_wconf 75' lang='lat' dir='ltr'><strong>quadriennium</strong></span> <span class='ocrx_word' id='word_1_111' title='bbox 1836 1803 2102 1873; x_wconf 78' lang='lat' dir='ltr'><strong>gloriosus</strong></span> 
     </span>
    </p>
   </div>
   <div class='ocr_carea' id='block_1_17' title="bbox 516 1893 2105 1981">
    <p class='ocr_par' dir='ltr' id='par_1_17' title="bbox 516 1893 2105 1981">
     <span class='ocr_line' id='line_1_17' title="bbox 516 1893 2105 1981; baseline -0.014 -12"><span class='ocrx_word' id='word_1_112' title='bbox 516 1915 661 1969; x_wconf 87' lang='lat' dir='ltr'><strong>stetit</strong></span> <span class='ocrx_word' id='word_1_113' title='bbox 684 1912 1056 1981; x_wconf 82' lang='lat' dir='ltr'><strong>Hieronymus,</strong></span> <span class='ocrx_word' id='word_1_114' title='bbox 1083 1905 1245 1959; x_wconf 89' lang='lat' dir='ltr'><strong>multa</strong></span> <span class='ocrx_word' id='word_1_115' title='bbox 1271 1900 1553 1957; x_wconf 69' lang='lat' dir='ltr'><strong>sanctitas</strong></span> <span class='ocrx_word' id='word_1_116' title='bbox 1577 1908 1630 1953; x_wconf 89' lang='lat' dir='ltr'><strong>et</strong></span> <span class='ocrx_word' id='word_1_117' title='bbox 1657 1896 1776 1950; x_wconf 69' lang='lat' dir='ltr'><strong>vita!</strong></span> <span class='ocrx_word' id='word_1_118' title='bbox 1796 1936 1812 1961; x_wconf 95' lang='lat'><strong>,</strong></span> <span class='ocrx_word' id='word_1_119' title='bbox 1843 1903 1898 1949; x_wconf 88' lang='lat' dir='ltr'><strong>et</strong></span> <span class='ocrx_word' id='word_1_120' title='bbox 1931 1893 2105 1965; x_wconf 59' lang='lat' dir='ltr'><strong>paeni-</strong></span> 
     </span>
    </p>
   </div>
   <div class='ocr_carea' id='block_1_18' title="bbox 517 1988 2104 2073">
    <p class='ocr_par' dir='ltr' id='par_1_18' title="bbox 517 1988 2104 2073">
     <span class='ocr_line' id='line_1_18' title="bbox 517 1988 2104 2073; baseline -0.015 -11"><span class='ocrx_word' id='word_1_121' title='bbox 517 2007 695 2062; x_wconf 80' lang='lat' dir='ltr'><strong>tentia:</strong></span> <span class='ocrx_word' id='word_1_122' title='bbox 734 2003 1022 2073; x_wconf 73' lang='lat' dir='ltr'><strong>asperitate</strong></span> <span class='ocrx_word' id='word_1_123' title='bbox 1063 1997 1249 2069; x_wconf 87' lang='lat' dir='ltr'><strong>pollet.</strong></span> <span class='ocrx_word' id='word_1_124' title='bbox 1291 1994 1406 2049; x_wconf 81' lang='lat' dir='ltr'><strong>lluc</strong></span> <span class='ocrx_word' id='word_1_125' title='bbox 1443 2004 1626 2060; x_wconf 65' lang='lat' dir='ltr'><strong>quaeso</strong></span> <span class='ocrx_word' id='word_1_126' title='bbox 1650 1988 1875 2058; x_wconf 81' lang='lat' dir='ltr'><strong>juvenes</strong></span> <span class='ocrx_word' id='word_1_127' title='bbox 1913 1998 2104 2039; x_wconf 89' lang='lat' dir='ltr'><strong>omnes</strong></span> 
     </span>
    </p>
   </div>
   <div class='ocr_carea' id='block_1_19' title="bbox 516 2078 2105 2164">
    <p class='ocr_par' dir='ltr' id='par_1_19' title="bbox 516 2078 2105 2164">
     <span class='ocr_line' id='line_1_19' title="bbox 516 2078 2105 2164; baseline -0.013 -11"><span class='ocrx_word' id='word_1_128' title='bbox 516 2107 757 2164; x_wconf 83' lang='lat' dir='ltr'><strong>currant,</strong></span> <span class='ocrx_word' id='word_1_129' title='bbox 787 2106 841 2152; x_wconf 91' lang='lat' dir='ltr'><strong>et</strong></span> <span class='ocrx_word' id='word_1_130' title='bbox 867 2092 1035 2149; x_wconf 82' lang='lat' dir='ltr'><strong>insani</strong></span> <span class='ocrx_word' id='word_1_131' title='bbox 1058 2090 1275 2162; x_wconf 80' lang='lat' dir='ltr'><strong>juvenis</strong></span> <span class='ocrx_word' id='word_1_132' title='bbox 1303 2086 1549 2155; x_wconf 89' lang='lat' dir='ltr'><strong>exemplo</strong></span> <span class='ocrx_word' id='word_1_133' title='bbox 1586 2084 1814 2146; x_wconf 79' lang='lat' dir='ltr'><strong>discant,</strong></span> <span class='ocrx_word' id='word_1_134' title='bbox 1844 2096 1911 2136; x_wconf 91' lang='lat' dir='ltr'><strong>ne</strong></span> <span class='ocrx_word' id='word_1_135' title='bbox 1958 2078 2105 2149; x_wconf 83' lang='lat' dir='ltr'><strong>quod</strong></span> 
     </span>
    </p>
   </div>
   <div class='ocr_carea' id='block_1_20' title="bbox 516 2171 2105 2261">
    <p class='ocr_par' dir='ltr' id='par_1_20' title="bbox 516 2171 2105 2261">
     <span class='ocr_line' id='line_1_20' title="bbox 516 2171 2105 2261; baseline -0.015 -12"><span class='ocrx_word' id='word_1_136' title='bbox 516 2194 595 2249; x_wconf 85' lang='lat' dir='ltr'><strong>illi</strong></span> <span class='ocrx_word' id='word_1_137' title='bbox 623 2190 865 2261; x_wconf 77' lang='lat' dir='ltr'><strong>contigit,</strong></span> <span class='ocrx_word' id='word_1_138' title='bbox 891 2187 991 2243; x_wconf 86' lang='lat' dir='ltr'><strong>sibi</strong></span> <span class='ocrx_word' id='word_1_139' title='bbox 1023 2182 1357 2255; x_wconf 88' lang='lat' dir='ltr'><strong>postmodum</strong></span> <span class='ocrx_word' id='word_1_140' title='bbox 1382 2180 1598 2235; x_wconf 80' lang='lat' dir='ltr'><strong>doleant</strong></span> <span class='ocrx_word' id='word_1_141' title='bbox 1617 2176 1926 2245; x_wconf 75' lang='lat' dir='ltr'><strong>contigisse.</strong></span> <span class='ocrx_word' id='word_1_142' title='bbox 1956 2171 2105 2227; x_wconf 79' lang='lat' dir='ltr'><strong>Insa-</strong></span> 
     </span>
    </p>
   </div>
   <div class='ocr_carea' id='block_1_21' title="bbox 518 2263 2105 2352">
    <p class='ocr_par' dir='ltr' id='par_1_21' title="bbox 518 2263 2105 2352">
     <span class='ocr_line' id='line_1_21' title="bbox 518 2263 2105 2352; baseline -0.016 -13"><span class='ocrx_word' id='word_1_143' title='bbox 518 2300 619 2339; x_wconf 89' lang='lat' dir='ltr'><strong>nus</strong></span> <span class='ocrx_word' id='word_1_144' title='bbox 657 2282 837 2352; x_wconf 89' lang='lat' dir='ltr'><strong>itaque</strong></span> <span class='ocrx_word' id='word_1_145' title='bbox 872 2277 1083 2349; x_wconf 84' lang='lat' dir='ltr'><strong>juvenis</strong></span> <span class='ocrx_word' id='word_1_146' title='bbox 1123 2274 1283 2329; x_wconf 89' lang='lat' dir='ltr'><strong>tantis</strong></span> <span class='ocrx_word' id='word_1_147' title='bbox 1320 2269 1715 2339; x_wconf 70' lang='lat' dir='ltr'><strong>circumligatus</strong></span> <span class='ocrx_word' id='word_1_148' title='bbox 1772 2264 1995 2320; x_wconf 76' lang='lat' dir='ltr'><strong>luxuriae</strong></span> <span class='ocrx_word' id='word_1_149' title='bbox 2028 2263 2105 2317; x_wconf 85' lang='lat' dir='ltr'><strong>la-</strong></span> 
     </span>
    </p>
   </div>
   <div class='ocr_carea' id='block_1_22' title="bbox 517 2354 2107 2444">
    <p class='ocr_par' dir='ltr' id='par_1_22' title="bbox 517 2354 2107 2444">
     <span class='ocr_line' id='line_1_22' title="bbox 517 2354 2107 2444; baseline -0.015 -14"><span class='ocrx_word' id='word_1_150' title='bbox 517 2375 689 2444; x_wconf 80' lang='lat' dir='ltr'><strong>queis,</strong></span> <span class='ocrx_word' id='word_1_151' title='bbox 720 2371 902 2424; x_wconf 71' lang='lat' dir='ltr'><strong>videns</strong></span> <span class='ocrx_word' id='word_1_152' title='bbox 930 2385 988 2423; x_wconf 88' lang='lat' dir='ltr'><strong>se</strong></span> <span class='ocrx_word' id='word_1_153' title='bbox 1017 2364 1323 2419; x_wconf 76' lang='lat' dir='ltr'><strong>omnimodo</strong></span> <span class='ocrx_word' id='word_1_154' title='bbox 1352 2377 1463 2416; x_wconf 74' lang='lat' dir='ltr'><strong>sua:</strong></span> <span class='ocrx_word' id='word_1_155' title='bbox 1486 2358 1798 2413; x_wconf 68' lang='lat' dir='ltr'><strong>miserrimae</strong></span> <span class='ocrx_word' id='word_1_156' title='bbox 1821 2354 2107 2423; x_wconf 78' lang='lat' dir='ltr'><strong>voluptatis</strong></span> 
     </span>
    </p>
   </div>
   <div class='ocr_carea' id='block_1_23' title="bbox 517 2446 2104 2521">
    <p class='ocr_par' dir='ltr' id='par_1_23' title="bbox 517 2446 2104 2521">
     <span class='ocr_line' id='line_1_23' title="bbox 517 2446 2104 2521; baseline -0.016 0"><span class='ocrx_word' id='word_1_157' title='bbox 517 2464 788 2521; x_wconf 84' lang='lat' dir='ltr'><strong>desiderio</strong></span> <span class='ocrx_word' id='word_1_158' title='bbox 816 2458 1196 2516; x_wconf 79' lang='lat' dir='ltr'><strong>nefandissimo</strong></span> <span class='ocrx_word' id='word_1_159' title='bbox 1222 2452 1542 2515; x_wconf 82' lang='lat' dir='ltr'><strong>defraudari,</strong></span> <span class='ocrx_word' id='word_1_160' title='bbox 1572 2450 1801 2519; x_wconf 89' lang='lat' dir='ltr'><strong>quadam</strong></span> <span class='ocrx_word' id='word_1_161' title='bbox 1842 2456 1996 2501; x_wconf 82' lang='lat' dir='ltr'><strong>nocte</strong></span> <span class='ocrx_word' id='word_1_162' title='bbox 2021 2446 2104 2500; x_wconf 84' lang='lat' dir='ltr'><strong>la-</strong></span> 
     </span>
    </p>
   </div>
   <div class='ocr_carea' id='block_1_24' title="bbox 517 2536 2106 2626">
    <p class='ocr_par' dir='ltr' id='par_1_24' title="bbox 517 2536 2106 2626">
     <span class='ocr_line' id='line_1_24' title="bbox 517 2536 2106 2626; baseline -0.011 -18"><span class='ocrx_word' id='word_1_163' title='bbox 517 2569 660 2626; x_wconf 89' lang='lat' dir='ltr'><strong>queo</strong></span> <span class='ocrx_word' id='word_1_164' title='bbox 688 2568 747 2608; x_wconf 90' lang='lat' dir='ltr'><strong>se</strong></span> <span class='ocrx_word' id='word_1_165' title='bbox 793 2550 1071 2620; x_wconf 83' lang='lat' dir='ltr'><strong>suspendit</strong></span> <span class='ocrx_word' id='word_1_166' title='bbox 1116 2565 1128 2600; x_wconf 90' lang='lat'><strong>:</strong></span> <span class='ocrx_word' id='word_1_167' title='bbox 1175 2555 1229 2600; x_wconf 91' lang='lat' dir='ltr'><strong>et</strong></span> <span class='ocrx_word' id='word_1_168' title='bbox 1270 2546 1348 2599; x_wconf 88' lang='lat' dir='ltr'><strong>sic</strong></span> <span class='ocrx_word' id='word_1_169' title='bbox 1376 2558 1436 2598; x_wconf 85' lang='lat' dir='ltr'><strong>se</strong></span> <span class='ocrx_word' id='word_1_170' title='bbox 1473 2541 1656 2597; x_wconf 80' lang='lat' dir='ltr'><strong>infelix</strong></span> <span class='ocrx_word' id='word_1_171' title='bbox 1695 2538 1970 2608; x_wconf 75' lang='lat' dir='ltr'><strong>temporali</strong></span> <span class='ocrx_word' id='word_1_172' title='bbox 1999 2536 2106 2590; x_wconf 87' lang='lat' dir='ltr'><strong>vita</strong></span> 
     </span>
    </p>
   </div>
   <div class='ocr_carea' id='block_1_25' title="bbox 518 2630 2106 2717">
    <p class='ocr_par' dir='ltr' id='par_1_25' title="bbox 518 2630 2106 2717">
     <span class='ocr_line' id='line_1_25' title="bbox 518 2630 2106 2717; baseline -0.013 -18"><span class='ocrx_word' id='word_1_173' title='bbox 518 2646 698 2717; x_wconf 84' lang='lat' dir='ltr'><strong>potius</strong></span> <span class='ocrx_word' id='word_1_174' title='bbox 729 2652 785 2698; x_wconf 90' lang='lat' dir='ltr'><strong>et</strong></span> <span class='ocrx_word' id='word_1_175' title='bbox 813 2649 1067 2712; x_wconf 88' lang='lat' dir='ltr'><strong>perpetua</strong></span> <span class='ocrx_word' id='word_1_176' title='bbox 1096 2637 1338 2708; x_wconf 84' lang='lat' dir='ltr'><strong>privavit.</strong></span> <span class='ocrx_word' id='word_1_177' title='bbox 1364 2634 1501 2688; x_wconf 88' lang='lat' dir='ltr'><strong>Ecce</strong></span> <span class='ocrx_word' id='word_1_178' title='bbox 1530 2640 1659 2702; x_wconf 91' lang='lat' dir='ltr'><strong>quot</strong></span> <span class='ocrx_word' id='word_1_179' title='bbox 1688 2630 1947 2685; x_wconf 87' lang='lat' dir='ltr'><strong>malorum</strong></span> <span class='ocrx_word' id='word_1_180' title='bbox 1979 2642 2106 2681; x_wconf 82' lang='lat' dir='ltr'><strong>cau-</strong></span> 
     </span>
    </p>
   </div>
   <div class='ocr_carea' id='block_1_26' title="bbox 520 2719 2106 2803">
    <p class='ocr_par' dir='ltr' id='par_1_26' title="bbox 520 2719 2106 2803">
     <span class='ocr_line' id='line_1_26' title="bbox 520 2719 2106 2803; baseline -0.013 -12"><span class='ocrx_word' id='word_1_181' title='bbox 520 2751 635 2791; x_wconf 89' lang='lat' dir='ltr'><strong>sam</strong></span> <span class='ocrx_word' id='word_1_182' title='bbox 657 2734 1018 2803; x_wconf 81' lang='lat' dir='ltr'><strong>turpissimum</strong></span> <span class='ocrx_word' id='word_1_183' title='bbox 1041 2729 1263 2783; x_wconf 65' lang='lat' dir='ltr'><strong>luxuriae</strong></span> <span class='ocrx_word' id='word_1_184' title='bbox 1294 2724 1476 2780; x_wconf 88' lang='lat' dir='ltr'><strong>vitium</strong></span> <span class='ocrx_word' id='word_1_185' title='bbox 1508 2737 1628 2778; x_wconf 87' lang='lat' dir='ltr'><strong>esse</strong></span> <span class='ocrx_word' id='word_1_186' title='bbox 1680 2723 1865 2789; x_wconf 83' lang='lat' dir='ltr'><strong>liquet.</strong></span> <span class='ocrx_word' id='word_1_187' title='bbox 1896 2719 1978 2773; x_wconf 76' lang='lat' dir='ltr'><strong>Nil</strong></span> <span class='ocrx_word' id='word_1_188' title='bbox 2002 2730 2106 2771; x_wconf 90' lang='lat' dir='ltr'><strong>tam</strong></span> 
     </span>
    </p>
   </div>
   <div class='ocr_carea' id='block_1_27' title="bbox 521 2817 2115 2894">
    <p class='ocr_par' dir='ltr' id='par_1_27' title="bbox 521 2817 2115 2894">
     <span class='ocr_line' id='line_1_27' title="bbox 521 2817 2115 2894; baseline -0.011 -12"><span class='ocrx_word' id='word_1_189' title='bbox 521 2827 692 2882; x_wconf 76' lang='lat' dir='ltr'><strong>ruina:</strong></span> <span class='ocrx_word' id='word_1_190' title='bbox 717 2825 909 2880; x_wconf 78' lang='lat' dir='ltr'><strong>anima:</strong></span> <span class='ocrx_word' id='word_1_191' title='bbox 938 2822 1136 2894; x_wconf 87' lang='lat' dir='ltr'><strong>pariter</strong></span> <span class='ocrx_word' id='word_1_192' title='bbox 1160 2830 1214 2875; x_wconf 93' lang='lat' dir='ltr'><strong>et</strong></span> <span class='ocrx_word' id='word_1_193' title='bbox 1236 2817 1477 2887; x_wconf 84' lang='lat' dir='ltr'><strong>corporis</strong></span> <span class='ocrx_word' id='word_1_194' title='bbox 1499 2824 1829 2887; x_wconf 80' lang='lat' dir='ltr'><strong>promptum,</strong></span> <span class='ocrx_word' id='word_1_195' title='bbox 1850 2820 2115 2883; x_wconf 83' lang='lat' dir='ltr'><strong>quantum</strong></span> 
     </span>
    </p>
   </div>
   <div class='ocr_carea' id='block_1_28' title="bbox 522 2904 2111 2987">
    <p class='ocr_par' dir='ltr' id='par_1_28' title="bbox 522 2904 2111 2987">
     <span class='ocr_line' id='line_1_28' title="bbox 522 2904 2111 2987; baseline -0.011 -14"><span class='ocrx_word' id='word_1_196' title='bbox 522 2918 661 2974; x_wconf 86' lang='lat' dir='ltr'><strong>istud</strong></span> <span class='ocrx_word' id='word_1_197' title='bbox 694 2916 1079 2987; x_wconf 89' lang='lat' dir='ltr'><strong>nequissimum</strong></span> <span class='ocrx_word' id='word_1_198' title='bbox 1122 2912 1353 2967; x_wconf 79' lang='lat' dir='ltr'><strong>arbitror</strong></span> <span class='ocrx_word' id='word_1_199' title='bbox 1391 2908 1586 2963; x_wconf 86' lang='lat' dir='ltr'><strong>scelus.</strong></span> <span class='ocrx_word' id='word_1_200' title='bbox 1622 2906 1695 2961; x_wconf 82' lang='lat' dir='ltr'><strong>Ex</strong></span> <span class='ocrx_word' id='word_1_201' title='bbox 1726 2904 1841 2974; x_wconf 91' lang='lat' dir='ltr'><strong>ipso</strong></span> <span class='ocrx_word' id='word_1_202' title='bbox 1882 2917 2111 2972; x_wconf 83' lang='lat' dir='ltr'><strong>namqtte</strong></span> 
     </span>
    </p>
   </div>
   <div class='ocr_carea' id='block_1_29' title="bbox 524 2993 2109 3072">
    <p class='ocr_par' dir='ltr' id='par_1_29' title="bbox 524 2993 2109 3072">
     <span class='ocr_line' id='line_1_29' title="bbox 524 2993 2109 3072; baseline -0.011 -9"><span class='ocrx_word' id='word_1_203' title='bbox 524 3008 828 3072; x_wconf 88' lang='lat' dir='ltr'><strong>homicidia,</strong></span> <span class='ocrx_word' id='word_1_204' title='bbox 852 3007 1170 3070; x_wconf 82' lang='lat' dir='ltr'><strong>ebrietates,</strong></span> <span class='ocrx_word' id='word_1_205' title='bbox 1202 3011 1257 3057; x_wconf 88' lang='lat' dir='ltr'><strong>et</strong></span> <span class='ocrx_word' id='word_1_206' title='bbox 1297 2999 1684 3064; x_wconf 85' lang='lat' dir='ltr'><strong>contentiones,</strong></span> <span class='ocrx_word' id='word_1_207' title='bbox 1715 3004 1770 3051; x_wconf 91' lang='lat' dir='ltr'><strong>et</strong></span> <span class='ocrx_word' id='word_1_208' title='bbox 1814 3010 1951 3064; x_wconf 89' lang='lat' dir='ltr'><strong>pene</strong></span> <span class='ocrx_word' id='word_1_209' title='bbox 1989 2993 2109 3047; x_wconf 85' lang='lat' dir='ltr'><strong>uni-</strong></span> 
     </span>
    </p>
   </div>
   <div class='ocr_carea' id='block_1_30' title="bbox 522 3086 2110 3157">
    <p class='ocr_par' dir='ltr' id='par_1_30' title="bbox 522 3086 2110 3157">
     <span class='ocr_line' id='line_1_30' title="bbox 522 3086 2110 3157; baseline -0.013 1"><span class='ocrx_word' id='word_1_210' title='bbox 522 3119 676 3157; x_wconf 87' lang='lat' dir='ltr'><strong>versa</strong></span> <span class='ocrx_word' id='word_1_211' title='bbox 701 3103 945 3156; x_wconf 91' lang='lat' dir='ltr'><strong>oriuntur</strong></span> <span class='ocrx_word' id='word_1_212' title='bbox 975 3098 1110 3152; x_wconf 86' lang='lat' dir='ltr'><strong>mala</strong></span> <span class='ocrx_word' id='word_1_213' title='bbox 1142 3115 1155 3151; x_wconf 91' lang='lat'><strong>:</strong></span> <span class='ocrx_word' id='word_1_214' title='bbox 1186 3103 1242 3151; x_wconf 92' lang='lat' dir='ltr'><strong>ut</strong></span> <span class='ocrx_word' id='word_1_215' title='bbox 1281 3094 1475 3149; x_wconf 87' lang='lat' dir='ltr'><strong>veteris</strong></span> <span class='ocrx_word' id='word_1_216' title='bbox 1516 3100 1571 3147; x_wconf 88' lang='lat' dir='ltr'><strong>et</strong></span> <span class='ocrx_word' id='word_1_217' title='bbox 1617 3090 1736 3146; x_wconf 87' lang='lat' dir='ltr'><strong>novi</strong></span> <span class='ocrx_word' id='word_1_218' title='bbox 1779 3086 2110 3143; x_wconf 84' lang='lat' dir='ltr'><strong>Testamenti</strong></span> 
     </span>
    </p>
   </div>
   <div class='ocr_carea' id='block_1_31' title="bbox 524 3182 2110 3267">
    <p class='ocr_par' dir='ltr' id='par_1_31' title="bbox 524 3182 2110 3267">
     <span class='ocr_line' id='line_1_31' title="bbox 524 3182 2110 3267; baseline -0.009 -15"><span class='ocrx_word' id='word_1_219' title='bbox 524 3198 745 3252; x_wconf 80' lang='lat' dir='ltr'><strong>inﬁnitis</strong></span> <span class='ocrx_word' id='word_1_220' title='bbox 771 3205 915 3267; x_wconf 88' lang='lat' dir='ltr'><strong>patet</strong></span> <span class='ocrx_word' id='word_1_221' title='bbox 939 3192 1201 3263; x_wconf 82' lang='lat' dir='ltr'><strong>exetnplis</strong></span> <span class='ocrx_word' id='word_1_222' title='bbox 1224 3208 1237 3242; x_wconf 75' lang='grc' dir='ltr'><em>ε</em></span> <span class='ocrx_word' id='word_1_223' title='bbox 1262 3205 1359 3243; x_wconf 86' lang='lat' dir='ltr'><strong>nec</strong></span> <span class='ocrx_word' id='word_1_224' title='bbox 1381 3204 1483 3242; x_wconf 85' lang='lat' dir='ltr'><strong>non</strong></span> <span class='ocrx_word' id='word_1_225' title='bbox 1508 3196 1561 3243; x_wconf 91' lang='lat' dir='ltr'><strong>et</strong></span> <span class='ocrx_word' id='word_1_226' title='bbox 1589 3184 1862 3241; x_wconf 83' lang='lat' dir='ltr'><strong>continuis</strong></span> <span class='ocrx_word' id='word_1_227' title='bbox 1889 3182 2110 3237; x_wconf 83' lang='lat' dir='ltr'><strong>manife-</strong></span> 
     </span>
    </p>
   </div>
   <div class='ocr_carea' id='block_1_32' title="bbox 526 3275 2114 3357">
    <p class='ocr_par' dir='ltr' id='par_1_32' title="bbox 526 3275 2114 3357">
     <span class='ocr_line' id='line_1_32' title="bbox 526 3275 2114 3357; baseline -0.011 -14"><span class='ocrx_word' id='word_1_228' title='bbox 526 3289 729 3355; x_wconf 88' lang='lat' dir='ltr'><strong>stisque</strong></span> <span class='ocrx_word' id='word_1_229' title='bbox 781 3282 1124 3357; x_wconf 88' lang='lat' dir='ltr'><strong>experientiis</strong></span> <span class='ocrx_word' id='word_1_230' title='bbox 1172 3280 1493 3336; x_wconf 78' lang='lat' dir='ltr'><strong>declaratur.</strong></span> <span class='ocrx_word' id='word_1_231' title='bbox 1550 3276 1628 3331; x_wconf 79' lang='lat' dir='ltr'><strong>Ad</strong></span> <span class='ocrx_word' id='word_1_232' title='bbox 1681 3275 1783 3331; x_wconf 86' lang='lat' dir='ltr'><strong>hoc</strong></span> <span class='ocrx_word' id='word_1_233' title='bbox 1828 3282 2005 3329; x_wconf 88' lang='lat' dir='ltr'><strong>autem</strong></span> <span class='ocrx_word' id='word_1_234' title='bbox 2054 3281 2114 3326; x_wconf 89' lang='lat' dir='ltr'><strong>ut</strong></span> 
     </span>
    </p>
   </div>
   <div class='ocr_carea' id='block_1_33' title="bbox 525 3367 2113 3447">
    <p class='ocr_par' dir='ltr' id='par_1_33' title="bbox 525 3367 2113 3447">
     <span class='ocr_line' id='line_1_33' title="bbox 525 3367 2113 3447; baseline -0.011 -14"><span class='ocrx_word' id='word_1_235' title='bbox 525 3375 1004 3447; x_wconf 83' lang='lat' dir='ltr'><strong>majorjuveuibus</strong></span> <span class='ocrx_word' id='word_1_236' title='bbox 1024 3373 1180 3428; x_wconf 87' lang='lat' dir='ltr'><strong>detur</strong></span> <span class='ocrx_word' id='word_1_237' title='bbox 1207 3371 1401 3425; x_wconf 80' lang='lat' dir='ltr'><strong>astutia</strong></span> <span class='ocrx_word' id='word_1_238' title='bbox 1432 3385 1491 3424; x_wconf 89' lang='lat' dir='ltr'><strong>se</strong></span> <span class='ocrx_word' id='word_1_239' title='bbox 1518 3368 1698 3422; x_wconf 91' lang='lat' dir='ltr'><strong>tuendi</strong></span> <span class='ocrx_word' id='word_1_240' title='bbox 1732 3367 1749 3437; x_wconf 94' lang='lat'>(</span> <span class='ocrx_word' id='word_1_241' title='bbox 1774 3381 1896 3421; x_wconf 86' lang='lat' dir='ltr'><strong>nam</strong></span> <span class='ocrx_word' id='word_1_242' title='bbox 1942 3372 2113 3419; x_wconf 87' lang='lat' dir='ltr'><strong>status</strong></span> 
     </span>
    </p>
   </div>
   <div class='ocr_carea' id='block_1_34' title="bbox 527 3457 2109 3538">
    <p class='ocr_par' dir='ltr' id='par_1_34' title="bbox 527 3457 2109 3538">
     <span class='ocr_line' id='line_1_34' title="bbox 527 3457 2109 3538; baseline -0.009 -15"><span class='ocrx_word' id='word_1_243' title='bbox 527 3471 666 3524; x_wconf 91' lang='lat' dir='ltr'><strong>ullus</strong></span> <span class='ocrx_word' id='word_1_244' title='bbox 695 3466 1043 3538; x_wconf 81' lang='lat' dir='ltr'><strong>periculosior</strong></span> <span class='ocrx_word' id='word_1_245' title='bbox 1068 3482 1170 3519; x_wconf 89' lang='lat' dir='ltr'><strong>non</strong></span> <span class='ocrx_word' id='word_1_246' title='bbox 1194 3475 1276 3520; x_wconf 88' lang='lat' dir='ltr'><strong>est</strong></span> <span class='ocrx_word' id='word_1_247' title='bbox 1302 3463 1599 3532; x_wconf 84' lang='lat' dir='ltr'><strong>insipientis</strong></span> <span class='ocrx_word' id='word_1_248' title='bbox 1617 3460 1907 3528; x_wconf 72' lang='lat' dir='ltr'><strong>iuventutis</strong></span> <span class='ocrx_word' id='word_1_249' title='bbox 1937 3457 2109 3527; x_wconf 85' lang='lat' dir='ltr'><strong>statu)</strong></span> 
     </span>
    </p>
   </div>
   <div class='ocr_carea' id='block_1_35' title="bbox 525 3550 2116 3625">
    <p class='ocr_par' dir='ltr' id='par_1_35' title="bbox 525 3550 2116 3625">
     <span class='ocr_line' id='line_1_35' title="bbox 525 3550 2116 3625; baseline -0.006 -11"><span class='ocrx_word' id='word_1_250' title='bbox 525 3560 668 3614; x_wconf 83' lang='lat' dir='ltr'><strong>aliud</strong></span> <span class='ocrx_word' id='word_1_251' title='bbox 695 3560 877 3615; x_wconf 87' lang='lat' dir='ltr'><strong>censui</strong></span> <span class='ocrx_word' id='word_1_252' title='bbox 904 3560 1207 3624; x_wconf 81' lang='lat' dir='ltr'><strong>exemplum</strong></span> <span class='ocrx_word' id='word_1_253' title='bbox 1237 3556 1339 3611; x_wconf 90' lang='lat' dir='ltr'><strong>mei</strong></span> <span class='ocrx_word' id='word_1_254' title='bbox 1366 3556 1574 3625; x_wconf 86' lang='lat' dir='ltr'><strong>nepotis</strong></span> <span class='ocrx_word' id='word_1_255' title='bbox 1598 3553 1738 3608; x_wconf 80' lang='lat' dir='ltr'><strong>Rulli</strong></span> <span class='ocrx_word' id='word_1_256' title='bbox 1760 3595 1773 3615; x_wconf 93' lang='lat'><strong>,</strong></span> <span class='ocrx_word' id='word_1_257' title='bbox 1796 3561 1952 3608; x_wconf 77' lang='lat' dir='ltr'><strong>:etate</strong></span> <span class='ocrx_word' id='word_1_258' title='bbox 1977 3550 2116 3606; x_wconf 84' lang='lat' dir='ltr'><strong>forte</strong></span> 
     </span>
    </p>
   </div>
   <div class='ocr_carea' id='block_1_36' title="bbox 527 3646 2113 3720">
    <p class='ocr_par' dir='ltr' id='par_1_36' title="bbox 527 3646 2113 3720">
     <span class='ocr_line' id='line_1_36' title="bbox 527 3646 2113 3720; baseline -0.006 -13"><span class='ocrx_word' id='word_1_259' title='bbox 527 3669 790 3707; x_wconf 74' lang='lat' dir='ltr'><strong>armorum</strong></span> <span class='ocrx_word' id='word_1_260' title='bbox 822 3652 1011 3709; x_wconf 87' lang='lat' dir='ltr'><strong>decem</strong></span> <span class='ocrx_word' id='word_1_261' title='bbox 1052 3663 1105 3708; x_wconf 88' lang='lat' dir='ltr'><strong>et</strong></span> <span class='ocrx_word' id='word_1_262' title='bbox 1155 3660 1308 3717; x_wconf 89' lang='lat' dir='ltr'><strong>octo,</strong></span> <span class='ocrx_word' id='word_1_263' title='bbox 1337 3664 1645 3720; x_wconf 83' lang='lat' dir='ltr'><strong>quanquam</strong></span> <span class='ocrx_word' id='word_1_264' title='bbox 1683 3647 1868 3700; x_wconf 84' lang='lat' dir='ltr'><strong>dolore</strong></span> <span class='ocrx_word' id='word_1_265' title='bbox 1914 3646 2113 3713; x_wconf 91' lang='lat' dir='ltr'><strong>nimio,</strong></span> 
     </span>
    </p>
   </div>
   <div class='ocr_carea' id='block_1_37' title="bbox 526 3747 833 3816">
    <p class='ocr_par' dir='ltr' id='par_1_37' title="bbox 526 3747 833 3816">
     <span class='ocr_line' id='line_1_37' title="bbox 526 3747 833 3816; baseline -0.003 -16"><span class='ocrx_word' id='word_1_266' title='bbox 526 3747 833 3816; x_wconf 78' lang='lat' dir='ltr'><strong>subrogare.</strong></span> 
     </span>
    </p>
   </div>
   <div class='ocr_carea' id='block_1_38' title="bbox 597 3832 2117 3906">
    <p class='ocr_par' dir='ltr' id='par_1_38' title="bbox 597 3832 2117 3906">
     <span class='ocr_line' id='line_1_38' title="bbox 597 3832 2117 3906; baseline -0.007 -11"><span class='ocrx_word' id='word_1_267' title='bbox 597 3838 725 3895; x_wconf 66' lang='lat' dir='ltr'><strong>Car.</strong></span> <span class='ocrx_word' id='word_1_268' title='bbox 777 3837 917 3893; x_wconf 80' lang='lat' dir='ltr'><strong>XIV.</strong></span> <span class='ocrx_word' id='word_1_269' title='bbox 956 3837 1072 3892; x_wconf 84' lang='lat' dir='ltr'><strong>Non</strong></span> <span class='ocrx_word' id='word_1_270' title='bbox 1111 3849 1193 3893; x_wconf 88' lang='lat' dir='ltr'><strong>est</strong></span> <span class='ocrx_word' id='word_1_271' title='bbox 1245 3837 1558 3906; x_wconf 74' lang='lat' dir='ltr'><strong>ambiguum</strong></span> <span class='ocrx_word' id='word_1_272' title='bbox 1613 3834 1712 3889; x_wconf 89' lang='lat' dir='ltr'><strong>ista</strong></span> <span class='ocrx_word' id='word_1_273' title='bbox 1751 3850 1872 3905; x_wconf 66' lang='lat' dir='ltr'><strong>qua:</strong></span> <span class='ocrx_word' id='word_1_274' title='bbox 1920 3832 2117 3902; x_wconf 77' lang='lat' dir='ltr'><strong>incipio</strong></span> 
     </span>
    </p>
   </div>
   <div class='ocr_carea' id='block_1_39' title="bbox 527 3925 2120 4001">
    <p class='ocr_par' dir='ltr' id='par_1_39' title="bbox 527 3925 2120 4001">
     <span class='ocr_line' id='line_1_39' title="bbox 527 3925 2120 4001; baseline -0.008 -15"><span class='ocrx_word' id='word_1_275' title='bbox 527 3945 781 3986; x_wconf 87' lang='lat' dir='ltr'><strong>enarrare</strong></span> <span class='ocrx_word' id='word_1_276' title='bbox 819 3930 1025 4001; x_wconf 79' lang='lat' dir='ltr'><strong>magnis</strong></span> <span class='ocrx_word' id='word_1_277' title='bbox 1054 3926 1479 3984; x_wconf 75' lang='lat' dir='ltr'><strong>tribulationibus</strong></span> <span class='ocrx_word' id='word_1_278' title='bbox 1507 3941 1639 3982; x_wconf 74' lang='lat' dir='ltr'><strong>mea:</strong></span> <span class='ocrx_word' id='word_1_279' title='bbox 1667 3925 1937 3980; x_wconf 73' lang='lat' dir='ltr'><strong>memoria:</strong></span> <span class='ocrx_word' id='word_1_280' title='bbox 1966 3938 2120 3978; x_wconf 90' lang='lat' dir='ltr'><strong>revo-</strong></span> 
     </span>
    </p>
   </div>
   <div class='ocr_carea' id='block_1_40' title="bbox 527 4016 2121 4093">
    <p class='ocr_par' dir='ltr' id='par_1_40' title="bbox 527 4016 2121 4093">
     <span class='ocr_line' id='line_1_40' title="bbox 527 4016 2121 4093; baseline -0.005 -18"><span class='ocrx_word' id='word_1_281' title='bbox 527 4022 791 4079; x_wconf 78' lang='lat' dir='ltr'><strong>carizscd</strong></span> <span class='ocrx_word' id='word_1_282' title='bbox 820 4030 996 4077; x_wconf 87' lang='lat' dir='ltr'><strong>tamen</strong></span> <span class='ocrx_word' id='word_1_283' title='bbox 1027 4031 1084 4075; x_wconf 92' lang='lat' dir='ltr'><strong>ut</strong></span> <span class='ocrx_word' id='word_1_284' title='bbox 1133 4025 1462 4093; x_wconf 61' lang='lat' dir='ltr'><strong>prmmissum</strong></span> <span class='ocrx_word' id='word_1_285' title='bbox 1504 4030 1606 4084; x_wconf 88' lang='lat' dir='ltr'><strong>est,</strong></span> <span class='ocrx_word' id='word_1_286' title='bbox 1658 4026 1717 4072; x_wconf 92' lang='lat' dir='ltr'><strong>ut</strong></span> <span class='ocrx_word' id='word_1_287' title='bbox 1770 4016 2019 4072; x_wconf 88' lang='lat' dir='ltr'><strong>omnibus</strong></span> <span class='ocrx_word' id='word_1_288' title='bbox 2064 4021 2121 4069; x_wconf 89' lang='lat' dir='ltr'><strong>et</strong></span> 
     </span>
    </p>
   </div>
   <div class='ocr_carea' id='block_1_41' title="bbox 527 4105 2119 4183">
    <p class='ocr_par' dir='ltr' id='par_1_41' title="bbox 527 4105 2119 4183">
     <span class='ocr_line' id='line_1_41' title="bbox 527 4105 2119 4183; baseline -0.004 -17"><span class='ocrx_word' id='word_1_289' title='bbox 527 4114 760 4167; x_wconf 81' lang='lat' dir='ltr'><strong>maxime</strong></span> <span class='ocrx_word' id='word_1_290' title='bbox 793 4112 1078 4182; x_wconf 75' lang='lat' dir='ltr'><strong>juvenibus</strong></span> <span class='ocrx_word' id='word_1_291' title='bbox 1112 4112 1387 4183; x_wconf 86' lang='lat' dir='ltr'><strong>proveniat</strong></span> <span class='ocrx_word' id='word_1_292' title='bbox 1422 4112 1474 4165; x_wconf 91' lang='lat' dir='ltr'><strong>in</strong></span> <span class='ocrx_word' id='word_1_293' title='bbox 1525 4109 1848 4179; x_wconf 87' lang='lat' dir='ltr'><strong>exemplum.</strong></span> <span class='ocrx_word' id='word_1_294' title='bbox 1903 4105 2119 4161; x_wconf 86' lang='lat' dir='ltr'><strong>silentio</strong></span> 
     </span>
    </p>
   </div>
   <div class='ocr_carea' id='block_1_42' title="bbox 532 4196 2121 4273">
    <p class='ocr_par' dir='ltr' id='par_1_42' title="bbox 532 4196 2121 4273">
     <span class='ocr_line' id='line_1_42' title="bbox 532 4196 2121 4273; baseline -0.005 -16"><span class='ocrx_word' id='word_1_295' title='bbox 532 4204 621 4257; x_wconf 87' lang='lat' dir='ltr'><strong>illa</strong></span> <span class='ocrx_word' id='word_1_296' title='bbox 665 4218 873 4273; x_wconf 89' lang='lat' dir='ltr'><strong>nequeo</strong></span> <span class='ocrx_word' id='word_1_297' title='bbox 923 4203 1219 4273; x_wconf 58' lang='lat' dir='ltr'><strong>praeterire.</strong></span> <span class='ocrx_word' id='word_1_298' title='bbox 1269 4202 1447 4273; x_wconf 84' lang='lat' dir='ltr'><strong>Nepos</strong></span> <span class='ocrx_word' id='word_1_299' title='bbox 1489 4201 1702 4271; x_wconf 83' lang='lat' dir='ltr'><strong>quidam</strong></span> <span class='ocrx_word' id='word_1_300' title='bbox 1736 4215 1885 4253; x_wconf 89' lang='lat' dir='ltr'><strong>meus</strong></span> <span class='ocrx_word' id='word_1_301' title='bbox 1934 4196 2121 4252; x_wconf 81' lang='lat' dir='ltr'><strong>Ruffus</strong></span> 
     </span>
    </p>
   </div>
   <div class='ocr_carea' id='block_1_43' title="bbox 532 4288 2121 4363">
    <p class='ocr_par' dir='ltr' id='par_1_43' title="bbox 532 4288 2121 4363">
     <span class='ocr_line' id='line_1_43' title="bbox 532 4288 2121 4363; baseline -0.004 -17"><span class='ocrx_word' id='word_1_302' title='bbox 532 4297 767 4357; x_wconf 85' lang='lat' dir='ltr'><strong>nomine,</strong></span> <span class='ocrx_word' id='word_1_303' title='bbox 800 4304 1023 4363; x_wconf 89' lang='lat' dir='ltr'><strong>utroque</strong></span> <span class='ocrx_word' id='word_1_304' title='bbox 1047 4293 1280 4361; x_wconf 83' lang='lat' dir='ltr'><strong>privatus</strong></span> <span class='ocrx_word' id='word_1_305' title='bbox 1307 4300 1527 4363; x_wconf 88' lang='lat' dir='ltr'><strong>parente</strong></span> <span class='ocrx_word' id='word_1_306' title='bbox 1553 4289 1834 4344; x_wconf 84' lang='lat' dir='ltr'><strong>anniculus</strong></span> <span class='ocrx_word' id='word_1_307' title='bbox 1870 4288 1938 4342; x_wconf 87' lang='lat' dir='ltr'><strong>ad</strong></span> <span class='ocrx_word' id='word_1_308' title='bbox 1970 4300 2121 4341; x_wconf 88' lang='lat' dir='ltr'><strong>meas</strong></span> 
     </span>
    </p>
   </div>
   <div class='ocr_carea' id='block_1_44' title="bbox 530 4379 2119 4453">
    <p class='ocr_par' dir='ltr' id='par_1_44' title="bbox 530 4379 2119 4453">
     <span class='ocr_line' id='line_1_44' title="bbox 530 4379 2119 4453; baseline -0.004 -16"><span class='ocrx_word' id='word_1_309' title='bbox 530 4384 746 4439; x_wconf 84' lang='lat' dir='ltr'><strong>devenit</strong></span> <span class='ocrx_word' id='word_1_310' title='bbox 766 4398 993 4438; x_wconf 84' lang='lat' dir='ltr'><strong>manus:</strong></span> <span class='ocrx_word' id='word_1_311' title='bbox 1022 4384 1109 4453; x_wconf 91' lang='lat' dir='ltr'><strong>qui</strong></span> <span class='ocrx_word' id='word_1_312' title='bbox 1130 4381 1329 4435; x_wconf 81' lang='lat' dir='ltr'><strong>utinam</strong></span> <span class='ocrx_word' id='word_1_313' title='bbox 1361 4396 1425 4436; x_wconf 88' lang='lat' dir='ltr'><strong>ex</strong></span> <span class='ocrx_word' id='word_1_314' title='bbox 1469 4382 1653 4435; x_wconf 84' lang='lat' dir='ltr'><strong>matris</strong></span> <span class='ocrx_word' id='word_1_315' title='bbox 1680 4379 1972 4433; x_wconf 86' lang='lat' dir='ltr'><strong>visceribus</strong></span> <span class='ocrx_word' id='word_1_316' title='bbox 2012 4393 2119 4431; x_wconf 90' lang='lat' dir='ltr'><strong>non</strong></span> 
     </span>
    </p>
   </div>
   <div class='ocr_carea' id='block_1_45' title="bbox 533 4470 2119 4543">
    <p class='ocr_par' dir='ltr' id='par_1_45' title="bbox 533 4470 2119 4543">
     <span class='ocr_line' id='line_1_45' title="bbox 533 4470 2119 4543; baseline -0.005 -14"><span class='ocrx_word' id='word_1_317' title='bbox 533 4477 751 4541; x_wconf 76' lang='lat' dir='ltr'><strong>exisset,</strong></span> <span class='ocrx_word' id='word_1_318' title='bbox 787 4488 854 4529; x_wconf 90' lang='lat' dir='ltr'><strong>ue</strong></span> <span class='ocrx_word' id='word_1_319' title='bbox 887 4473 959 4528; x_wconf 90' lang='lat' dir='ltr'><strong>illi</strong></span> <span class='ocrx_word' id='word_1_320' title='bbox 991 4472 1133 4543; x_wconf 86' lang='lat' dir='ltr'><strong>quod</strong></span> <span class='ocrx_word' id='word_1_321' title='bbox 1162 4474 1385 4527; x_wconf 87' lang='lat' dir='ltr'><strong>sustinet</strong></span> <span class='ocrx_word' id='word_1_322' title='bbox 1409 4470 1739 4540; x_wconf 81' lang='lat' dir='ltr'><strong>contigisset.</strong></span> <span class='ocrx_word' id='word_1_323' title='bbox 1780 4470 1949 4537; x_wconf 76' lang='lat' dir='ltr'><strong>Quem</strong></span> <span class='ocrx_word' id='word_1_324' title='bbox 1977 4479 2119 4522; x_wconf 86' lang='lat' dir='ltr'><strong>tanta</strong></span> 
     </span>
    </p>
   </div>
   <div class='ocr_carea' id='block_1_46' title="bbox 535 4561 2119 4635">
    <p class='ocr_par' dir='ltr' id='par_1_46' title="bbox 535 4561 2119 4635">
     <span class='ocr_line' id='line_1_46' title="bbox 535 4561 2119 4635; baseline -0.004 -15"><span class='ocrx_word' id='word_1_325' title='bbox 535 4567 811 4635; x_wconf 78' lang='lat' dir='ltr'><strong>diligentia</strong></span> <span class='ocrx_word' id='word_1_326' title='bbox 834 4582 930 4621; x_wconf 88' lang='lat' dir='ltr'><strong>suo</strong></span> <span class='ocrx_word' id='word_1_327' title='bbox 960 4564 1249 4620; x_wconf 84' lang='lat' dir='ltr'><strong>infortunio</strong></span> <span class='ocrx_word' id='word_1_328' title='bbox 1275 4562 1527 4628; x_wconf 88' lang='lat' dir='ltr'><strong>euutrivi,</strong></span> <span class='ocrx_word' id='word_1_329' title='bbox 1559 4572 1615 4616; x_wconf 89' lang='lat' dir='ltr'><strong>ut</strong></span> <span class='ocrx_word' id='word_1_330' title='bbox 1644 4577 1673 4614; x_wconf 90' lang='lat' dir='ltr'><strong>a</strong></span> <span class='ocrx_word' id='word_1_331' title='bbox 1701 4561 1939 4632; x_wconf 86' lang='lat' dir='ltr'><strong>pluribus</strong></span> <span class='ocrx_word' id='word_1_332' title='bbox 1972 4576 2002 4614; x_wconf 88' lang='lat' dir='ltr'><strong>a</strong></span> <span class='ocrx_word' id='word_1_333' title='bbox 2033 4576 2119 4614; x_wconf 90' lang='lat' dir='ltr'><strong>me</strong></span> 
     </span>
    </p>
   </div>
   <div class='ocr_carea' id='block_1_47' title="bbox 532 4651 2122 4729">
    <p class='ocr_par' dir='ltr' id='par_1_47' title="bbox 532 4651 2122 4729">
     <span class='ocr_line' id='line_1_47' title="bbox 532 4651 2122 4729; baseline -0.003 -16"><span class='ocrx_word' id='word_1_334' title='bbox 532 4660 743 4729; x_wconf 73' lang='lat' dir='ltr'><strong>genitus</strong></span> <span class='ocrx_word' id='word_1_335' title='bbox 765 4666 1058 4727; x_wconf 88' lang='lat' dir='ltr'><strong>putaretur.</strong></span> <span class='ocrx_word' id='word_1_336' title='bbox 1078 4656 1341 4711; x_wconf 73' lang='lat' dir='ltr'><strong>Crescens</strong></span> <span class='ocrx_word' id='word_1_337' title='bbox 1366 4657 1544 4725; x_wconf 83' lang='lat' dir='ltr'><strong>itaque</strong></span> <span class='ocrx_word' id='word_1_338' title='bbox 1570 4655 1623 4709; x_wconf 88' lang='lat' dir='ltr'><strong>in</strong></span> <span class='ocrx_word' id='word_1_339' title='bbox 1658 4654 1800 4710; x_wconf 88' lang='lat' dir='ltr'><strong>diem</strong></span> <span class='ocrx_word' id='word_1_340' title='bbox 1832 4670 1963 4724; x_wconf 85' lang='lat' dir='ltr'><strong>puer</strong></span> <span class='ocrx_word' id='word_1_341' title='bbox 1987 4651 2122 4709; x_wconf 87' lang='lat' dir='ltr'><strong>infe-</strong></span> 
     </span>
    </p>
   </div>
   <div class='ocr_carea' id='block_1_48' title="bbox 536 4745 2123 4819">
    <p class='ocr_par' dir='ltr' id='par_1_48' title="bbox 536 4745 2123 4819">
     <span class='ocr_line' id='line_1_48' title="bbox 536 4745 2123 4819; baseline 0.001 -18"><span class='ocrx_word' id='word_1_342' title='bbox 536 4750 609 4802; x_wconf 87' lang='lat' dir='ltr'><strong>lix</strong></span> <span class='ocrx_word' id='word_1_343' title='bbox 647 4757 826 4813; x_wconf 65' lang='lat' dir='ltr'><strong>aetate,</strong></span> <span class='ocrx_word' id='word_1_344' title='bbox 871 4748 965 4803; x_wconf 90' lang='lat' dir='ltr'><strong>sed</strong></span> <span class='ocrx_word' id='word_1_345' title='bbox 997 4766 1101 4803; x_wconf 89' lang='lat' dir='ltr'><strong>non</strong></span> <span class='ocrx_word' id='word_1_346' title='bbox 1145 4749 1403 4818; x_wconf 75' lang='lat' dir='ltr'><strong>sapientia</strong></span> <span class='ocrx_word' id='word_1_347' title='bbox 1438 4764 1454 4803; x_wconf 90' lang='lat'><strong>:</strong></span> <span class='ocrx_word' id='word_1_348' title='bbox 1489 4748 1689 4819; x_wconf 78' lang='lat' dir='ltr'><strong>ingenti</strong></span> <span class='ocrx_word' id='word_1_349' title='bbox 1734 4745 2123 4816; x_wconf 86' lang='lat' dir='ltr'><strong>pulchritudine</strong></span> 
     </span>
    </p>
   </div>
   <div class='ocr_carea' id='block_1_49' title="bbox 533 4836 2125 4909">
    <p class='ocr_par' dir='ltr' id='par_1_49' title="bbox 533 4836 2125 4909">
     <span class='ocr_line' id='line_1_49' title="bbox 533 4836 2125 4909; baseline 0 -18"><span class='ocrx_word' id='word_1_350' title='bbox 533 4838 796 4907; x_wconf 87' lang='lat' dir='ltr'><strong>corporis,</strong></span> <span class='ocrx_word' id='word_1_351' title='bbox 824 4837 917 4892; x_wconf 88' lang='lat' dir='ltr'><strong>sed</strong></span> <span class='ocrx_word' id='word_1_352' title='bbox 945 4854 1048 4891; x_wconf 92' lang='lat' dir='ltr'><strong>non</strong></span> <span class='ocrx_word' id='word_1_353' title='bbox 1072 4838 1287 4902; x_wconf 73' lang='lat' dir='ltr'><strong>animm,</strong></span> <span class='ocrx_word' id='word_1_354' title='bbox 1314 4838 1630 4909; x_wconf 88' lang='lat' dir='ltr'><strong>decorisque</strong></span> <span class='ocrx_word' id='word_1_355' title='bbox 1650 4847 1704 4892; x_wconf 90' lang='lat' dir='ltr'><strong>et</strong></span> <span class='ocrx_word' id='word_1_356' title='bbox 1730 4836 1915 4907; x_wconf 85' lang='lat' dir='ltr'><strong>probis</strong></span> <span class='ocrx_word' id='word_1_357' title='bbox 1960 4838 2125 4891; x_wconf 89' lang='lat' dir='ltr'><strong>mori-</strong></span> 
     </span>
    </p>
   </div>
   <div class='ocr_carea' id='block_1_50' title="bbox 535 4929 2123 5001">
    <p class='ocr_par' dir='ltr' id='par_1_50' title="bbox 535 4929 2123 5001">
     <span class='ocr_line' id='line_1_50' title="bbox 535 4929 2123 5001; baseline 0 -18"><span class='ocrx_word' id='word_1_358' title='bbox 535 4930 654 4994; x_wconf 89' lang='lat' dir='ltr'><strong>bus,</strong></span> <span class='ocrx_word' id='word_1_359' title='bbox 687 4929 986 4992; x_wconf 86' lang='lat' dir='ltr'><strong>honestate,</strong></span> <span class='ocrx_word' id='word_1_360' title='bbox 1018 4930 1251 4984; x_wconf 80' lang='lat' dir='ltr'><strong>bonitate</strong></span> <span class='ocrx_word' id='word_1_361' title='bbox 1278 4940 1333 4982; x_wconf 87' lang='lat' dir='ltr'><strong>et</strong></span> <span class='ocrx_word' id='word_1_362' title='bbox 1360 4930 1541 4984; x_wconf 74' lang='lat' dir='ltr'><strong>multa:</strong></span> <span class='ocrx_word' id='word_1_363' title='bbox 1560 4930 1836 4999; x_wconf 71' lang='lat' dir='ltr'><strong>sapientiae</strong></span> <span class='ocrx_word' id='word_1_364' title='bbox 1861 4929 2123 5001; x_wconf 72' lang='lat' dir='ltr'><strong>elegantia</strong></span> 
     </span>
    </p>
   </div>
   <div class='ocr_carea' id='block_1_51' title="bbox 534 5020 2120 5090">
    <p class='ocr_par' dir='ltr' id='par_1_51' title="bbox 534 5020 2120 5090">
     <span class='ocr_line' id='line_1_51' title="bbox 534 5020 2120 5090; baseline 0 -16"><span class='ocrx_word' id='word_1_365' title='bbox 534 5035 838 5090; x_wconf 88' lang='lat' dir='ltr'><strong>quanquam</strong></span> <span class='ocrx_word' id='word_1_366' title='bbox 880 5035 1017 5073; x_wconf 82' lang='lat' dir='ltr'><strong>vane</strong></span> <span class='ocrx_word' id='word_1_367' title='bbox 1060 5020 1363 5085; x_wconf 87' lang='lat' dir='ltr'><strong>decoratus,</strong></span> <span class='ocrx_word' id='word_1_368' title='bbox 1394 5036 1424 5073; x_wconf 86' lang='lat' dir='ltr'><strong>a</strong></span> <span class='ocrx_word' id='word_1_369' title='bbox 1452 5021 1659 5075; x_wconf 90' lang='lat' dir='ltr'><strong>cunctis</strong></span> <span class='ocrx_word' id='word_1_370' title='bbox 1710 5020 1996 5075; x_wconf 85' lang='lat' dir='ltr'><strong>dilectione</strong></span> <span class='ocrx_word' id='word_1_371' title='bbox 2024 5036 2120 5074; x_wconf 85' lang='lat' dir='ltr'><strong>stt-</strong></span> 
     </span>
    </p>
   </div>
   <div class='ocr_carea' id='block_1_52' title="bbox 536 5110 2124 5182">
    <p class='ocr_par' dir='ltr' id='par_1_52' title="bbox 536 5110 2124 5182">
     <span class='ocr_line' id='line_1_52' title="bbox 536 5110 2124 5182; baseline 0 -16"><span class='ocrx_word' id='word_1_372' title='bbox 536 5112 738 5182; x_wconf 87' lang='lat' dir='ltr'><strong>perllua</strong></span> <span class='ocrx_word' id='word_1_373' title='bbox 768 5110 1063 5166; x_wconf 85' lang='lat' dir='ltr'><strong>colebatur.</strong></span> <span class='ocrx_word' id='word_1_374' title='bbox 1094 5110 1141 5165; x_wconf 88' lang='lat' dir='ltr'><strong>Is</strong></span> <span class='ocrx_word' id='word_1_375' title='bbox 1168 5127 1394 5182; x_wconf 88' lang='lat' dir='ltr'><strong>namque</strong></span> <span class='ocrx_word' id='word_1_376' title='bbox 1419 5112 1473 5166; x_wconf 91' lang='lat' dir='ltr'><strong>in</strong></span> <span class='ocrx_word' id='word_1_377' title='bbox 1506 5111 1717 5165; x_wconf 89' lang='lat' dir='ltr'><strong>decimo</strong></span> <span class='ocrx_word' id='word_1_378' title='bbox 1743 5122 1933 5165; x_wconf 88' lang='lat' dir='ltr'><strong>octavo</strong></span> <span class='ocrx_word' id='word_1_379' title='bbox 1953 5112 2124 5166; x_wconf 72' lang='lat' dir='ltr'><strong>mtatis</strong></span> 
     </span>
    </p>
   </div>
   <div class='ocr_carea' id='block_1_53' title="bbox 536 5201 2125 5272">
    <p class='ocr_par' dir='ltr' id='par_1_53' title="bbox 536 5201 2125 5272">
     <span class='ocr_line' id='line_1_53' title="bbox 536 5201 2125 5272; baseline 0 -15"><span class='ocrx_word' id='word_1_380' title='bbox 536 5219 651 5257; x_wconf 71' lang='lat' dir='ltr'><strong>sua:</strong></span> <span class='ocrx_word' id='word_1_381' title='bbox 665 5219 827 5268; x_wconf 90' lang='lat' dir='ltr'><strong>anno,</strong></span> <span class='ocrx_word' id='word_1_382' title='bbox 849 5202 1132 5257; x_wconf 78' lang='lat' dir='ltr'><strong>imbecdlis</strong></span> <span class='ocrx_word' id='word_1_383' title='bbox 1152 5211 1207 5255; x_wconf 90' lang='lat' dir='ltr'><strong>et</strong></span> <span class='ocrx_word' id='word_1_384' title='bbox 1222 5203 1551 5256; x_wconf 88' lang='lat' dir='ltr'><strong>miserrimus</strong></span> <span class='ocrx_word' id='word_1_385' title='bbox 1569 5202 1874 5272; x_wconf 78' lang='lat' dir='ltr'><strong>exspiravit.</strong></span> <span class='ocrx_word' id='word_1_386' title='bbox 1903 5201 2125 5271; x_wconf 83' lang='lat' dir='ltr'><strong>Propter</strong></span> 
     </span>
    </p>
   </div>
   <div class='ocr_carea' id='block_1_54' title="bbox 536 5292 2124 5363">
    <p class='ocr_par' dir='ltr' id='par_1_54' title="bbox 536 5292 2124 5363">
     <span class='ocr_line' id='line_1_54' title="bbox 536 5292 2124 5363; baseline 0.002 -18"><span class='ocrx_word' id='word_1_387' title='bbox 536 5310 695 5363; x_wconf 89' lang='lat' dir='ltr'><strong>quem</strong></span> <span class='ocrx_word' id='word_1_388' title='bbox 754 5303 931 5347; x_wconf 89' lang='lat' dir='ltr'><strong>tantus</strong></span> <span class='ocrx_word' id='word_1_389' title='bbox 977 5294 1043 5347; x_wconf 89' lang='lat' dir='ltr'><strong>ab</strong></span> <span class='ocrx_word' id='word_1_390' title='bbox 1088 5292 1336 5346; x_wconf 88' lang='lat' dir='ltr'><strong>omnibus</strong></span> <span class='ocrx_word' id='word_1_391' title='bbox 1363 5294 1543 5348; x_wconf 84' lang='lat' dir='ltr'><strong>sonuit</strong></span> <span class='ocrx_word' id='word_1_392' title='bbox 1582 5294 1776 5358; x_wconf 90' lang='lat' dir='ltr'><strong>luctus,</strong></span> <span class='ocrx_word' id='word_1_393' title='bbox 1818 5303 1875 5346; x_wconf 92' lang='lat' dir='ltr'><strong>ut</strong></span> <span class='ocrx_word' id='word_1_394' title='bbox 1918 5294 2003 5347; x_wconf 90' lang='lat' dir='ltr'><strong>vix</strong></span> <span class='ocrx_word' id='word_1_395' title='bbox 2030 5309 2124 5363; x_wconf 88' lang='lat' dir='ltr'><strong>per</strong></span> 
     </span>
    </p>
   </div>
   <div class='ocr_carea' id='block_1_55' title="bbox 536 5382 2124 5453">
    <p class='ocr_par' dir='ltr' id='par_1_55' title="bbox 536 5382 2124 5453">
     <span class='ocr_line' id='line_1_55' title="bbox 536 5382 2124 5453; baseline -0.001 -13"><span class='ocrx_word' id='word_1_396' title='bbox 536 5400 778 5440; x_wconf 87' lang='lat' dir='ltr'><strong>mensem</strong></span> <span class='ocrx_word' id='word_1_397' title='bbox 834 5384 994 5437; x_wconf 88' lang='lat' dir='ltr'><strong>linem</strong></span> <span class='ocrx_word' id='word_1_398' title='bbox 1045 5382 1275 5453; x_wconf 90' lang='lat' dir='ltr'><strong>potuerit</strong></span> <span class='ocrx_word' id='word_1_399' title='bbox 1325 5383 1583 5438; x_wconf 86' lang='lat' dir='ltr'><strong>invenire.</strong></span> <span class='ocrx_word' id='word_1_400' title='bbox 1629 5382 1734 5438; x_wconf 90' lang='lat' dir='ltr'><strong>Sed</strong></span> <span class='ocrx_word' id='word_1_401' title='bbox 1775 5393 1920 5438; x_wconf 89' lang='lat' dir='ltr'><strong>certe</strong></span> <span class='ocrx_word' id='word_1_402' title='bbox 1944 5385 2124 5439; x_wconf 84' lang='lat' dir='ltr'><strong>luctus</strong></span> 
     </span>
    </p>
   </div>
   <div class='ocr_carea' id='block_1_56' title="bbox 538 5476 2126 5549">
    <p class='ocr_par' dir='ltr' id='par_1_56' title="bbox 538 5476 2126 5549">
     <span class='ocr_line' id='line_1_56' title="bbox 538 5476 2126 5549; baseline 0.001 -16"><span class='ocrx_word' id='word_1_403' title='bbox 538 5494 637 5549; x_wconf 90' lang='lat' dir='ltr'><strong>pro</strong></span> <span class='ocrx_word' id='word_1_404' title='bbox 658 5494 723 5533; x_wconf 90' lang='lat' dir='ltr'><strong>eo</strong></span> <span class='ocrx_word' id='word_1_405' title='bbox 743 5477 886 5549; x_wconf 88' lang='lat' dir='ltr'><strong>quod</strong></span> <span class='ocrx_word' id='word_1_406' title='bbox 912 5485 1167 5532; x_wconf 81' lang='lat' dir='ltr'><strong>evenerat</strong></span> <span class='ocrx_word' id='word_1_407' title='bbox 1188 5490 1292 5530; x_wconf 90' lang='lat' dir='ltr'><strong>non</strong></span> <span class='ocrx_word' id='word_1_408' title='bbox 1319 5476 1546 5533; x_wconf 83' lang='lat' dir='ltr'><strong>suﬂ‘ecit.</strong></span> <span class='ocrx_word' id='word_1_409' title='bbox 1575 5480 1671 5533; x_wconf 86' lang='lat' dir='ltr'><strong>Ast</strong></span> <span class='ocrx_word' id='word_1_410' title='bbox 1687 5493 1788 5548; x_wconf 74' lang='lat' dir='ltr'><strong>ego</strong></span> <span class='ocrx_word' id='word_1_411' title='bbox 1808 5478 1924 5548; x_wconf 68' lang='lat' dir='ltr'><strong>eius</strong></span> <span class='ocrx_word' id='word_1_412' title='bbox 1947 5480 2126 5535; x_wconf 63' lang='lat' dir='ltr'><strong>nimia:</strong></span> 
     </span>
    </p>
   </div>
   <div class='ocr_carea' id='block_1_57' title="bbox 538 5566 2126 5641">
    <p class='ocr_par' dir='ltr' id='par_1_57' title="bbox 538 5566 2126 5641">
     <span class='ocr_line' id='line_1_57' title="bbox 538 5566 2126 5641; baseline 0.002 -17"><span class='ocrx_word' id='word_1_413' title='bbox 538 5569 856 5625; x_wconf 89' lang='lat' dir='ltr'><strong>incumbens</strong></span> <span class='ocrx_word' id='word_1_414' title='bbox 882 5567 1176 5632; x_wconf 85' lang='lat' dir='ltr'><strong>dilectioni,</strong></span> <span class='ocrx_word' id='word_1_415' title='bbox 1225 5566 1422 5636; x_wconf 89' lang='lat' dir='ltr'><strong>pluries</strong></span> <span class='ocrx_word' id='word_1_416' title='bbox 1466 5569 1755 5639; x_wconf 77' lang='lat' dir='ltr'><strong>gloriosum</strong></span> <span class='ocrx_word' id='word_1_417' title='bbox 1787 5571 1964 5641; x_wconf 78' lang='lat' dir='ltr'><strong>rogavi</strong></span> <span class='ocrx_word' id='word_1_418' title='bbox 2004 5571 2126 5627; x_wconf 81' lang='lat' dir='ltr'><strong>Hie—</strong></span> 
     </span>
    </p>
   </div>
   <div class='ocr_carea' id='block_1_58' title="bbox 540 5658 2123 5731">
    <p class='ocr_par' dir='ltr' id='par_1_58' title="bbox 540 5658 2123 5731">
     <span class='ocr_line' id='line_1_58' title="bbox 540 5658 2123 5731; baseline 0.002 -17"><span class='ocrx_word' id='word_1_419' title='bbox 540 5676 847 5731; x_wconf 83' lang='lat' dir='ltr'><strong>ronymum,</strong></span> <span class='ocrx_word' id='word_1_420' title='bbox 877 5669 933 5714; x_wconf 90' lang='lat' dir='ltr'><strong>ut</strong></span> <span class='ocrx_word' id='word_1_421' title='bbox 953 5659 1079 5713; x_wconf 88' lang='lat' dir='ltr'><strong>mihi</strong></span> <span class='ocrx_word' id='word_1_422' title='bbox 1106 5658 1231 5728; x_wconf 91' lang='lat' dir='ltr'><strong>quid</strong></span> <span class='ocrx_word' id='word_1_423' title='bbox 1264 5660 1441 5728; x_wconf 89' lang='lat' dir='ltr'><strong>nepoti</strong></span> <span class='ocrx_word' id='word_1_424' title='bbox 1473 5676 1595 5716; x_wconf 91' lang='lat' dir='ltr'><strong>meo</strong></span> <span class='ocrx_word' id='word_1_425' title='bbox 1615 5660 1888 5717; x_wconf 88' lang='lat' dir='ltr'><strong>acciderat</strong></span> <span class='ocrx_word' id='word_1_426' title='bbox 1914 5664 2123 5719; x_wconf 86' lang='lat' dir='ltr'><strong>revela-</strong></span> 
     </span>
    </p>
   </div>
   <div class='ocr_carea' id='block_1_59' title="bbox 539 5750 2127 5824">
    <p class='ocr_par' dir='ltr' id='par_1_59' title="bbox 539 5750 2127 5824">
     <span class='ocr_line' id='line_1_59' title="bbox 539 5750 2127 5824; baseline 0.003 -18"><span class='ocrx_word' id='word_1_427' title='bbox 539 5761 646 5806; x_wconf 84' lang='lat' dir='ltr'><strong>ret.</strong></span> <span class='ocrx_word' id='word_1_428' title='bbox 677 5751 838 5821; x_wconf 81' lang='lat' dir='ltr'><strong>Igitur</strong></span> <span class='ocrx_word' id='word_1_429' title='bbox 862 5752 995 5807; x_wconf 78' lang='lat' dir='ltr'><strong>meis</strong></span> <span class='ocrx_word' id='word_1_430' title='bbox 1023 5764 1266 5807; x_wconf 79' lang='lat' dir='ltr'><strong>annuens</strong></span> <span class='ocrx_word' id='word_1_431' title='bbox 1294 5750 1559 5819; x_wconf 83' lang='lat' dir='ltr'><strong>gloriosus</strong></span> <span class='ocrx_word' id='word_1_432' title='bbox 1605 5752 1959 5824; x_wconf 81' lang='lat' dir='ltr'><strong>Hieronymus</strong></span> <span class='ocrx_word' id='word_1_433' title='bbox 2008 5772 2127 5823; x_wconf 87' lang='lat' dir='ltr'><strong>pre-</strong></span> 
     </span>
    </p>
   </div>
   <div class='ocr_carea' id='block_1_60' title="bbox 541 5836 2122 5913">
    <p class='ocr_par' dir='ltr' id='par_1_60' title="bbox 541 5836 2122 5913">
     <span class='ocr_line' id='line_1_60' title="bbox 541 5836 2122 5913; baseline 0.003 -17"><span class='ocrx_word' id='word_1_434' title='bbox 541 5836 715 5910; x_wconf 84' lang='lat' dir='ltr'><strong>cibus,</strong></span> <span class='ocrx_word' id='word_1_435' title='bbox 743 5843 947 5899; x_wconf 85' lang='lat' dir='ltr'><strong>obtinui</strong></span> <span class='ocrx_word' id='word_1_436' title='bbox 977 5842 1115 5913; x_wconf 83' lang='lat' dir='ltr'><strong>quod</strong></span> <span class='ocrx_word' id='word_1_437' title='bbox 1147 5842 1452 5911; x_wconf 65' lang='lat' dir='ltr'><strong>gliscebant.</strong></span> <span class='ocrx_word' id='word_1_438' title='bbox 1493 5844 1676 5900; x_wconf 82' lang='lat' dir='ltr'><strong>Oranti</strong></span> <span class='ocrx_word' id='word_1_439' title='bbox 1706 5846 1846 5900; x_wconf 85' lang='lat' dir='ltr'><strong>enim</strong></span> <span class='ocrx_word' id='word_1_440' title='bbox 1879 5847 2007 5901; x_wconf 87' lang='lat' dir='ltr'><strong>mihi</strong></span> <span class='ocrx_word' id='word_1_441' title='bbox 2030 5848 2122 5901; x_wconf 80' lang='lat' dir='ltr'><strong>die</strong></span> 
     </span>
    </p>
   </div>
   <div class='ocr_carea' id='block_1_61' title="bbox 1669 396 2603 460">
    <p class='ocr_par' dir='ltr' id='par_1_61' title="bbox 1669 396 2603 460">
     <span class='ocr_line' id='line_1_61' title="bbox 1669 396 2603 460; baseline -0.005 0"><span class='ocrx_word' id='word_1_442' title='bbox 1669 405 1759 460; x_wconf 79' lang='lat' dir='ltr'><strong>DE</strong></span> <span class='ocrx_word' id='word_1_443' title='bbox 1797 404 1957 459; x_wconf 68' lang='lat' dir='ltr'><strong>sum</strong></span> <span class='ocrx_word' id='word_1_444' title='bbox 1967 401 2053 456; x_wconf 74' lang='grc' dir='ltr'>Εἰ]</span> <span class='ocrx_word' id='word_1_445' title='bbox 2064 400 2165 455; x_wconf 69' lang='lat' dir='ltr'><strong>LIB</strong></span> <span class='ocrx_word' id='word_1_446' title='bbox 2204 396 2603 455; x_wconf 63' lang='lat' dir='ltr'><strong>IIIERONYSH.</strong></span> 
     </span>
    </p>
   </div>
   <div class='ocr_carea' id='block_1_62' title="bbox 3675 406 3796 464">
    <p class='ocr_par' dir='ltr' id='par_1_62' title="bbox 3675 406 3796 464">
     <span class='ocr_line' id='line_1_62' title="bbox 3675 406 3796 464; baseline 0 0"><span class='ocrx_word' id='word_1_447' title='bbox 3675 406 3796 464; x_wconf 63' lang='grc' dir='ltr'><strong>5η*</strong></span> 
     </span>
    </p>
   </div>
   <div class='ocr_carea' id='block_1_63' title="bbox 2196 514 3783 589">
    <p class='ocr_par' dir='ltr' id='par_1_63' title="bbox 2196 514 3783 589">
     <span class='ocr_line' id='line_1_63' title="bbox 2196 514 3783 589; baseline 0.008 -22"><span class='ocrx_word' id='word_1_448' title='bbox 2196 514 2429 584; x_wconf 85' lang='lat' dir='ltr'><strong>quodam</strong></span> <span class='ocrx_word' id='word_1_449' title='bbox 2461 514 2591 569; x_wconf 89' lang='lat' dir='ltr'><strong>hora</strong></span> <span class='ocrx_word' id='word_1_450' title='bbox 2622 532 2782 582; x_wconf 89' lang='lat' dir='ltr'><strong>nona,</strong></span> <span class='ocrx_word' id='word_1_451' title='bbox 2817 527 2994 575; x_wconf 83' lang='lat' dir='ltr'><strong>tantus</strong></span> <span class='ocrx_word' id='word_1_452' title='bbox 3034 521 3416 583; x_wconf 74' lang='lat' dir='ltr'><strong>cvenitftntor.</strong></span> <span class='ocrx_word' id='word_1_453' title='bbox 3445 521 3590 589; x_wconf 88' lang='lat' dir='ltr'><strong>quod</strong></span> <span class='ocrx_word' id='word_1_454' title='bbox 3615 524 3783 579; x_wconf 83' lang='lat' dir='ltr'><strong>nulla-</strong></span> 
     </span>
    </p>
   </div>
   <div class='ocr_carea' id='block_1_64' title="bbox 2197 611 3795 679">
    <p class='ocr_par' dir='ltr' id='par_1_64' title="bbox 2197 611 3795 679">
     <span class='ocr_line' id='line_1_64' title="bbox 2197 611 3795 679; baseline 0.007 -18"><span class='ocrx_word' id='word_1_455' title='bbox 2197 616 2349 662; x_wconf 88' lang='lat' dir='ltr'><strong>tenus</strong></span> <span class='ocrx_word' id='word_1_456' title='bbox 2376 611 2607 664; x_wconf 80' lang='lat' dir='ltr'><strong>naribus</strong></span> <span class='ocrx_word' id='word_1_457' title='bbox 2622 622 2860 679; x_wconf 78' lang='lat' dir='ltr'><strong>poteram</strong></span> <span class='ocrx_word' id='word_1_458' title='bbox 2889 615 3137 670; x_wconf 81' lang='lat' dir='ltr'><strong>tolerare.</strong></span> <span class='ocrx_word' id='word_1_459' title='bbox 3174 616 3298 670; x_wconf 63' lang='lat' dir='ltr'><strong>&quot;ac</strong></span> <span class='ocrx_word' id='word_1_460' title='bbox 3324 616 3454 669; x_wconf 83' lang='lat' dir='ltr'><strong>dum</strong></span> <span class='ocrx_word' id='word_1_461' title='bbox 3471 631 3680 671; x_wconf 57' lang='lat' dir='ltr'><strong>merum</strong></span> <span class='ocrx_word' id='word_1_462' title='bbox 3707 627 3795 672; x_wconf 63' lang='grc' dir='ltr'><strong>ιιι-ν</strong></span> 
     </span>
    </p>
   </div>
   <div class='ocr_carea' id='block_1_65' title="bbox 2195 700 3784 770">
    <p class='ocr_par' dir='ltr' id='par_1_65' title="bbox 2195 700 3784 770">
     <span class='ocr_line' id='line_1_65' title="bbox 2195 700 3784 770; baseline 0.006 -19"><span class='ocrx_word' id='word_1_463' title='bbox 2195 700 2333 752; x_wconf 88' lang='lat' dir='ltr'><strong>citus</strong></span> <span class='ocrx_word' id='word_1_464' title='bbox 2362 710 2637 770; x_wconf 86' lang='lat' dir='ltr'><strong>reputans,</strong></span> <span class='ocrx_word' id='word_1_465' title='bbox 2666 703 2808 757; x_wconf 88' lang='lat' dir='ltr'><strong>unde</strong></span> <span class='ocrx_word' id='word_1_466' title='bbox 2835 704 2923 759; x_wconf 89' lang='lat' dir='ltr'><strong>hic</strong></span> <span class='ocrx_word' id='word_1_467' title='bbox 2950 715 3131 760; x_wconf 86' lang='lat' dir='ltr'><strong>tantus</strong></span> <span class='ocrx_word' id='word_1_468' title='bbox 3153 704 3366 761; x_wconf 84' lang='lat' dir='ltr'><strong>adesset</strong></span> <span class='ocrx_word' id='word_1_469' title='bbox 3406 706 3585 769; x_wconf 67' lang='lat' dir='ltr'><strong>letor,</strong></span> <span class='ocrx_word' id='word_1_470' title='bbox 3611 707 3784 761; x_wconf 84' lang='lat' dir='ltr'><strong>admi-</strong></span> 
     </span>
    </p>
   </div>
   <div class='ocr_carea' id='block_1_66' title="bbox 2197 797 3800 862">
    <p class='ocr_par' dir='ltr' id='par_1_66' title="bbox 2197 797 3800 862">
     <span class='ocr_line' id='line_1_66' title="bbox 2197 797 3800 862; baseline 0.006 -18"><span class='ocrx_word' id='word_1_471' title='bbox 2197 805 2364 855; x_wconf 85' lang='lat' dir='ltr'><strong>rarer,</strong></span> <span class='ocrx_word' id='word_1_472' title='bbox 2392 806 2549 862; x_wconf 87' lang='lat' dir='ltr'><strong>supra</strong></span> <span class='ocrx_word' id='word_1_473' title='bbox 2581 810 2757 848; x_wconf 86' lang='lat' dir='ltr'><strong>meum</strong></span> <span class='ocrx_word' id='word_1_474' title='bbox 2783 797 3034 853; x_wconf 84' lang='lat' dir='ltr'><strong>verticem</strong></span> <span class='ocrx_word' id='word_1_475' title='bbox 3060 798 3281 852; x_wconf 82' lang='lat' dir='ltr'><strong>elevatis</strong></span> <span class='ocrx_word' id='word_1_476' title='bbox 3298 798 3491 862; x_wconf 86' lang='lat' dir='ltr'><strong>oculis,</strong></span> <span class='ocrx_word' id='word_1_477' title='bbox 3518 797 3800 853; x_wconf 67' lang='lat' dir='ltr'><strong>infelicem</strong></span> 
     </span>
    </p>
   </div>
   <div class='ocr_carea' id='block_1_67' title="bbox 2198 884 3783 955">
    <p class='ocr_par' dir='ltr' id='par_1_67' title="bbox 2198 884 3783 955">
     <span class='ocr_line' id='line_1_67' title="bbox 2198 884 3783 955; baseline 0.005 -22"><span class='ocrx_word' id='word_1_478' title='bbox 2198 892 2444 949; x_wconf 76' lang='lat' dir='ltr'><strong>nepotem</strong></span> <span class='ocrx_word' id='word_1_479' title='bbox 2473 898 2651 936; x_wconf 78' lang='lat' dir='ltr'><strong>incum</strong></span> <span class='ocrx_word' id='word_1_480' title='bbox 2702 884 2806 937; x_wconf 69' lang='lat' dir='ltr'><strong>vidi</strong></span> <span class='ocrx_word' id='word_1_481' title='bbox 2838 886 3090 939; x_wconf 77' lang='lat' dir='ltr'><strong>terribilis</strong></span> <span class='ocrx_word' id='word_1_482' title='bbox 3141 886 3400 940; x_wconf 85' lang='lat' dir='ltr'><strong>visionis:</strong></span> <span class='ocrx_word' id='word_1_483' title='bbox 3434 887 3505 941; x_wconf 87' lang='lat' dir='ltr'><strong>ita</strong></span> <span class='ocrx_word' id='word_1_484' title='bbox 3545 888 3685 955; x_wconf 77' lang='lat' dir='ltr'><strong>quod</strong></span> <span class='ocrx_word' id='word_1_485' title='bbox 3726 890 3783 941; x_wconf 89' lang='lat' dir='ltr'><strong>in</strong></span> 
     </span>
    </p>
   </div>
   <div class='ocr_carea' id='block_1_68' title="bbox 2198 973 3799 1043">
    <p class='ocr_par' dir='ltr' id='par_1_68' title="bbox 2198 973 3799 1043">
     <span class='ocr_line' id='line_1_68' title="bbox 2198 973 3799 1043; baseline 0.005 -18"><span class='ocrx_word' id='word_1_486' title='bbox 2198 985 2320 1025; x_wconf 89' lang='lat' dir='ltr'><strong>cum</strong></span> <span class='ocrx_word' id='word_1_487' title='bbox 2365 973 2534 1025; x_wconf 85' lang='lat' dir='ltr'><strong>visum</strong></span> <span class='ocrx_word' id='word_1_488' title='bbox 2585 974 2894 1043; x_wconf 73' lang='lat' dir='ltr'><strong>imprimere</strong></span> <span class='ocrx_word' id='word_1_489' title='bbox 2922 993 3026 1029; x_wconf 89' lang='lat' dir='ltr'><strong>non</strong></span> <span class='ocrx_word' id='word_1_490' title='bbox 3071 976 3355 1031; x_wconf 77' lang='lat' dir='ltr'><strong>audebam.</strong></span> <span class='ocrx_word' id='word_1_491' title='bbox 3403 978 3535 1033; x_wconf 82' lang='lat' dir='ltr'><strong>Nam</strong></span> <span class='ocrx_word' id='word_1_492' title='bbox 3580 980 3799 1033; x_wconf 77' lang='lat' dir='ltr'><strong>catenis</strong></span> 
     </span>
    </p>
   </div>
   <div class='ocr_carea' id='block_1_69' title="bbox 2200 1061 3787 1134">
    <p class='ocr_par' dir='ltr' id='par_1_69' title="bbox 2200 1061 3787 1134">
     <span class='ocr_line' id='line_1_69' title="bbox 2200 1061 3787 1134; baseline 0.006 -20"><span class='ocrx_word' id='word_1_493' title='bbox 2200 1061 2368 1130; x_wconf 70' lang='lat' dir='ltr'><strong>igneis</strong></span> <span class='ocrx_word' id='word_1_494' title='bbox 2392 1064 2788 1134; x_wconf 77' lang='lat' dir='ltr'><strong>circumligatus</strong></span> <span class='ocrx_word' id='word_1_495' title='bbox 2811 1066 3042 1121; x_wconf 85' lang='lat' dir='ltr'><strong>fornacis</strong></span> <span class='ocrx_word' id='word_1_496' title='bbox 3062 1068 3229 1121; x_wconf 83' lang='lat' dir='ltr'><strong>instar</strong></span> <span class='ocrx_word' id='word_1_497' title='bbox 3247 1066 3490 1123; x_wconf 71' lang='lat' dir='ltr'><strong>Hamas</strong></span> <span class='ocrx_word' id='word_1_498' title='bbox 3513 1067 3787 1124; x_wconf 61' lang='lat' dir='ltr'><strong>umidissi-</strong></span> 
     </span>
    </p>
   </div>
   <div class='ocr_carea' id='block_1_70' title="bbox 2202 1155 3803 1229">
    <p class='ocr_par' dir='ltr' id='par_1_70' title="bbox 2202 1155 3803 1229">
     <span class='ocr_line' id='line_1_70' title="bbox 2202 1155 3803 1229; baseline 0.005 -22"><span class='ocrx_word' id='word_1_499' title='bbox 2202 1168 2315 1208; x_wconf 86' lang='lat' dir='ltr'><strong>mas</strong></span> <span class='ocrx_word' id='word_1_500' title='bbox 2341 1155 2676 1223; x_wconf 78' lang='lat' dir='ltr'><strong>erumpebat.</strong></span> <span class='ocrx_word' id='word_1_501' title='bbox 2706 1156 2785 1211; x_wconf 82' lang='lat' dir='ltr'><strong>Ad</strong></span> <span class='ocrx_word' id='word_1_502' title='bbox 2828 1156 2963 1212; x_wconf 89' lang='lat' dir='ltr'><strong>hanc</strong></span> <span class='ocrx_word' id='word_1_503' title='bbox 2997 1159 3175 1229; x_wconf 87' lang='lat' dir='ltr'><strong>itaque</strong></span> <span class='ocrx_word' id='word_1_504' title='bbox 3198 1159 3458 1215; x_wconf 81' lang='lat' dir='ltr'><strong>visionem</strong></span> <span class='ocrx_word' id='word_1_505' title='bbox 3500 1160 3677 1215; x_wconf 86' lang='lat' dir='ltr'><strong>subito</strong></span> <span class='ocrx_word' id='word_1_506' title='bbox 3701 1176 3803 1215; x_wconf 83' lang='lat' dir='ltr'><strong>mo-</strong></span> 
     </span>
    </p>
   </div>
   <div class='ocr_carea' id='block_1_71' title="bbox 2204 1246 3784 1323">
    <p class='ocr_par' dir='ltr' id='par_1_71' title="bbox 2204 1246 3784 1323">
     <span class='ocr_line' id='line_1_71' title="bbox 2204 1246 3784 1323; baseline 0.005 -26"><span class='ocrx_word' id='word_1_507' title='bbox 2204 1254 2309 1299; x_wconf 86' lang='lat' dir='ltr'><strong>tam</strong></span> <span class='ocrx_word' id='word_1_508' title='bbox 2338 1246 2629 1303; x_wconf 83' lang='lat' dir='ltr'><strong>vehemens</strong></span> <span class='ocrx_word' id='word_1_509' title='bbox 2651 1249 2813 1304; x_wconf 84' lang='lat' dir='ltr'><strong>timor</strong></span> <span class='ocrx_word' id='word_1_510' title='bbox 2857 1251 3101 1320; x_wconf 83' lang='lat' dir='ltr'><strong>arripuit,</strong></span> <span class='ocrx_word' id='word_1_511' title='bbox 3140 1262 3195 1305; x_wconf 90' lang='lat' dir='ltr'><strong>ut</strong></span> <span class='ocrx_word' id='word_1_512' title='bbox 3242 1252 3368 1307; x_wconf 87' lang='lat' dir='ltr'><strong>dum</strong></span> <span class='ocrx_word' id='word_1_513' title='bbox 3400 1253 3597 1322; x_wconf 84' lang='lat' dir='ltr'><strong>pluries</strong></span> <span class='ocrx_word' id='word_1_514' title='bbox 3641 1252 3784 1323; x_wconf 81' lang='lat' dir='ltr'><strong>loqui</strong></span> 
     </span>
    </p>
   </div>
   <div class='ocr_carea' id='block_1_72' title="bbox 2202 1337 3785 1414">
    <p class='ocr_par' dir='ltr' id='par_1_72' title="bbox 2202 1337 3785 1414">
     <span class='ocr_line' id='line_1_72' title="bbox 2202 1337 3785 1414; baseline 0.003 -22"><span class='ocrx_word' id='word_1_515' title='bbox 2202 1337 2425 1405; x_wconf 86' lang='lat' dir='ltr'><strong>vellem,</strong></span> <span class='ocrx_word' id='word_1_516' title='bbox 2459 1339 2725 1396; x_wconf 74' lang='lat' dir='ltr'><strong>formandi</strong></span> <span class='ocrx_word' id='word_1_517' title='bbox 2772 1358 2957 1397; x_wconf 72' lang='lat' dir='ltr'><strong>vocem</strong></span> <span class='ocrx_word' id='word_1_518' title='bbox 3005 1345 3311 1399; x_wconf 73' lang='lat' dir='ltr'><strong>nullatenus</strong></span> <span class='ocrx_word' id='word_1_519' title='bbox 3353 1359 3575 1414; x_wconf 77' lang='lat' dir='ltr'><strong>oontpos</strong></span> <span class='ocrx_word' id='word_1_520' title='bbox 3614 1360 3785 1400; x_wconf 74' lang='lat' dir='ltr'><strong>mm.</strong></span> 
     </span>
    </p>
   </div>
   <div class='ocr_carea' id='block_1_73' title="bbox 2203 1426 3801 1499">
    <p class='ocr_par' dir='ltr' id='par_1_73' title="bbox 2203 1426 3801 1499">
     <span class='ocr_line' id='line_1_73' title="bbox 2203 1426 3801 1499; baseline 0.006 -18"><span class='ocrx_word' id='word_1_521' title='bbox 2203 1426 2483 1483; x_wconf 88' lang='lat' dir='ltr'><strong>Postremo</strong></span> <span class='ocrx_word' id='word_1_522' title='bbox 2508 1429 2894 1499; x_wconf 84' lang='lat' dir='ltr'><strong>aliquantulum</strong></span> <span class='ocrx_word' id='word_1_523' title='bbox 2922 1432 2974 1486; x_wconf 90' lang='lat' dir='ltr'><strong>in</strong></span> <span class='ocrx_word' id='word_1_524' title='bbox 3000 1449 3084 1488; x_wconf 83' lang='lat' dir='ltr'><strong>me</strong></span> <span class='ocrx_word' id='word_1_525' title='bbox 3106 1434 3316 1489; x_wconf 72' lang='lat' dir='ltr'><strong>rediens</strong></span> <span class='ocrx_word' id='word_1_526' title='bbox 3346 1453 3359 1489; x_wconf 88' lang='lat'><strong>:</strong></span> <span class='ocrx_word' id='word_1_527' title='bbox 3388 1436 3434 1489; x_wconf 90' lang='lat' dir='ltr'><strong>si</strong></span> <span class='ocrx_word' id='word_1_528' title='bbox 3465 1450 3615 1489; x_wconf 81' lang='lat' dir='ltr'><strong>meus</strong></span> <span class='ocrx_word' id='word_1_529' title='bbox 3641 1444 3801 1492; x_wconf 44' lang='lat' dir='ltr'><strong>esset.</strong></span> 
     </span>
    </p>
   </div>
   <div class='ocr_carea' id='block_1_74' title="bbox 2203 1516 3790 1593">
    <p class='ocr_par' dir='ltr' id='par_1_74' title="bbox 2203 1516 3790 1593">
     <span class='ocr_line' id='line_1_74' title="bbox 2203 1516 3790 1593; baseline 0.007 -21"><span class='ocrx_word' id='word_1_530' title='bbox 2203 1533 2390 1588; x_wconf 86' lang='lat' dir='ltr'><strong>nepos,</strong></span> <span class='ocrx_word' id='word_1_531' title='bbox 2410 1535 2537 1576; x_wconf 79' lang='lat' dir='ltr'><strong>vace</strong></span> <span class='ocrx_word' id='word_1_532' title='bbox 2556 1522 2692 1593; x_wconf 71' lang='grc' dir='ltr'><strong>ρωρί</strong></span> <span class='ocrx_word' id='word_1_533' title='bbox 2715 1516 3023 1593; x_wconf 72' lang='lat' dir='ltr'><strong>perquirere</strong></span> <span class='ocrx_word' id='word_1_534' title='bbox 3052 1525 3419 1580; x_wconf 82' lang='lat' dir='ltr'><strong>tremebunda.</strong></span> <span class='ocrx_word' id='word_1_535' title='bbox 3451 1526 3531 1581; x_wconf 83' lang='lat' dir='ltr'><strong>Ad</strong></span> <span class='ocrx_word' id='word_1_536' title='bbox 3554 1526 3668 1581; x_wconf 64' lang='lat' dir='ltr'><strong>haec</strong></span> <span class='ocrx_word' id='word_1_537' title='bbox 3696 1526 3790 1583; x_wconf 83' lang='lat' dir='ltr'><strong>ille</strong></span> 
     </span>
    </p>
   </div>
   <div class='ocr_carea' id='block_1_75' title="bbox 2205 1610 3787 1687">
    <p class='ocr_par' dir='ltr' id='par_1_75' title="bbox 2205 1610 3787 1687">
     <span class='ocr_line' id='line_1_75' title="bbox 2205 1610 3787 1687; baseline 0.004 -25"><span class='ocrx_word' id='word_1_538' title='bbox 2205 1610 2489 1666; x_wconf 78' lang='lat' dir='ltr'><strong>ululatibus</strong></span> <span class='ocrx_word' id='word_1_539' title='bbox 2512 1622 2565 1665; x_wconf 88' lang='lat' dir='ltr'><strong>et</strong></span> <span class='ocrx_word' id='word_1_540' title='bbox 2588 1613 2833 1682; x_wconf 89' lang='lat' dir='ltr'><strong>suspiriis</strong></span> <span class='ocrx_word' id='word_1_541' title='bbox 2860 1631 2873 1665; x_wconf 93' lang='lat'><strong>:</strong></span> <span class='ocrx_word' id='word_1_542' title='bbox 2904 1613 3139 1681; x_wconf 69' lang='lat' dir='ltr'><strong>lituum,</strong></span> <span class='ocrx_word' id='word_1_543' title='bbox 3176 1617 3387 1686; x_wconf 68' lang='lat' dir='ltr'><strong>inquit,</strong></span> <span class='ocrx_word' id='word_1_544' title='bbox 3421 1634 3521 1671; x_wconf 76' lang='lat' dir='ltr'><strong>non</strong></span> <span class='ocrx_word' id='word_1_545' title='bbox 3547 1618 3787 1687; x_wconf 72' lang='lat' dir='ltr'><strong>fuissem,-</strong></span> 
     </span>
    </p>
   </div>
   <div class='ocr_carea' id='block_1_76' title="bbox 2207 1705 3790 1778">
    <p class='ocr_par' dir='ltr' id='par_1_76' title="bbox 2207 1705 3790 1778">
     <span class='ocr_line' id='line_1_76' title="bbox 2207 1705 3790 1778; baseline 0.008 -24"><span class='ocrx_word' id='word_1_546' title='bbox 2207 1719 2269 1757; x_wconf 82' lang='lat' dir='ltr'><strong>no</strong></span> <span class='ocrx_word' id='word_1_547' title='bbox 2290 1714 2391 1756; x_wconf 84' lang='lat' dir='ltr'><strong>tant</strong></span> <span class='ocrx_word' id='word_1_548' title='bbox 2418 1705 2541 1758; x_wconf 83' lang='lat' dir='ltr'><strong>diris</strong></span> <span class='ocrx_word' id='word_1_549' title='bbox 2566 1722 2723 1759; x_wconf 72' lang='lat' dir='ltr'><strong>essent</strong></span> <span class='ocrx_word' id='word_1_550' title='bbox 2755 1708 3059 1771; x_wconf 77' lang='lat' dir='ltr'><strong>cruciatibus</strong></span> <span class='ocrx_word' id='word_1_551' title='bbox 3087 1711 3374 1778; x_wconf 73' lang='lat' dir='ltr'><strong>deputatus.</strong></span> <span class='ocrx_word' id='word_1_552' title='bbox 3406 1709 3542 1763; x_wconf 86' lang='lat' dir='ltr'><strong>Nam</strong></span> <span class='ocrx_word' id='word_1_553' title='bbox 3559 1711 3693 1765; x_wconf 78' lang='lat' dir='ltr'><strong>scias</strong></span> <span class='ocrx_word' id='word_1_554' title='bbox 3711 1727 3790 1765; x_wconf 72' lang='lat' dir='ltr'><strong>me</strong></span> 
     </span>
    </p>
   </div>
   <div class='ocr_carea' id='block_1_77' title="bbox 2205 1797 3789 1873">
    <p class='ocr_par' dir='ltr' id='par_1_77' title="bbox 2205 1797 3789 1873">
     <span class='ocr_line' id='line_1_77' title="bbox 2205 1797 3789 1873; baseline 0.004 -24"><span class='ocrx_word' id='word_1_555' title='bbox 2205 1797 2257 1849; x_wconf 85' lang='lat' dir='ltr'><strong>in</strong></span> <span class='ocrx_word' id='word_1_556' title='bbox 2278 1800 2509 1851; x_wconf 74' lang='lat' dir='ltr'><strong>tartareis</strong></span> <span class='ocrx_word' id='word_1_557' title='bbox 2548 1801 2889 1855; x_wconf 76' lang='lat' dir='ltr'><strong>mumiouiltus</strong></span> <span class='ocrx_word' id='word_1_558' title='bbox 2931 1804 3184 1872; x_wconf 78' lang='lat' dir='ltr'><strong>perpetuis</strong></span> <span class='ocrx_word' id='word_1_559' title='bbox 3220 1804 3524 1873; x_wconf 76' lang='lat' dir='ltr'><strong>temporibus</strong></span> <span class='ocrx_word' id='word_1_560' title='bbox 3548 1816 3789 1872; x_wconf 76' lang='lat' dir='ltr'><strong>perman-</strong></span> 
     </span>
    </p>
   </div>
   <div class='ocr_carea' id='block_1_78' title="bbox 2206 1892 3811 1961">
    <p class='ocr_par' dir='ltr' id='par_1_78' title="bbox 2206 1892 3811 1961">
     <span class='ocr_line' id='line_1_78' title="bbox 2206 1892 3811 1961; baseline 0.003 -17"><span class='ocrx_word' id='word_1_561' title='bbox 2206 1907 2413 1947; x_wconf 47' lang='lat' dir='ltr'><strong>surum;</strong></span> <span class='ocrx_word' id='word_1_562' title='bbox 2433 1892 2690 1961; x_wconf 86' lang='lat' dir='ltr'><strong>Heu-quid</strong></span> <span class='ocrx_word' id='word_1_563' title='bbox 2713 1893 2930 1950; x_wconf 82' lang='lat' dir='ltr'><strong>dicam?</strong></span> <span class='ocrx_word' id='word_1_564' title='bbox 2960 1896 3055 1951; x_wconf 73' lang='lat' dir='ltr'><strong>llis</strong></span> <span class='ocrx_word' id='word_1_565' title='bbox 3077 1896 3259 1959; x_wconf 76' lang='lat' dir='ltr'><strong>dictis,</strong></span> <span class='ocrx_word' id='word_1_566' title='bbox 3291 1895 3610 1950; x_wconf 83' lang='lat' dir='ltr'><strong>tantusmihi</strong></span> <span class='ocrx_word' id='word_1_567' title='bbox 3635 1895 3811 1949; x_wconf 60' lang='lat' dir='ltr'><strong>dolor</strong></span> 
     </span>
    </p>
   </div>
   <div class='ocr_carea' id='block_1_79' title="bbox 2206 1981 3809 2057">
    <p class='ocr_par' dir='ltr' id='par_1_79' title="bbox 2206 1981 3809 2057">
     <span class='ocr_line' id='line_1_79' title="bbox 2206 1981 3809 2057; baseline 0.004 -24"><span class='ocrx_word' id='word_1_568' title='bbox 2206 1981 2376 2043; x_wconf 68' lang='lat' dir='ltr'><strong>alluit,</strong></span> <span class='ocrx_word' id='word_1_569' title='bbox 2430 1991 2489 2037; x_wconf 89' lang='lat' dir='ltr'><strong>ut</strong></span> <span class='ocrx_word' id='word_1_570' title='bbox 2518 1983 2618 2038; x_wconf 83' lang='lat' dir='ltr'><strong>sim</strong></span> <span class='ocrx_word' id='word_1_571' title='bbox 2667 1984 2864 2052; x_wconf 89' lang='lat' dir='ltr'><strong>pluries</strong></span> <span class='ocrx_word' id='word_1_572' title='bbox 2901 1987 3230 2053; x_wconf 71' lang='lat' dir='ltr'><strong>admiratus,</strong></span> <span class='ocrx_word' id='word_1_573' title='bbox 3271 1986 3543 2057; x_wconf 88' lang='lat' dir='ltr'><strong>quomodo</strong></span> <span class='ocrx_word' id='word_1_574' title='bbox 3597 2002 3632 2041; x_wconf 86' lang='lat' dir='ltr'><strong>e</strong></span> <span class='ocrx_word' id='word_1_575' title='bbox 3679 1988 3809 2039; x_wconf 55' lang='lat' dir='ltr'><strong>vita.</strong></span> 
     </span>
    </p>
   </div>
   <div class='ocr_carea' id='block_1_80' title="bbox 2210 2076 3790 2152">
    <p class='ocr_par' dir='ltr' id='par_1_80' title="bbox 2210 2076 3790 2152">
     <span class='ocr_line' id='line_1_80' title="bbox 2210 2076 3790 2152; baseline 0.003 -24"><span class='ocrx_word' id='word_1_576' title='bbox 2210 2076 2449 2144; x_wconf 84' lang='lat' dir='ltr'><strong>protinus</strong></span> <span class='ocrx_word' id='word_1_577' title='bbox 2475 2092 2581 2131; x_wconf 84' lang='lat' dir='ltr'><strong>non</strong></span> <span class='ocrx_word' id='word_1_578' title='bbox 2610 2078 2855 2134; x_wconf 87' lang='lat' dir='ltr'><strong>discessi.</strong></span> <span class='ocrx_word' id='word_1_579' title='bbox 2906 2081 3104 2150; x_wconf 82' lang='lat' dir='ltr'><strong>Longis</strong></span> <span class='ocrx_word' id='word_1_580' title='bbox 3141 2094 3319 2137; x_wconf 87' lang='lat' dir='ltr'><strong>autem</strong></span> <span class='ocrx_word' id='word_1_581' title='bbox 3350 2082 3577 2152; x_wconf 78' lang='lat' dir='ltr'><strong>expletis</strong></span> <span class='ocrx_word' id='word_1_582' title='bbox 3616 2081 3790 2136; x_wconf 78' lang='lat' dir='ltr'><strong>collo—</strong></span> 
     </span>
    </p>
   </div>
   <div class='ocr_carea' id='block_1_81' title="bbox 2208 2172 3789 2239">
    <p class='ocr_par' dir='ltr' id='par_1_81' title="bbox 2208 2172 3789 2239">
     <span class='ocr_line' id='line_1_81' title="bbox 2208 2172 3789 2239; baseline 0.004 -19"><span class='ocrx_word' id='word_1_583' title='bbox 2208 2172 2370 2239; x_wconf 84' lang='lat' dir='ltr'><strong>quiis,</strong></span> <span class='ocrx_word' id='word_1_584' title='bbox 2393 2172 2462 2225; x_wconf 91' lang='lat' dir='ltr'><strong>ab</strong></span> <span class='ocrx_word' id='word_1_585' title='bbox 2480 2172 2667 2227; x_wconf 85' lang='lat' dir='ltr'><strong>eodem</strong></span> <span class='ocrx_word' id='word_1_586' title='bbox 2698 2175 2999 2229; x_wconf 86' lang='lat' dir='ltr'><strong>sciscitatus</strong></span> <span class='ocrx_word' id='word_1_587' title='bbox 3021 2176 3113 2237; x_wconf 75' lang='lat' dir='ltr'><strong>fui,</strong></span> <span class='ocrx_word' id='word_1_588' title='bbox 3137 2192 3237 2230; x_wconf 91' lang='lat' dir='ltr'><strong>cur</strong></span> <span class='ocrx_word' id='word_1_589' title='bbox 3254 2177 3446 2230; x_wconf 71' lang='lat' dir='ltr'><strong>divina:</strong></span> <span class='ocrx_word' id='word_1_590' title='bbox 3479 2174 3665 2229; x_wconf 88' lang='lat' dir='ltr'><strong>fuisset</strong></span> <span class='ocrx_word' id='word_1_591' title='bbox 3688 2174 3789 2228; x_wconf 82' lang='lat' dir='ltr'><strong>mi-</strong></span> 
     </span>
    </p>
   </div>
   <div class='ocr_carea' id='block_1_82' title="bbox 2208 2261 3808 2332">
    <p class='ocr_par' dir='ltr' id='par_1_82' title="bbox 2208 2261 3808 2332">
     <span class='ocr_line' id='line_1_82' title="bbox 2208 2261 3808 2332; baseline 0.003 -18"><span class='ocrx_word' id='word_1_592' title='bbox 2208 2261 2513 2318; x_wconf 74' lang='lat' dir='ltr'><strong>sericordia:</strong></span> <span class='ocrx_word' id='word_1_593' title='bbox 2540 2264 2620 2317; x_wconf 85' lang='lat' dir='ltr'><strong>sic</strong></span> <span class='ocrx_word' id='word_1_594' title='bbox 2645 2280 2873 2332; x_wconf 72' lang='lat' dir='ltr'><strong>expers,</strong></span> <span class='ocrx_word' id='word_1_595' title='bbox 2890 2281 3011 2320; x_wconf 90' lang='lat' dir='ltr'><strong>cum</strong></span> <span class='ocrx_word' id='word_1_596' title='bbox 3042 2267 3093 2321; x_wconf 87' lang='lat' dir='ltr'><strong>in</strong></span> <span class='ocrx_word' id='word_1_597' title='bbox 3138 2269 3338 2321; x_wconf 89' lang='lat' dir='ltr'><strong>numdo</strong></span> <span class='ocrx_word' id='word_1_598' title='bbox 3382 2277 3467 2321; x_wconf 79' lang='lat' dir='ltr'><strong>tot-</strong></span> <span class='ocrx_word' id='word_1_599' title='bbox 3509 2266 3808 2320; x_wconf 78' lang='lat' dir='ltr'><strong>virtutibus-</strong></span> 
     </span>
    </p>
   </div>
   <div class='ocr_carea' id='block_1_83' title="bbox 2212 2362 3793 2432">
    <p class='ocr_par' dir='ltr' id='par_1_83' title="bbox 2212 2362 3793 2432">
     <span class='ocr_line' id='line_1_83' title="bbox 2212 2362 3793 2432; baseline -0.003 -12"><span class='ocrx_word' id='word_1_600' title='bbox 2212 2365 2456 2430; x_wconf 79' lang='lat' dir='ltr'><strong>polleret.</strong></span> <span class='ocrx_word' id='word_1_601' title='bbox 2493 2364 2597 2419; x_wconf 86' lang='lat' dir='ltr'><strong>Pro</strong></span> <span class='ocrx_word' id='word_1_602' title='bbox 2636 2366 2797 2429; x_wconf 81' lang='lat' dir='ltr'><strong>nulla,</strong></span> <span class='ocrx_word' id='word_1_603' title='bbox 2851 2362 3039 2432; x_wconf 87' lang='lat' dir='ltr'><strong>mquit,</strong></span> <span class='ocrx_word' id='word_1_604' title='bbox 3071 2380 3147 2413; x_wconf 66' lang='lat' dir='ltr'><strong>mu</strong></span> <span class='ocrx_word' id='word_1_605' title='bbox 3193 2365 3324 2416; x_wconf 81' lang='lat' dir='ltr'><strong>scius</strong></span> <span class='ocrx_word' id='word_1_606' title='bbox 3367 2378 3519 2413; x_wconf 56' lang='lat' dir='ltr'><strong>crum</strong></span> <span class='ocrx_word' id='word_1_607' title='bbox 3550 2368 3659 2431; x_wconf 81' lang='lat' dir='ltr'><strong>[ore</strong></span> <span class='ocrx_word' id='word_1_608' title='bbox 3682 2364 3793 2416; x_wconf 71' lang='lat' dir='ltr'><strong>dit-</strong></span> 
     </span>
    </p>
   </div>
   <div class='ocr_carea' id='block_1_84' title="bbox 2209 2454 3813 2522">
    <p class='ocr_par' dir='ltr' id='par_1_84' title="bbox 2209 2454 3813 2522">
     <span class='ocr_line' id='line_1_84' title="bbox 2209 2454 3813 2522; baseline 0 -15"><span class='ocrx_word' id='word_1_609' title='bbox 2209 2466 2443 2509; x_wconf 70' lang='lat' dir='ltr'><strong>miratum</strong></span> <span class='ocrx_word' id='word_1_610' title='bbox 2464 2471 2480 2509; x_wconf 92' lang='lat'><strong><em>:</em></strong></span> <span class='ocrx_word' id='word_1_611' title='bbox 2505 2458 2602 2509; x_wconf 78' lang='lat' dir='ltr'><strong>nisi</strong></span> <span class='ocrx_word' id='word_1_612' title='bbox 2625 2458 2741 2522; x_wconf 76' lang='lat' dir='ltr'><strong>quia</strong></span> <span class='ocrx_word' id='word_1_613' title='bbox 2764 2460 2816 2509; x_wconf 82' lang='lat' dir='ltr'><strong>in</strong></span> <span class='ocrx_word' id='word_1_614' title='bbox 2840 2457 2971 2509; x_wconf 84' lang='lat' dir='ltr'><strong>ludis</strong></span> <span class='ocrx_word' id='word_1_615' title='bbox 2997 2456 3216 2507; x_wconf 71' lang='lat' dir='ltr'><strong>maxime</strong></span> <span class='ocrx_word' id='word_1_616' title='bbox 3242 2454 3545 2507; x_wconf 70' lang='lat' dir='ltr'><strong>delectabar.</strong></span> <span class='ocrx_word' id='word_1_617' title='bbox 3574 2455 3637 2506; x_wconf 78' lang='lat' dir='ltr'><strong>At</strong></span> <span class='ocrx_word' id='word_1_618' title='bbox 3670 2456 3813 2522; x_wconf 72' lang='lat' dir='ltr'><strong>quior</strong></span> 
     </span>
    </p>
   </div>
   <div class='ocr_carea' id='block_1_85' title="bbox 2209 2545 3809 2615">
    <p class='ocr_par' dir='ltr' id='par_1_85' title="bbox 2209 2545 3809 2615">
     <span class='ocr_line' id='line_1_85' title="bbox 2209 2545 3809 2615; baseline 0.001 -17"><span class='ocrx_word' id='word_1_619' title='bbox 2209 2547 2261 2599; x_wconf 82' lang='lat' dir='ltr'><strong>in</strong></span> <span class='ocrx_word' id='word_1_620' title='bbox 2289 2556 2448 2599; x_wconf 85' lang='lat' dir='ltr'><strong>morte</strong></span> <span class='ocrx_word' id='word_1_621' title='bbox 2466 2559 2671 2615; x_wconf 79' lang='lat' dir='ltr'><strong>accepto</strong></span> <span class='ocrx_word' id='word_1_622' title='bbox 2698 2548 2991 2615; x_wconf 79' lang='lat' dir='ltr'><strong>paruiteutin</strong></span> <span class='ocrx_word' id='word_1_623' title='bbox 3015 2547 3157 2614; x_wconf 76' lang='lat' dir='ltr'><strong>quasi</strong></span> <span class='ocrx_word' id='word_1_624' title='bbox 3192 2546 3347 2597; x_wconf 80' lang='lat' dir='ltr'><strong>stulto</strong></span> <span class='ocrx_word' id='word_1_625' title='bbox 3384 2545 3693 2615; x_wconf 79' lang='lat' dir='ltr'><strong>ignorantia,</strong></span> <span class='ocrx_word' id='word_1_626' title='bbox 3739 2555 3809 2599; x_wconf 67' lang='lat' dir='ltr'><strong>ab</strong></span> 
     </span>
    </p>
   </div>
   <div class='ocr_carea' id='block_1_86' title="bbox 2211 2637 3813 2708">
    <p class='ocr_par' dir='ltr' id='par_1_86' title="bbox 2211 2637 3813 2708">
     <span class='ocr_line' id='line_1_86' title="bbox 2211 2637 3813 2708; baseline 0 -19"><span class='ocrx_word' id='word_1_627' title='bbox 2211 2638 2447 2691; x_wconf 77' lang='lat' dir='ltr'><strong>debebam</strong></span> <span class='ocrx_word' id='word_1_628' title='bbox 2474 2640 2732 2708; x_wconf 78' lang='lat' dir='ltr'><strong>postposui</strong></span> <span class='ocrx_word' id='word_1_629' title='bbox 2759 2638 3010 2705; x_wconf 74' lang='lat' dir='ltr'><strong>conﬁteri,</strong></span> <span class='ocrx_word' id='word_1_630' title='bbox 3041 2637 3263 2691; x_wconf 67' lang='lat' dir='ltr'><strong>diuinam</strong></span> <span class='ocrx_word' id='word_1_631' title='bbox 3283 2653 3384 2690; x_wconf 83' lang='lat' dir='ltr'><strong>non</strong></span> <span class='ocrx_word' id='word_1_632' title='bbox 3413 2638 3575 2691; x_wconf 73' lang='lat' dir='ltr'><strong>man</strong></span> <span class='ocrx_word' id='word_1_633' title='bbox 3599 2638 3813 2690; x_wconf 57' lang='lat' dir='ltr'><strong>veniant</strong></span> 
     </span>
    </p>
   </div>
   <div class='ocr_carea' id='block_1_87' title="bbox 2210 2728 3797 2799">
    <p class='ocr_par' dir='ltr' id='par_1_87' title="bbox 2210 2728 3797 2799">
     <span class='ocr_line' id='line_1_87' title="bbox 2210 2728 3797 2799; baseline 0.001 -18"><span class='ocrx_word' id='word_1_634' title='bbox 2210 2730 2446 2799; x_wconf 70' lang='lat' dir='ltr'><strong>adipisci.</strong></span> <span class='ocrx_word' id='word_1_635' title='bbox 2469 2730 2535 2783; x_wconf 81' lang='lat' dir='ltr'><strong>Et</strong></span> <span class='ocrx_word' id='word_1_636' title='bbox 2552 2728 2666 2783; x_wconf 65' lang='lat' dir='ltr'><strong>base</strong></span> <span class='ocrx_word' id='word_1_637' title='bbox 2690 2730 2896 2788; x_wconf 85' lang='lat' dir='ltr'><strong>dicens.</strong></span> <span class='ocrx_word' id='word_1_638' title='bbox 2930 2744 2957 2781; x_wconf 88' lang='lat' dir='ltr'><strong>a</strong></span> <span class='ocrx_word' id='word_1_639' title='bbox 2986 2730 3120 2783; x_wconf 83' lang='lat' dir='ltr'><strong>meis</strong></span> <span class='ocrx_word' id='word_1_640' title='bbox 3141 2729 3411 2798; x_wconf 81' lang='lat' dir='ltr'><strong>disparuit</strong></span> <span class='ocrx_word' id='word_1_641' title='bbox 3429 2730 3617 2784; x_wconf 88' lang='lat' dir='ltr'><strong>oculis.</strong></span> <span class='ocrx_word' id='word_1_642' title='bbox 3651 2730 3797 2784; x_wconf 85' lang='lat' dir='ltr'><strong>Talis</strong></span> 
     </span>
    </p>
   </div>
   <div class='ocr_carea' id='block_1_88' title="bbox 2213 2820 3814 2882">
    <p class='ocr_par' dir='ltr' id='par_1_88' title="bbox 2213 2820 3814 2882">
     <span class='ocr_line' id='line_1_88' title="bbox 2213 2820 3814 2882; baseline 0.001 -9"><span class='ocrx_word' id='word_1_643' title='bbox 2213 2829 2389 2873; x_wconf 85' lang='lat' dir='ltr'><strong>autem</strong></span> <span class='ocrx_word' id='word_1_644' title='bbox 2418 2835 2485 2873; x_wconf 89' lang='lat' dir='ltr'><strong>eo</strong></span> <span class='ocrx_word' id='word_1_645' title='bbox 2507 2820 2738 2876; x_wconf 81' lang='lat' dir='ltr'><strong>abeunte</strong></span> <span class='ocrx_word' id='word_1_646' title='bbox 2766 2821 3020 2875; x_wconf 83' lang='lat' dir='ltr'><strong>remansit</strong></span> <span class='ocrx_word' id='word_1_647' title='bbox 3046 2820 3225 2882; x_wconf 73' lang='lat' dir='ltr'><strong>fmtor,</strong></span> <span class='ocrx_word' id='word_1_648' title='bbox 3248 2830 3306 2875; x_wconf 91' lang='lat' dir='ltr'><strong>ut</strong></span> <span class='ocrx_word' id='word_1_649' title='bbox 3342 2822 3393 2874; x_wconf 89' lang='lat' dir='ltr'><strong>in</strong></span> <span class='ocrx_word' id='word_1_650' title='bbox 3424 2821 3595 2875; x_wconf 83' lang='lat' dir='ltr'><strong>locum</strong></span> <span class='ocrx_word' id='word_1_651' title='bbox 3647 2821 3814 2875; x_wconf 68' lang='lat' dir='ltr'><strong>illum</strong></span> 
     </span>
    </p>
   </div>
   <div class='ocr_carea' id='block_1_89' title="bbox 2214 2913 3797 2984">
    <p class='ocr_par' dir='ltr' id='par_1_89' title="bbox 2214 2913 3797 2984">
     <span class='ocr_line' id='line_1_89' title="bbox 2214 2913 3797 2984; baseline 0.001 -18"><span class='ocrx_word' id='word_1_652' title='bbox 2214 2913 2471 2967; x_wconf 73' lang='lat' dir='ltr'><strong>hactenus</strong></span> <span class='ocrx_word' id='word_1_653' title='bbox 2497 2915 2677 2968; x_wconf 88' lang='lat' dir='ltr'><strong>nullus</strong></span> <span class='ocrx_word' id='word_1_654' title='bbox 2714 2914 2907 2967; x_wconf 83' lang='lat' dir='ltr'><strong>audeat</strong></span> <span class='ocrx_word' id='word_1_655' title='bbox 2947 2914 3187 2968; x_wconf 90' lang='lat' dir='ltr'><strong>introire.</strong></span> <span class='ocrx_word' id='word_1_656' title='bbox 3217 2913 3358 2968; x_wconf 82' lang='lat' dir='ltr'><strong>Ecce</strong></span> <span class='ocrx_word' id='word_1_657' title='bbox 3401 2924 3654 2984; x_wconf 86' lang='lat' dir='ltr'><strong>quantum</strong></span> <span class='ocrx_word' id='word_1_658' title='bbox 3686 2923 3797 2967; x_wconf 53' lang='lat' dir='ltr'><strong>tur-</strong></span> 
     </span>
    </p>
   </div>
   <div class='ocr_carea' id='block_1_90' title="bbox 2216 3004 3815 3074">
    <p class='ocr_par' dir='ltr' id='par_1_90' title="bbox 2216 3004 3815 3074">
     <span class='ocr_line' id='line_1_90' title="bbox 2216 3004 3815 3074; baseline 0.001 -18"><span class='ocrx_word' id='word_1_659' title='bbox 2216 3004 2489 3073; x_wconf 77' lang='lat' dir='ltr'><strong>pissimum</strong></span> <span class='ocrx_word' id='word_1_660' title='bbox 2544 3004 2652 3059; x_wconf 83' lang='lat' dir='ltr'><strong>ludi</strong></span> <span class='ocrx_word' id='word_1_661' title='bbox 2707 3007 2884 3061; x_wconf 82' lang='lat' dir='ltr'><strong>secius</strong></span> <span class='ocrx_word' id='word_1_662' title='bbox 2928 3005 3125 3059; x_wconf 76' lang='lat' dir='ltr'><strong>divina:</strong></span> <span class='ocrx_word' id='word_1_663' title='bbox 3163 3005 3454 3059; x_wconf 89' lang='lat' dir='ltr'><strong>abhorrent</strong></span> <span class='ocrx_word' id='word_1_664' title='bbox 3502 3005 3815 3074; x_wconf 65' lang='lat' dir='ltr'><strong>maiestatis</strong></span> 
     </span>
    </p>
   </div>
   <div class='ocr_carea' id='block_1_91' title="bbox 2214 3095 3796 3165">
    <p class='ocr_par' dir='ltr' id='par_1_91' title="bbox 2214 3095 3796 3165">
     <span class='ocr_line' id='line_1_91' title="bbox 2214 3095 3796 3165; baseline 0 -16"><span class='ocrx_word' id='word_1_665' title='bbox 2214 3095 2380 3149; x_wconf 90' lang='lat' dir='ltr'><strong>oculi.</strong></span> <span class='ocrx_word' id='word_1_666' title='bbox 2410 3095 2718 3150; x_wconf 74' lang='lat' dir='ltr'><strong>Timeamus</strong></span> <span class='ocrx_word' id='word_1_667' title='bbox 2746 3112 2877 3164; x_wconf 82' lang='lat' dir='ltr'><strong>ergo</strong></span> <span class='ocrx_word' id='word_1_668' title='bbox 2907 3111 2975 3151; x_wconf 86' lang='lat' dir='ltr'><strong>ne</strong></span> <span class='ocrx_word' id='word_1_669' title='bbox 3005 3111 3103 3150; x_wconf 87' lang='lat' dir='ltr'><strong>nos</strong></span> <span class='ocrx_word' id='word_1_670' title='bbox 3143 3096 3402 3150; x_wconf 87' lang='lat' dir='ltr'><strong>bonorum</strong></span> <span class='ocrx_word' id='word_1_671' title='bbox 3441 3096 3613 3165; x_wconf 87' lang='lat' dir='ltr'><strong>rapiat</strong></span> <span class='ocrx_word' id='word_1_672' title='bbox 3658 3095 3796 3151; x_wconf 83' lang='lat' dir='ltr'><strong>iner-</strong></span> 
     </span>
    </p>
   </div>
   <div class='ocr_carea' id='block_1_92' title="bbox 2216 3188 3816 3257">
    <p class='ocr_par' dir='ltr' id='par_1_92' title="bbox 2216 3188 3816 3257">
     <span class='ocr_line' id='line_1_92' title="bbox 2216 3188 3816 3257; baseline 0.003 -19"><span class='ocrx_word' id='word_1_673' title='bbox 2216 3200 2331 3239; x_wconf 89' lang='lat' dir='ltr'><strong>mes</strong></span> <span class='ocrx_word' id='word_1_674' title='bbox 2367 3195 2472 3239; x_wconf 85' lang='lat' dir='ltr'><strong>tam</strong></span> <span class='ocrx_word' id='word_1_675' title='bbox 2504 3190 2813 3254; x_wconf 83' lang='lat' dir='ltr'><strong>repentinus</strong></span> <span class='ocrx_word' id='word_1_676' title='bbox 2847 3188 3092 3242; x_wconf 78' lang='lat' dir='ltr'><strong>interitus</strong></span> <span class='ocrx_word' id='word_1_677' title='bbox 3122 3204 3134 3240; x_wconf 89' lang='lat'><strong><em>:</em></strong></span> <span class='ocrx_word' id='word_1_678' title='bbox 3161 3203 3228 3241; x_wconf 81' lang='lat' dir='ltr'><strong>ne</strong></span> <span class='ocrx_word' id='word_1_679' title='bbox 3267 3202 3371 3241; x_wconf 88' lang='lat' dir='ltr'><strong>non</strong></span> <span class='ocrx_word' id='word_1_680' title='bbox 3409 3189 3671 3257; x_wconf 71' lang='lat' dir='ltr'><strong>pmnitere</strong></span> <span class='ocrx_word' id='word_1_681' title='bbox 3703 3202 3816 3242; x_wconf 71' lang='lat' dir='ltr'><strong>nos</strong></span> 
     </span>
    </p>
   </div>
   <div class='ocr_carea' id='block_1_93' title="bbox 2215 3276 3804 3349">
    <p class='ocr_par' dir='ltr' id='par_1_93' title="bbox 2215 3276 3804 3349">
     <span class='ocr_line' id='line_1_93' title="bbox 2215 3276 3804 3349; baseline 0.002 -21"><span class='ocrx_word' id='word_1_682' title='bbox 2215 3276 2465 3329; x_wconf 89' lang='lat' dir='ltr'><strong>vitiorum</strong></span> <span class='ocrx_word' id='word_1_683' title='bbox 2492 3279 2787 3346; x_wconf 76' lang='lat' dir='ltr'><strong>contingat,</strong></span> <span class='ocrx_word' id='word_1_684' title='bbox 2819 3278 2947 3333; x_wconf 84' lang='lat' dir='ltr'><strong>dum</strong></span> <span class='ocrx_word' id='word_1_685' title='bbox 2975 3288 3183 3348; x_wconf 85' lang='lat' dir='ltr'><strong>tempus</strong></span> <span class='ocrx_word' id='word_1_686' title='bbox 3202 3280 3337 3333; x_wconf 85' lang='lat' dir='ltr'><strong>inest</strong></span> <span class='ocrx_word' id='word_1_687' title='bbox 3370 3295 3384 3330; x_wconf 89' lang='lat'><strong>:</strong></span> <span class='ocrx_word' id='word_1_688' title='bbox 3412 3280 3533 3349; x_wconf 86' lang='lat' dir='ltr'><strong>quia</strong></span> <span class='ocrx_word' id='word_1_689' title='bbox 3567 3288 3804 3347; x_wconf 83' lang='lat' dir='ltr'><strong>postmo-</strong></span> 
     </span>
    </p>
   </div>
   <div class='ocr_carea' id='block_1_94' title="bbox 2217 3366 3814 3441">
    <p class='ocr_par' dir='ltr' id='par_1_94' title="bbox 2217 3366 3814 3441">
     <span class='ocr_line' id='line_1_94' title="bbox 2217 3366 3814 3441; baseline 0.004 -22"><span class='ocrx_word' id='word_1_690' title='bbox 2217 3366 2342 3420; x_wconf 90' lang='lat' dir='ltr'><strong>dum</strong></span> <span class='ocrx_word' id='word_1_691' title='bbox 2374 3368 2678 3431; x_wconf 73' lang='lat' dir='ltr'><strong>rtenitentia</strong></span> <span class='ocrx_word' id='word_1_692' title='bbox 2711 3370 2847 3423; x_wconf 81' lang='lat' dir='ltr'><strong>foret</strong></span> <span class='ocrx_word' id='word_1_693' title='bbox 2887 3369 3103 3424; x_wconf 84' lang='lat' dir='ltr'><strong>frustra.</strong></span> <span class='ocrx_word' id='word_1_694' title='bbox 3138 3369 3204 3425; x_wconf 85' lang='lat' dir='ltr'><strong>Ut</strong></span> <span class='ocrx_word' id='word_1_695' title='bbox 3245 3371 3409 3441; x_wconf 75' lang='lat' dir='ltr'><strong>igitur</strong></span> <span class='ocrx_word' id='word_1_696' title='bbox 3431 3386 3460 3422; x_wconf 88' lang='lat' dir='ltr'><strong>a</strong></span> <span class='ocrx_word' id='word_1_697' title='bbox 3485 3370 3814 3425; x_wconf 78' lang='lat' dir='ltr'><strong>Christianis</strong></span> 
     </span>
    </p>
   </div>
   <div class='ocr_carea' id='block_1_95' title="bbox 2220 3458 3820 3529">
    <p class='ocr_par' dir='ltr' id='par_1_95' title="bbox 2220 3458 3820 3529">
     <span class='ocr_line' id='line_1_95' title="bbox 2220 3458 3820 3529; baseline 0.003 -21"><span class='ocrx_word' id='word_1_698' title='bbox 2220 3464 2381 3511; x_wconf 76' lang='lat' dir='ltr'><strong>tanta:</strong></span> <span class='ocrx_word' id='word_1_699' title='bbox 2425 3458 2591 3511; x_wconf 73' lang='lat' dir='ltr'><strong>ruina:</strong></span> <span class='ocrx_word' id='word_1_700' title='bbox 2637 3458 2746 3512; x_wconf 84' lang='lat' dir='ltr'><strong>buli</strong></span> <span class='ocrx_word' id='word_1_701' title='bbox 2794 3461 2977 3527; x_wconf 88' lang='lat' dir='ltr'><strong>procul</strong></span> <span class='ocrx_word' id='word_1_702' title='bbox 3024 3460 3242 3529; x_wconf 72' lang='lat' dir='ltr'><strong>ellugiat</strong></span> <span class='ocrx_word' id='word_1_703' title='bbox 3282 3462 3430 3513; x_wconf 83' lang='lat' dir='ltr'><strong>nefas</strong></span> <span class='ocrx_word' id='word_1_704' title='bbox 3463 3478 3477 3514; x_wconf 91' lang='lat'><strong>:</strong></span> <span class='ocrx_word' id='word_1_705' title='bbox 3509 3460 3616 3513; x_wconf 89' lang='lat' dir='ltr'><strong>imo</strong></span> <span class='ocrx_word' id='word_1_706' title='bbox 3642 3470 3698 3512; x_wconf 90' lang='lat' dir='ltr'><strong>ut</strong></span> <span class='ocrx_word' id='word_1_707' title='bbox 3735 3460 3820 3513; x_wconf 68' lang='lat' dir='ltr'><strong>ab</strong></span> 
     </span>
    </p>
   </div>
   <div class='ocr_carea' id='block_1_96' title="bbox 2218 3548 3816 3621">
    <p class='ocr_par' dir='ltr' id='par_1_96' title="bbox 2218 3548 3816 3621">
     <span class='ocr_line' id='line_1_96' title="bbox 2218 3548 3816 3621; baseline 0.002 -20"><span class='ocrx_word' id='word_1_708' title='bbox 2218 3548 2455 3601; x_wconf 86' lang='lat' dir='ltr'><strong>omnium</strong></span> <span class='ocrx_word' id='word_1_709' title='bbox 2479 3550 2735 3603; x_wconf 75' lang='lat' dir='ltr'><strong>metmria</strong></span> <span class='ocrx_word' id='word_1_710' title='bbox 2765 3551 3027 3611; x_wconf 86' lang='lat' dir='ltr'><strong>deleatur,</strong></span> <span class='ocrx_word' id='word_1_711' title='bbox 3070 3552 3316 3620; x_wconf 78' lang='lat' dir='ltr'><strong>exetnpla</strong></span> <span class='ocrx_word' id='word_1_712' title='bbox 3373 3552 3487 3604; x_wconf 77' lang='lat' dir='ltr'><strong>alia.</strong></span> <span class='ocrx_word' id='word_1_713' title='bbox 3522 3551 3764 3621; x_wconf 68' lang='lat' dir='ltr'><strong>quaedam</strong></span> <span class='ocrx_word' id='word_1_714' title='bbox 3785 3592 3816 3615; x_wconf 90' lang='lat'><strong>,.</strong></span> 
     </span>
    </p>
   </div>
   <div class='ocr_carea' id='block_1_97' title="bbox 2218 3639 3209 3709">
    <p class='ocr_par' dir='ltr' id='par_1_97' title="bbox 2218 3639 3209 3709">
     <span class='ocr_line' id='line_1_97' title="bbox 2218 3639 3209 3709; baseline 0.003 -18"><span class='ocrx_word' id='word_1_715' title='bbox 2218 3652 2377 3708; x_wconf 86' lang='lat' dir='ltr'><strong>quam</strong></span> <span class='ocrx_word' id='word_1_716' title='bbox 2402 3639 2618 3692; x_wconf 81' lang='lat' dir='ltr'><strong>brevius</strong></span> <span class='ocrx_word' id='word_1_717' title='bbox 2646 3650 2851 3707; x_wconf 85' lang='lat' dir='ltr'><strong>potero.</strong></span> <span class='ocrx_word' id='word_1_718' title='bbox 2884 3640 3209 3709; x_wconf 72' lang='lat' dir='ltr'><strong>subrogabo.</strong></span> 
     </span>
    </p>
   </div>
   <div class='ocr_carea' id='block_1_98' title="bbox 2291 3729 3820 3801">
    <p class='ocr_par' dir='ltr' id='par_1_98' title="bbox 2291 3729 3820 3801">
     <span class='ocr_line' id='line_1_98' title="bbox 2291 3729 3820 3801; baseline 0.001 -17"><span class='ocrx_word' id='word_1_719' title='bbox 2291 3729 2420 3784; x_wconf 70' lang='lat' dir='ltr'><strong>CAP.</strong></span> <span class='ocrx_word' id='word_1_720' title='bbox 2447 3729 2564 3785; x_wconf 76' lang='lat' dir='ltr'><strong>XV.</strong></span> <span class='ocrx_word' id='word_1_721' title='bbox 2604 3730 2661 3786; x_wconf 88' lang='lat' dir='ltr'><strong>In</strong></span> <span class='ocrx_word' id='word_1_722' title='bbox 2703 3732 2943 3786; x_wconf 70' lang='lat' dir='ltr'><strong>Samaria</strong></span> <span class='ocrx_word' id='word_1_723' title='bbox 2973 3732 3275 3801; x_wconf 90' lang='lat' dir='ltr'><strong>quindecim</strong></span> <span class='ocrx_word' id='word_1_724' title='bbox 3307 3733 3541 3785; x_wconf 87' lang='lat' dir='ltr'><strong>nondum</strong></span> <span class='ocrx_word' id='word_1_725' title='bbox 3568 3731 3820 3800; x_wconf 71' lang='lat' dir='ltr'><strong>expletis</strong></span> 
     </span>
    </p>
   </div>
   <div class='ocr_carea' id='block_1_99' title="bbox 2221 3823 3809 3895">
    <p class='ocr_par' dir='ltr' id='par_1_99' title="bbox 2221 3823 3809 3895">
     <span class='ocr_line' id='line_1_99' title="bbox 2221 3823 3809 3895; baseline -0.002 -15"><span class='ocrx_word' id='word_1_726' title='bbox 2221 3823 2431 3889; x_wconf 81' lang='lat' dir='ltr'><strong>diebus,</strong></span> <span class='ocrx_word' id='word_1_727' title='bbox 2472 3824 2599 3879; x_wconf 89' lang='lat' dir='ltr'><strong>dum</strong></span> <span class='ocrx_word' id='word_1_728' title='bbox 2630 3826 2793 3880; x_wconf 76' lang='lat' dir='ltr'><strong>miser</strong></span> <span class='ocrx_word' id='word_1_729' title='bbox 2814 3824 3031 3895; x_wconf 85' lang='lat' dir='ltr'><strong>quidam</strong></span> <span class='ocrx_word' id='word_1_730' title='bbox 3062 3825 3269 3887; x_wconf 86' lang='lat' dir='ltr'><strong>ludens,</strong></span> <span class='ocrx_word' id='word_1_731' title='bbox 3301 3824 3453 3894; x_wconf 76' lang='lat' dir='ltr'><strong>quasi</strong></span> <span class='ocrx_word' id='word_1_732' title='bbox 3481 3824 3659 3878; x_wconf 88' lang='lat' dir='ltr'><strong>omnia</strong></span> <span class='ocrx_word' id='word_1_733' title='bbox 3683 3840 3809 3893; x_wconf 74' lang='lat' dir='ltr'><strong>quas</strong></span> 
     </span>
    </p>
   </div>
   <div class='ocr_carea' id='block_1_100' title="bbox 2224 3914 3817 3986">
    <p class='ocr_par' dir='ltr' id='par_1_100' title="bbox 2224 3914 3817 3986">
     <span class='ocr_line' id='line_1_100' title="bbox 2224 3914 3817 3986; baseline 0.001 -18"><span class='ocrx_word' id='word_1_734' title='bbox 2224 3916 2422 3971; x_wconf 86' lang='lat' dir='ltr'><strong>habere</strong></span> <span class='ocrx_word' id='word_1_735' title='bbox 2454 3927 2685 3984; x_wconf 78' lang='lat' dir='ltr'><strong>poterat,</strong></span> <span class='ocrx_word' id='word_1_736' title='bbox 2713 3917 3159 3986; x_wconf 80' lang='lat' dir='ltr'><strong>consumpsisset,</strong></span> <span class='ocrx_word' id='word_1_737' title='bbox 3178 3918 3397 3986; x_wconf 78' lang='lat' dir='ltr'><strong>gloriosi</strong></span> <span class='ocrx_word' id='word_1_738' title='bbox 3426 3914 3591 3985; x_wconf 69' lang='lat' dir='ltr'><strong>saepit</strong></span> <span class='ocrx_word' id='word_1_739' title='bbox 3620 3914 3817 3970; x_wconf 72' lang='lat' dir='ltr'><strong>Ilioru-</strong></span> 
     </span>
    </p>
   </div>
   <div class='ocr_carea' id='block_1_101' title="bbox 2224 4006 3808 4078">
    <p class='ocr_par' dir='ltr' id='par_1_101' title="bbox 2224 4006 3808 4078">
     <span class='ocr_line' id='line_1_101' title="bbox 2224 4006 3808 4078; baseline 0 -18"><span class='ocrx_word' id='word_1_740' title='bbox 2224 4008 2368 4078; x_wconf 82' lang='lat' dir='ltr'><strong>uymi</strong></span> <span class='ocrx_word' id='word_1_741' title='bbox 2399 4022 2591 4062; x_wconf 87' lang='lat' dir='ltr'><strong>nomen</strong></span> <span class='ocrx_word' id='word_1_742' title='bbox 2618 4021 2749 4061; x_wconf 79' lang='lat' dir='ltr'><strong>ausu</strong></span> <span class='ocrx_word' id='word_1_743' title='bbox 2777 4007 3062 4061; x_wconf 71' lang='lat' dir='ltr'><strong>tememrio</strong></span> <span class='ocrx_word' id='word_1_744' title='bbox 3090 4008 3482 4075; x_wconf 74' lang='lat' dir='ltr'><strong>blaspliemare.</strong></span> <span class='ocrx_word' id='word_1_745' title='bbox 3514 4006 3684 4072; x_wconf 81' lang='lat' dir='ltr'><strong>Quem</strong></span> <span class='ocrx_word' id='word_1_746' title='bbox 3704 4022 3808 4060; x_wconf 81' lang='lat' dir='ltr'><strong>no-</strong></span> 
     </span>
    </p>
   </div>
   <div class='ocr_carea' id='block_1_102' title="bbox 2225 4097 3819 4167">
    <p class='ocr_par' dir='ltr' id='par_1_102' title="bbox 2225 4097 3819 4167">
     <span class='ocr_line' id='line_1_102' title="bbox 2225 4097 3819 4167; baseline 0.001 -17"><span class='ocrx_word' id='word_1_747' title='bbox 2225 4097 2380 4152; x_wconf 81' lang='lat' dir='ltr'><strong>fantla</strong></span> <span class='ocrx_word' id='word_1_748' title='bbox 2408 4097 2753 4167; x_wconf 69' lang='lat' dir='ltr'><strong>blaspbentite</strong></span> <span class='ocrx_word' id='word_1_749' title='bbox 2782 4099 2865 4150; x_wconf 79' lang='lat' dir='ltr'><strong>vix</strong></span> <span class='ocrx_word' id='word_1_750' title='bbox 2915 4098 3190 4153; x_wconf 86' lang='lat' dir='ltr'><strong>liuieutem</strong></span> <span class='ocrx_word' id='word_1_751' title='bbox 3216 4098 3397 4163; x_wconf 86' lang='lat' dir='ltr'><strong>verba,</strong></span> <span class='ocrx_word' id='word_1_752' title='bbox 3431 4098 3734 4153; x_wconf 83' lang='lat' dir='ltr'><strong>videntibus</strong></span> <span class='ocrx_word' id='word_1_753' title='bbox 3755 4108 3819 4152; x_wconf 66' lang='lat' dir='ltr'><strong>ett</strong></span> 
     </span>
    </p>
   </div>
   <div class='ocr_carea' id='block_1_103' title="bbox 2224 4191 3817 4259">
    <p class='ocr_par' dir='ltr' id='par_1_103' title="bbox 2224 4191 3817 4259">
     <span class='ocr_line' id='line_1_103' title="bbox 2224 4191 3817 4259; baseline 0.001 -15"><span class='ocrx_word' id='word_1_754' title='bbox 2224 4191 2564 4259; x_wconf 87' lang='lat' dir='ltr'><strong>stupentibus</strong></span> <span class='ocrx_word' id='word_1_755' title='bbox 2598 4193 2829 4253; x_wconf 84' lang='lat' dir='ltr'><strong>cunctis.</strong></span> <span class='ocrx_word' id='word_1_756' title='bbox 2860 4206 2983 4246; x_wconf 88' lang='lat' dir='ltr'><strong>mox</strong></span> <span class='ocrx_word' id='word_1_757' title='bbox 3011 4207 3043 4245; x_wconf 88' lang='lat' dir='ltr'><strong>e</strong></span> <span class='ocrx_word' id='word_1_758' title='bbox 3095 4191 3234 4247; x_wconf 71' lang='lat' dir='ltr'><strong>cutio</strong></span> <span class='ocrx_word' id='word_1_759' title='bbox 3259 4193 3458 4246; x_wconf 78' lang='lat' dir='ltr'><strong>fulmen</strong></span> <span class='ocrx_word' id='word_1_760' title='bbox 3484 4192 3704 4248; x_wconf 79' lang='lat' dir='ltr'><strong>veniens</strong></span> <span class='ocrx_word' id='word_1_761' title='bbox 3731 4193 3817 4246; x_wconf 83' lang='lat' dir='ltr'><strong>in-</strong></span> 
     </span>
    </p>
   </div>
   <div class='ocr_carea' id='block_1_104' title="bbox 2228 4286 2461 4338">
    <p class='ocr_par' dir='ltr' id='par_1_104' title="bbox 2228 4286 2461 4338">
     <span class='ocr_line' id='line_1_104' title="bbox 2228 4286 2461 4338; baseline 0 -1"><span class='ocrx_word' id='word_1_762' title='bbox 2228 4286 2461 4338; x_wconf 85' lang='lat' dir='ltr'><strong>terctnit.</strong></span> 
     </span>
    </p>
   </div>
   <div class='ocr_carea' id='block_1_105' title="bbox 2296 4376 3812 4448">
    <p class='ocr_par' dir='ltr' id='par_1_105' title="bbox 2296 4376 3812 4448">
     <span class='ocr_line' id='line_1_105' title="bbox 2296 4376 3812 4448; baseline 0.001 -19"><span class='ocrx_word' id='word_1_763' title='bbox 2296 4376 2422 4432; x_wconf 73' lang='lat' dir='ltr'><strong>CAP.</strong></span> <span class='ocrx_word' id='word_1_764' title='bbox 2454 4376 2596 4432; x_wconf 78' lang='lat' dir='ltr'><strong>XVI.</strong></span> <span class='ocrx_word' id='word_1_765' title='bbox 2629 4377 2823 4432; x_wconf 87' lang='lat' dir='ltr'><strong>Tribus</strong></span> <span class='ocrx_word' id='word_1_766' title='bbox 2868 4378 3012 4442; x_wconf 88' lang='lat' dir='ltr'><strong>aliis,</strong></span> <span class='ocrx_word' id='word_1_767' title='bbox 3048 4377 3099 4431; x_wconf 92' lang='lat' dir='ltr'><strong>in</strong></span> <span class='ocrx_word' id='word_1_768' title='bbox 3163 4377 3307 4448; x_wconf 82' lang='lat' dir='ltr'><strong>Tyro</strong></span> <span class='ocrx_word' id='word_1_769' title='bbox 3339 4376 3641 4432; x_wconf 85' lang='lat' dir='ltr'><strong>ludentibus</strong></span> <span class='ocrx_word' id='word_1_770' title='bbox 3666 4417 3684 4442; x_wconf 90' lang='lat'><strong>,</strong></span> <span class='ocrx_word' id='word_1_771' title='bbox 3713 4377 3812 4430; x_wconf 90' lang='lat' dir='ltr'><strong>hoc</strong></span> 
     </span>
    </p>
   </div>
   <div class='ocr_carea' id='block_1_106' title="bbox 2225 4467 3811 4538">
    <p class='ocr_par' dir='ltr' id='par_1_106' title="bbox 2225 4467 3811 4538">
     <span class='ocr_line' id='line_1_106' title="bbox 2225 4467 3811 4538; baseline -0.001 -17"><span class='ocrx_word' id='word_1_772' title='bbox 2225 4467 2419 4523; x_wconf 87' lang='lat' dir='ltr'><strong>accidit</strong></span> <span class='ocrx_word' id='word_1_773' title='bbox 2438 4468 2580 4538; x_wconf 89' lang='lat' dir='ltr'><strong>quod</strong></span> <span class='ocrx_word' id='word_1_774' title='bbox 2610 4484 2828 4523; x_wconf 86' lang='lat' dir='ltr'><strong>enarro.</strong></span> <span class='ocrx_word' id='word_1_775' title='bbox 2854 4469 2990 4524; x_wconf 90' lang='lat' dir='ltr'><strong>Cum</strong></span> <span class='ocrx_word' id='word_1_776' title='bbox 3017 4470 3161 4523; x_wconf 87' lang='lat' dir='ltr'><strong>enim</strong></span> <span class='ocrx_word' id='word_1_777' title='bbox 3204 4470 3278 4524; x_wconf 82' lang='lat' dir='ltr'><strong>illi</strong></span> <span class='ocrx_word' id='word_1_778' title='bbox 3308 4484 3463 4523; x_wconf 89' lang='lat' dir='ltr'><strong>suum</strong></span> <span class='ocrx_word' id='word_1_779' title='bbox 3496 4469 3698 4522; x_wconf 86' lang='lat' dir='ltr'><strong>vellent</strong></span> <span class='ocrx_word' id='word_1_780' title='bbox 3729 4468 3811 4520; x_wconf 86' lang='lat' dir='ltr'><strong>iu-</strong></span> 
     </span>
    </p>
   </div>
   <div class='ocr_carea' id='block_1_107' title="bbox 2227 4559 3811 4630">
    <p class='ocr_par' dir='ltr' id='par_1_107' title="bbox 2227 4559 3811 4630">
     <span class='ocr_line' id='line_1_107' title="bbox 2227 4559 3811 4630; baseline -0.001 -17"><span class='ocrx_word' id='word_1_781' title='bbox 2227 4560 2407 4628; x_wconf 88' lang='lat' dir='ltr'><strong>cipcre</strong></span> <span class='ocrx_word' id='word_1_782' title='bbox 2446 4560 2648 4622; x_wconf 88' lang='lat' dir='ltr'><strong>ludum,</strong></span> <span class='ocrx_word' id='word_1_783' title='bbox 2698 4570 2754 4615; x_wconf 91' lang='lat' dir='ltr'><strong>ut</strong></span> <span class='ocrx_word' id='word_1_784' title='bbox 2785 4560 2838 4615; x_wconf 86' lang='lat' dir='ltr'><strong>bi</strong></span> <span class='ocrx_word' id='word_1_785' title='bbox 2871 4561 2960 4630; x_wconf 90' lang='lat' dir='ltr'><strong>qui</strong></span> <span class='ocrx_word' id='word_1_786' title='bbox 2992 4576 3050 4616; x_wconf 85' lang='lat' dir='ltr'><strong>se</strong></span> <span class='ocrx_word' id='word_1_787' title='bbox 3084 4561 3186 4616; x_wconf 84' lang='lat' dir='ltr'><strong>hoc</strong></span> <span class='ocrx_word' id='word_1_788' title='bbox 3228 4562 3295 4614; x_wconf 88' lang='lat' dir='ltr'><strong>ab</strong></span> <span class='ocrx_word' id='word_1_789' title='bbox 3325 4560 3526 4614; x_wconf 81' lang='lat' dir='ltr'><strong>eisdem</strong></span> <span class='ocrx_word' id='word_1_790' title='bbox 3562 4559 3776 4614; x_wconf 76' lang='lat' dir='ltr'><strong>audisse</strong></span> <span class='ocrx_word' id='word_1_791' title='bbox 3796 4598 3811 4623; x_wconf 89' lang='lat'><strong>,</strong></span> 
     </span>
    </p>
   </div>
   <div class='ocr_carea' id='block_1_108' title="bbox 2226 4650 3814 4715">
    <p class='ocr_par' dir='ltr' id='par_1_108' title="bbox 2226 4650 3814 4715">
     <span class='ocr_line' id='line_1_108' title="bbox 2226 4650 3814 4715; baseline -0.001 -10"><span class='ocrx_word' id='word_1_792' title='bbox 2226 4661 2281 4705; x_wconf 88' lang='lat' dir='ltr'><strong>et</strong></span> <span class='ocrx_word' id='word_1_793' title='bbox 2309 4660 2472 4706; x_wconf 88' lang='lat' dir='ltr'><strong>totam</strong></span> <span class='ocrx_word' id='word_1_794' title='bbox 2499 4653 2576 4707; x_wconf 90' lang='lat' dir='ltr'><strong>rei</strong></span> <span class='ocrx_word' id='word_1_795' title='bbox 2615 4652 2812 4707; x_wconf 88' lang='lat' dir='ltr'><strong>seriem</strong></span> <span class='ocrx_word' id='word_1_796' title='bbox 2842 4654 3007 4706; x_wconf 90' lang='lat' dir='ltr'><strong>etiam</strong></span> <span class='ocrx_word' id='word_1_797' title='bbox 3035 4667 3094 4706; x_wconf 80' lang='lat' dir='ltr'><strong>se</strong></span> <span class='ocrx_word' id='word_1_798' title='bbox 3124 4652 3345 4715; x_wconf 75' lang='lat' dir='ltr'><strong>vidisse,</strong></span> <span class='ocrx_word' id='word_1_799' title='bbox 3374 4650 3553 4704; x_wconf 83' lang='lat' dir='ltr'><strong>fantur</strong></span> <span class='ocrx_word' id='word_1_800' title='bbox 3578 4660 3632 4705; x_wconf 89' lang='lat' dir='ltr'><strong>et</strong></span> <span class='ocrx_word' id='word_1_801' title='bbox 3672 4650 3814 4705; x_wconf 75' lang='lat' dir='ltr'><strong>refu-</strong></span> 
     </span>
    </p>
   </div>
   <div class='ocr_carea' id='block_1_109' title="bbox 2231 4742 3814 4813">
    <p class='ocr_par' dir='ltr' id='par_1_109' title="bbox 2231 4742 3814 4813">
     <span class='ocr_line' id='line_1_109' title="bbox 2231 4742 3814 4813; baseline -0.002 -16"><span class='ocrx_word' id='word_1_802' title='bbox 2231 4752 2373 4806; x_wconf 87' lang='lat' dir='ltr'><strong>runt,</strong></span> <span class='ocrx_word' id='word_1_803' title='bbox 2407 4745 2486 4799; x_wconf 90' lang='lat' dir='ltr'><strong>sic</strong></span> <span class='ocrx_word' id='word_1_804' title='bbox 2512 4743 2766 4799; x_wconf 86' lang='lat' dir='ltr'><strong>dixerunt</strong></span> <span class='ocrx_word' id='word_1_805' title='bbox 2805 4759 2819 4795; x_wconf 86' lang='lat'><strong>:</strong></span> <span class='ocrx_word' id='word_1_806' title='bbox 2854 4742 3237 4813; x_wconf 78' lang='lat' dir='ltr'><strong>Quamcumque</strong></span> <span class='ocrx_word' id='word_1_807' title='bbox 3282 4752 3422 4812; x_wconf 77' lang='lat' dir='ltr'><strong>potes</strong></span> <span class='ocrx_word' id='word_1_808' title='bbox 3468 4758 3644 4795; x_wconf 65' lang='lat' dir='ltr'><strong>careres</strong></span> <span class='ocrx_word' id='word_1_809' title='bbox 3691 4743 3814 4806; x_wconf 75' lang='lat' dir='ltr'><strong>eiut,</strong></span> 
     </span>
    </p>
   </div>
   <div class='ocr_carea' id='block_1_110' title="bbox 2229 4832 3817 4906">
    <p class='ocr_par' dir='ltr' id='par_1_110' title="bbox 2229 4832 3817 4906">
     <span class='ocr_line' id='line_1_110' title="bbox 2229 4832 3817 4906; baseline -0.004 -16"><span class='ocrx_word' id='word_1_810' title='bbox 2229 4835 2544 4906; x_wconf 77' lang='lat' dir='ltr'><strong>Hieronyme</strong></span> <span class='ocrx_word' id='word_1_811' title='bbox 2573 4852 2592 4891; x_wconf 88' lang='lat'><strong><em>:</em></strong></span> <span class='ocrx_word' id='word_1_812' title='bbox 2618 4839 2735 4903; x_wconf 81' lang='lat' dir='ltr'><strong>quia</strong></span> <span class='ocrx_word' id='word_1_813' title='bbox 2760 4844 2807 4889; x_wconf 78' lang='lat' dir='ltr'><strong>te</strong></span> <span class='ocrx_word' id='word_1_814' title='bbox 2836 4838 2990 4888; x_wconf 70' lang='lat' dir='ltr'><strong>inuito</strong></span> <span class='ocrx_word' id='word_1_815' title='bbox 3019 4834 3199 4887; x_wconf 81' lang='lat' dir='ltr'><strong>ludum</strong></span> <span class='ocrx_word' id='word_1_816' title='bbox 3224 4835 3376 4887; x_wconf 87' lang='lat' dir='ltr'><strong>istum</strong></span> <span class='ocrx_word' id='word_1_817' title='bbox 3404 4832 3644 4886; x_wconf 83' lang='lat' dir='ltr'><strong>alacriter</strong></span> <span class='ocrx_word' id='word_1_818' title='bbox 3664 4833 3817 4901; x_wconf 78' lang='lat' dir='ltr'><strong>finie-</strong></span> 
     </span>
    </p>
   </div>
   <div class='ocr_carea' id='block_1_111' title="bbox 2230 4923 3822 4998">
    <p class='ocr_par' dir='ltr' id='par_1_111' title="bbox 2230 4923 3822 4998">
     <span class='ocr_line' id='line_1_111' title="bbox 2230 4923 3822 4998; baseline -0.003 -17"><span class='ocrx_word' id='word_1_819' title='bbox 2230 4946 2362 4983; x_wconf 85' lang='lat' dir='ltr'><strong>mus.</strong></span> <span class='ocrx_word' id='word_1_820' title='bbox 2388 4930 2483 4983; x_wconf 85' lang='lat' dir='ltr'><strong>llis</strong></span> <span class='ocrx_word' id='word_1_821' title='bbox 2511 4929 2689 4998; x_wconf 86' lang='lat' dir='ltr'><strong>itaque</strong></span> <span class='ocrx_word' id='word_1_822' title='bbox 2716 4926 2896 4992; x_wconf 87' lang='lat' dir='ltr'><strong>dictis,</strong></span> <span class='ocrx_word' id='word_1_823' title='bbox 2920 4941 3077 4980; x_wconf 91' lang='lat' dir='ltr'><strong>suum</strong></span> <span class='ocrx_word' id='word_1_824' title='bbox 3106 4926 3446 4994; x_wconf 75' lang='lat' dir='ltr'><strong>iucmperuut</strong></span> <span class='ocrx_word' id='word_1_825' title='bbox 3473 4923 3679 4989; x_wconf 90' lang='lat' dir='ltr'><strong>ludum,</strong></span> <span class='ocrx_word' id='word_1_826' title='bbox 3712 4938 3822 4993; x_wconf 86' lang='lat' dir='ltr'><strong>quo</strong></span> 
     </span>
    </p>
   </div>
   <div class='ocr_carea' id='block_1_112' title="bbox 2231 5017 3823 5091">
    <p class='ocr_par' dir='ltr' id='par_1_112' title="bbox 2231 5017 3823 5091">
     <span class='ocr_line' id='line_1_112' title="bbox 2231 5017 3823 5091; baseline -0.003 -17"><span class='ocrx_word' id='word_1_827' title='bbox 2231 5021 2445 5090; x_wconf 87' lang='lat' dir='ltr'><strong>quidem</strong></span> <span class='ocrx_word' id='word_1_828' title='bbox 2497 5022 2882 5091; x_wconf 79' lang='lat' dir='ltr'><strong>primordium,</strong></span> <span class='ocrx_word' id='word_1_829' title='bbox 2926 5019 3076 5087; x_wconf 88' lang='lat' dir='ltr'><strong>quasi</strong></span> <span class='ocrx_word' id='word_1_830' title='bbox 3128 5034 3235 5072; x_wconf 89' lang='lat' dir='ltr'><strong>uno</strong></span> <span class='ocrx_word' id='word_1_831' title='bbox 3261 5019 3445 5087; x_wconf 88' lang='lat' dir='ltr'><strong>elapso</strong></span> <span class='ocrx_word' id='word_1_832' title='bbox 3476 5017 3721 5080; x_wconf 81' lang='lat' dir='ltr'><strong>instanti,</strong></span> <span class='ocrx_word' id='word_1_833' title='bbox 3760 5031 3823 5070; x_wconf 71' lang='lat' dir='ltr'><strong>se</strong></span> 
     </span>
    </p>
   </div>
   <div class='ocr_carea' id='block_1_113' title="bbox 2232 5109 3823 5181">
    <p class='ocr_par' dir='ltr' id='par_1_113' title="bbox 2232 5109 3823 5181">
     <span class='ocr_line' id='line_1_113' title="bbox 2232 5109 3823 5181; baseline -0.001 -14"><span class='ocrx_word' id='word_1_834' title='bbox 2232 5122 2372 5168; x_wconf 88' lang='lat' dir='ltr'><strong>terra</strong></span> <span class='ocrx_word' id='word_1_835' title='bbox 2404 5113 2675 5181; x_wconf 87' lang='lat' dir='ltr'><strong>aperiens,</strong></span> <span class='ocrx_word' id='word_1_836' title='bbox 2704 5112 2823 5165; x_wconf 86' lang='lat' dir='ltr'><strong>illos</strong></span> <span class='ocrx_word' id='word_1_837' title='bbox 2842 5111 3016 5165; x_wconf 65' lang='lat' dir='ltr'><strong>solum</strong></span> <span class='ocrx_word' id='word_1_838' title='bbox 3041 5111 3334 5175; x_wconf 84' lang='lat' dir='ltr'><strong>absorbuit,</strong></span> <span class='ocrx_word' id='word_1_839' title='bbox 3366 5110 3436 5164; x_wconf 81' lang='lat' dir='ltr'><strong>ita</strong></span> <span class='ocrx_word' id='word_1_840' title='bbox 3463 5118 3521 5164; x_wconf 93' lang='lat' dir='ltr'><strong>ut</strong></span> <span class='ocrx_word' id='word_1_841' title='bbox 3549 5109 3623 5164; x_wconf 89' lang='lat' dir='ltr'><strong>nil</strong></span> <span class='ocrx_word' id='word_1_842' title='bbox 3652 5125 3719 5165; x_wconf 86' lang='lat' dir='ltr'><strong>ex</strong></span> <span class='ocrx_word' id='word_1_843' title='bbox 3743 5110 3823 5165; x_wconf 84' lang='lat' dir='ltr'><strong>eis</strong></span> 
     </span>
    </p>
   </div>
   <div class='ocr_carea' id='block_1_114' title="bbox 2232 5202 2865 5271">
    <p class='ocr_par' dir='ltr' id='par_1_114' title="bbox 2232 5202 2865 5271">
     <span class='ocr_line' id='line_1_114' title="bbox 2232 5202 2865 5271; baseline -0.002 -15"><span class='ocrx_word' id='word_1_844' title='bbox 2232 5204 2459 5271; x_wconf 86' lang='lat' dir='ltr'><strong>amplius</strong></span> <span class='ocrx_word' id='word_1_845' title='bbox 2490 5202 2647 5258; x_wconf 57' lang='lat' dir='ltr'><strong>fuerit</strong></span> <span class='ocrx_word' id='word_1_846' title='bbox 2672 5202 2865 5256; x_wconf 85' lang='lat' dir='ltr'><strong>visum.</strong></span> 
     </span>
    </p>
   </div>
   <div class='ocr_carea' id='block_1_115' title="bbox 2302 5293 3821 5363">
    <p class='ocr_par' dir='ltr' id='par_1_115' title="bbox 2302 5293 3821 5363">
     <span class='ocr_line' id='line_1_115' title="bbox 2302 5293 3821 5363; baseline -0.002 -14"><span class='ocrx_word' id='word_1_847' title='bbox 2302 5296 2432 5350; x_wconf 60' lang='lat' dir='ltr'><strong>Car.</strong></span> <span class='ocrx_word' id='word_1_848' title='bbox 2460 5293 2622 5350; x_wconf 82' lang='lat' dir='ltr'><strong>XVII.</strong></span> <span class='ocrx_word' id='word_1_849' title='bbox 2648 5293 2801 5360; x_wconf 85' lang='lat' dir='ltr'><strong>Quod</strong></span> <span class='ocrx_word' id='word_1_850' title='bbox 2852 5294 2966 5347; x_wconf 88' lang='lat' dir='ltr'><strong>visu</strong></span> <span class='ocrx_word' id='word_1_851' title='bbox 3007 5297 3281 5359; x_wconf 81' lang='lat' dir='ltr'><strong>noscitur,</strong></span> <span class='ocrx_word' id='word_1_852' title='bbox 3335 5294 3620 5363; x_wconf 70' lang='lat' dir='ltr'><strong>verissimo</strong></span> <span class='ocrx_word' id='word_1_853' title='bbox 3668 5294 3821 5348; x_wconf 84' lang='lat' dir='ltr'><strong>testi-</strong></span> 
     </span>
    </p>
   </div>
   <div class='ocr_carea' id='block_1_116' title="bbox 2232 5388 3821 5459">
    <p class='ocr_par' dir='ltr' id='par_1_116' title="bbox 2232 5388 3821 5459">
     <span class='ocr_line' id='line_1_116' title="bbox 2232 5388 3821 5459; baseline -0.003 -16"><span class='ocrx_word' id='word_1_854' title='bbox 2232 5390 2417 5443; x_wconf 86' lang='lat' dir='ltr'><strong>monio</strong></span> <span class='ocrx_word' id='word_1_855' title='bbox 2459 5390 2867 5457; x_wconf 85' lang='lat' dir='ltr'><strong>comprobatur.</strong></span> <span class='ocrx_word' id='word_1_856' title='bbox 2894 5388 3101 5443; x_wconf 85' lang='lat' dir='ltr'><strong>Idcirco</strong></span> <span class='ocrx_word' id='word_1_857' title='bbox 3142 5405 3262 5459; x_wconf 77' lang='lat' dir='ltr'><strong>qua:</strong></span> <span class='ocrx_word' id='word_1_858' title='bbox 3309 5389 3431 5443; x_wconf 92' lang='lat' dir='ltr'><strong>dico</strong></span> <span class='ocrx_word' id='word_1_859' title='bbox 3468 5388 3821 5457; x_wconf 79' lang='lat' dir='ltr'><strong>quatnmultis</strong></span> 
     </span>
    </p>
   </div>
   <div class='ocr_carea' id='block_1_117' title="bbox 2238 5478 3820 5551">
    <p class='ocr_par' dir='ltr' id='par_1_117' title="bbox 2238 5478 3820 5551">
     <span class='ocr_line' id='line_1_117' title="bbox 2238 5478 3820 5551; baseline -0.002 -17"><span class='ocrx_word' id='word_1_860' title='bbox 2238 5489 2457 5551; x_wconf 85' lang='lat' dir='ltr'><strong>possent</strong></span> <span class='ocrx_word' id='word_1_861' title='bbox 2494 5478 2861 5547; x_wconf 73' lang='lat' dir='ltr'><strong>comprobari,</strong></span> <span class='ocrx_word' id='word_1_862' title='bbox 2888 5482 3150 5534; x_wconf 88' lang='lat' dir='ltr'><strong>testibus:</strong></span> <span class='ocrx_word' id='word_1_863' title='bbox 3176 5494 3352 5536; x_wconf 83' lang='lat' dir='ltr'><strong>tamen</strong></span> <span class='ocrx_word' id='word_1_864' title='bbox 3399 5480 3608 5549; x_wconf 71' lang='grc' dir='ltr'><strong>πιείρδο</strong></span> <span class='ocrx_word' id='word_1_865' title='bbox 3640 5488 3780 5533; x_wconf 88' lang='lat' dir='ltr'><strong>teste</strong></span> <span class='ocrx_word' id='word_1_866' title='bbox 3804 5516 3820 5542; x_wconf 83' lang='lat'><strong>,</strong></span> 
     </span>
    </p>
   </div>
   <div class='ocr_carea' id='block_1_118' title="bbox 2236 5569 3829 5640">
    <p class='ocr_par' dir='ltr' id='par_1_118' title="bbox 2236 5569 3829 5640">
     <span class='ocr_line' id='line_1_118' title="bbox 2236 5569 3829 5640; baseline -0.002 -15"><span class='ocrx_word' id='word_1_867' title='bbox 2236 5572 2324 5639; x_wconf 86' lang='lat' dir='ltr'><strong>qui</strong></span> <span class='ocrx_word' id='word_1_868' title='bbox 2364 5587 2427 5625; x_wconf 88' lang='lat' dir='ltr'><strong>ea</strong></span> <span class='ocrx_word' id='word_1_869' title='bbox 2460 5572 2666 5626; x_wconf 86' lang='lat' dir='ltr'><strong>visione</strong></span> <span class='ocrx_word' id='word_1_870' title='bbox 2713 5572 2925 5640; x_wconf 82' lang='lat' dir='ltr'><strong>prepria</strong></span> <span class='ocrx_word' id='word_1_871' title='bbox 2987 5572 3150 5626; x_wconf 90' lang='lat' dir='ltr'><strong>didici</strong></span> <span class='ocrx_word' id='word_1_872' title='bbox 3210 5571 3603 5640; x_wconf 82' lang='lat' dir='ltr'><strong>eomprobabo.</strong></span> <span class='ocrx_word' id='word_1_873' title='bbox 3668 5569 3829 5625; x_wconf 82' lang='lat' dir='ltr'><strong>Juxta</strong></span> 
     </span>
    </p>
   </div>
   <div class='ocr_carea' id='block_1_119' title="bbox 2238 5662 3828 5732">
    <p class='ocr_par' dir='ltr' id='par_1_119' title="bbox 2238 5662 3828 5732">
     <span class='ocr_line' id='line_1_119' title="bbox 2238 5662 3828 5732; baseline -0.003 -15"><span class='ocrx_word' id='word_1_874' title='bbox 2238 5678 2409 5717; x_wconf 87' lang='lat' dir='ltr'><strong>meam</strong></span> <span class='ocrx_word' id='word_1_875' title='bbox 2444 5664 2494 5717; x_wconf 87' lang='lat' dir='ltr'><strong>in</strong></span> <span class='ocrx_word' id='word_1_876' title='bbox 2523 5678 2626 5732; x_wconf 87' lang='lat' dir='ltr'><strong>qua</strong></span> <span class='ocrx_word' id='word_1_877' title='bbox 2670 5662 2981 5719; x_wconf 81' lang='lat' dir='ltr'><strong>Jerusalem</strong></span> <span class='ocrx_word' id='word_1_878' title='bbox 3008 5662 3191 5717; x_wconf 83' lang='lat' dir='ltr'><strong>habito</strong></span> <span class='ocrx_word' id='word_1_879' title='bbox 3220 5663 3413 5727; x_wconf 73' lang='lat' dir='ltr'><strong>tndem,</strong></span> <span class='ocrx_word' id='word_1_880' title='bbox 3458 5662 3828 5717; x_wconf 85' lang='lat' dir='ltr'><strong>nobilissimus</strong></span> 
     </span>
    </p>
   </div>
   <div class='ocr_carea' id='block_1_120' title="bbox 2237 5755 3828 5825">
    <p class='ocr_par' dir='ltr' id='par_1_120' title="bbox 2237 5755 3828 5825">
     <span class='ocr_line' id='line_1_120' title="bbox 2237 5755 3828 5825; baseline -0.002 -16"><span class='ocrx_word' id='word_1_881' title='bbox 2237 5757 2452 5825; x_wconf 85' lang='lat' dir='ltr'><strong>quidam</strong></span> <span class='ocrx_word' id='word_1_882' title='bbox 2485 5757 2642 5811; x_wconf 82' lang='lat' dir='ltr'><strong>miles</strong></span> <span class='ocrx_word' id='word_1_883' title='bbox 2673 5756 2788 5820; x_wconf 85' lang='lat' dir='ltr'><strong>fuit,</strong></span> <span class='ocrx_word' id='word_1_884' title='bbox 2819 5756 3143 5810; x_wconf 79' lang='lat' dir='ltr'><strong>transitoriis</strong></span> <span class='ocrx_word' id='word_1_885' title='bbox 3173 5755 3395 5808; x_wconf 85' lang='lat' dir='ltr'><strong>nimium</strong></span> <span class='ocrx_word' id='word_1_886' title='bbox 3448 5755 3710 5822; x_wconf 81' lang='lat' dir='ltr'><strong>locuples,</strong></span> <span class='ocrx_word' id='word_1_887' title='bbox 3737 5760 3828 5823; x_wconf 83' lang='lat' dir='ltr'><strong>qui</strong></span> 
     </span>
    </p>
   </div>
   <div class='ocr_carea' id='block_1_121' title="bbox 2247 5845 3831 5915">
    <p class='ocr_par' dir='ltr' id='par_1_121' title="bbox 2247 5845 3831 5915">
     <span class='ocr_line' id='line_1_121' title="bbox 2247 5845 3831 5915; baseline -0.001 -16"><span class='ocrx_word' id='word_1_888' title='bbox 2247 5847 2459 5901; x_wconf 85' lang='lat' dir='ltr'><strong>unicum</strong></span> <span class='ocrx_word' id='word_1_889' title='bbox 2516 5847 2719 5902; x_wconf 80' lang='lat' dir='ltr'><strong>habens</strong></span> <span class='ocrx_word' id='word_1_890' title='bbox 2774 5848 2959 5910; x_wconf 86' lang='lat' dir='ltr'><strong>lilium,</strong></span> <span class='ocrx_word' id='word_1_891' title='bbox 3013 5845 3253 5915; x_wconf 77' lang='lat' dir='ltr'><strong>ejusdem</strong></span> <span class='ocrx_word' id='word_1_892' title='bbox 3300 5846 3597 5901; x_wconf 82' lang='lat' dir='ltr'><strong>stultissimi</strong></span> <span class='ocrx_word' id='word_1_893' title='bbox 3630 5847 3831 5900; x_wconf 79' lang='lat' dir='ltr'><strong>amoris</strong></span> 
     </span>
    </p>
   </div>
  </div>
