4136 6332
290 418 406 482 313

305 535 544 596 recitato
568 535 868 608 perculsus,
907 549 1014 591 non
1066 533 1241 590 solum
1289 546 1320 588 ι
1381 531 1558 602 pravis
1599 545 1722 586 eum
1770 544 1880 584 non

305 629 592 698 corrigere,
634 626 731 684 sed
777 628 942 685 etiam
973 642 1100 683 eum
1150 626 1376 698 ipsemet
1416 637 1582 697 prava
1611 622 1878 678 instruere

305 719 616 776 conabatur.
635 719 894 776 Parentes
915 719 1044 776 fatui
1060 726 1114 778 et
1133 716 1220 772 isti
1241 715 1464 778 similes.
1485 713 1679 769 mentis
1699 726 1886 784 qutcso

304 811 492 867 oculos
521 809 629 866 huc
647 810 927 876 inclinent,
958 821 1017 866 ut
1041 809 1160 882 quis
1183 807 1305 872 [hiis
1327 807 1558 872 eveniat,
1594 821 1700 862 non
1731 804 1883 876 igno-

302 909 439 960 rent.
483 900 635 958 uniti
662 901 808 959 enim
841 901 1108 970 homines,
1138 914 1358 971 magnas
1387 899 1583 953 animae
1607 907 1662 952 ct
1685 911 1882 965 corpu-

302 993 378 1047 ris
406 991 714 1050 inciderunt
755 995 961 1062 ruinas,
1001 994 1072 1050 ob
1103 1007 1392 1065 pravorum
1436 1000 1718 1062 parentum
1748 988 1883 1044 insi-

302 1085 575 1156 pientiam.
597 1085 863 1143 Crescens
906 1102 1138 1159 namque
1180 1086 1327 1141 illius
1347 1084 1533 1140 militis
1563 1083 1722 1148 (ilius,
1752 1097 1883 1136 cnn-

301 1177 401 1232 ctis
453 1178 612 1240 bonis
660 1179 904 1236 moribus
955 1179 1288 1246 destitutus,
1337 1177 1406 1235 de
1483 1177 1573 1236 die
1624 1177 1678 1230 in
1735 1173 1880 1230 diem

300 1269 591 1340 pejeraodo
617 1311 636 1339 ,
694 1281 866 1330 totum
903 1287 1058 1330 suum
1099 1281 1309 1342 tempus
1338 1271 1613 1334 amittens,
1647 1269 1700 1323 in
1743 1267 1884 1322 ludis

299 1370 354 1416 et
381 1362 728 1434 blasphemiis
776 1366 1091 1435 cunctisque
1131 1362 1482 1420 immunditiis
1505 1402 1522 1426 ,
1553 1368 1708 1430 patre
1750 1375 1882 1414 cau-

301 1464 470 1520 sante,
498 1471 700 1512 annum
730 1457 907 1528 attigit
933 1456 1262 1514 duodenum.
1291 1455 1393 1524 Qui
1437 1453 1676 1524 quodam
1714 1451 1880 1506 adve-

301 1557 644 1618 sperascente
683 1549 793 1615 die,
848 1551 1024 1605 solitis
1067 1565 1192 1605 cum
1224 1558 1374 1618 patre
1414 1547 1556 1603 ludis
1586 1545 1882 1616 insistens,

300 1636 484 1693 ludum
511 1638 746 1705 eodem,
801 1649 860 1694 ut
912 1639 1204 1710 gliscebat,
1245 1653 1353 1694 non
1402 1637 1652 1700 habente,
1702 1633 1882 1706 primo

300 1728 547 1798 prorupit
578 1729 630 1784 in
664 1731 781 1784 btec
827 1731 987 1785 verba
1019 1747 1032 1783 :
1064 1730 1128 1785 Si
1163 1729 1288 1798 quid
1313 1729 1399 1784 ille
1425 1737 1586 1798 potest
1617 1724 1665 1780 11
1674 1726 1880 1796 ierouy-

299 1835 432 1886 mus,
454 1821 540 1888 qui
570 1820 719 1876 ludos
765 1823 997 1890 prohibet
1025 1821 1248 1877 exerceri
1271 1861 1288 1886 ,
1313 1823 1428 1892 jam
1455 1826 1684 1876 exerceat
1707 1857 1723 1882 ,
1756 1831 1878 1870 naut

300 1927 355 1966 se
395 1911 552 1966 inrito
587 1914 706 1968 hinc
742 1930 842 1968 non
873 1915 972 1970 nisi
1013 1917 1174 1971 victor
1209 1931 1479 1985 exurgunt.
1531 1912 1729 1968 Verum
1761 1910 1879 1968 Iure

300 1999 575 2058 dumtaxat
605 2004 723 2073 ipso
752 2017 1113 2076 prosequente
1131 2047 1148 2073 ,
1176 2021 1408 2076 nequam
1454 2005 1678 2076 spiritus
1708 2010 1877 2058 teter-

299 2093 418 2149 rimi
449 2094 684 2152 hominis
734 2099 953 2168 specie,
990 2099 1198 2156 cunctis
1243 2096 1548 2154 videntibus
1601 2095 1777 2151 locum
1823 2091 1877 2146 in

299 2202 408 2255 quo
424 2187 662 2256 ludebat,
690 2192 861 2247 veloci
907 2191 1076 2262 gradu
1101 2191 1313 2255 adiens,
1348 2188 1598 2246 eumdem
1643 2198 1874 2255 puerum

298 2276 570 2336 infelicem
614 2285 794 2354 rapuit
824 2300 840 2340 :
871 2284 968 2340 sed
993 2299 1102 2353 quo
1125 2297 1247 2336 eum
1273 2279 1491 2340 detulit,
1521 2275 1654 2332 nulli
1695 2273 1878 2328 ltacteo

296 2383 395 2424 nus
421 2368 702 2430 hominum
743 2383 828 2431 est
861 2381 1222 2442 compertum.
1257 2369 1454 2424 Verum
1485 2375 1542 2424 ut
1567 2374 1724 2436 pulo.
1752 2377 1880 2417 eum

295 2460 486 2518 detulit
533 2463 588 2520 in
621 2464 916 2522 Internum.
969 2463 1172 2524 Eadem
1217 2473 1448 2530 namque
1497 2457 1630 2514 hora
1657 2468 1783 2510 casu
1809 2450 1877 2506 ad

293 2553 579 2622 quamdam
610 2570 745 2618 mea:
769 2555 960 2612 domus
979 2555 1293 2620 fenestram,
1321 2567 1440 2625 qua!
1457 2551 1512 2607 in
1538 2549 1678 2613 loco,
1703 2547 1756 2602 in
1772 2559 1882 2615 quo

292 2641 550 2701 ludentes
565 2643 832 2716 degebant
859 2655 1009 2717 pater
1031 2656 1087 2700 et
1117 2645 1260 2700 [ilius
1275 2658 1340 2699 ex
1371 2639 1619 2712 opposito
1647 2639 1748 2695 sita
1773 2643 1877 2704 est,

293 2746 378 2790 lue
405 2747 698 2802 posueram
728 2751 742 2788 :
773 2750 884 2808 quo
923 2751 1012 2796 me
1039 2735 1222 2794 videre
1250 2734 1350 2790 fuit
1402 2746 1625 2790 necesse
1652 2733 1880 2790 veritate

293 2825 578 2896 perspicua
596 2827 795 2884 seriem
822 2837 928 2883 tam
958 2827 1306 2885 formidandae
1335 2825 1411 2881 rei
1441 2834 1625 2897 gesue.
1660 2823 1880 2878 Discant

294 2931 422 2989 ergo
442 2918 671 2985 juvenes
713 2918 768 2976 in
792 2919 1088 2987 juventutis
1109 2927 1374 2988 tempore,
1397 2916 1540 2990 quod
1561 2917 1773 2970 caeteris
1795 2923 1880 2970 est

295 3009 665 3080 prastantius,
707 3010 1026 3080 expetendis
1058 3009 1300 3068 moribus
1324 3023 1386 3064 se
1424 3007 1632 3071 fulcire,
1659 3021 1728 3061 ne
1757 3005 1878 3059 vili-

295 3101 392 3159 bus
418 3101 742 3174 cadncisque
768 3101 1275 3171 moribusjuvenilis
1302 3101 1516 3156 animus
1537 3099 1875 3160 informatus.

297 3201 491 3249 statum
534 3192 590 3247 in
629 3194 830 3248 canitie
877 3201 1108 3263 nequeat
1157 3199 1487 3262 permutare.
1523 3188 1684 3256 Quod
1729 3189 1878 3243 enim

297 3298 444 3339 nova
471 3283 675 3340 charta:
705 3285 1015 3341 inscribitur
1038 3326 1053 3348 ,
1081 3282 1152 3339 de
1190 3282 1336 3338 facili
1367 3297 1475 3337 non
1521 3281 1750 3336 deletur.
1787 3280 1877 3334 Dio

298 3387 445 3433 seant
492 3379 655 3433 etiam
684 3389 936 3448 parentes
970 3377 1104 3432 fattui
1129 3418 1146 3440 .
1197 3376 1340 3432 Iilios
1365 3373 1797 3432 correctionibus
1822 3382 1879 3428 et

296 3472 608 3528 verberibus
635 3472 850 3528 erudire
876 3489 890 3526 :
933 3487 1035 3528 nec
1063 3472 1313 3526 vitiorum
1359 3470 1540 3527 sinant
1570 3483 1764 3538 vepres
1793 3482 1879 3524 ra-

298 3563 444 3620 dices
468 3564 634 3636 ﬁgere
664 3579 774 3619 non
801 3562 1032 3619 faciliter
1060 3561 1386 3628 evellendas,
1414 3576 1484 3616 ne
1515 3559 1678 3616 tlendi
1711 3568 1765 3613 et
1788 3558 1878 3616 hic

299 3668 352 3713 et
399 3657 455 3712 in
493 3655 674 3713 futuro
711 3659 794 3713 eis
835 3655 1088 3712 succedat
1131 3664 1378 3712 eventus.
1406 3653 1538 3709 Nam
1569 3652 1668 3707 nisi
1697 3649 1876 3720 fallor,

298 3749 360 3800 ad
382 3756 704 3805 aeternorum
734 3749 1050 3818 gaudiorum
1072 3746 1300 3818 patriam
1319 3742 1660 3806 deveniendi,
1689 3742 1881 3796 arctis-

307 3848 435 3902 sima
465 3856 522 3902 et
548 3845 666 3900 sine
696 3840 1044 3910 atnb'guitate
1083 3837 1284 3906 aliqua,
1313 3851 1342 3888 a
1366 3833 1705 3904 paucissimis
1729 3842 1880 3886 certe

299 3940 503 4012 cognita
531 3943 710 3992 exstat
743 3933 845 3988 via.
876 3929 1051 3987 Eundi
1071 3929 1139 3986 ad
1167 3927 1546 4000 perditionem,
1577 3933 1634 3980 et
1660 3923 1875 3988 multis,

301 4032 404 4087 imo
432 4044 569 4102 pene
619 4025 844 4082 infinitis
908 4021 1172 4078 limitibus
1228 4019 1442 4090 plenam
1495 4015 1617 4072 fore
1645 4022 1875 4070 constat.

299 4121 584 4191 Quodlibet
607 4119 755 4175 enhn
781 4114 1089 4172 mortalium
1132 4118 1474 4182 peccatorum
1504 4107 1572 4164 ad
1615 4104 1877 4177 perditio-

299 4230 416 4270 nem
443 4227 594 4268 suam
641 4209 911 4265 tramitem
955 4200 1538 4274 struitzquornmdant
1590 4197 1870 4252 hominum

298 4321 402 4361 non
427 4305 603 4360 solum
630 4301 986 4373 Paganorum,
1019 4295 1114 4352 sed
1141 4294 1303 4351 etiam
1335 4291 1548 4350 illorum
1569 4304 1706 4360 quos
1735 4287 1876 4342 sacri

300 4393 636 4467 Baptistnatis
664 4390 805 4447 unda
830 4389 958 4446 lavit
981 4388 1133 4459 (nam
1159 4385 1228 4441 de
1257 4383 1486 4454 Paganis
1523 4380 1670 4436 nulla
1695 4379 1871 4433 oritur

300 4494 541 4564 quasti",
568 4487 713 4560 quod
743 4501 849 4540 non
875 4476 1218 4550 damnentur)
1271 4477 1528 4546 majorem
1557 4473 1674 4538 fore
1713 4473 1877 4543 liquet

301 4598 576 4642 numerum
603 4577 988 4648 multiplicibus
1000 4573 1360 4628 insistentium
1389 4567 1625 4637 ﬂagitiis,
1648 4579 1879 4636 quorum

301 4679 439 4734 nulla
461 4690 598 4748 pene
623 4685 856 4743 unquam
897 4666 1240 4738 cognoscitur
1257 4661 1582 4720 emendatio.
1607 4659 1746 4726 Quin
1772 4657 1880 4748 imo

301 4747 596 4840 respective
620 4763 839 4836 quidem
861 4761 1008 4824 dico,
1036 4757 1237 4828 pariter
1256 4754 1413 4811 bonis
1435 4761 1492 4807 et
1516 4751 1674 4806 malis
1701 4747 1848 4804 bomi
1863 4776 1880 4787 -

301 4863 452 4916 nibus
493 4855 851 4915 consideratis
878 4892 893 4918 ,
926 4867 1030 4907 non
1081 4857 1166 4904 est
1192 4847 1286 4917 qui
1330 4843 1489 4901 iaciat
1516 4843 1736 4907 bonum,
1769 4854 1875 4894 non

301 4967 380 5010 est
403 4971 435 5009 ιι
467 4968 540 5024 qn
561 4974 574 4987 -
605 4949 672 5004 ad
696 4962 884 5012 unum,
915 4943 1014 5000 sed
1062 4953 1256 4996 omnes
1302 4945 1423 5008 post
1452 4949 1578 4990 suas
1605 4931 1877 5002 improbas

300 5055 352 5101 et
381 5043 641 5116 pessimas
667 5037 944 5093 ambulant
977 5033 1300 5102 voluptates.
1325 5027 1732 5116 Consequenter
1748 5037 1880 5077 con-

301 5113 438 5191 cludi
473 5135 656 5198 debet,
687 5128 828 5202 quod
855 5127 923 5182 ad
948 5135 1168 5181 :cternte
1198 5117 1545 5178 beatitudinis
1577 5113 1769 5186 gaudia
1797 5127 1883 5166 ra-

277 5229 494 5286 ‘rissimi
521 5226 850 5298 gradiantur.
913 5214 1442 5285 lutiiitae,quinimo
1495 5223 1684 5265 omnes
1739 5221 1879 5278 pcne

302 5335 469 5376 sacra:
495 5318 789 5386 Scriptura:
818 5312 1171 5368 anetoritates
1219 5307 1322 5362 hoc
1345 5313 1377 5360 te
1400 5313 1642 5374 stautur,
1674 5301 1882 5355 iutinita

302 5427 510 5484 quoque
549 5407 797 5478 exempla
825 5417 1106 5477 possemus
1131 5398 1512 5470 perspicaciter
1555 5394 1786 5458 intueri,
1813 5391 1882 5450 ad

304 5506 605 5578 hujusmodi
659 5505 939 5559 veritatem
989 5495 1344 5556 sufﬁcientius
1383 5490 1880 5554 demonstrandam.

303 5601 412 5658 Hoc
437 5617 504 5657 ex
531 5598 779 5653 munibus
806 5608 971 5649 unum
998 5589 1210 5647 censeri
1236 5587 1418 5651 debet.
1448 5603 1548 5642 nec
1568 5587 1637 5642 ab
1675 5586 1776 5642 hoc
1803 5583 1886 5640 di-

303 5693 542 5764 screpari
583 5697 780 5762 potest,
815 5685 1020 5740 nullum
1045 5680 1252 5740 scilicet
1276 5679 1342 5735 ad
1368 5687 1568 5734 :vterna
1597 5677 1758 5732 modo
1778 5675 1881 5732 aliv

305 5801 408 5854 quo
431 5782 714 5855 pervenire
743 5792 902 5850 posse
927 5775 1138 5848 gaudia,
1169 5771 1269 5826 nisi
1304 5770 1554 5824 omnibus
1579 5785 1685 5824 non
1715 5770 1880 5838 parti-

305 5876 593 5937 t:ularitcr,
645 5871 736 5930 sed
779 5869 1014 5924 totalitcr
1043 5865 1181 5920 vitiis
1222 5862 1526 5931 exstirpatis
1551 5902 1565 5927 ,
1618 5863 1874 5915 virtutum

1464 415 1553 472 DE
1591 411 1961 471 MIRACULIS
1996 411 2403 470 ιιιειιοιιῐιιι.

3467 421 3576 482 ιιι

1989 527 2203 584 studeat
2241 528 2435 584 itinere
2480 526 2753 586 festinare.
2789 529 2882 586 His
2915 530 3027 603 jam
3073 533 3179 592 line
3215 534 3363 602 dato,
3390 551 3572 593 exem-

1990 620 2075 689 pla
2123 630 2178 675 et
2210 621 2450 692 prodigia
2479 623 2724 693 quaedam
2749 621 2862 694 jam
2908 625 3068 697 hujus
3094 631 3279 697 operis
3308 631 3400 686 lini
3442 646 3571 701 pro-

1991 726 2220 784 pinquus
2273 712 2511 768 breviter
2537 712 2893 769 introducam.
2927 715 2995 774 Et
3043 717 3152 773 duo
3178 722 3445 792 praecipue
3470 723 3572 788 ad-

1990 805 2251 871 miranda,
2287 821 2407 876 qua:
2447 821 2478 860 a
2530 806 2824 862 venerabili
2863 808 2981 863 viro
3035 810 3255 870 Nicolao
3289 814 3569 874 Cretensis

1990 895 2184 950 Insula:
2209 896 2625 968 Archiepiscopo
2661 897 2928 956 referente
2954 901 3136 970 didici,
3175 905 3346 974 primo
3372 909 3570 964 dicam.

2060 989 2188 1046 Car.
2206 989 2395 1046 XVIII.
2415 991 2747 1050 Venerabilis
2761 994 2902 1051 idem
2931 997 3380 1074 Archicpiscopus
3400 1002 3574 1072 pridie

1989 1081 2205 1150 gloriosi
2228 1083 2540 1157 Hieronymi
2558 1085 2842 1143 devotione
2863 1087 3026 1144 nimia
3040 1089 3313 1148 Bethleem
3331 1095 3572 1158 veniens,

1991 1183 2048 1228 ut
2071 1174 2314 1240 ejusdem
2342 1179 2550 1232 cunctis
2575 1178 2870 1236 honoribus
2893 1182 3150 1243 colendas
3191 1185 3450 1258 reliquias
3493 1189 3572 1248 vi-

1988 1266 2192 1330 sitaret,
2241 1276 2298 1322 et
2331 1277 2474 1322 totus
2517 1272 2740 1327 caritate
2781 1272 3018 1330 fervidus
3033 1275 3210 1331 redire
3239 1277 3432 1344 noluit,
3462 1278 3568 1332 do-

1990 1371 2091 1411 nec
2120 1372 2206 1413 me
2248 1373 2345 1414 sua
2388 1361 2694 1430 gratissima
2748 1361 3056 1422 visitationc
3100 1366 3313 1424 eximiis
3368 1367 3572 1424 lautitiis

1986 1449 2326 1520 adimplcrct.
2354 1451 2456 1518 Qui
2494 1453 2568 1510 nti
2595 1453 2859 1510 donorum
2891 1457 3174 1527 praecipuis
3205 1498 3221 1522 ,
3254 1467 3307 1512 ut
3333 1460 3575 1530 gratissi-

1987 1555 2072 1594 ma
2121 1540 2249 1594 mihi
2298 1542 2521 1598 donaria
2576 1547 3202 1614 superabundantissime
3237 1564 3390 1606 more
3415 1549 3575 1605 solito

1989 1633 2319 1703 impertiret,
2355 1651 2442 1692 me
2471 1637 2690 1694 visitare
2735 1640 2959 1697 minime
3005 1652 3294 1699 contentus
3317 1685 3332 1707 .
3363 1661 3572 1702 mecum

1987 1727 2237 1797 dignatus
2254 1738 2337 1783 est
2357 1728 2468 1798 jam
2487 1729 2674 1788 diebus
2697 1732 2938 1801 pluribus
2961 1737 3308 1797 commorari,
3330 1745 3382 1790 et
3405 1739 3570 1794 etiam

1987 1818 2162 1872 adhuc
2193 1827 2393 1882 manet,
2426 1821 2567 1890 quod
2597 1822 2796 1876 utinam
2829 1832 3070 1893 tetnpore
3104 1825 3264 1895 longe
3304 1826 3484 1883 duret.
3510 1827 3566 1882 In

1985 1909 2204 1965 Christo
2243 1928 2472 1982 namque
2501 1953 2518 1980 ,
2547 1907 2847 1984 Augustine
2892 1917 3174 1980 carissime
3197 1959 3213 1985 ,
3245 1919 3568 1979 venerabilis
3633 1923 3648 1926 “

1989 1999 2132 2066 idem
2160 2002 2395 2071 pontifex
2447 2015 2501 2058 te
2550 2005 2766 2061 salutat.
2800 2006 3179 2080 Quamplnries
3224 2009 3386 2080 igitur
3437 2009 3568 2066 mibi

1985 2105 2204 2146 suorum
2233 2093 2517 2149 verborum
2546 2095 2702 2150 avido
2723 2136 2740 2161 ,
2795 2097 3118 2154 venerabilis
3161 2097 3300 2160 idem
3332 2101 3570 2172 pontilex

1985 2185 2291 2246 enarravit.
2348 2185 2449 2240 hoc
2487 2186 2593 2241 tale
2638 2189 2689 2241 in
2740 2187 2958 2242 civitate
2985 2189 3193 2244 Caudia
3243 2191 3557 2261 contigisse.

1987 2273 2249 2330 Sacerdos
2271 2276 2484 2344 quidam
2513 2292 2662 2339 suos,
2695 2292 2808 2331 suae
2826 2278 3054 2347 majoris
3082 2279 3338 2336 Ecclesiae
3360 2291 3563 2349 custos,

1987 2364 2322 2434 impudicus,
2372 2366 2597 2424 luxuriae
2627 2377 2683 2422 et
2729 2369 2973 2424 ebrietati
3026 2370 3259 2438 deditus,
3317 2371 3557 2433 nondum

1985 2455 2255 2525 comple:o
2282 2472 2426 2512 anno
2467 2457 2533 2514 de
2580 2457 2684 2514 hoc
2732 2460 2930 2514 smcnlo
2957 2463 3227 2532 migravit.
3256 2460 3421 2532 Cujus
3447 2478 3570 2520 cor-

1988 2561 2119 2617 pore
2139 2549 2190 2604 in
2221 2557 2542 2606 cancrorum
2571 2549 2784 2620 sepulto
2809 2554 2947 2606 atrio
2977 2553 3339 2617 sacerdotum,
3373 2563 3429 2608 ut
3449 2553 3568 2622 ejus

1989 2639 2192 2708 punitio
2235 2641 2446 2696 cunctis
2477 2644 2834 2697 innotesceret
2877 2643 2944 2699 ad
2991 2644 3320 2712 exemplum,
3374 2645 3566 2700 subseo

1985 2731 2170 2800 qnenti
2204 2740 2362 2788 nocte
2391 2740 2575 2792 tantus
2626 2731 2678 2787 in
2733 2732 2967 2789 Ecclesia
2998 2734 3221 2806 ejusque
3250 2736 3568 2793 cmmeterio

1984 2822 2081 2882 fuit
2113 2825 2371 2894 strepitus
2393 2863 2408 2889 ,
2439 2824 2582 2896 quod
2616 2840 2832 2882 rumore
2859 2827 3024 2882 nimio
3055 2828 3106 2880 in
3135 2828 3268 2883 urbe
3297 2828 3387 2883 illa
3417 2843 3567 2886 cont-

1985 2926 2263 2975 morantes
2287 2918 2504 2978 excitati
2534 2933 2734 2987 pavore
2779 2919 2980 2988 ingenti
3033 2921 3180 2976 velut
3229 2931 3473 2977 amentes
3499 2920 3568 2976 ad

1985 3006 2282 3066 Ecclesium
2338 3020 2710 3064 cucurrerunt.
2766 3009 2924 3066 Stant
2971 3011 3150 3082 itaque
3185 3027 3376 3067 omnes
3423 3013 3566 3072 circa

1987 3098 2278 3154 Ecclesiam
2309 3138 2326 3160 .
2378 3100 2636 3170 strepitus
2687 3101 3035 3158 vehementes
3081 3117 3573 3174 campanarumque

1983 3190 2192 3246 sonitus
2216 3190 2520 3256 audientes,
2571 3193 2809 3248 divinam
2839 3194 3054 3266 quidam
3082 3205 3310 3251 exorant
3333 3197 3568 3253 clemen-

1987 3285 2138 3349 tiam.
2167 3294 2431 3355 quatenus
2474 3301 2570 3340 cur
2597 3287 2696 3342 ista
2749 3289 2880 3343 [iant
2905 3289 3100 3345 debeat
3153 3293 3397 3348 revelare
3429 3311 3444 3348 :
3473 3293 3568 3350 sed

1984 3377 2186 3432 nullum
2233 3378 2592 3434 exanditiouis
2639 3381 2878 3436 sentiunt
2927 3382 3267 3453 adjuvamen.
3327 3385 3569 3441 Diluculo

1986 3469 2087 3523 hoc
2115 3479 2382 3535 cessante,
2412 3483 2602 3526 cuncta
2637 3488 2758 3541 qua:
2806 3471 3016 3528 fuerant
3046 3475 3101 3529 in
3143 3474 3381 3531 Ecclesia
3411 3493 3570 3548 repe-

1983 3561 2127 3617 riunt
2153 3561 2416 3630 revoluta,
2447 3571 2501 3618 et
2526 3565 2676 3632 quasi
2706 3565 2941 3635 undique
2967 3566 3194 3623 ﬂammis
3219 3569 3418 3638 ignium
3443 3569 3562 3625 vio-

1985 3652 2111 3708 lata.
2144 3652 2222 3707 Ad
2253 3652 2368 3709 hazc
2395 3664 2726 3709 memoratus
2751 3656 2990 3725 pontifex
3017 3659 3292 3713 orationes
3321 3659 3567 3715 indicens

1985 3745 2202 3815 populo,
2235 3744 2360 3814 quid
2392 3748 2636 3816 sequenti
2669 3749 2882 3801 eveniat
2907 3758 3062 3802 nocte
3093 3751 3349 3819 prmccpit
3373 3765 3570 3819 exspe-

1984 3836 2140 3890 ctari.
2194 3834 2270 3890 Ne
2311 3836 2472 3891 nimis
2522 3828 2868 3892 succumbam
2890 3839 3094 3904 verbis,
3126 3840 3368 3908 sequenti
3411 3849 3569 3896 nocte

1985 3927 2178 3997 duplex
2201 3929 2461 3998 strepitus
2487 3937 2541 3985 et
2563 3931 2779 3998 pavoris
2807 3930 3087 3986 tribulatio
3113 3942 3197 3986 est
3223 3941 3425 3988 secuta.
3455 3932 3570 4001 Qua

1984 4020 2053 4075 de
2080 4035 2139 4076 re
2159 4019 2398 4088 repletus
2411 4022 2641 4090 populus
2663 4021 3019 4079 amaritudine
3036 4033 3090 4079 et
3105 4023 3316 4090 dolore,
3339 4040 3571 4082 cernens

1986 4113 2191 4168 nullum
2243 4112 2348 4168 sibi
2403 4129 2434 4166 a
2469 4113 2700 4168 Domino
2756 4113 3085 4184 adiutorium
3131 4115 3378 4180 evenire,
3431 4117 3573 4172 sicut

1986 4203 2292 4268 vulnerati,
2327 4204 2418 4274 qui
2475 4203 2529 4257 in
2582 4205 2948 4260 monumentis
2995 4205 3220 4277 projecti
3269 4207 3569 4272 dormiunt,

1984 4297 2268 4351 existebat.
2303 4297 2398 4351 Die
2433 4307 2612 4351 autem
2637 4296 3000 4362 clucescente,
3023 4297 3276 4352 omnibus
3307 4298 3360 4352 in
3383 4296 3574 4354 Eccle-

1984 4390 2064 4444 sia
2113 4404 2210 4458 pro
2237 4389 2577 4445 orationibus
2607 4389 2968 4460 congregatis,
3001 4389 3270 4459 gloriosus
3299 4389 3569 4460 Hierony-

1987 4496 2107 4536 mus
2131 4480 2308 4534 subito
2333 4480 2532 4548 septies
2555 4480 2670 4534 sole
2693 4478 3032 4550 Splendidior
3057 4475 3113 4534 in
3143 4479 3438 4534 Ecclesiam
3470 4493 3565 4534 ve-

1986 4575 2164 4638 uicus,
2191 4572 2258 4628 de
2307 4573 2582 4640 altareqnc
2609 4571 2860 4640 gradiens
2883 4610 2900 4634 ,
2953 4571 3160 4626 cunctis
3187 4568 3490 4624 videntibus
3519 4578 3575 4624 et

1987 4663 2328 4726 mirantibus,
2373 4677 2472 4732 per
2515 4661 2703 4718 horam
2755 4659 2896 4715 forte
2922 4661 3021 4715 sub
3049 4660 3266 4716 silentio
3294 4673 3518 4714 manens
3551 4677 3566 4714 :

1985 4756 2291 4825 obstupenti
2323 4753 2543 4823 populo,
2579 4753 2680 4806 hoc
2707 4761 2928 4822 propter
2951 4752 3252 4808 sacerdotis
3280 4752 3423 4807 illius
3469 4753 3574 4806 mi-

1985 4849 2197 4904 serrimi
2237 4848 2472 4902 cadaver
2498 4886 2515 4911 ,
2547 4847 2716 4901 sacris
2765 4845 2982 4918 indigne
3012 4846 3146 4900 locis
3176 4845 3475 4911 conditum,
3509 4845 3574 4899 ad

1989 4951 2250 4996 terrorem
2278 4936 2613 5008 peccantium
2645 4937 2935 5010 contigisse
2963 4937 3264 4992 intimavit:
3293 4937 3578 5006 eidemque

1986 5030 2272 5095 mandans,
2304 5039 2361 5084 ut
2386 5028 2618 5088 cadaver
2647 5029 2928 5094 miserum,
2959 5030 3210 5083 tartareis
3235 5038 3360 5101 post
3390 5043 3576 5082 resur-
3595 5071 3612 5094 η

1987 5123 2282 5178 rectionem
2313 5120 2552 5176 omnium
2582 5121 2951 5177 mansionibus
2975 5121 3376 5192 deputandum,
3404 5121 3578 5177 disse-

1988 5216 2194 5287 pultum
2223 5214 2454 5273 ﬂammis
2483 5216 2757 5270 traderent
2795 5217 3037 5286 protinus
3078 5214 3527 5272 concrcmaudum
3561 5255 3575 5276 ,

1987 5307 2220 5378 alioquin
2266 5307 2494 5376 incmpta
2547 5306 2851 5376 pestilentia
2898 5323 3001 5362 non
3049 5307 3262 5364 abiret:
3296 5317 3350 5362 ct
3406 5306 3483 5361 sic
3509 5305 3579 5360 ab

1990 5401 2306 5456 intuentium
2341 5401 2513 5454 oculis
2539 5411 2617 5455 cst
2649 5400 2874 5456 invisus.
2915 5399 3067 5470 Quod
3101 5411 3157 5455 ut
3189 5400 3528 5454 ordinaverat
3554 5438 3571 5463 ,

1991 5493 2328 5550 laembnndus
2375 5493 2602 5564 populus
2649 5494 2891 5562 protinus
2941 5492 3281 5562 adintplevit,
3337 5491 3450 5546 Deo
3517 5499 3574 5544 ct

1990 5585 2150 5641 beato
2182 5585 2507 5655 Hieronymo
2548 5584 2734 5639 laudes
2787 5584 3084 5654 przccipuas
3117 5578 3490 5651 persolvendo,
3521 5588 3579 5636 et

1989 5678 2068 5736 sic
2115 5676 2282 5748 pestis
2329 5676 2433 5733 ista
2485 5676 2740 5731 cessavit.
2771 5675 2870 5742 Qui
2921 5673 3175 5738 deinceps
3208 5669 3572 5724 bcatissinuuu

1993 5773 2371 5844 Hieronymum
2401 5785 2587 5825 omnes
2639 5767 2958 5823 umuimitcr
2996 5763 3283 5820 devotione
3335 5761 3568 5816 maxima

1998 5865 2327 5933 inctnpcrunt
2347 5863 2544 5919 colere.
