4136 6332
518 427 623 488 615

584 521 714 598 Cu».
740 538 883 596 XIX.
921 533 981 594 i‘n
1031 535 1217 594 eadem
1247 535 1468 608 insuper
1493 527 1942 609 civitate‘t‘joldam
1979 536 2078 606 pnl'

514 631 816 690 cherrimus
855 631 1063 685 exstitit
1088 629 1299 698 juvenis
1325 672 1340 697 ,
1391 628 1544 685 Titus
1572 631 1808 694 nomine,
1842 629 2126 685 honestus

513 723 773 788 moribus,
797 722 1010 793 ingenio
1043 721 1367 787 luculentus,
1418 721 1620 778 carnali
1648 739 1752 776 non
1795 721 2096 792 ignobi'iori

515 825 671 871 natus
699 813 955 884 progenie
981 855 995 878 ,
1025 811 1292 882 pra'dives
1324 812 1476 866 valde
1496 854 1512 877 ,
1567 806 1728 865 totam
1774 828 1910 882 pene
1931 811 2098 865 devo-

514 908 718 962 tionem
759 904 1091 959 et‘fidnciam
1125 903 1329 958 habens
1357 904 1407 957 itt
1433 903 1590 957 beato
1615 902 1964 975 Hieronymo.
1999 901 2123 956 llie‘

511 997 777 1068 siquidem
801 996 1018 1065 juvenis
1039 995 1280 1064 virgineo
1309 995 1484 1050 nitens
1508 993 1762 1056 candore.
1779 994 1832 1048 in
1855 993 2094 1063 ejusdem

511 1098 715 1143 sanetae
767 1086 1086 1154 virginitatis
1143 1087 1416 1156 proposito
1466 1101 1633 1156 usque
1681 1085 1746 1140 ad
1780 1087 2092 1140 vicesimum

510 1190 723 1234 annnm'
761 1178 946 1247 probis
996 1178 1118 1230 vine
1145 1177 1382 1231 moribus
1411 1177 1738 1245 perduravit.
1769 1177 1888 1245 Quo
1917 1178 2095 1246 itaque

513 1279 780 1338 tempore,
817 1267 1106 1322 sui-fratris
1141 1267 1372 1322 nefando
1401 1269 1629 1322 consilio
1657 1270 2096 1336 incital'us,5prc-

515 1362 583 1416 tis
612 1361 1086 1415 tamnobilissimis
1111 1359 1438 1427 virginitatis
1459 1360 1708 1430 gemmis,
1747 1361 1863 1414 auri
1897 1361 2097 1428 pretim-

512 1453 787 1508 sissimum
821 1452 1096 1506 metallum
1123 1452 1374 1516 calcans,
1408 1450 1472 1503 ad
1501 1453 1682 1506 carnis
1727 1451 2012 1519 spurcitias
2043 1459 2110 1504 ct‘

513 1544 789 1597 Iuttnn'ac
838 1544 1082 1597 imtorem
1137 1541 1359 1595 luxuria:
1411 1541 1758 1595 vehementer
1779 1540 2094 1608 declinans,

511 1634 744 1705 puellam
764 1633 1047 1702 quamdam
1073 1632 1217 1685 omni
1266 1631 1660 1700 pulchritudine
1684 1630 1926 1698 corporis
1949 1631 2098 1684 reni-

513 1733 734 1786 tentem,
768 1723 866 1776 sibi
920 1723 972 1776 in
1020 1722 1416 1775 matrimonium
1481 1722 1795 1790 copulavit,
1846 1721 1898 1774 itt
1945 1723 2099 1789 cujus

517 1817 728 1871 artioris
750 1815 954 1870 retibus
1007 1815 1077 1868 ita
1127 1831 1185 1866 se
1233 1813 1475 1882 capiens,
1509 1813 1650 1882 qttod
1703 1813 1852 1866 aliud
1905 1823 2101 1881 pneter

511 1906 678 1976 ipsam
712 1915 920 1976 poterat
944 1905 1165 1960 minime
1193 1905 1452 1973 cogitare,
1482 1904 1549 1957 de
1573 1904 1660 1958 die
1692 1905 1742 1958 in
1770 1904 1912 1958 dictn
1935 1905 2100 1975 cmpit

513 2001 693 2054 divina
739 2000 992 2068 obsequia
1025 1999 1288 2053 oblivisci.
1341 2001 1416 2052 At
1451 1999 1571 2068 quia
1621 1999 1784 2052 miser
1809 1997 2101 2066 dereliquit

505 2090 774 2161 justitiam
799 2132 815 2155 .
867 2096 924 2147 ct
952 2091 1150 2145 oblitus
1182 2090 1277 2144 fuit
1311 2090 1475 2144 Deum
1523 2089 1753 2144 alentem
1789 2104 1868 2152 se,
1901 2090 2100 2144 oblitus

513 2183 620 2237 fuit
638 2182 739 2236 sibi
777 2182 1032 2236 Dominus
1062 2181 1326 2236 misereri.
1360 2179 1642 2248 Completo
1665 2195 1898 2250 namque
1927 2196 2094 2247 anno,

511 2292 620 2347 quo
643 2291 763 2330 eum
797 2276 970 2343 puella
1014 2275 1228 2345 juvenis
1278 2275 1582 2328 insensatus
1623 2281 1868 2339 steterat,
1904 2288 2009 2327 non
2039 2283 2098 2347 ut

513 2371 566 2421 in
598 2368 960 2431 matrimonio,
1004 2367 1097 2422 sed
1155 2380 1314 2421 causa
1354 2365 1634 2435 explenda
1665 2365 1901 2419 libidinis
1929 2346 2094 2435 copit-

508 2459 671 2520 latus,
703 2469 1024 2528 suggerente
1067 2459 1328 2512 diabolica
1377 2458 1572 2510 astutia
1620 2455 1836 2525 juvenis
1889 2456 2091 2522 frater,

514 2553 729 2622 pucllae‘
759 2553 1075 2621 illaqueatus
1105 2566 1288 2604 amore
1311 2591 1327 2615 ,
1373 2550 1528 2604 avide
1565 2550 1656 2604 diu
1696 2565 1946 2620 quzerens
1976 2548 2101 2620 ejus

508 2645 842 2713 amplexibus
869 2643 989 2700 frui.
1019 2642 1230 2696 tandem
1262 2640 1402 2710 quod
1430 2649 1707 2709 optaverat
1733 2649 1814 2693 est
1843 2641 2088 2710 adeptus.

509 2735 624 2790 lluc
651 2744 936 2788 accurrant
957 2733 1203 2803 juxenes,
1227 2745 1277 2786 et
1309 2734 1555 2802 υιιιιιψιο
1579 2732 1792 2799 juvenis
1817 2733 2092 2787 simastu-

509 2828 569 2882 ti.
604 2825 758 2879 Fiunt
787 2836 920 2878 nota?
939 2827 1151 2893 juveni,
1196 2823 1386 2893 puellae
1414 2823 1548 2888 viro,
1576 2822 1688 2892 jam
1722 2833 1962 2891 peracta.
1989 2821 2094 2876 Ta-

511 2932 642 2969 eens
676 2917 816 2969 idem
842 2916 1045 2983 Cogitat
1068 2915 1388 2983 avide,4quo
1412 2913 1586 2966 valeat
1619 2915 1781 2966 modo
1805 2912 2057 2966 certitudi
2076 2942 2092 2953 -

509 3025 630 3064 nem
659 3009 914 3074 reperire.
959 3007 1223 3076 Expectat
1269 3008 1458 3060 diebus
1485 3005 1710 3074 aliquot,
1741 3019 1800 3060 se
1829 3004 2092 3058 simulans

508 3099 611 3154 lroc
641 3101 866 3155 nescire.
903 3106 997 3154 Ast
1023 3102 1109 3154 die
1160 3099 1386 3168 quadam
1433 3097 1677 3165 ordinat,
1711 3097 1895 3151 urbem
1937 3097 2112 3151 dese-

515 3207 661 3256 rens,
690 3208 914 3263 peregre
955 3191 1240 3255 proficisci.
1271 3197 1335 3245 et
1358 3190 1532 3244 latens
1561 3206 1655 3260 per
1683 3189 1825 3245 diem
1859 3189 1927 3244 in'
1951 3188 2086 3244 civi-

507 3293 634 3342 tate.
659 3300 691 3338 ιι
729 3295 815 3339 cte
845 3285 1022 3339 media
1048 3285 1265 3338 domum
1295 3287 1536 3346 veniens.
1590 3283 1847 3338 reseratis
1875 3283 2013 3338 seris
2057 3297 2112 3335 a‘

508 3377 682 3447 puella
714 3377 1013 3438 servitriec,
1042 3377 1178 3430 clam
1220 3385 1276 3428 ut
1316 3375 1467 3445 prius
1495 3374 1652 3428 simul
1683 3374 2085 3440 ordinaverant,

503 3469 665 3522 ambo
705 3469 967 3538 usquead
1016 3468 1345 3532 thalamum,
1387 3467 1438 3520 in
1494 3482 1602 3537 quo
1664 3467 1782 3536 ejus
1839 3466 2004 3522 frater
2033 3476 2087 3522 et

503 3573 642 3616 uxor
682 3563 732 3616 in
776 3563 914 3615 Icelo
961 3561 1214 3622 stabant,
1248 3560 1571 3630 procedens,
1624 3559 1724 3613 sibi
1785 3558 2088 3627 postulabat

501 3656 716 3724 aperiri.
748 3654 1007 3708 Mirantur
1035 3653 1133 3718 illi,
1161 3653 1425 3707 ettimore
1459 3650 1727 3722 perterriti
1755 3652 2082 3717 vehementi,

503 3746 728 3816 pulsanti
761 3745 1039 3814 negliguut
1074 3746 1268 3798 ostium
1299 3759 1567 3798 reserare.
1599 3741 1840 3797 Tandem
1863 3743 2085 3798 Confra-

499 3839 599 3894 αἱ»
624 3837 758 3891 seris
784 3836 1025 3898 thalami.
1063 3837 1275 3904 juvenis
1327 3837 1413 3889 ira
1434 3845 1488 3889 et
1525 3833 1704 3890 furore
1735 3833 1934 3899 nimio,
1975 3833 2086 3888 for-

501 3931 650 3986 nacis
695 3931 864 3986 inStar
893 3930 1128 3985 ardentis
1161 3929 1396 3999 undique
1429 3926 1810 3990 inﬂammatus,
1857 3941 2082 3981 uxorem

499 4023 674 4091 primo
701 4023 989 4093 evagiuato
1012 4021 1192 4092 gladio
1235 4019 1527 4074 interfecit.
1563 4016 1764 4072 Deinde
1790 4017 1893 4070 sub
1925 4017 2084 4070 thoro

500 4120 772 4185 proprium
794 4116 1092 4170 latitantem
1121 4113 1338 4169 fratrem
1368 4111 1646 4167 inveniens
1671 4108 1958 4164 interemit.
1990 4108 2082 4163 His

505 4209 684 4277 itaque
709 4209 898 4276 gestis,
931 4222 995 4260 ex
1023 4206 1242 4260 civitate
1270 4205 1473 4268 exiens,
1506 4203 1676 4255 tnulto
1713 4211 1954 4270 tempore
1986 4214 2084 4270 per

501 4299 758 4354 mundum
800 4297 904 4352 huc
937 4297 1172 4364 illucque
1203 4307 1414 4354 errans.
1439 4308 1560 4347 cum
1592 4289 1913 4360 quibusdam
1956 4289 2080 4342 aliis

501 4394 664 4458 cwpit
693 4388 953 4458 quosdam
983 4395 1320 4442 transeuntes
1342 4385 1402 4440 in'
1428 4385 1621 4438 itinere
1649 4381 1948 4450 deprzrdari
1975 4421 1990 4445 ,
2020 4395 2084 4436 ac

499 4487 659 4541 etiam
691 4484 957 4554 jugulare.
1007 4481 1365 4536 Permanente
1395 4479 1570 4547 itaque
1605 4475 1795 4531 eodem
1828 4473 1953 4529 Ttto
1986 4489 2084 4542 per

498 4579 685 4643 decem
715 4593 886 4631 notios
917 4576 1111 4631 talibus
1158 4572 1390 4643 negotiis
1423 4569 1717 4641 implicata,
1749 4567 2081 4638 gloriosissi-

499 4669 618 4723 mus
642 4667 1000 4739 Hieronymus
1023 4667 1240 4722 salubre
1268 4663 1529 4734 refugium
1559 4671 1615 4716 et
1639 4661 1823 4726 vitale,
1853 4661 1940 4716 die
1959 4675 2088 4730 qua-

495 4761 616 4814 dam
637 4760 746 4830 jam
779 4760 1265 4827 advesperascente
1293 4757 1413 4811 luce
1433 4797 1448 4822 ,
1479 4755 1532 4810 in
1559 4754 1776 4809 modunt
1809 4763 2106 4808 mercato-'

497 4854 574 4906 ris
604 4867 662 4905 se
687 4849 1003 4905 mOllslI‘iIVll
1030 4867 1043 4903 :
1077 4864 1145 4904 ne
1183 4849 1273 4902 ille
1300 4847 1648 4901 solummodo
1689 4845 1885 4900 habita:
1911 4844 2082 4899 devo-

495 4942 658 4996 tionis
692 4943 926 5011 pratmiis
971 4941 1290 5010 privaretur.
1333 4937 1468 4993 Nam
1517 4938 1607 4994 ille
1654 4953 1957 5009 quanquam
2005 4945 2122 4991 tot.

494 5045 547 5087 et
575 5042 720 5088 tanta
745 5031 870 5085 vitia
896 5031 1232 5087 abhorrenda
1262 5031 1523 5086 continue
1547 5038 1865 5084 exerceret:
1898 5037 2084 5083 tamen

495 5127 547 5179 in
580 5125 737 5179 beato
760 5124 1086 5194 Hieronymo
1130 5122 1472 5178 devotionem
1502 5121 1733 5189 aliquam
1765 5119 2032 5175 retinebat
2061 5130 2099 5185 ,ε

475 5216 568 5274 .ita
597 5224 654 5269 ut
677 5215 853 5270 eidem
899 5214 1140 5284 quotidie
1183 5228 1244 5268 se
1282 5211 1683 5274 commendans,
1720 5211 1844 5266 boni
1874 5209 2078 5278 aliquid

495 5307 688 5363 diebus
714 5301 940 5376 singulis
983 5307 1050 5360 ad
1103 5306 1220 5376 ejus
1262 5303 1522 5358 honorem
1552 5301 1734 5359 facere
1777 5303 2082 5360 nullatenu

496 5397 871 5470 postponebat.
903 5397 1144 5451 Cerncns
1185 5397 1362 5464 itaque
1387 5392 1540 5447 Titus
1562 5404 1943 5459 mercatorem,
1980 5409 2082 5449 ne-

503 5491 677 5547 fandis
707 5490 870 5546 sociis
914 5487 980 5544 ad
1028 5488 1183 5542 solita
1230 5484 1485 5554 nequitia:
1517 5499 1680 5554 opera
1731 5485 2081 5550 convocatis,

501 5585 717 5641 concito
745 5599 868 5638 cum
896 5582 1099 5638 eisdem
1133 5591 1363 5650 pergens
1390 5591 1573 5645 cursu,
1601 5576 1823 5632 vibratis
1853 5576 2078 5644 lanceis,

503 5678 832 5748 Hieronymo
853 5675 1170 5731 mercatoris
1196 5673 1368 5726 instar
1391 5669 1611 5725 obviant
1636 5669 1892 5724 venienti.
1926 5655 2077 5724 Mox-

500 5784 605 5836 que
653 5769 704 5823 iu
736 5785 858 5822 eum
893 5769 1176 5838 insurgens
1213 5782 1241 5817 a
1289 5763 1452 5817 sociis
1481 5806 1494 5829 ,
1523 5763 1770 5818 eumdem
1820 5763 2083 5832 praecepit

504 5860 746 5929 retineri,
792 5862 962 5918 donec
987 5863 1098 5932 ejus
1130 5859 1282 5915 lateri
1316 5857 1523 5926 gladius
1557 5858 1822 5930 inligatur.
1875 5858 2078 5913 Deinde

1682 421 1769 480 DE
1808 421 2183 478 MIIHCULIS‘
2213 417 2613 476 lllERONYMf’.

3681 419 3816 488 316³

2209 549 2422 590 ntamnn
2450 537 2621 591 elevat
2653 533 3003 596 interficiendi
3033 540 3270 612 gladitttn
3318 543 3640 599 retinentem
3667 587 3683 612 ,
3734 556 3820 602 ut

2205 627 2384 682 scelus
2406 637 2608 682 tantum
2635 629 2810 684 valeat
2842 631 2952 702 jam
2979 632 3218 704 expiere.
3248 632 3339 688 Ad
3372 635 3487 689 haec
3526 634 3820 708 Hierouy-'

2206 733 2325 774 mus
2375 719 2684 790 gloriosus:
2717 738 2738 773 ι
2778 723 2999 789 Amore,
3045 741 3064 776 ι
3102 723 3311 794 inquit,
3373 743 3404 776 ι-
3433 725 3817 800 Hieronymi,’

2204 825 2361 878 quem
2391 819 2447 864 tu
2473 809 2654 881 diligis
2679 853 2694 876 ,
2718 812 2894 881 aliqua
2923 813 3173 886 loquendi
3206 815 3382 871 brevis
3412 817 3628 873 licentia
3657 819 3788 874 mihi

2205 899 2362 954 detur
2387 918 2400 954 :
2423 903 2760 971 postmodum
2787 903 2834 958 si
2858 905 3112 968 volueris,
3136 905 3295 961 facito
3313 906 3364 961 id
3391 907 3533 977 quod
3559 918 3736 978 Optas.
3765 925 3818 964 ιθ·

2203 991 2286 1046 Ad
2315 992 2428 1047 lucc
2455 993 2634 1056 Titus,
2671 1013 2690 1046 ι
2739 996 2959 1062 Amore,
2997 1015 3017 1050 ι
3051 998 3241 1068 inquit,
3277 1001 3455 1068 rejns
3482 1017 3644 1071 quem
3695 999 3818 1057 ιιο-έί

2206 1085 2441 1149 minasti,
2469 1096 2523 1141 et
2563 1087 2812 1157 loquendi
2846 1101 2900 1144 et
2928 1091 3158 1150 vivendi
3195 1093 3558 1158 licentiatibi,
3597 1103 3653 1151 ut
3691 1111 3789 1166 po-

2203 1176 2387 1240 stulas,
2414 1179 2770 1234 concedatur:
2804 1189 3007 1235 tantum
3030 1198 3148 1252 qua:
3181 1195 3364 1254 portas
3392 1170 3789 1252 mercimonia',‘

2198 1269 2307 1338 jam
2339 1269 2568 1340 depone.
2612 1291 2630 1323 ι
2658 1273 2726 1326 At
2749 1273 3017 1342 gloriosus
3041 1273 3398 1348 Hieronymus
3429 1295 3442 1331 :
3479 1295 3499 1331 ι
3533 1277 3645 1348 Ego
3675 1278 3791 1348 ipse

2205 1374 2320 1413 sum
2354 1359 2729 1432 Hieronymus,
2753 1365 2841 1431 qui
2875 1363 2981 1416 huc
3006 1375 3388 1434 proptertuam
3418 1368 3788 1425 liberatiooem

2205 1453 2348 1515 veni,
2381 1468 2449 1506 ne
2480 1451 2608 1506 mihi
2635 1469 2665 1506 a
2699 1467 2748 1508 te
2781 1453 3018 1523 impensa
3047 1456 3308 1526 obsequia
3334 1459 3385 1512 in
3422 1473 3621 1514 vanum
3652 1475 3792 1530 pra:-

2207 1543 2448 1598 tcrireut.
2505 1544 2582 1599 Te
2638 1555 2716 1599 tot
2761 1563 2882 1616 qua:
2937 1547 3152 1615 gessisti
3222 1550 3627 1618 peccaminum.
3675 1553 3810 1622 jam'

2205 1637 2505 1705 pmuiteat:
2538 1635 2604 1690 ad
2639 1637 2870 1706 teipsum
2925 1638 3136 1702 redeas,
3175 1653 3240 1692 ne
3266 1638 3520 1694 formides
3549 1659 3564 1695 :
3593 1640 3812 1696 hm-us-~

2203 1741 2309 1796 que
2343 1742 2428 1780 me
2457 1729 2672 1782 noveris
2702 1737 2922 1798 propter
2949 1738 3091 1784 luant
3125 1730 3376 1796 salutenr,
3430 1742 3482 1787 et
3514 1733 3708 1786 anima:
3736 1742 3809 1789 et‘

2205 1821 2467 1887 corporis,
2512 1821 2805 1888 supplicem
2861 1821 3020 1891 apttd’
3051 1822 3214 1877 Demn
3266 1833 3322 1878 et
3349 1839 3474 1893 erga
3508 1833 3559 1880 te
3600 1826 3813 1880 iratanr

2205 1909 2443 1964 divinam
2468 1910 2731 1980 justitiam
2760 1913 3054 1976 exstitisse,
3086 1915 3235 1968 ne'in
3265 1913 3535 1985 te'dignas
3561 1917 3660 1970 tibi
3683 1932 3789 1969 sm-

2207 2003 2363 2057 vltias
2409 2014 2705 2058 exerceret.
2748 2003 2830 2057 Ad
2879 2005 3208 2072 patuitentia:
3268 2006 3428 2076 igitur
3465 2009 3809 2076 quameitius-

2207 2109 2368 2163 perge
2411 2094 2626 2158 callem,
2677 2105 2732 2150 et
2788 2103 3126 2165 peccatorum
3181 2110 3346 2164 Opera
3385 2098 3494 2165 jam
3535 2097 3812 2166 depone:-

2205 2187 2440 2256 alioquin
2465 2203 2549 2242 me
2574 2189 2645 2241 tui
2667 2189 2942 2242 custodem
2965 2198 3020 2243 et
3039 2190 3332 2258 supplicem
3353 2205 3462 2243 non
3487 2191 3728 2246 habebis.
3765 2212 3808 2247 ν

2208 2279 2303 2336 His
2333 2281 2488 2335 dictis
2517 2322 2532 2348 ,
2565 2280 2926 2352 Hieronymus
2954 2280 3222 2352 gloriosus
3262 2282 3331 2335 ab
3360 2282 3570 2336 illorum
3619 2285 3791 2340 oculis

2205 2374 2489 2444 disparuit.
2517 2373 2594 2427 Ad
2628 2373 2741 2428 hare
2765 2371 3092 2443 stupefactus
3129 2372 3303 2436 Titus,
3345 2384 3400 2428 et
3423 2375 3514 2444 qtti
3543 2390 3665 2429 cum
3699 2377 3811 2430 illo-

2205 2475 2378 2531 crant,
2416 2467 2608 2520 timore
2657 2476 2708 2519 et
2732 2465 3086 2520 admiratione
3127 2475 3232 2519 tam
3273 2465 3472 2536 ingenti
3499 2467 3568 2522 ad
3592 2477 3802 2523 teriam'

2208 2560 2508 2629 procidcns,
2531 2576 2626 2631 per
2647 2553 2836 2615 horam
2862 2577 2966 2615 non
2996 2559 3166 2630 potuit
3186 2561 3405 2616 elevari.
3428 2561 3578 2616 Tunc
3609 2562 3810 2616 subito'

2210 2656 2260 2708 iu
2283 2653 2481 2716 Titum,
2513 2664 2568 2710 et
2589 2655 2677 2724 qui
2705 2670 2826 2708 cum
2857 2655 2948 2708 ilio
2964 2664 3134 2716 erant;
3162 2653 3392 2723 Spiritus
3409 2653 3588 2708 Sancti
3617 2655 3785 2724 gratia

2203 2756 2294 2801 est
2305 2747 2496 2814 effusa,
2513 2759 2560 2800 ct
2586 2747 2679 2803 lux
2695 2763 2788 2802 eos
2806 2746 3439 2814 carlilttsilluslratt’iLQni
3461 2747 3702 2816 protinus
3729 2747 3787 2800 in

2205 2840 2354 2892 viros
2381 2840 2580 2914 alteros
2611 2839 2720 2906 jam
2750 2839 2953 2902 mutati,
2979 2839 3175 2908 spretis
3190 2841 3394 2894 cunctis
3421 2840 3690 2908 spurcitiis
3709 2839 3808 2892 vi.-

2207 2932 2422 2994 tiormn.
2455 2931 2519 2985 ad
2550 2931 2876 3001 patuitentia:
2913 2932 3176 2987 tramitem
3208 2933 3435 2987 rediere.
3468 2931 3666 2987 Deinde
3712 2932 3780 2986 ad

2204 3040 2504 3079 eremorum
2536 3033 2684 3077 antra
2712 3021 2861 3077 devia
2888 3034 2940 3077 ct
2969 3023 3142 3094 ignota
3180 3033 3550 3094 properantes,
3581 3024 3789 3092 nzagnis

2202 3135 2262 3173 se
2290 3135 2571 3190 corporum
2597 3118 2970 3188 asperitatibus
2997 3128 3050 3173 et
3077 3117 3200 3172 vita:
3232 3117 3583 3172 sanctissimze
3621 3115 3758 3170 tradi
3805 3140 3808 3142 η

2202 3210 2545 3336 destiti“.
2577 3281 2889 3334 Miraculttm
2915 3280 3054 3333 aliud
3077 3278 3218 3350 quod
3250 3277 3608 3334 veridicorttm
3635 3277 3786 3330 testi-

2203 3375 2384 3428 monio
2437 3375 2759 3427 solidis-sime
2805 3374 2856 3427 in
2888 3375 3252 3442 superioribus
3283 3371 3500 3442 Egypti
3542 3370 3804 3442 partibus-

2200 3476 2474 3535 peractom
2523 3465 2758 3519 intellexi
2801 3481 2814 3514 :
2846 3473 3112 3532 quatenus
3142 3463 3446 3517 hominibus
3475 3474 3528 3518 et
3551 3464 3784 3516 maxime

2192 3559 2479 3627 juvenibus
2509 3598 2524 3618 ,
2575 3565 3064 3627 quantumcuntqne
3129 3556 3334 3620 castis,
3405 3555 3677 3624 proveniat
3726 3557 3802 3610 in:

2197 3651 2502 3722 exemplum
2537 3651 2611 3703 ad
2630 3649 2938 3704 evitandum
2969 3649 3264 3717 perieulum
3292 3648 3570 3702 mulierum
3590 3686 3606 3712 ,
3637 3662 3806 3715 praes.

2197 3745 2407 3800 cedenti
2431 3743 2700 3798 miraculo
2715 3743 2910 3797 addere
2948 3742 3126 3811 cogito
3151 3743 3262 3795 fore
3285 3750 3474 3794 ratmn.
3493 3739 3803 3794 Monachus

2196 3838 2409 3908 quidam
2450 3835 2662 3905 juvenis
2716 3845 2767 3890 et
2813 3835 3079 3897 decorus,
3129 3834 3408 3886 boni-state
3455 3833 3795 3902 pt-a-eipuus—r

2198 3946 2404 3982 tnormn
2437 3937 2695 3991 maturus,
2735 3927 2881 3996 quasi
2914 3923 3368 3994 senexvirginalis
3398 3923 3668 3992 pudicitia:
3686 3936 3781 3977 cu-

2196 4035 2338 4086 stos,
2372 4021 2827 4090 contisque'illius
2859 4019 3167 4072 monasterii
3201 4018 3478 4072 monachis
3504 4017 3801 4084 speculum—

2201 4113 2500 4166 sanetitatis
2525 4155 2540 4176 ,
2563 4123 2616 4166 et
2645 4111 3020 4182 gloriosissimi
3052 4109 3357 4180 Hieronymi
3385 4122 3594 4162 amator
3613 4107 3782 4163 det-oo

2197 4204 2432 4256 tissimus
2461 4203 2554 4256 fuit
2585 4217 2598 4253 :
2628 4200 2910 4254 duodecim
2941 4199 3139 4269 degens
3167 4199 3323 4252 annis
3345 4200 3396 4252 in
3429 4200 3798 4264 tuonasterio,.

2195 4295 2448 4347 cautione
2489 4292 2820 4345 orationibus
2871 4306 3099 4354 vacans,
3153 4299 3208 4343 et
3257 4288 3436 4344 studio
3481 4287 3800 4357 Scriptura-_

2194 4398 2333 4438 rum.
2370 4383 2465 4437 llic
2516 4397 2700 4436 amore
2728 4381 2987 4435 castitatis
3028 4383 3241 4445 timens,
3263 4383 3338 4434 'ne
3365 4394 3463 4435 cer
3480 4379 3786 4450 aliqualiter

2194 4473 2440 4536 violaret,
2463 4474 2752 4526 mulierum
2775 4472 2922 4526 visus
2948 4470 3291 4526 inell‘abiliter-
3307 4471 3640 4533 abhorrebat
3663 4510 3694 4534 ,.
3709 4471 3780 4524 ita

2196 4574 2254 4621 ut
2278 4581 2462 4620 earum
2501 4567 2814 4619 memoriam
2839 4562 3172 4618 formidaret.
3200 4562 3334 4617 Iluic
3364 4563 3641 4633 proposito
3666 4561 3784 4616 dia-
3810 4550 3818 4565 ’

2196 4660 2350 4714 bolus
2367 4661 2614 4729 antiquus
2630 4673 2856 4727 serpens
2873 4669 2925 4712 et
2944 4657 3215 4712 hominum
3246 4657 3798 4724 ἰιιίιιιὶειιεὶιινηὶάθιιει,⁵

2195 4766 2307 4805 suae
2351 4750 2602 4819 nequitiae
2634 4750 2946 4804 inveteratae
2984 4758 3172 4802 contra
3221 4765 3345 4804 eum
3383 4750 3536 4804 dolos
3560 4759 3616 4804 et
3641 4760 3794 4812 artes.

2197 4841 2522 4908 multiplices
2549 4839 2814 4902 incitavit,
2840 4840 3092 4893 continue
3117 4840 3500 4908 cogitationum
3528 4841 3783 4906 stimulis,

2192 4936 2445 5004 juvenem
2479 4933 2742 5002 pessimus
2765 4941 2999 4986 tentatur
3023 4929 3303 5002 afﬂigens,
3340 4933 3428 4987 die
3453 4943 3728 5002 noctuque
3755 4949 3798 4988 τι.

2198 5027 2582 5083 tentationilms
2619 5027 2828 5080 duobus
2856 5028 3127 5081 mensibus
3153 5043 3260 5082 non
3291 5027 3788 5084 cessavit..luvcuis
3859 5081 3864 5087 ,

2197 5134 2326 5174 vero
2353 5117 2628 5188 providus,
2657 5132 2777 5172 sese
2807 5119 3012 5173 Domini
3030 5129 3085 5172 ct
3113 5119 3250 5172 beati
3275 5119 3607 5192 Hieronymi,
3632 5121 3788 5188 cujus

2196 5212 2498 5266 dilectionis
2526 5209 2725 5265 ardore
2768 5211 3044 5276 fervebat,
3075 5211 3462 5268 commendans
3489 5211 3788 5278 ωειοόίςιξ,

2197 5305 2404 5360 victrici
2431 5305 2672 5368 dextera,
2711 5312 3038 5358 tentamenta
3065 5303 3300 5371 diaboli,
3329 5303 3548 5373 jejnniis
3576 5314 3633 5360 et
3665 5320 3789 5362 ora.

2199 5398 2430 5454 tionibus
2476 5411 2535 5451 se
2587 5396 2871 5459 muniens,
2919 5396 3298 5465 triumphabat.
3339 5396 3626 5452 Conﬂuant
3683 5398 3790 5453 huc

2198 5505 2384 5563 qua-so
2419 5489 2645 5558 juvenes
2669 5499 2828 5558 atque
2857 5503 3014 5545 senes
3035 5531 3050 5554 ,
3079 5499 3133 5545 et
3165 5489 3350 5557 quanti
3387 5490 3456 5543 sit
3484 5504 3642 5545 casus
3671 5505 3788 5544 mu-

2200 5585 2388 5637 licrum
2422 5579 2576 5634 fallax
2596 5579 2936 5649 pulchritudo
2965 5581 3089 5636 hinc
3105 5580 3405 5636 doceantur
3433 5581 3668 5638 maxime
3695 5596 3787 5652 pet

2197 5672 2522 5740 exemplum.
2541 5669 2781 5726 Cernens
2799 5685 2856 5726 se
2871 5672 3016 5742 aspis
3033 5670 3266 5742 perfidus
3284 5669 3529 5726 diabolus
3543 5687 3572 5727 a
3587 5673 3792 5742 juvene

2200 5763 2474 5831 superari,
2508 5771 2757 5830 tanquam
2785 5760 2872 5814 leo
2919 5763 3135 5832 rugiens
3155 5801 3170 5827 ,
3201 5761 3517 5818 subtiliores
3557 5766 3791 5822 nocendi

2199 5865 2343 5908 artes
2367 5856 2523 5924 Ctt‘pil
2553 5871 2813 5921 quaerere.
2832 5854 2911 5908 Fit
2929 5855 3102 5922 itaque
3123 5855 3258 5907 inter
3276 5870 3366 5906 co<
3387 5871 3560 5924 pugna
3587 5874 3706 5928 εγω
3724 5861 3764 5910 ί.
3783 5899 3796 5923 ,
