4136 6332
249 443 260 450 “
300 456 307 464 -
347 418 442 474 Si?

319 533 478 587 -tl‘uic
533 532 746 587 astutiis
796 532 1082 586 consuetis
1125 541 1300 586 castra
1357 530 1614 586 adversus
1661 529 1912 598 juvenem

321 623 496 681 struit
524 625 793 694 pessimus
840 623 1263 686 inimicus.'hinc
1287 622 1501 694 juvenis
1543 621 1818 676 orationes
1862 628 1918 674 et

343 713 652 786 llieronymi
675 715 958 784 protectio,
979 722 1277 770 castrorum
1304 721 1549 768 sternunt
1571 710 1918 775 munitiones,

338 815 392 860 et
412 808 556 861 vires
579 805 700 876 ejus
724 806 996 876 triumpho
1018 805 1178 860 nobili
1209 804 1560 873 vilipendunt.
1588 803 1792 857 Interea
1819 816 1917 871 ge-

321 897 528 952 nitoris
577 897 649 952 ad
681 908 907 952 mortem
936 899 1245 967 :egrotantis
1285 896 1602 952 visitationis
1643 880 1804 950 causa
1839 895 1921 948 in-

279 1059 294 1069 _
334 997 556 1059 gruente
583 1029 600 1054 ,
637 1004 721 1044 ex
763 990 1094 1043 monasterio
1122 989 1194 1042 'in
1237 989 1506 1043 civitatem
1544 986 1611 1041 ad
1638 996 1916 1056 paternam

319 1080 502 1137 isdem
535 1083 736 1138 venire
775 1082 997 1152 juvenis
1036 1080 1476 1150 cst-compulsus.
1497 1077 1629 1134 Nam
1680 1091 1740 1134 se
1766 1086 1918 1148 pater

333 1173 517 1228 dolore
545 1174 715 1229 nimio
744 1175 1087 1236 moriturum,
1113 1174 1158 1227 si
1188 1172 1393 1226 visione
1420 1170 1770 1224 frustraretur
1796 1168 1912 1232 lilii,

322 1264 536 1319 crebris
561 1264 888 1320 clamoribus
916 1264 1263 1318 acclamabat.
1281 1263 1364 1317 ΘΙ)
1390 1263 1489 1315 hoc
1506 1261 1696 1316 dolens
1725 1273 1914 1313 umna-

323 1353 488 1422 cbus,
517 1356 716 1410 timens
743 1373 809 1411 ne
836 1357 1118 1411 mulierum
1142 1356 1278 1417 visu,
1309 1369 1403 1410 cor
1432 1352 1688 1408 mundum
1716 1360 1772 1406 et
1801 1351 1911 1405 vir-

330 1448 488 1516 gineo
517 1446 754 1501 candore
778 1447 1001 1501 nitidum
1052 1446 1298 1510 violaret,
1331 1446 1526 1514 potius,
1557 1443 1660 1499 nisi
1683 1442 1910 1498 fratrum

330 1539 410 1592 sui
442 1536 671 1591 cmnobii
700 1535 891 1591 fui'sSet
920 1537 1398 1604 supplicationibus
1428 1534 1711 1589 inclinatus
1735 1573 1751 1596 ,
1778 1545 1908 1602 erga

312 1644 530 1700 patrem
563 1629 938 1685 crudelitatem
961 1629 1171 1683 volebat
1191 1638 1414 1699 propter
1442 1625 1724 1682 Dominum
1747 1639 1907 1680 exere

325 1738 482 1788 cere,
515 1729 673 1792 quam
707 1722 884 1776 eidem
916 1722 1206 1774 infirmanti
1246 1719 1478 1790 compati
1521 1736 1548 1772 a
1581 1720 1907 1773 monasterio

325 1813 644 1870 reccdendo.
667 1813 883 1869 Sciebat
909 1816 1052 1868 enim
1094 1811 1360 1866 monacho
1392 1811 1465 1865 uil
1496 1821 1600 1865 tam
1632 1826 1860 1866 uocunm
1886 1851 1901 1875 ,

309 1905 640 1961 detestabile
663 1917 716 1960 et
733 1890 980 1971 mortale,
1007 1922 1162 1972 quam
1184 1905 1328 1960 victis
1345 1903 1677 1966 etcivitates.
1700 1912 1753 1958 et
1775 1918 1903 1972 gett-

311 1997 450 2050 .timn
482 1995 882 2052 multitudinem
921 1995 1226 2050 circumire.
1253 1994 1406 2052 Nulla
1446 2005 1594 2050 certe
1629 2004 1906 2063 permanet

315 2087 372 2140 in
387 2086 602 2142 homine
613 2089 766 2158 quies
783 2087 995 2149 mentis,
1011 2087 1100 2156 qui
1125 2087 1410 2140 multorum
1426 2087 1835 2139 vcrlmsitatibus
1849 2097 1903 2139 et

309 2177 636 2245 vaniloquiis
661 2178 983 2247 implicatur.
1004 2176 1156 2242 Quod
1185 2192 1318 2245 aqua
1351 2176 1604 2243 piscibus,
1627 2179 1903 2230 monaclns

307 2269 455 2323 idem
485 2269 754 2338 praecipue
791 2266 1063 2324 silentium
1087 2276 1366 2336 operatur.
1395 2267 1448 2320 ln
1481 2277 1694 2334 paterna
1726 2271 1902 2336 itaque

304 2376 538 2415 manens
555 2360 674 2415 a-de
691 2357 984 2414 monachus
1000 2358 1189 2413 diebus
1207 2359 1394 2422 tribus,
1428 2359 1588 2410 ta-ilio
1612 2370 1716 2410 tam
1741 2359 1899 2410 vehe-

316 2453 476 2504 tneuti
504 2449 730 2504 allectus
760 2462 842 2503 est
863 2488 878 2514 ,
913 2449 1052 2518 quod
1082 2448 1182 2501 sibi
1229 2449 1404 2517 potius
1433 2448 1712 2502 videbatur
1747 2451 1900 2502 tetris

311 2555 370 2595 se
399 2539 518 2596 fore
545 2540 857 2596 carceribus
886 2537 1267 2606 mancipatum.
1297 2535 1578 2606 Completo
1599 2539 1687 2592 die
1719 2541 1893 2603 tertio,

307 2632 437 2686 dum
489 2646 616 2685 eum
658 2645 783 2684 cum
819 2644 1006 2684 sorore
1053 2643 1151 2683 sua
1209 2629 1438 2697 quadam
1491 2629 1897 2697 pulchritudinis

308 2722 589 2788 inauditae,
623 2721 947 2775 infirmitatis
975 2734 1135 2774 causa
1177 2721 1344 2788 patris
1387 2735 1542 2773 crura
1572 2719 1726 2772 simul
1767 2736 1894 2773 eon-

296 2814 540 2882 -tingeret
589 2811 928 2876 confricare,
972 2827 1102 2866 casu
1139 2812 1348 2865 sororis
1391 2811 1611 2864 dextera
1650 2811 1890 2879 ejusdem

303 2912 560 2976 tangente
607 2903 926 2968 dexteram,
960 2911 1064 2955 tam
1105 2902 1236 2956 diris
1288 2901 1523 2955 libidinis
1560 2909 1612 2955 et
1653 2903 1889 2970 ejusdem

299 2996 515 3050 sororis
547 2994 772 3063 ineptas,
819 3002 874 3047 et
900 2992 1274 3048 abuminabilis
1313 2994 1756 3061 concupiscentia:
1793 2993 1893 3048 fuit

309 3087 485 3144 subito
525 3086 844 3157 jaculiscor
880 3085 1122 3155 ejusdem
1174 3085 1420 3140 monachi
1467 3086 1748 3156 instigante
1772 3086 1885 3141 dia-

281 3183 286 3190 ‘
311 3177 430 3234 bolo
474 3178 838 3238 vulneratum.
863 3177 1006 3246 quod
1037 3192 1172 3246 pene
1211 3192 1331 3232 eam
1359 3177 1426 3231 ad
1459 3176 1662 3243 illicita,
1690 3187 1746 3233 et
1773 3195 1881 3232 om-

310 3269 433 3326 nino
457 3269 526 3325 ab
555 3268 866 3324 hominibus
890 3269 1253 3334 abborrenda,
1287 3269 1386 3324 nisi
1415 3272 1708 3326 exstitisset
1729 3273 1889 3326 timor

309 3363 660 3428 verecundiae,
691 3364 987 3418 invitasset.
1015 3363 1127 3418 lleu
1148 3364 1272 3432 quid
1302 3363 1521 3418 dicam?
1550 3364 1679 3432 Quae
1702 3381 1881 3420 mona-

294 3456 420 3512 -chis
451 3457 577 3513 illis
610 3456 772 3510 inerit
797 3456 1135 3510 observantia
1166 3455 1458 3522 castitatis,
1486 3455 1578 3525 qui
1630 3458 1885 3511 continue

293 3547 587 3602 mulierum
634 3546 836 3601 visibus
864 3547 1141 3614 potiuntur
1181 3546 1232 3599 in
1287 3545 1448 3600 simul
1490 3547 1886 3618 colloquendo?

305 3637 390 3694 Sic
415 3647 596 3693 manet
617 3638 946 3693 in-castitate
988 3638 1149 3693 homo
1177 3638 1366 3694 faciem
1417 3639 1632 3696 intuens
1670 3641 1885 3696 assidue

295 3730 620 3794 mulierum,
647 3729 784 3784 sicut
829 3737 1010 3784 manet
1053 3731 1202 3798 palea
1250 3739 1399 3784 stans
1431 3731 1483 3786 in
1526 3731 1668 3802 igne.
1701 3733 1882 3786 Fallax

293 3829 448 3878 certe
471 3847 502 3886 ,~
520 3831 577 3876 et
602 3823 772 3877 ruina:
802 3821 1047 3877 maximae
1079 3823 1410 3892 propinquus
1435 3837 1593 3878 casus
1615 3863 1631 3888 ,
1665 3825 1887 3879 inevita-

298 3911 514 3983 bileque
525 3914 820 3984 periculum
835 3925 920 3970 est
941 3914 1150 3970 femina:
1165 3915 1523 3984 pulchritudo.
1539 3917 1723 3971 Timor
1737 3929 1885 3972 certe

293 4008 568 4062 monacho
591 4007 803 4070 evenit,
833 4022 994 4078 quem
1023 4005 1272 4071 timebat,
1295 4017 1350 4063 et
1375 4008 1474 4062 sibi
1504 4009 1698 4064 accidit
1744 4009 1883 4079 quod

295 4109 452 4156 tanto
477 4109 720 4170 tempore
747 4100 1054 4160 verebatur.
1086 4115 1185 4154 nec
1216 4101 1333 4156 sine
1356 4101 1604 4169 exemplo
1653 4103 1885 4156 maximo

283 4190 547 4245 aliorum.
578 4188 696 4246 Non
725 4190 777 4245 in
807 4191 903 4245 illo
925 4193 1136 4258 jussnm
1165 4198 1251 4246 est
1275 4191 1585 4259 parentibus
1609 4191 1846 4245 obedire
1867 4232 1882 4256 ,

294 4280 356 4335 in
380 4279 508 4352 uno
529 4282 725 4338 anima
755 4280 1053 4353 periculum
1083 4281 1424 4336 formidatur.
1456 4283 1501 4335 A
1548 4280 1883 4336 monasterio

293 4375 464 4429 invite
493 4374 793 4430 monachus
821 4373 1122 4443 egreditur,
1153 4374 1246 4428 sed
1271 4373 1467 4428 ardore
1497 4373 1736 4427 libidinis
1775 4384 1881 4427 tam

287 4466 543 4522 nefanda:
565 4482 661 4524 cor
687 4465 1075 4532 inﬂannuante,
1107 4467 1182 4520 nil
1204 4466 1346 4521 aliud
1369 4481 1532 4534 quam
1551 4468 1755 4520 sororis
1783 4466 1884 4522 hoc

281 4559 594 4615 "nescientis
621 4559 818 4614 scelus
851 4558 1040 4614 faciem
1086 4558 1344 4626 improbis
1369 4560 1642 4613 oculortnn
1685 4559 1884 4628 visibus

301 4651 484 4708 videre
507 4652 752 4722 cogitans
780 4692 797 4716 ,
844 4667 981 4724 pene
1011 4667 1282 4721 nunquam
1326 4651 1495 4706 fuisse
1520 4667 1581 4707 se
1603 4652 1654 4706 in
1699 4667 1885 4714 tnona-
1959 4707 1964 4712 _

282 4742 468 4796 ‘sterio
510 4742 850 4798 recordatur.
877 4742 1108 4797 Satiatur
1138 4742 1352 4796 interim
1393 4753 1561 4809 pater.
1594 4744 1662 4796 At
1693 4757 1880 4805 mona-

285 4833 434 4889 chus
459 4833 899 4890 excusationibus
922 4833 1243 4896 adiuventis,
1273 4835 1442 4888 tardat
1461 4833 1638 4888 de‘die
1663 4833 1712 4887 iu
1739 4833 1880 4886 diem

301 4928 366 4982 ad
396 4928 803 4983 monasterium
826 4941 1088 4981 remeare.
1117 4925 1362 4982 Manente
1390 4936 1566 4978 autem
1605 4925 1794 4980 eodem
1829 4925 1880 4979 in
1963 4987 1969 4991 _

305 5029 524 5088 paterna
552 5020 716 5074 domo
743 5019 913 5073 tribus
933 5019 1234 5083 mensibus,
1261 5019 1385 5072 hinc
1412 5017 1726 5082 monachos,
1759 5018 1883 5074 hinc

307 5125 504 5178 patrem
548 5113 784 5166 maxima
833 5113 1002 5167 movit
1041 5111 1326 5166 admiratio
1355 5127 1678 5180 omnemque
1729 5112 1882 5165 fami-

283 5204 446 5269 liam,
477 5221 575 5260 cur
603 5205 764 5260 istum
797 5214 904 5262 tam
933 5202 1224 5260 vehemens
1251 5205 1529 5274 irrepserit
1577 5205 1801 5258 initiatio
1826 5214 1882 5260 et

279 5301 553 5354 -alteratio
601 5298 864 5354 inaudita.
912 5298 1178 5369 Ignorant.
1208 5298 1471 5369 siquidem
1513 5299 1590 5352 rei
1628 5313 1877 5362 causam,

281 5387 498 5448 idcirco
522 5391 774 5449 effectum
812 5407 910 5447 eos
947 5391 1170 5462 contigit
1210 5393 1474 5461 ignorare.
1500 5391 1580 5446 Ad
1613 5401 1883 5448 monaste-

277 5486 434 5539 érium
452 5500 572 5540 cum
600 5485 811 5540 duobus
834 5484 900 5538 ad
927 5500 986 5539 se
1009 5501 1075 5539 ex
1111 5485 1434 5539 monasterio
1459 5484 1739 5539 destinatis
1766 5500 1882 5539 mo-

279 5579 484 5633 -nacbis
513 5578 729 5634 tandem
761 5579 1068 5642 revertitur,
1103 5579 1238 5632 illud
1281 5580 1515 5633 referens
1543 5579 1756 5634 tmdinm
1797 5595 1882 5636 re-

301 5667 537 5733 deundo,
571 5669 714 5740 quod
747 5671 892 5739 prius
928 5670 1193 5724 detulerat
1211 5668 1477 5724 exeundo.
1500 5670 1675 5740 Capit
1693 5672 1874 5741 itaque

305 5759 354 5811 iu
376 5763 714 5818 monasterio
761 5775 960 5831 corpus
999 5759 1194 5830 degere
1229 5759 1474 5816 monachi
1499 5791 1525 5826 ,-
1543 5776 1647 5824 cur
1667 5776 1796 5816 vero
1847 5778 1878 5816 a
1955 5799 1961 5819 ,ι

305 5865 484 5906 ιυιοιίι
537 5852 840 5919 aliqualiter
873 5867 975 5904 non
1032 5850 1250 5905 recedit.
1282 5849 1396 5909 lloc
1420 5847 1519 5904 sibi
1561 5850 1616 5906 fit
1638 5850 1876 5924 studium

1479 404 1566 474 DE
1596 409 1971 475 MIRACUUS
2011 409 2410 468 lllEllO-NYHI'.

3440 378 3448 385 ’
3510 422 3615 492 sis

2036 524 2458 596 Scripturarum,
2485 538 2541 582 ut
2564 529 2792 601 attingat
2809 534 3041 601 pessima
3073 549 3194 606 qua;
3218 536 3454 596 affectat.
3477 540 3606 601 llas

1999 616 2408 688 contemplatio
2442 617 2788 688 divinorum,
2821 631 2877 677 ιιι
2906 635 3242 694 peccatorum
3280 630 3496 686 modum
3528 633 3605 688 in~

2021 709 2208 766 veniat
2247 709 2652 776 capiendorum.
2705 712 3006 772 Pereutitur
3049 719 3257 774 alienus
3303 721 3424 788 sui,
3471 731 3529 780 et
3571 739 3606 781 ιι

2027 800 2270 855 veritatis
2294 801 2598 872 cognitione
2625 802 2832 871 devius,
2855 805 3106 862 continua
3137 823 3166 860 a
3191 810 3429 878 diabolo,
3457 815 3612 882 cujus

2017 892 2152 960 jngo
2179 893 2496 962 gravissimo
2524 895 2788 950 imbecille
2830 897 3026 953 collum
3051 899 3336 970 submisit,
3365 904 3605 963 libidinis

2024 1000 2177 1040 novae
2203 986 2344 1042 telis.
2376 986 2527 1042 Sicut
2561 987 2740 1044 fumus
2767 988 3028 1045 deficiunt
3053 991 3168 1047 dies
3195 993 3335 1062 ejus,
3366 995 3612 1051 confrin-

2021 1077 2384 1143 guotnrsicut
2405 1078 2457 1132 in
2483 1077 2706 1134 frixorio
2733 1094 2854 1135 ossa
2883 1080 3021 1151 ejus.
3037 1092 3110 1138 et
3127 1082 3425 1140 infirmatur
3452 1087 3610 1143 dolo-

2021 1167 2171 1225 nibus
2190 1171 2308 1224 vita
2337 1171 2480 1240 ejus,
2511 1172 2870 1228 irrationabili
2915 1176 2971 1228 lit
3000 1174 3193 1230 similis
3213 1177 3450 1234 animali.
3473 1179 3610 1235 0b|i~

2020 1259 2243 1314 viscitur
2293 1260 2345 1314 in
2375 1270 2489 1315 t0to
2527 1261 2764 1316 divinam
2811 1263 3149 1320 clementiam
3188 1282 3454 1323 exorare:
3497 1279 3607 1326 tota

2017 1351 2107 1409 die
2131 1353 2374 1425 cogitans
2399 1356 2518 1424 quis
2543 1355 2734 1411 modus
2754 1367 3007 1426 appareat
3035 1357 3248 1425 habilis,
3276 1373 3332 1414 ut
3359 1362 3605 1430 poculum

2011 1445 2210 1500 «mortis
2251 1446 2430 1502 valeat
2469 1445 2774 1516 degustare.
2801 1445 2918 1502 Heu
2965 1463 3124 1518 quam
3155 1461 3281 1503 sunt
3321 1450 3508 1520 inopes
3552 1461 3606 1506 et

2010 1539 2224 1602 miseri,
2256 1548 2312 1608 et
2337 1539 2406 1595 ab
2431 1540 2686 1595 omnibus
2711 1541 2867 1596 bonis
2894 1551 3116 1611 egentes
3146 1553 3199 1598 et
3229 1544 3436 1610 exules,
3459 1544 3548 1614 qui
3575 1559 3604 1599 a

2015 1630 2244 1686 Domino
2287 1647 2348 1688 se
2377 1632 2652 1702 elongant.
2675 1633 2851 1688 Tanto
2877 1634 2936 1688 lit
2966 1634 3122 1705 pejor
3152 1636 3324 1690 brutis
3352 1637 3603 1692 animali-

2015 1719 2116 1776 bus
2144 1722 2228 1776 vir
2256 1722 2308 1776 in
2363 1726 2628 1792 pet-(uitis,
2659 1724 2853 1793 quibus
2882 1724 2950 1778 ab
2990 1725 3168 1779 anima
3213 1726 3354 1781 Deus
3409 1729 3601 1796 majori

2012 1812 2186 1879 spatio
2215 1812 2513 1883 elongatnr,
2545 1829 2707 1879 quam
2742 1814 2790 1868 id
2819 1829 2925 1884 quo
2953 1815 3149 1868 cteltun
3175 1831 3203 1868 a
3224 1825 3366 1871 terra
3393 1817 3561 1874 distat
3584 1859 3600 1881 ,

2012 1911 2066 1956 et
2104 1901 2287 1956 oriens
2334 1904 2403 1957 ab
2447 1918 2643 1958 occasu
2676 1922 2688 1956 :
2717 1915 2918 1975 quanto
2953 1905 3157 1959 eisdem
3189 1917 3437 1976 praestat,
3477 1926 3598 1964 cum

2009 1993 2188 2047 div-ina
2214 1995 2384 2063 gratia
2411 2008 2493 2050 est
2519 1996 2758 2052 fulcitus.
2785 1997 3049 2068 Cogitanti
3075 1998 3306 2068 denique
3336 2001 3599 2056 monacho

2013 2086 2252 2140 veritatis
2272 2087 2485 2142 ltttninis
2509 2090 2713 2153 nescio,
2741 2089 3141 2143 nefandissima‘
3165 2102 3216 2144 et
3247 2091 3448 2145 auditui
3474 2093 3598 2146 hor-

2010 2174 2184 2230 ribilis
2212 2177 2498 2244 Voluptatis
2528 2177 2889 2245 adipiscenda:
2928 2180 3166 2247 reperire
3195 2180 3436 2246 modum,
3470 2183 3594 2235 mali

2007 2264 2213 2317 consilii
2238 2267 2790 2320 semiuatordiabolus
2817 2267 2919 2323 hoc
2947 2269 3047 2322 sibi
3077 2269 3180 2324 tale
3205 2271 3432 2324 insinuat
3460 2287 3593 2327 con-

1986 2354 2183 2408 silium
2230 2356 2446 2409 occulto
2487 2358 2811 2426 cogitamine
2849 2359 2967 2412 vani
3019 2360 3236 2423 cordis,
3283 2371 3339 2413 ιιι
3389 2363 3593 2425 scilicet

2005 2445 2342 2515 intempeslm
2375 2450 2545 2503 nouis
2567 2450 2742 2505 medio
2760 2452 2977 2504 cunctis
3008 2451 3418 2517 durtnientibus,
3441 2467 3590 2507 veste

1985 2540 2246 2610 deposita
2297 2543 2597 2597 monachali
2635 2582 2652 2608 ,
2700 2554 3021 2613 stnnptoque
3066 2543 3248 2598 habitu
3299 2546 3465 2599 laicali
3520 2563 3589 2601 ex

1981 2632 2335 2686 -monastcrio
2364 2637 2572 2699 exiens,
2619 2643 2868 2701 paternas
2894 2636 3030 2688 clam
3063 2635 3216 2688 adeat
3247 2637 3584 2702 mansiones,

2000 2732 2054 2775 et
2087 2721 2306 2776 dotmnn
2351 2724 2670 2792 crepusculo
2701 2725 2874 2777 noctis
2926 2726 3152 2778 latenter
3199 2727 3438 2792 intrans,
3486 2729 3586 2780 θυι»

2002 2814 2158 2864 thoro
2182 2815 2387 2866 soro’ris
2432 2813 2794 2877 lateat,donec
2821 2814 3126 2868 dormiente
3156 2815 3266 2884 ipsa
3289 2858 3305 2881 ,
3346 2817 3412 2870 ad
3437 2833 3585 2879 eam-

1981 2902 2119 2957 dem
2163 2903 2385 2957 accedat
2431 2919 2544 2959 sure
2598 2905 2888 2974 voluptatis
2939 2906 3187 2960 libidines
3247 2911 3579 2976 expleturos.

1997 2995 2176 3051 Placet
2205 2996 2409 3051 insana:
2443 2999 2637 3053 mentis
2669 2998 3248 3068 iinperitimcmrsilinm
3276 3009 3580 3070 erogatum,

1993 3087 2277 3158 studetque
2305 3088 2478 3158 ipsum
2505 3099 2616 3142 toto
2643 3104 2798 3159 posse
2837 3105 2996 3160 quam
3046 3100 3222 3159 potest
3261 3072 3473 3146 brevius
3499 3090 3582 3160 ef-

1993 3177 2153 3233 fectui
2196 3181 2522 3248 mancipare.
2555 3179 2809 3249 Sequenti
2841 3181 3000 3250 igitur
3045 3181 3359 3236 advenienti
3411 3186 3581 3237 noctis

1993 3269 2190 3335 medio,
2222 3270 2322 3324 sub
2351 3270 2566 3324 silentio
2610 3271 2676 3324 ad
2712 3270 2855 3326 fores
2900 3271 3130 3326 emnobii
3183 3273 3361 3326 claves
3385 3289 3580 3343 gerens

1993 3361 2236 3414 manibus
2272 3370 2557 3430 properat:
2592 3361 2686 3414 sed
2718 3361 2784 3415 ad
2833 3363 2967 3415 osﬁa
2991 3364 3245 3425 veniens,
3279 3343 3374 3432 per
3405 3350 3572 3420 totam

1992 3454 2137 3508 illam
2185 3464 2395 3510 noctem
2450 3455 2554 3509 huc
2589 3455 2821 3524 illucque
2853 3454 3163 3510 discurrens
3189 3498 3203 3522 ,
3233 3473 3339 3526 quo
3379 3459 3487 3512 sint
3524 3461 3576 3520 in

1968 3544 2112 3601 .loco
2143 3546 2311 3612 posita
2341 3560 2446 3598 non
2478 3545 2700 3598 invenit.
2726 3545 2956 3610 Stupore
2978 3555 3032 3598 et
3059 3545 3413 3602 admiratione
3457 3565 3576 3617 per-

1992 3636 2340 3697 territus,cur
2370 3635 2472 3690 hoc
2491 3635 2558 3688 sit
2580 3636 2848 3701 nesciens,
2874 3635 3084 3690 interim
3107 3637 3218 3706 jam
3251 3639 3574 3703 matutinali,

1990 3741 2094 3795 qua
2122 3726 2186 3778 ad
2231 3724 2416 3779 laudes
2442 3725 2649 3780 debitas
2699 3725 2999 3780 Dominicas
3049 3727 3293 3782 monachi
3338 3728 3575 3782 excuba-

1991 3816 2138 3890 bant,
2167 3818 2628 3890 appropinquante
2658 3816 2787 3870 hora
2823 3832 2835 3868 :
2868 3818 3209 3886 compellitur
3252 3818 3340 3872 ille
3365 3819 3430 3872 ad
3459 3821 3577 3871 ccl-

1991 3906 2150 3959 lulam
2182 3907 2500 3982 retrogredi.
2542 3905 2720 3958 Manet
2761 3905 2812 3957 in
2840 3906 3030 3959 cellula
3068 3906 3154 3960 ille
3184 3903 3457 3960 admirans
3481 3924 3577 3978 per

1989 3995 2131 4050 diem
2153 3995 2320 4058 illum,
2353 3990 2599 4066 proponit
2631 3988 2884 4072 sequenti
2916 4005 3070 4050 nocte
3094 3983 3270 4050 facere
3297 3997 3437 4066 quod
3462 4016 3565 4053 non

1967 4088 2135 4163 fecit.
2169 4086 2347 4160 Audet
2370 4086 2649 4167 imbecillis
2679 4085 2900 4140 dextera
2933 4103 3051 4155 qua:
3079 4103 3182 4140 non
3219 4096 3388 4155 potest
3415 4106 3429 4142 :
3453 4104 3574 4156 spe-

1990 4190 2072 4232 rat
2100 4183 2319 4232 Slltlttlltl
2355 4191 2516 4246 pecus
2563 4188 2752 4231 coiitra
2802 4179 3011 4232 leonem
3043 4194 3284 4248 pugnans
3315 4179 3569 4258 triumphi

1964 4271 2212 4348 gloriam
2241 4270 2485 4349 adipisci.
2504 4328 2511 4330 __
2527 4271 2664 4339 Quid
2710 4271 2984 4327 insensate
3015 4273 3190 4326 reris?
3219 4277 3379 4326 Putas
3410 4289 3572 4343 agere

1965 4365 2095 4444 .vile
2127 4364 2333 4434 pecus,
2365 4378 2484 4432 qua:
2514 4364 2597 4417 leo
2620 4363 2943 4417 fortissimus
2975 4363 3330 4434 llieronynuis
3355 4381 3398 4419 Cl
3424 4374 3576 4417 ntra-

1989 4455 2161 4510 dicit?
2190 4455 2353 4509 Ccssa
2379 4455 2592 4525 imagini
2636 4454 3012 4525 gloriosissimi
3054 4454 3364 4525 Hieronymi
3395 4471 3570 4523 genua

1991 4549 2233 4612 ﬂectere,
2269 4547 2441 4617 ipsum
2471 4531 2694 4602 ulterius
2726 4565 2830 4600 non
2865 4547 3066 4601 διιΙτιιοε
3088 4587 3102 4610 ,
3136 4559 3188 4601 et
3217 4547 3310 4599 tibi
3339 4558 3576 4616 potestas

1991 4639 2233 4708 protinus
2258 4639 2607 4704 concedetur,
2639 4648 2694 4692 ut
2723 4638 2883 4692 cadas
2908 4638 2958 4691 in
2991 4635 3221 4704 foveam,
3250 4629 3412 4708 quam
3437 4638 3571 4694 ellu-

1988 4730 2094 4796 dis,
2124 4741 2182 4784 ut
2209 4729 2319 4785 dira
2349 4730 2618 4798 naufragia
2647 4730 2754 4793 jam
2778 4720 3048 4784 admittas.
3080 4729 3195 4784 Non
3227 4724 3448 4800 possunt
3477 4733 3576 4800 im-

1991 4837 2149 4891 pensa
2169 4821 2557 4890 gloriosissimo
2581 4821 2905 4894 Hieronymo
2925 4823 3164 4887 servitia,
3186 4840 3401 4896 quoquo
3417 4823 3577 4878 modo

1989 4911 2138 4976 liant,
2163 4908 2502 4989 mercedibus
2521 4912 2755 4964 vacuari.
2785 4911 3065 4981 lletincbat
3095 4913 3355 4980 siquidem
3385 4913 3436 4968 in
3469 4916 3578 4969 ccl-

1989 5003 2093 5058 lula
2143 5001 2439 5057 monaclms
2472 5003 2561 5057 ille
2591 5004 2774 5057 devius
2801 5015 2854 5059 et
2881 5022 3066 5060 errans
3096 5018 3149 5060 et
3193 5007 3456 5062 diabolica
3477 5008 3577 5062 do—

1990 5094 2154 5148 tninio
2170 5093 2341 5147 manci
2350 5095 2814 5166 patus.imaginem
2831 5096 3053 5167 gloriosi
3070 5097 3377 5170 llterunymi
3399 5101 3576 5156 tabula

1988 5187 2319 5256 insignitum,
2343 5187 2645 5250 cuigdiebus
2670 5189 2913 5260 singulis,
2943 5187 3156 5260 antiqua
3186 5192 3576 5247 coosuetndiue

1986 5277 2210 5335 ﬂectens
2223 5295 2414 5350 genua,
2434 5294 2492 5334 se
2509 5279 2682 5336 eidem
2704 5281 2901 5349 plnries
2919 5284 3345 5338 commendabat.
3369 5283 3575 5339 Idcirco

1987 5383 2044 5427 ιιι
2069 5372 2188 5440 ejus
2218 5373 2349 5426 mira
2383 5372 2669 5428 clementia
2696 5375 2900 5428 cunctis
2927 5374 3308 5439 innotesceret,
3338 5375 3481 5428 illmn
3510 5391 3576 5427 eo

1987 5466 2074 5522 die
2104 5465 2388 5531 retinebat,
2416 5481 2485 5520 ne
2513 5467 2708 5520 malum
2740 5468 2936 5521 laceret
2967 5465 3107 5536 quod
3160 5466 3386 5519 volebat.
3419 5465 3569 5534 Igno-

1988 5574 2113 5614 rans
2143 5574 2270 5612 vero
2297 5543 2412 5613 lucc
2442 5558 2533 5612 ille
2573 5559 2892 5624 monachus,
2941 5558 3284 5626 subsequcnti
3324 5564 3478 5609 nocte
3508 5556 3572 5611 ad

1991 5653 2221 5707 coenobii
2274 5652 2464 5705 iterum
2511 5650 2656 5706 fores
2703 5643 2888 5720 pergit.
2926 5650 3028 5702 Sed
3075 5649 3215 5714 quod
3249 5647 3568 5716 prmccdetlh

1989 5751 2147 5798 nocte
2174 5743 2395 5805 fecerat,
2427 5741 2476 5794 id
2511 5739 2607 5794 hac
2638 5739 2782 5794 fecit.
2814 5740 2890 5793 Ne
2920 5738 3078 5805 igitur
3105 5737 3394 5790 ialm-ream
3443 5753 3561 5791 ver.

1990 5831 2072 5886 bis
2107 5849 2119 5886 :
2153 5846 2246 5901 per
2279 5846 2441 5884 unum
2472 5829 2580 5885 fere
2611 5822 2850 5884 mensem
2871 5871 2884 5894 ,
2915 5825 3134 5896 singulis
3164 5819 3408 5880 noctibus
3439 5835 3560 5884 con-
