4136 6332
531 409 637 469 819

539 528 687 582 tinne
716 522 819 580 hoc
837 522 1035 579 evenit.
1057 519 1338 591 Completo
1368 520 1575 591 itaque,
1605 528 1665 573 ut
1706 525 1864 589 puto,
1908 515 2109 571 mensis

539 615 775 677 circulo,
808 616 862 669 in
910 614 1119 670 somnis
1154 614 1341 667 beatus
1386 611 1742 681 Hieronymus
1770 608 2111 663 sanctissimo

534 706 746 761 cuidam
780 706 921 760 illius
949 701 1256 760 monasterii
1278 702 1543 756 monacho
1562 700 1830 770 apparuit,
1862 698 1913 751 in
1942 705 2111 751 stratu

536 813 637 855 suo
658 799 952 870 quiescenti
980 806 1157 861 nocte,
1190 794 1363 850 eidem
1384 793 1631 847 revelans
1653 790 1778 861 quid
1802 790 1901 844 iste
1928 800 2113 843 mona-

527 891 663 945 chus
710 890 939 944 faciebat
986 886 1407 954 :ntandansque
1456 884 1531 937 illi
1586 890 1644 936 ut
1691 882 1888 936 debeat
1932 881 2107 933 eidem

528 982 793 1036 monacho
816 981 893 1034 sic
918 979 1115 1035 erranti
1163 978 1439 1032 declarare
1459 1015 1475 1040 ,
1505 974 1775 1045 quomodo
1797 974 1909 1042 ipse
1948 987 2070 1025 eum
2093 1010 2110 1037 ,

525 1071 599 1126 ob
624 1071 727 1125 sibi
776 1071 1071 1140 impensam
1118 1067 1509 1131 reverentiam,
1540 1065 1825 1119 custodivit
1846 1103 1860 1126 ,
1893 1074 1948 1116 ut
1972 1064 2110 1118 ostia

528 1178 637 1217 non
668 1163 876 1217 videret
901 1162 969 1214 ad
1012 1162 1304 1230 cogitatum
1352 1156 1766 1227 perpetrandum
1814 1154 2011 1209 scelus.
2044 1153 2111 1208 Et

525 1254 669 1324 quod
701 1255 804 1308 nisi
846 1254 948 1307 sibi
981 1254 1139 1307 velox
1180 1252 1248 1306 de
1275 1252 1513 1319 inemptis
1539 1252 1894 1316 subsequatur
1922 1260 2112 1302 emen-

525 1347 694 1409 datio,
727 1359 846 1401 sese
876 1347 943 1400 de
982 1345 1147 1413 ipsius
1176 1342 1420 1397 custodia
1462 1340 1763 1397 removebit
1794 1356 1807 1393 :
1836 1340 2111 1393 discessit-

527 1454 636 1509 que
680 1439 922 1509 protinus
971 1436 1041 1489 ab
1088 1434 1297 1489 eodem.
1350 1432 1507 1487 Mane
1569 1441 1747 1485 autem
1801 1428 1941 1483 facto
1991 1444 2111 1498 qua:

529 1531 734 1585 viderat
761 1529 1083 1594 monachus,
1114 1527 1269 1580 alteri
1303 1525 1569 1579 monacho
1598 1523 1894 1577 enarravit.
1925 1524 1993 1574 At
2024 1520 2112 1573 ille

528 1637 589 1676 se
614 1622 741 1690 quid
772 1622 858 1674 hic
885 1621 1026 1673 dicat
1055 1634 1161 1671 non
1194 1617 1521 1685 intelligere,
1555 1612 1795 1682 pluribus
1831 1611 2111 1667 detestans

529 1712 911 1776 sacramentis,
967 1708 1127 1780 coepit
1172 1709 1354 1761 dicere
1380 1715 1599 1775 propter
1629 1704 1836 1759 cerebri
1869 1704 2110 1757 vacuita-

531 1819 637 1861 tent
699 1807 813 1859 lucc
861 1804 1070 1857 somnia
1123 1802 1393 1856 evenisse.
1443 1800 1608 1853 Tacet
1661 1797 2001 1861 monachus,
2054 1802 2111 1851 et

528 1894 755 1953 recedit.
824 1895 920 1949 Hic
978 1893 1224 1963 gaudens
1281 1892 1531 1962 preponit
1608 1898 1765 1944 nocte
1826 1887 2113 1958 sequenti,

532 1988 729 2041 nullam
774 1984 1003 2054 amplius
1047 1982 1310 2039 exhibens
1353 1981 1566 2035 solitam
1596 1980 1921 2050 Hieronymo
1966 1991 2117 2032 reve-

531 2078 781 2137 rentiam,
809 2076 945 2129 ostia
974 2073 1281 2128 monasterii
1302 2072 1368 2125 ad
1400 2085 1626 2140 nequa'n
1654 2086 1809 2139 opus,
1840 2067 1982 2139 quod
2010 2077 2115 2120 tam

532 2172 623 2225 ditt
660 2169 1003 2222 aﬂ'ertaverat
1030 2162 1391 2235 peragendum
1417 2204 1432 2227 ,
1462 2166 1526 2215 ad
1558 2178 1713 2215 suum
1744 2161 1949 2214 libitum
1972 2174 2118 2214 rese-

533 2276 672 2314 rare.
726 2260 792 2313 Ut
848 2260 1083 2312 breviter
1134 2256 1333 2309 dicam.
1383 2252 1534 2320 Quod
1595 2253 1759 2306 miser
1805 2252 1895 2305 ditt
1952 2250 2117 2305 hianti

532 2352 712 2405 animo
721 2350 1044 2419 cogitaverat
1056 2348 1193 2402 mala
1207 2346 1559 2416 uperandi,ah
1577 2344 1899 2414 Hieronymo
1916 2343 2119 2397 honore

533 2443 695 2497 solito
725 2444 933 2511 privato
954 2481 969 2504 ,
1002 2440 1104 2494 sibi
1152 2438 1350 2492 tradita
1402 2445 1666 2507 potestate
1688 2476 1703 2501 .
1732 2448 1788 2490 ut
1816 2437 1979 2489 voluit
2004 2475 2019 2500 ,
2043 2434 2122 2488 sic

534 2535 713 2591 ell‘ecit
745 2554 758 2589 :
797 2532 893 2588 sed
928 2543 1105 2587 tamen
1137 2533 1191 2586 in
1242 2530 1345 2584 line
1385 2529 1755 2599 gloriosissimi
1810 2527 2120 2598 Hieronymi

534 2627 817 2681 clementia
833 2641 937 2679 non
959 2623 1174 2678 defecit.
1205 2620 1485 2676 Reeedens
1528 2620 1705 2689 itaque
1729 2619 1827 2685 ille,
1843 2617 1913 2671 de
1938 2633 2124 2672 mona-

540 2718 710 2772 sterio
732 2727 992 2771 nocturna
1022 2715 1175 2781 hora,
1200 2713 1378 2768 alieno
1407 2711 1591 2766 habitu
1605 2713 1926 2773 occultatus,
1958 2710 2123 2779 patris

536 2809 759 2865 domum
788 2808 1101 2870 adveniens,
1134 2821 1232 2875 per
1253 2805 1395 2859 diem
1426 2804 1573 2860 illum
1615 2803 1845 2872 undique
1889 2804 2122 2857 circum-

542 2902 662 2957 ivit.
697 2901 941 2971 Dumque
971 2899 1145 2954 noctis
1169 2895 1489 2967 crepuscqu
1519 2894 1734 2948 domum
1755 2895 2028 2958 intrasset,
2056 2892 2123 2947 ad

538 2997 736 3052 lectum
759 3038 773 3061 ,
798 2997 851 3051 in
898 3011 1006 3062 quo
1034 2997 1184 3065 virgo
1212 3008 1367 3047 soror
1405 2992 1695 3061 quiescere
1712 3000 1837 3043 tunc
1879 2987 2122 3049 solebat,

536 3092 676 3147 clam
708 3090 1026 3162 procedens,
1060 3086 1242 3143 tandiu
1270 3084 1372 3140 sub
1398 3085 1588 3139 eodem
1618 3081 1865 3146 latitavit,
1889 3079 2122 3151 quandiu

536 3200 781 3241 sororem
829 3183 1064 3239 dormire
1136 3180 1311 3251 potuit
1380 3177 1713 3231 existimare.
1776 3174 1926 3231 Tunc
1982 3173 2123 3228 idem

537 3282 752 3344 exiens,
782 3275 1095 3345 cxspoliatis
1131 3272 1393 3337 vestibus,
1421 3271 1695 3325 sororisse
1720 3268 1941 3323 dextero
1972 3267 2125 3321 lateri

538 3369 845 3439 applicavit.
874 3368 1001 3423 Haec
1016 3382 1170 3422 soror
1197 3365 1298 3419 levi
1328 3378 1519 3417 somno
1541 3362 1817 3417 dormiens
1841 3360 2123 3424 excitatur,

538 3471 597 3518 et
617 3462 791 3516 virum
819 3461 967 3530 juxta
1005 3474 1065 3514 se
1121 3473 1284 3512 tnanu
1314 3456 1555 3510 sentiens
1578 3494 1593 3518 ,
1625 3452 1913 3506 admodum
1957 3466 2125 3520 expa-

539 3570 786 3616 vescens,
814 3552 947 3607 diris
970 3552 1180 3607 emissis
1208 3547 1556 3612 clamoribus,
1587 3547 1653 3600 ad
1680 3561 1739 3600 se
1760 3560 1948 3600 omnes
1980 3544 2130 3614 pari-

540 3658 623 3703 ter
668 3647 927 3702 evocavit.
960 3644 1195 3699 Currunt
1246 3642 1313 3695 ad
1365 3639 1555 3710 puclla:
1609 3637 1900 3692 thalamum
1949 3636 2126 3690 cuncti

539 3758 664 3795 cum
706 3739 909 3794 lumine
933 3780 948 3803 ,
980 3746 1037 3791 et
1077 3734 1291 3790 tandem
1330 3735 1380 3786 in
1427 3733 1565 3786 lecto
1619 3731 1940 3784 invenerunt
1986 3729 2128 3781 hunc

537 3834 824 3904 jacentetn.
848 3830 1108 3885 Mirantur
1128 3837 1375 3894 parentes
1402 3832 1457 3879 et
1481 3832 1696 3891 stupent
1724 3840 1737 3876 :
1760 3830 1989 3875 cernunt
2015 3820 2127 3873 lnuc

541 3924 719 3980 cuncti
769 3923 859 3993 qui
904 3925 1292 3984 cucurrerunt,
1322 3928 1377 3972 et
1405 3915 1711 3971 condolent.
1758 3913 2055 3981 lnterrogat
2098 3926 2128 3966 a

542 4020 653 4072 filio
699 4026 848 4086 pater
899 4011 1231 4067 discriminis
1274 4008 1403 4063 tanti
1448 4022 1665 4063 causam
1692 4048 1708 4072 ,
1735 4017 1940 4061 reatum
1970 4021 2127 4061 suum

542 4109 683 4163 Iilius
702 4105 919 4162 silentio
947 4104 1257 4159 confitetur.
1285 4098 1353 4155 Ut
1385 4100 1531 4154 enim
1561 4099 1695 4164 dixi,
1728 4098 1899 4152 Voluit
1923 4096 2128 4167 glorio-

542 4216 635 4257 sus
662 4180 1020 4270 Hieronymus
1046 4195 1185 4250 hunc
1214 4209 1364 4249 suam
1400 4192 1677 4246 stultitiam
1704 4191 1961 4260 experiri,
1990 4198 2048 4243 ut
2076 4190 2127 4243 in

544 4302 813 4364 posterum
843 4288 1096 4343 humilior
1124 4298 1179 4340 et
1208 4286 1431 4337 astutior
1458 4282 1606 4336 fieret
1637 4281 1703 4335 ad
1729 4281 2044 4348 cavendum,
2076 4291 2132 4336 et

545 4384 814 4456 inpraclio
842 4398 902 4436 se
947 4378 1221 4434 tuendum.
1254 4376 1321 4429 Et
1363 4391 1428 4427 ne
1453 4372 1688 4442 amplius
1715 4372 1963 4442 exemplo
1988 4386 2085 4425 suo
2109 4412 2126 4438 ,

541 4480 662 4549 quis
707 4476 774 4531 de
820 4474 1107 4529 sanctitate
1154 4466 1451 4523 conluderet
1502 4476 1557 4520 et
1604 4474 1872 4533 speraret.
1918 4468 2128 4532 Quanto

544 4571 691 4627 enim
747 4566 917 4636 major
962 4564 1104 4617 inest
1153 4560 1355 4614 humitti
1404 4560 1699 4623 sanctitas,
1729 4556 1859 4611 dum
1889 4556 1941 4611 in
1995 4558 2127 4611 mari

547 4662 730 4720 mundi
775 4658 933 4726 hujus
978 4655 1311 4724 procelloso,
1360 4659 1413 4705 et
1444 4650 1778 4704 inimicorum
1825 4647 2129 4719 agminibus

544 4755 734 4824 pleno,
779 4748 1031 4805 imbecilli
1061 4746 1238 4799 carnis
1264 4742 1509 4796 navicula
1538 4740 1748 4809 navigat
1777 4757 1791 4793 :
1823 4747 1969 4794 unto
2009 4756 2126 4793 ma-

541 4847 629 4916 jor
658 4843 797 4898 inest
828 4840 987 4895 timor
1014 4847 1069 4892 et
1120 4837 1313 4888 astutia
1358 4849 1417 4888 se
1448 4832 1648 4888 tuendi.
1678 4831 1916 4886 lnliuilas
1959 4832 2132 4902 pessi-

548 4952 667 4991 mus
720 4932 810 4989 ille
839 4937 1072 4988 tentator
1112 4924 1360 4981 diabolus
1408 4924 1633 4979 nocendi
1680 4923 1918 4992 possidet
1960 4934 2124 4977 artes.

543 5028 644 5098 Qui
672 5027 915 5081 incautus
944 5020 1139 5091 pergit,
1160 5018 1432 5073 levissime
1455 5016 1684 5085 capitur.
1717 5014 1819 5083 Qui
1841 5016 1893 5069 in
1919 5017 2127 5070 cunctis

545 5124 729 5185 timet,
775 5119 843 5174 ab
894 5114 1145 5170 omnibus
1190 5109 1423 5164 diabolis
1463 5107 1551 5162 hic
1579 5107 1821 5162 timetur.
1844 5106 2006 5161 Certe
2051 5107 2124 5162 nil

543 5216 663 5286 plus
700 5219 875 5277 nocet,
902 5222 1060 5280 quam
1082 5212 1265 5275 spreto
1289 5202 1515 5256 aliorum
1545 5200 1791 5264 consilio,
1826 5209 1885 5253 ut
1912 5200 2124 5270 propria

546 5308 789 5363 voluntas
816 5301 1057 5374 prtecipit
1082 5296 1379 5352 ambulare.
1408 5294 1507 5361 Qui
1552 5308 1662 5347 sua:
1689 5302 1893 5346 tantum
1938 5293 2127 5347 volun—

542 5403 637 5458 tati
666 5400 877 5461 credit,
933 5397 986 5452 in
1015 5392 1223 5448 cunctis
1266 5404 1384 5459 quae
1424 5387 1593 5449 facit,
1658 5386 1817 5440 linem
1868 5384 2123 5441 odihilem

542 5491 867 5550 adinveniet.
896 5488 1116 5556 Magnus
1145 5478 1391 5548 exemplo
1415 5479 1524 5547 jam
1555 5478 1704 5530 linito
1728 5476 1893 5530 timor
1919 5475 1986 5529 de
2010 5474 2124 5529 frao

547 5588 749 5658 gilitate
777 5589 961 5636 nostra
992 5576 1219 5631 maxima
1240 5612 1256 5637 ,
1288 5575 1342 5625 et
1365 5570 1433 5625 de
1459 5569 1717 5623 diabolica
1744 5567 2037 5622 calliditate
2070 5576 2124 5621 et

546 5676 739 5732 astutia
769 5672 924 5729 nobis
951 5666 1200 5724 omnibus
1235 5663 1632 5718 demonstratur
1660 5674 1873 5729 magna,
1902 5669 1960 5713 et
1998 5673 2123 5728 spes

544 5771 715 5824 venia!
754 5762 1124 5837 peccatoribus
1152 5754 1475 5812 declaratur.
1500 5753 1739 5808 Cernens
1792 5765 2020 5822 namque
2066 5765 2125 5807 se

544 5859 839 5916 monachus
866 5858 942 5912 sic
968 5850 1178 5909 diabolo
1204 5846 1845 5917 dcturpatum,dclusum,
1880 5860 1942 5898 ac
1963 5844 2123 5898 etiam

1699 402 1787 460 DE
1826 398 2191 457 MIHMZULIS
2226 398 2627 459 lllERONYMI.

3694 410 3800 470 520

2220 512 2275 568 in
2305 524 2448 570 tanta
2472 515 2691 572 miseria
2715 517 3058 588 eaptivatum,
3091 518 3332 589 protinus
3374 518 3643 592 sull'ragiis
3683 523 3816 594 gius

2232 610 2513 666 riosissimi
2542 611 2850 684 Hieronymi
2880 613 2986 684 (cui
3007 626 3223 683 semper
3248 611 3476 669 devotus
3500 615 3800 687 exstiterat)

2214 714 2365 756 suam
2418 702 2689 757 miseriam
2719 710 2773 757 et
2819 703 3029 772 culpam
3069 703 3598 761 vehementissimam
3641 718 3801 761 reco-

2213 806 2515 863 gnoscens,
2564 795 2616 847 in
2644 795 2884 864 seipsum
2927 793 3120 861 rediit,
3153 804 3208 851 et
3250 796 3319 850 de
3348 796 3537 852 eadem
3579 807 3801 867 paterna

2215 886 2403 938 exiens
2431 885 2596 939 domo
2616 925 2630 947 ,
2659 885 2805 939 omni
2857 886 3221 941 retardatione
3242 887 3447 956 objecta
3474 925 3490 953 ,
3520 888 3708 958 lugens
3747 898 3801 945 et

2213 974 2404 1029 dolens
2426 1016 2441 1040 ,
2493 976 2562 1031 ad
2606 975 2810 1031 fontem
2845 978 3175 1047 pcenitentiac.
3224 980 3554 1048 properavit.
3591 980 3796 1036 Deinde
3821 1040 3843 1058 ,

2215 1077 2345 1121 vero
2370 1066 2423 1120 in
2451 1080 2552 1120 suo
2596 1068 2925 1123 monasterio
2950 1081 3047 1137 per
3072 1083 3242 1122 annos
3286 1068 3425 1123 duos
3455 1071 3509 1124 in
3560 1079 3705 1125 tanta
3737 1086 3798 1127 se

2216 1158 2550 1212 abstinentia:
2576 1159 2867 1228 asperitate
2884 1158 3076 1213 afﬂixit
3095 1199 3110 1223 ,
3141 1168 3199 1213 ut
3229 1159 3369 1216 foret
3397 1176 3496 1215 cor
3523 1162 3799 1217 hominum

2218 1248 2551 1303 insnfliciens
2576 1249 2834 1318 cogitare,
2864 1258 2920 1304 et
2960 1252 3228 1319 completo
3252 1266 3515 1305 annorum
3566 1252 3798 1307 duorum

2216 1347 2390 1410 spatio
2432 1352 2557 1397 ame
2580 1341 2697 1397 dies
2744 1341 3013 1408 modicos,
3062 1357 3129 1397 ex
3174 1342 3275 1397 hoc
3324 1345 3524 1398 sacculo
3567 1341 3801 1399 feliciter

2213 1430 2524 1501 exspiravit.

2285 1523 2415 1577 CAP.
2463 1520 2605 1576 XXI.
2647 1520 2976 1578 Venerabilis
3034 1522 3242 1577 Damasi
3307 1521 3619 1579 Portuensis
3674 1524 3802 1596 Epi-

2214 1615 2384 1684 scopi,
2406 1613 2577 1684 pridle
2600 1614 2832 1683 receptis
2854 1613 3241 1682 litteris,aliqna
3264 1614 3344 1669 eis
3365 1614 3617 1685 inscripta
3636 1617 3802 1672 corde

2215 1708 2372 1761 avido
2398 1705 2658 1770 intellexi,
2688 1721 2807 1775 quae
2835 1706 2906 1759 ob
2941 1706 3059 1773 ejus
3090 1706 3445 1761 reverentiam
3476 1723 3582 1762 non
3618 1708 3802 1764 dimit-

2218 1808 2345 1853 tam.
2377 1798 2562 1853 Roma:
2602 1797 2899 1853 Cardiualis
2948 1797 3164 1867 quidam
3193 1798 3509 1854 Czelestinus
3561 1802 3799 1869 nomine,

2220 1890 2530 1963 Hieronymi
2578 1892 2793 1961 gloriosi
2838 1890 3065 1945 :emulus
3111 1900 3165 1947 et
3223 1891 3514 1959 detractor,
3544 1893 3670 1948 dum
3714 1895 3803 1951 die

2219 1985 2446 2053 quodam
2476 1985 2527 2038 in
2566 1992 2833 2037 conventu
2872 1983 3108 2037 existens
3131 1982 3492 2038 Cardinalium
3519 1999 3670 2040 more
3708 2001 3802 2041 so-

2218 2078 2332 2141 lito,
2352 2093 2448 2132 ore
2463 2076 2647 2130 audaci
2672 2086 2725 2131 et
2746 2076 3033 2130 temerario
3055 2075 3106 2130 in
3130 2075 3381 2130 eumdem
3405 2075 3614 2146 injuria;
3632 2077 3795 2132 verba

2221 2177 2610 2240 prorumperet,
2640 2166 2827 2222 dolore
2863 2165 3041 2220 subito
3069 2166 3331 2220 viscerum
3376 2167 3703 2235 impellente,
3732 2167 3801 2223 ad

2219 2261 2426 2318 occqu
2456 2270 2660 2315 naturae
2694 2258 2807 2314 loca
2834 2272 3146 2328 properans,
3192 2259 3393 2313 viscera
3432 2260 3609 2315 omnia
3636 2259 3802 2329 proti-

2220 2368 2322 2408 nns
2346 2351 2632 2415 emanavit,
2673 2360 2728 2406 et
2770 2358 3055 2420 antequam
3096 2349 3245 2404 illine
3284 2349 3582 2415 recederet,
3621 2349 3803 2419 exspi-

2222 2448 2377 2503 tavit.

2292 2539 2421 2595 Car.
2469 2537 2635 2593 XXII.
2698 2538 2848 2592 Alius
2901 2551 3115 2607 quoque
3169 2534 3456 2605 presbyter
3507 2533 3802 2588 Cardinalis

2226 2631 2469 2686 Andreas
2516 2630 2731 2683 nomine
2754 2629 2865 2696 (isti
2910 2642 3013 2682 non
3055 2628 3265 2691 similis,
3295 2626 3388 2681 sed
3430 2626 3803 2696 gloriosissimi

2225 2721 2533 2792 Hieronymi
2561 2719 2942 2775 devotissimus
2966 2718 3161 2789 cultor)
3188 2719 3358 2789 pridie
3397 2719 3450 2772 in
3479 2720 3669 2774 eadem
3696 2718 3805 2772 Ro—

2225 2827 2382 2868 mana
2423 2811 2578 2876 urbe,
2628 2810 2811 2865 multis
2838 2796 3310 2865 circumstantibus
3348 2809 3658 2879 exspiravit.
3702 2810 3805 2877 Qui

2224 2920 2344 2960 cum
2372 2904 2481 2972 jam
2512 2903 2564 2957 in
2594 2902 2830 2957 Ecclesia
2860 2910 3005 2957 esset
3036 2900 3232 2971 paratis
3257 2902 3519 2971 exequiis,
3561 2916 3683 2970 qua)
3708 2915 3804 2955 se-

2225 2999 2337 3054 lent
2367 2997 2600 3052 fidelium
2641 2994 2967 3050 tumulandis
3006 2994 3244 3050 exhiberi
3291 2994 3627 3064 corporibus,
3672 2993 3807 3049 assi—

2225 3099 2400 3145 steute
2426 3102 2637 3143 summo
2681 3086 2940 3142 Ponliﬂce
2979 3099 3101 3140 emn
3146 3098 3279 3155 pene
3319 3093 3435 3139 toto
3460 3085 3686 3139 cleroet
3714 3098 3807 3153 pe-

2228 3182 2353 3253 pulo
2396 3182 2778 3245 Romanorum,
2820 3179 2908 3249 qui
2937 3178 3003 3231 sd
3038 3178 3283 3232 eumdem
3315 3177 3583 3232 Andream
3610 3190 3810 3233 conve-

2228 3282 2419 3328 nerant
2462 3271 2828 3327 honorandnm
2873 3286 2888 3323 :
2937 3269 3150 3323 emissis
3180 3267 3467 3322 ululatibus
3520 3277 3578 3322 et
3607 3268 3810 3321 ert-bris

2225 3367 2514 3438 gemitibus
2556 3366 2609 3419 in
2641 3364 2860 3427 feretro,
2904 3361 3117 3417 cunctis
3158 3360 3516 3431 stupentibus.
3547 3368 3607 3414 et
3639 3359 3809 3414 veluti

2228 3458 2530 3512 amentibus
2573 3455 2802 3515 ell'ectis.
2851 3463 3101 3523 tanquam
3142 3453 3185 3506 si
3223 3469 3253 3505 a
3283 3451 3458 3506 somni
3487 3450 3811 3505 dormitione

2228 3551 2570 3611 excitaretur,
2617 3546 2932 3601 mirabiliter
2974 3546 3295 3600 exsurrexit.
3349 3546 3588 3613 Cumque
3628 3558 3658 3596 a
3704 3541 3811 3596 lto-

2230 3657 2389 3696 tnano
2421 3639 2699 3703 Pontiﬁce,
2730 3650 2944 3693 remoto
2962 3638 3030 3691 de
3057 3636 3291 3691 Ecclesia
3325 3635 3511 3704 majori
3542 3634 3685 3689 beati
3710 3635 3812 3689 Pe-

2232 3736 2294 3788 tri
2325 3733 2563 3803 Apostoli
2583 3732 2832 3786 universo
2853 3730 3072 3799 populo,
3093 3729 3398 3797 clausisque
3419 3726 3622 3781 foribus
3645 3726 3812 3781 inter-

2231 3837 2545 3897 rogaretur,
2598 3823 2774 3879 intnlit
2822 3824 2921 3877 ista
2973 3822 3135 3876 verba
3169 3840 3181 3875 :
3215 3820 3351 3874 Dant
3410 3826 3593 3873 starem
3638 3818 3812 3873 diuino

2230 3918 2453 3972 exantini
2494 3915 2834 3986 judicandtts,
2862 3923 2908 3967 et
2938 3914 3053 3983 jam
3099 3929 3189 3981 per
3225 3914 3438 3966 uestiunt
3478 3921 3525 3965 et
3561 3910 3810 3973 ciborum,

2230 4007 2408 4077 quibus
2450 4007 2693 4059 hactenus
2739 4021 2861 4058 usus
2911 4019 3085 4066 mut,
3131 4004 3339 4056 nimiam
3384 4002 3810 4071 superﬂuarum,

2232 4099 2465 4153 tartareis
2488 4096 2795 4151 mciatibus
2820 4100 3201 4157 condemnarer,
3226 4094 3389 4147 subito
3408 4093 3681 4149 adueniens
3701 4092 3814 4161 qni-

2232 4191 2349 4242 dunt
2376 4189 2481 4243 sole
2505 4186 2844 4256 splendidior,
2884 4186 3095 4253 uisoque
3130 4184 3420 4249 camiidior,
3467 4199 3631 4253 quem
3659 4183 3813 4252 fuisse

2230 4280 2509 4352 gloriosum
2549 4276 2941 4346 Hieronymum,
2991 4274 3059 4326 ad
3099 4290 3157 4327 se
3190 4274 3401 4326 invicem
3450 4272 3806 4343 referentibus,

2231 4371 2317 4438 qui
2341 4367 2595 4429 astabant,
2626 4364 2876 4429 intellexi,
2916 4363 3207 4433 prasidenti
3226 4362 3398 4432 judici
3426 4362 3814 4432 ﬂexis-genibus

2231 4462 2457 4515 animam
2483 4473 2646 4511 nteant
2669 4456 2870 4526 corpori
2889 4455 3062 4526 jungi,
3110 4455 3350 4524 porrectis
3391 4454 3623 4523 precibus
3651 4454 3815 4518 impe—

2232 4556 2402 4609 trauit.
2434 4553 2626 4621 Quibus
2651 4553 2812 4622 [initis
2832 4551 3010 4615 verbis,
3040 4552 3093 4604 in
3125 4552 3230 4604 ictu
3255 4548 3393 4604 oculi
3426 4550 3546 4603 inde
3578 4549 3816 4603 recedens

2231 4648 2425 4715 anima,
2458 4647 2533 4701 uti
2560 4646 2778 4712 cernitis,
2810 4644 3012 4714 corpori
3045 4652 3119 4697 est
3151 4644 3438 4711 conjuncta.
3470 4640 3557 4696 Ad
3584 4640 3689 4695 huc
3713 4641 3808 4694 nsi-

2231 4749 2380 4794 ratur
2423 4752 2665 4794 summus
2704 4737 2945 4793 Pontifex
2986 4746 3039 4789 et
3082 4735 3263 4789 exteri
3306 4733 3609 4789 audientes.
3659 4730 3816 4787 Fiunt

2234 4832 2348 4888 lia-c
2378 4840 2505 4887 nota
2532 4830 2731 4902 populo
2778 4839 2926 4883 extra
2966 4827 3247 4883 ecclesiam
3288 4824 3639 4898 exspectanti,
3681 4838 3812 4880 cen-

2232 4925 2417 4981 fractis
2450 4923 2693 4979 ecclesia
2734 4920 2937 4976 foribus
2985 4920 3230 4989 protinus
3272 4918 3557 4974 ecclesiam
3590 4917 3812 4981 intrant,

2230 5035 2417 5074 omnes
2444 5018 2650 5087 magnis
2681 5014 2899 5068 vocibus
2941 5013 3109 5068 Deum
3133 5021 3191 5067 et
3214 5010 3509 5083 gloriosum
3548 5008 3809 5080 Hierony-

2229 5128 2375 5168 mum
2402 5109 2783 5167 collaudantes.

2298 5206 2429 5261 Car.
2461 5201 2650 5258 XXIII.
2692 5199 2849 5255 Ilulta
2894 5213 2993 5254 nos
3028 5199 3224 5255 mentis
3252 5197 3474 5253 afﬂictio
3510 5201 3817 5251 commovet

2228 5308 2284 5355 et
2307 5299 2608 5361 contristat,
2636 5293 2909 5349 intellecto
2934 5292 3076 5364 quod
3102 5288 3482 5363 quamplurimi
3522 5288 3819 5358 Episcopo—

2228 5408 2347 5448 rum
2390 5394 2554 5447 Deum
2584 5398 2640 5444 et
2669 5386 2952 5443 Dominum
2988 5385 3172 5442 Iesum
3212 5384 3485 5439 Christum
3524 5380 3703 5452 (cujus
3732 5379 3815 5434 vi-

2228 5497 2345 5537 cem
2371 5477 2583 5552 gerunt)
2610 5478 2956 5547 abnegantes,
2995 5485 3353 5537 terrenorum,
3395 5487 3626 5543 quorum
3673 5462 3833 5525 Deus

2228 5580 2414 5627 venter
2434 5579 2540 5635 est,
2570 5568 2807 5638 vestigiis
2835 5566 3181 5627 inhaerentes,
3211 5563 3280 5618 de
3307 5561 3587 5631 stipendiis
3619 5574 3819 5631 paupe-

2232 5680 2350 5720 rum
2380 5672 2436 5719 et
2463 5662 2723 5731 sanguine
2744 5660 2871 5716 Jesn
2895 5659 3120 5725 Christi,
3149 5654 3549 5712 delicatissimis
3575 5652 3816 5717 ferculis,

2230 5772 2352 5813 cum
2387 5754 2737 5815 histrionibus
2781 5760 2834 5806 et
2858 5750 3074 5806 eteteris
3116 5747 3390 5811 divitibus,
3430 5759 3583 5799 suam
3613 5742 3819 5797 ventris

2232 5848 2440 5913 replent
2468 5844 2775 5911 ingluviem,
2802 5842 2867 5895 ad
2892 5841 3182 5899 fmaitatem
3205 5836 3429 5891 luxnria:
3450 5833 3817 5889 incitandatn:
