4136 6332
322 417 420 475 32⁷1

332 531 872 596 vestimentorumque
910 525 980 580 de
1025 525 1113 580 die
1153 523 1208 578 in
1253 523 1396 579 diem
1442 523 1898 594 superfluitatibtts

330 622 630 684 abutuntur,
662 617 731 672 de
758 616 1094 686 pauperibus,
1119 632 1345 689 quorum
1369 616 1671 672 mercedem
1694 627 1898 686 raptam

329 725 482 765 manu
526 707 792 762 latrocinii
820 707 1102 768 devorant.
1152 705 1290 762 fame
1332 705 1688 761 morientibus
1714 714 1769 760 et
1805 704 1901 759 fri-

326 816 466 874 gore,
506 814 611 854 noa
638 808 910 854 curantes.
949 797 1012 853 lli
1039 807 1187 853 certe
1215 811 1319 852 non
1361 797 1611 867 Episcopi
1654 797 1750 852 sed
1788 797 1900 852 dia-

326 891 793 958 boli..Episcopns
841 898 1044 954 autem,
1097 893 1194 942 aut
1242 888 1614 944 sanctissimus
1655 897 1757 952 est.
1807 897 1900 943 aut

325 979 578 1037 diabolus.
609 979 781 1049 Magni
810 986 958 1032 certe
993 980 1169 1034 meriti
1209 987 1378 1033 status
1414 979 1764 1050 Episcopulis,
1802 979 1897 1034 sed

272 1059 285 1070 ’
323 1070 539 1142 periculi
569 1069 760 1150 inliniti
787 1086 800 1124 :
826 1069 1154 1124 levissimum
1183 1078 1459 1139 peccaturo
1481 1070 1603 1124 aliis
1633 1071 1898 1140 imputau-

323 1165 465 1228 dum,
520 1162 895 1233 gravissimum
945 1161 1208 1231 EpiseOpo
1260 1163 1572 1231 imputatur.
1621 1162 1898 1216 Pontiﬁcis

323 1258 514 1312 ctenim
540 1255 726 1308 vitium
758 1254 809 1307 in
836 1253 1080 1308 subditos
1108 1253 1423 1308 dili‘undimr
1449 1268 1546 1322 per
1567 1255 1892 1323 exemplum.

325 1345 512 1414 Majora
559 1345 858 1411 recipienti,
908 1344 1045 1398 ratio
1098 1345 1269 1413 major
1309 1345 1522 1398 crescit.
1575 1345 1718 1412 Quot
1754 1344 1894 1399 enim

323 1436 494 1491 ovium
529 1431 726 1488 Christi
767 1433 853 1485 vel
888 1434 1208 1502 negligentia
1254 1436 1499 1504 Epismipi
1534 1436 1619 1489 vel
1649 1436 1897 1505 exemplo

323 1529 374 1583 in
405 1536 616 1596 peccata
664 1524 899 1586 deviant,
929 1524 996 1578 de
1028 1533 1103 1578 tot
1148 1534 1357 1579 tenetur
1401 1525 1628 1580 Domino
1669 1525 1897 1580 reddere

323 1620 594 1672 rationem.
641 1615 755 1672 lien
798 1616 945 1686 quid,
993 1616 1291 1685 Augustine
1342 1616 1643 1680 carissime,
1683 1616 1895 1672 dicam?

321 1713 490 1766 Grave
517 1709 673 1764 nobis
713 1709 853 1762 inest
882 1707 1110 1776 pondus,
1139 1707 1315 1778 gravis
1339 1707 1569 1762 sarcina.
1608 1707 1714 1763 Sed
1739 1708 1890 1763 debi-

322 1803 399 1857 les
421 1817 520 1872 ego
562 1801 762 1856 habens
793 1801 1064 1865 humeros,
1109 1799 1235 1872 quid
1279 1800 1539 1870 portabo?
1581 1800 1717 1858 Sunt
1749 1811 1896 1858 certe

321 1895 575 1965 angustiae
601 1893 730 1948 mihi
758 1892 992 1961 undique
1029 1907 1114 1946 me
1145 1901 1478 1962 torquentes.
1511 1891 1582 1947 At
1609 1892 1736 1947 dum
1775 1908 1898 1962 gra-

322 2003 412 2042 ves
461 1986 588 2042 mibi
632 1993 912 2056 promptos
939 1999 1094 2038 casus
1147 1984 1386 2049 intueor,
1419 1983 1611 2038 timore
1661 1986 1896 2039 maximo

320 2091 686 2136 sucereseente
715 2079 967 2134 continue
997 2077 1208 2148 afﬂigor
1229 2087 1284 2132 et
1309 2079 1620 2133 contristor.
1644 2078 1897 2133 Securius

318 2181 401 2225 est
419 2170 790 2240 EpiscOpalem
809 2179 1006 2224 statum
1030 2167 1216 2239 fugere
1236 2185 1393 2237 quam
1415 2178 1686 2238 appetere.
1713 2169 1897 2224 Laudo

319 2275 463 2318 certe
492 2263 870 2332 Episcopatum
903 2271 1150 2334 tanquam
1191 2259 1501 2313 vicariatum
1551 2259 1756 2314 Domini
1798 2276 1897 2313 no-

320 2355 413 2408 stri
439 2353 566 2408 .lesu
595 2352 816 2414 Christi,
849 2352 942 2407 sed
969 2352 1091 2406 illos
1119 2351 1208 2420 qui
1238 2351 1288 2404 in
1321 2365 1386 2405 eo
1416 2349 1577 2404 vitam
1602 2361 1765 2420 agunt
1801 2351 1900 2404 mi-

313 2445 488 2498 litium
520 2455 880 2508 terrenarum,
935 2444 1025 2512 qui
1075 2442 1256 2498 nmndi
1300 2441 1524 2512 gloriam
1573 2451 1625 2494 et
1676 2456 1899 2512 pompas

316 2546 599 2606 appetunt,
630 2533 1030 2599 uortcollando,
1062 2533 1172 2588 imo
1200 2532 1279 2588 eis
1302 2513 1546 2597 consule,
1569 2541 1629 2586 ut
1647 2531 1901 2602 elfugiant

316 2638 576 2695 lieentum
605 2633 845 2695 possunt.
877 2624 1064 2679 Melius
1083 2632 1231 2678 certe
1259 2622 1450 2678 fuisset
1477 2622 1558 2676 eis
1582 2638 1702 2676 cum
1729 2631 1899 2676 terre-

315 2721 401 2774 nis
428 2719 593 2772 vitam
621 2732 782 2786 agere
809 2724 1165 2779 terrenorum,
1190 2729 1348 2783 quam
1380 2713 1432 2766 in
1463 2713 1745 2782 pontilieali
1787 2713 1900 2767 cul-

318 2811 461 2868 mine
489 2809 597 2864 hoc
636 2816 876 2877 agentes,
911 2807 978 2860 ad
1025 2805 1205 2860 inﬁma
1234 2815 1288 2862 et
1317 2804 1661 2875 profundiore
1706 2804 1897 2860 inferni

320 2902 434 2958 loca
463 2899 738 2965 decidere,
763 2907 922 2953 tanto
951 2913 1061 2967 prie
1097 2898 1314 2953 caeteris
1355 2896 1649 2958 crnciandi,
1700 2905 1900 2966 quanto

325 3008 430 3061 pra:
472 2991 688 3047 caneris
717 2990 869 3060 plura
901 2989 1120 3046 donaria
1161 2997 1498 3058 receperunt.
1537 2989 1900 3059 Intelligeutcs

321 3084 498 3155 itaque
525 3082 914 3153 Episcoporum
959 3080 1218 3150 plurimos
1249 3080 1425 3149 potius
1464 3095 1662 3136 nomen
1710 3095 1899 3151 gerere

323 3189 476 3245 quam
510 3171 826 3237 essentiam,
856 3171 1032 3240 potius
1075 3171 1230 3238 lupos
1275 3183 1497 3240 rapaces
1545 3170 1658 3225 fore
1698 3169 1896 3225 Christi

325 3266 518 3328 ovium,
548 3278 707 3334 quam
735 3271 979 3332 pastores
1009 3279 1024 3316 :
1053 3261 1418 3316 destructores
1433 3261 1600 3331 magis
1617 3275 1735 3316 esse
1755 3261 1900 3317 Citri-

325 3355 390 3410 sti
411 3354 683 3418 Ecclesim,
716 3367 875 3421 quam
903 3359 1162 3418 rectores,
1190 3350 1278 3420 qui
1309 3348 1734 3406 Christianorum
1756 3351 1898 3404 elee~

327 3459 571 3515 mosynas
595 3443 992 3512 deprmdantes,
1037 3441 1336 3496 mercedem
1367 3457 1657 3512 pauperum
1704 3442 1900 3512 lupinis

327 3535 561 3590 faucibus
590 3535 642 3590 in
672 3533 1132 3604 superfluitatibns
1176 3533 1415 3588 ciborum
1455 3541 1511 3587 et
1538 3533 1765 3588 vestium
1802 3533 1900 3586 de-

326 3637 512 3682 vorant
537 3635 590 3681 et
621 3636 962 3688 consumunt,
1003 3625 1144 3695 quod
1173 3624 1462 3680 absurdum
1490 3634 1592 3690 est,
1633 3624 1904 3678 abomina-

329 3718 453 3784 bile,
497 3727 552 3771 et
593 3716 920 3772 deﬂentium.
965 3715 1089 3770 llaec
1135 3716 1334 3770 idcirco
1379 3713 1627 3777 dixerim,
1671 3727 1733 3769 ut
1780 3714 1901 3768 talis

330 3811 644 3866 abominatio
671 3810 878 3865 cunctis
913 3810 1156 3878 gentibus
1198 3809 1515 3874 innotescat,
1567 3817 1830 3877 quatenus
1857 3807 1901 3860 si

332 3899 490 3954 Deum
517 3916 621 3956 non
648 3910 912 3963 metuunt,
941 3899 1182 3954 homines
1207 3909 1474 3960 verentes,
1502 3913 1531 3951 a
1562 3898 1675 3952 suis
1696 3897 1901 3968 aliqua-

332 3990 443 4044 liter
465 3991 948 4046 abominationihus
967 3988 1318 4044 retardentur.
1351 3987 1598 4053 Audiaut,
1627 4001 1829 4056 qua-so,
1848 3985 1903 4040 hi

331 4080 460 4135 tales
483 4080 726 4150 Episc0pi
763 4096 883 4150 quae
913 4079 1173 4134 narranda
1217 4077 1579 4148 praponimus,
1625 4088 1678 4132 et
1715 4076 1902 4130 saltem

330 4171 547 4226 aliorum
571 4171 958 4226 calamitatibus
989 4179 1304 4224 terreantur.

397 4264 523 4318 Car.
555 4261 748 4318 XXIV.
789 4261 845 4317 ιιι
890 4263 1251 4333 superioribus
1294 4259 1510 4332 Egypti
1567 4260 1804 4330 partibus
1851 4260 1903 4315 in

329 4353 539 4411 deserto
574 4354 805 4425 quodam
843 4355 911 4408 ab
943 4355 1242 4408 hominibus
1292 4363 1505 4422 propter
1550 4355 1670 4407 vita:
1697 4354 1904 4408 incom-

333 4449 479 4501 modo
530 4447 878 4513 iultabitabili,
923 4447 1134 4516 quidam
1165 4446 1389 4515 degebat
1431 4445 1724 4503 monachus
1763 4446 1907 4502 Elias

333 4543 543 4596 nomine
570 4542 986 4611 antiquissimus,
1017 4551 1070 4594 et
1109 4555 1312 4609 magnus
1349 4540 1471 4594 vitae
1505 4541 1786 4596 sanctitate
1822 4555 1908 4594 ra-

331 4633 502 4701 dians,
527 4633 698 4704 quiin
726 4634 832 4688 vita
872 4633 1158 4689 beatissimi
1197 4633 1504 4706 Hieronymi
1537 4634 1710 4690 eidem
1752 4636 1906 4691 fami-

333 4723 640 4779 liarissimus
668 4723 820 4780 valde
856 4723 991 4778 fuit:
1022 4740 1178 4794 quem
1225 4724 1366 4781 idem
1413 4726 1750 4782 beatissimus
1778 4728 1906 4784 Ilie-

332 4831 602 4887 rouymus,
633 4817 882 4872 habuisse
910 4816 1199 4886 prophetia:
1225 4817 1491 4886 spiritum,
1523 4819 1722 4887 pluries
1743 4835 1902 4875 enar-

331 4909 481 4964 ravit.
507 4909 606 4965 Hic
629 4909 720 4965 die
738 4909 966 4980 quodam
1005 4909 1086 4978 (ut
1113 4910 1290 4977 plures
1325 4909 1454 4964 mihi
1491 4911 1910 4969 testificabantur

332 4999 572 5054 monachi
612 4999 720 5054 vita
754 4999 1082 5056 venerabiles
1111 5000 1319 5069 fideque
1362 5001 1526 5071 digni,
1553 5001 1642 5070 qui
1670 5017 1729 5058 se
1753 5003 1904 5060 dixe-

331 5100 452 5145 runt
474 5091 588 5146 haec
613 5090 683 5146 ab
707 5091 948 5161 ejusdem
977 5092 1146 5148 sancti
1171 5092 1271 5146 viri
1295 5107 1390 5147 ore
1413 5093 1682 5150 multoties
1711 5110 1907 5164 perau-

330 5183 492 5254 disse)
509 5185 685 5241 solitis
710 5185 1019 5241 incumbens
1042 5185 1394 5248 orationibus.
1418 5200 1610 5242 somno
1631 5188 1908 5257 repentino

332 5275 644 5332 adveniente
668 5275 1050 5346 aliquantulum
1069 5277 1392 5333 obdormivit
1433 5296 1448 5334 :
1490 5279 1560 5334 Et
1579 5294 1705 5336 ecce
1731 5281 1784 5334 in
1821 5281 1905 5337 vi-

331 5363 500 5431 sione,
525 5382 632 5437 quo
655 5365 870 5438 quidem
903 5365 1064 5422 modo
1091 5367 1364 5422 multoties
1389 5368 1528 5425 Deus
1549 5371 1904 5441 omnipotens,

329 5457 548 5527 grandia
572 5467 628 5515 et
649 5457 852 5514 occulta
891 5459 1002 5514 suis
1025 5457 1267 5513 fidelibus
1293 5471 1496 5516 reserat
1531 5471 1860 5520 sacramenta
1889 5483 1904 5520 :

333 5549 384 5604 iu
412 5550 638 5622 quodam
680 5550 876 5620 palatio
912 5550 1061 5606 mira:
1097 5550 1501 5620 pulchritudinis
1529 5565 1584 5609 et
1609 5555 1906 5624 iuel'l‘abilis,

333 5653 440 5696 eta
484 5643 796 5698 mortalibus
846 5657 1110 5712 nunquam
1163 5646 1312 5709 vitae,
1357 5653 1414 5697 ut
1458 5644 1560 5701 sibi
1607 5647 1904 5719 videbatur,

317 5744 464 5789 erat.
512 5733 752 5806 Cumque
793 5749 888 5804 per
935 5733 1118 5790 horam
1169 5749 1262 5803 per
1305 5734 1555 5803 palatium
1603 5738 1752 5806 illud,
1801 5739 1905 5796 huc

311 5825 558 5898 illucque
592 5825 864 5899 gradiens,
905 5825 1019 5895 ejus
1063 5824 1414 5880 admiraretur
1461 5827 1904 5897 pulchritudinem

1481 412 1579 467 DE
1619 412 1988 468 MMACULIS
2031 411 2412 472 ΙΠἙΠΟΝΥΜῚ

3475 435 3582 492 Si,

2010 526 2400 596 vehementem,
2448 530 2577 585 vidit
2616 531 2878 601 quoddam
2928 543 3217 610 mpm-ari
3269 543 3496 603 tribunal
3548 565 3577 602 a

2005 617 2318 684 quibusdam
2363 622 2540 675 nimia:
2591 625 2992 692 pulchritudinis
3029 633 3348 703 juvenibus,
3401 643 3584 703 stratis

2007 707 2288 776 tapetibus,
2316 720 2372 766 et
2397 714 2640 769 vestibus
2669 731 2819 779 auro.
2848 728 2900 773 et
2923 726 3168 792 gemmis,
3198 742 3263 782 ac
3298 732 3460 787 multa
3491 749 3582 787 ar-

2009 798 2150 854 tificii
2177 804 2430 856 varietate
2453 803 2744 872 decoratis,
2772 809 3184 884 circumquaque
3205 820 3405 887 pariete
3429 823 3581 877 invo-

2006 891 2136 946 luto.
2180 893 2234 946 In
2279 911 2383 964 quo
2434 898 2791 967 postmodum,
2837 917 2929 958 rex
2967 907 3180 975 quidam
3225 915 3487 971 maximus
3526 926 3586 973 et

2004 981 2264 1051 decorus,
2304 987 2456 1055 cujus
2488 1001 2740 1057 aspectus
2787 1002 2947 1050 tanta:
2999 1007 3118 1054 erat
3155 1003 3463 1072 suavitatis,
3523 1017 3587 1062 ut

2005 1075 2077 1128 nil
2115 1075 2274 1131 vellet
2307 1079 2448 1133 aliud
2487 1081 2607 1150 quis
2649 1082 2872 1152 habere,
2926 1102 3114 1158 magna
3159 1093 3418 1162 virorum,
3467 1100 3584 1155 sole

2003 1167 2354 1231 lucidiornm,
2411 1172 2694 1229 comitatus
2751 1177 3010 1234 societate
3062 1182 3315 1250 veniens,
3379 1201 3439 1243 se
3488 1204 3581 1257 po-

2003 1259 2106 1311 suit
2137 1267 2195 1313 ut
2212 1259 2410 1327 judicia
2439 1275 2737 1321 exercent.
2768 1267 2912 1322 Inter
2933 1269 3046 1324 hac
3067 1271 3348 1340 cujusdam
3383 1279 3582 1346 anima,

2001 1365 2161 1420 quem
2211 1353 2374 1408 fuisse
2432 1356 2826 1414 Auconitanum
2874 1363 3156 1430 praesulem
3209 1367 3276 1423 ab
3317 1369 3586 1440 aliquibus

2003 1443 2197 1500 ibidem
2231 1446 2650 1505 consistentibus
2707 1453 3046 1521 postmodum
3097 1455 3383 1525 intellexit,
3426 1477 3455 1514 a
3487 1479 3586 1518 ne-

1997 1553 2158 1606 quam
2201 1540 2498 1607 spiritibus,
2540 1545 2768 1609 cateuls,
2816 1544 3086 1616 igneisque
3124 1550 3353 1605 vinculis
3380 1553 3585 1621 vincta,

2002 1629 2169 1684 instar
2199 1629 2428 1685 fornacis
2450 1633 2692 1688 ﬂammas
2719 1650 3008 1705 erumpens
3026 1639 3364 1708 sulphureas,
3389 1642 3585 1712 depor-

2003 1732 2110 1777 tata
2137 1722 2400 1789 maiestati
2431 1724 2590 1792 regiae
2620 1735 2992 1793 praisentatur.
3022 1728 3151 1794 Quae
3182 1731 3486 1803 priusquam
3517 1735 3586 1792 dc

1997 1813 2178 1883 aliquo
2207 1816 2642 1884 interrogaretur,
2671 1818 2834 1884 erepit
2861 1818 2992 1873 diris
3022 1819 3241 1875 vocibus
3267 1837 3326 1876 se
3352 1824 3587 1878 inferna-

2003 1904 2141 1959 libus
2161 1905 2528 1961 uiausiooibus
2550 1907 2911 1976 dignissimam
2933 1911 3226 1967 acclamare
3250 1929 3265 1967 :
3290 1915 3426 1968 hanc
3450 1914 3588 1970 inter

2000 2008 2225 2053 czeteras
2253 2000 2480 2054 maxime
2509 2001 2784 2069 assignans
2818 2003 3158 2070 principalem
3185 2019 3422 2065 causam.
3453 2023 3586 2076 quo-

2003 2086 2142 2140 niam
2175 2088 2326 2141 vauis
2362 2088 2545 2142 mundi
2597 2092 2805 2160 pompis
2835 2092 3089 2152 intentus.
3130 2093 3180 2147 in
3218 2096 3496 2155 conviviis.
3529 2105 3586 2152 et

2003 2177 2260 2242 vestibus,
2291 2189 2348 2234 et
2375 2179 2674 2248 Itujnsmodi
2705 2182 2944 2236 stultitiis
2969 2183 3352 2240 delectabatur.
3381 2187 3586 2254 Quibus

2004 2268 2185 2330 l‘mitis,
2235 2269 2337 2324 lata
2373 2285 2469 2339 per
2499 2270 2734 2348 judicem
2773 2275 3058 2337 sententia,
3098 2287 3154 2328 ιιι
3196 2279 3364 2344 ιιωιιίς
3413 2279 3577 2332 infer.

1999 2359 2214 2413 nalibus
2267 2359 2587 2423 traderetur,
2641 2361 2813 2418 donec
2859 2365 3069 2434 corpori
3110 2365 3314 2434 juncta,
3346 2368 3586 2436 duplices

2005 2467 2191 2520 poenas
2227 2453 2278 2506 in
2323 2462 2636 2523 perpetuum
2681 2457 3014 2512 sustineret:
3044 2475 3168 2514 mox
3210 2461 3352 2516 illam
3401 2477 3586 2516 secum

2004 2543 2183 2599 ferens
2208 2545 2384 2598 omnis
2413 2545 2500 2600 illa
2532 2560 2759 2615 nequam
2789 2549 3068 2616 spirituum
3099 2551 3274 2618 turba,
3305 2552 3428 2609 inde
3452 2553 3585 2610 diris

2003 2633 2327 2688 clamoribus
2352 2635 2589 2690 recessit.
2623 2636 2822 2690 Deinde
2847 2639 3066 2693 alterius
3089 2641 3363 2708 cujusdam
3387 2646 3586 2710 anima,

2004 2739 2162 2792 quam
2203 2724 2366 2781 fuisse
2395 2727 2680 2782 Theodosii
2723 2733 3009 2798 senatoris,
3051 2732 3229 2789 fratris
3267 2738 3586 2794 venerabilis

2005 2815 2214 2872 Damasi
2257 2819 2493 2886 praedicti
2534 2820 2780 2891 Episcopi
2821 2821 3132 2880 Portuensis
3157 2827 3402 2884 similiter
3431 2829 3588 2885 intel~
3626 2890 3628 2892 τ

2004 2905 2154 2971 lexit,
2183 2917 2310 2964 ante
2337 2911 2669 2979 maiestatem
2698 2913 2922 2982 regiam,
2945 2915 3419 2973 circumstantibus
3443 2920 3588 2976 mul-

2005 2996 2072 3051 tis
2096 3011 2323 3066 nequam
2357 2999 2651 3069 spiritibus,
2689 3017 2810 3058 eum
2838 3006 3156 3073 gravissime
3184 3011 3584 3078 accusantibus,

2005 3098 2377 3157 praesentatur.
2405 3090 2651 3162 Cumque
2679 3109 2708 3147 a
2738 3095 2963 3151 diabolis
2994 3099 3044 3152 iu
3073 3100 3287 3170 longum
3313 3105 3588 3160 accusatio

2005 3181 2328 3245 traheretur,
2359 3192 2414 3238 et
2439 3184 2711 3254 nullusex
2747 3185 2974 3242 adverso
3011 3189 3184 3260 aliqua
3214 3192 3586 3262 responderet,

2003 3273 2084 3328 vir
2107 3273 2323 3344 quidam
2363 3276 2562 3345 septies
2596 3276 2712 3333 sole
2754 3279 3106 3349 splendidior,
3135 3292 3192 3337 et
3220 3292 3277 3338 ut
3303 3285 3404 3342 sibi
3443 3287 3589 3343 vide-

2003 3364 2160 3418 batur
2189 3380 2326 3433 pene
2365 3366 2577 3422 ca-teris
2620 3369 2916 3424 asutntibus
2948 3371 3293 3441 eminentior,
3339 3376 3406 3431 ad
3445 3381 3586 3448 regis

2004 3455 2199 3512 sedens
2223 3457 2501 3512 dexteram
2545 3459 2596 3512 iu
2641 3460 2884 3528 pedibus,
2913 3477 2973 3517 se
2997 3465 3186 3518 erexit.
3227 3466 3344 3532 Quo
3369 3469 3584 3540 quidem

2004 3557 2278 3617 surgente,
2310 3549 2580 3604 silentium
2611 3565 2706 3605 rex
2735 3566 2894 3608 manu
2935 3556 3148 3623 propria
3177 3571 3206 3610 ιι
3237 3561 3444 3615 cunctis
3473 3561 3587 3616 ﬁeri

2005 3639 2305 3708 imperavit.
2339 3640 2492 3695 Tunc
2515 3642 2604 3711 qui
2633 3651 2872 3706 steterat,
2905 3647 3154 3700 omnibus
3191 3663 3467 3718 opponens
3493 3667 3587 3706 ac-

2004 3729 2338 3792 cusantibus,
2366 3728 2506 3784 hunc
2533 3745 2687 3785 suum
2730 3729 2894 3788 fuisse
2937 3733 3301 3792 fidelissimum
3336 3747 3390 3794 et
3426 3739 3591 3795 devo-

2008 3828 2138 3882 tum,
2169 3819 2296 3873 etei
2343 3821 2941 3877 continueexltihnisse
2983 3828 3335 3882 reverentiam
3379 3832 3586 3898 Specia-

2008 3910 2133 3973 lem,
2156 3909 2358 3965 eisdem
2388 3927 2512 3968 mox
2535 3912 2783 3982 loquendi
2810 3914 3089 3969 audaciam
3127 3915 3346 3972 abstulit
3371 3930 3426 3974 et
3451 3922 3590 3975 taci-

2010 4003 2262 4058 turnitate
2303 4005 2638 4072 prtenotavit.
2692 4005 3043 4061 Postmodnm
3095 4024 3225 4064 vero
3276 4011 3322 4066 is
3366 4011 3591 4070 ﬂectens

2007 4103 2132 4149 ante
2173 4109 2352 4165 regem
2393 4109 2582 4164 genua,
2630 4095 2758 4152 huic
2796 4112 2896 4152 suo
2942 4097 3254 4156 fidelissimo
3281 4103 3487 4158 veniam
3534 4116 3592 4161 et

2008 4197 2266 4242 aeternam
2291 4188 2553 4256 requiem,
2591 4188 2745 4242 solita
2774 4188 2970 4259 pietate
2994 4202 3048 4246 et
3077 4191 3441 4249 misericordia
3467 4196 3588 4251 inli-

2011 4278 2119 4349 nita
2149 4277 2588 4341 clementissime,
2613 4281 2680 4332 ita
2706 4290 2882 4334 tamen
2909 4281 3050 4351 quod
3077 4297 3172 4349 pro
3199 4285 3504 4341 commissis
3535 4287 3587 4342 iu

2011 4370 2210 4424 nnindo
2239 4369 2467 4440 flagitiis,
2521 4371 2571 4425 in
2605 4371 2920 4442 Purgatorio
2951 4384 3282 4442 purgaretnr,
3321 4378 3433 4430 suis
3465 4392 3589 4446 pre-

2009 4464 2182 4528 cibus,
2214 4472 2269 4516 ut
2299 4463 2486 4526 vomit,
2513 4473 2594 4519 est
2620 4463 2867 4533 adeptus.
2911 4465 3059 4520 Tunc
3086 4467 3261 4520 omnis
3288 4467 3373 4522 illa
3407 4469 3592 4524 nefan-

2009 4557 2200 4612 dormn
2226 4556 2506 4626 spirituum
2531 4556 2814 4614 multitudo
2831 4571 3051 4627 gemens
3075 4567 3129 4613 et
3151 4558 3382 4624 ululans,
3410 4560 3478 4614 de
3500 4561 3592 4614 illo

2014 4649 2133 4704 loco
2181 4647 2426 4717 protinus
2471 4662 2532 4703 se
2586 4647 2834 4702 removit.
2884 4645 3168 4702 Intervallo
3218 4658 3398 4704 autem
3452 4649 3592 4706 facto

2014 4737 2158 4791 borze
2203 4737 2378 4799 unius,
2427 4736 2638 4806 juvenis
2685 4737 2900 4806 quidam
2946 4737 3341 4808 pulcherrimus
3375 4744 3590 4798 concito

2011 4826 2201 4898 gradu,
2228 4842 2325 4896 per
2353 4827 2608 4896 palatium
2636 4827 2875 4890 veniens,
2919 4828 2986 4882 ad
3031 4827 3277 4896 hancque
3305 4831 3589 4896 accedens,

2012 4920 2102 4990 qui
2131 4927 2238 4974 tam
2277 4920 2519 4975 eminens
2543 4927 2598 4972 et
2625 4920 2912 4986 prmclarus
2949 4919 3001 4974 in
3041 4921 3299 5001 auxilium
3337 4937 3592 4978 exsurre-

2013 5021 2164 5068 xerat
2189 5011 2478 5068 Theodosii
2505 5012 2790 5076 senatoris,
2827 5028 2888 5069 se
2927 5012 3040 5069 fore
3067 5014 3203 5070 dixit
3237 5031 3266 5070 a
3307 5015 3468 5074 Petro
3498 5033 3592 5087 pa-

2013 5103 2160 5158 tritio
2189 5101 2553 5157 Romanorum
2595 5102 2712 5172 ejus
2737 5102 3083 5160 devotissimo
3111 5105 3333 5162 missum
3362 5122 3380 5163 :
3404 5101 3592 5178 quate.

2015 5210 2116 5250 nus
2142 5194 2382 5263 ejusdem
2423 5209 2609 5263 preces
2632 5195 2944 5261 exaudiens,
2981 5196 3082 5252 sibi
3114 5197 3402 5268 impetrare
3429 5213 3457 5252 a
3489 5200 3591 5254 flo-

2015 5287 2162 5342 mino
2191 5287 2358 5341 filium
2389 5286 2720 5357 dignaretur.
2763 5287 2841 5342 Ad
2874 5288 2988 5344 lucc
3014 5304 3106 5344 rex
3142 5307 3155 5343 :
3185 5289 3355 5355 Quod,
3388 5289 3591 5362 inquit,

2013 5398 2046 5436 α
2070 5381 2178 5449 ﬁlio
2203 5396 2313 5434 nico
2348 5379 2656 5450 Hieronymo
2698 5379 2879 5434 Petrus
2909 5381 3154 5446 postulat,
3189 5391 3324 5436 certe
3350 5382 3459 5448 ﬁat.
3497 5381 3623 5466 llis;

2015 5474 2264 5530 omnibus
2283 5474 2358 5530 sic
2382 5473 2565 5539 finitis,
2591 5488 2621 5527 a
2650 5488 2842 5527 somno
2869 5474 2958 5528 illo
2987 5489 3109 5527 mox
3138 5473 3280 5526 Elias
3303 5473 3593 5528 monachus
3618 5467 3623 5480 ’
3653 5479 3676 5530 -ἑ

2014 5567 2296 5632 excitatur,
2332 5564 2514 5620 laudes
2555 5564 2846 5618 immensas
2892 5564 3001 5618 Deo
3043 5563 3274 5618 reddens
3316 5571 3372 5617 et
3408 5562 3594 5617 lliero.

2016 5672 2178 5729 nymo
2197 5655 2452 5723 glorioso.
2483 5654 2581 5723 Qui
2611 5654 2752 5710 diem
2781 5655 2950 5713 illum.
2981 5655 3031 5708 in
3072 5669 3178 5722 quo
3206 5661 3310 5707 tam
3351 5654 3592 5712 miranda

2016 5747 2242 5811 viderat,
2276 5755 2600 5815 prmuotaus.
2631 5745 2820 5800 eodem
2849 5755 3030 5814 postea
3061 5744 3322 5799 intellexit
3349 5743 3437 5797 die
3470 5745 3586 5814 Epi-

2018 5853 2236 5909 scopum
2279 5837 2689 5904 Anconitanum,
2720 5848 2774 5891 et
2801 5835 3162 5892 Theodosium
3201 5845 3501 5892 senatorem
3530 5855 3590 5894 ex
