4136 6332
295 363 397 427 δ25

296 475 498 534 cunctis
547 453 914 540 cernentibus,
955 456 1158 544 corpus
1206 459 1572 528 beatissimum
1616 472 1666 526 in
1699 471 1878 528 medio

301 572 484 634 iovem,
515 578 767 639 tauquam
800 568 853 622 in
880 581 1004 622 aere
1030 565 1220 620 anulla
1251 574 1400 636 parte
1427 573 1622 618 terram
1654 574 1878 634 tangens

296 659 640 736 permanebat
666 660 952 727 integrum,
984 671 1084 712 nec
1119 653 1462 725 corruptione
1501 654 1676 724 aliqua
1707 654 1876 708 viola-

298 762 424 807 tum.
454 751 608 818 Quod
639 750 761 806 inde
781 750 1072 812 elevantes,
1098 762 1221 802 cum
1249 746 1416 801 odore
1445 755 1552 800 tam
1583 744 1871 799 vehemen-

297 844 496 898 tissimo
522 851 578 898 et
603 842 776 915 suavi,
808 839 949 911 quod
979 839 1136 894 talem
1167 837 1395 893 olfactus
1421 836 1698 892 hominum
1741 852 1879 890 nuu-

298 950 448 1006 quam
507 933 699 998 sensit,
747 925 1132 988 collocavimus
1187 931 1239 983 in
1287 929 1479 994 altari,
1531 936 1794 998 quatenus
1840 923 1874 981 ξι

295 1025 485 1096 populo
515 1024 758 1096 reliquiae
781 1022 1132 1079 sanctissimae
1161 1021 1489 1099 viderentur.
1521 1014 1662 1099 Quot
1696 1029 1873 1073 autem

295 1115 383 1170 illo
414 1115 520 1182 die,
555 1131 642 1171 me
681 1115 1000 1184 cunctisque
1041 1113 1130 1184 qui
1181 1097 1409 1192 aderant
1446 1097 1732 1175 stantibus,
1767 1111 1877 1166 sint

295 1217 510 1278 peracta
557 1207 814 1264 miracula
855 1204 1112 1277 gloriosa,
1141 1205 1408 1283 explicare
1458 1219 1520 1258 ea
1568 1203 1876 1258 nullatenus

293 1313 507 1370 compos
530 1313 728 1355 essem.
764 1298 903 1374 Caeci
929 1296 1162 1352 sedecim
1191 1297 1306 1352 illas
1327 1296 1578 1372 reliquias
1599 1304 1876 1364 tangentes

293 1375 442 1458 facie,
475 1391 649 1445 visum
677 1390 923 1459 protinus
948 1387 1286 1458 receperunt.
1319 1387 1450 1443 Tres
1473 1387 1740 1457 prmcipue
1765 1385 1873 1440 da:-

291 1482 512 1537 moniaci
543 1482 748 1537 catenis
776 1481 961 1546 vincti,
1006 1480 1058 1534 in
1093 1479 1235 1533 illam
1275 1479 1572 1535 Ecclesiam
1615 1477 1875 1547 plurimo-

291 1588 402 1627 rum
430 1571 705 1627 hominum
738 1553 988 1626 manibus
1014 1553 1302 1639 deportati,
1331 1577 1455 1623 sunt
1477 1569 1720 1637 protinus
1739 1551 1876 1622 iibe-

290 1665 408 1718 rati.
436 1653 676 1719 Mulieris
704 1663 984 1733 cujusdam
1011 1661 1183 1716 vidua:
1224 1662 1565 1732 pauperculae
1596 1659 1870 1732 puerulus,

290 1756 404 1826 ejus
433 1756 624 1811 unicus
677 1754 838 1824 ﬁlius,
889 1757 942 1810 in
984 1755 1278 1810 Ecclesiam
1330 1753 1426 1808 fuit
1471 1769 1581 1824 pra:
1634 1752 1873 1823 gentium

270 1837 626 1914 multitudine
664 1847 978 1904 sutl‘ocatus.
1029 1831 1200 1916 Quem
1243 1856 1414 1924 mater
1445 1845 1742 1924 inveniens,
1774 1843 1873 1898 do-

289 1940 401 1996 lens
428 1941 721 2011 etlugens,
756 1955 881 1994 mox
929 1939 982 1993 in
1016 1940 1155 1993 ulnis
1186 1922 1392 2009 pueruli
1421 1937 1651 1992 cadaver
1690 1922 1756 1990 ad
1797 1934 1876 1990 lo-

287 2027 460 2098 veam,
522 2033 574 2087 iu
627 2047 732 2102 qua
785 2020 1050 2101 sepultqu
1107 2029 1280 2083 fuerat
1330 2043 1525 2098 corpus
1563 2019 1875 2096 Hieronymi

286 2108 507 2192 gloriosi
538 2109 811 2186 deferens,
843 2136 963 2176 eum
1005 2121 1058 2174 in
1107 2121 1310 2175 foveam
1346 2119 1597 2190 projecit,
1641 2117 1757 2172 hmc
1797 2116 1880 2171 di-

285 2227 414 2268 cens
439 2213 600 2270 verba
635 2231 650 2269 :
685 2213 876 2269 Sancte
905 2203 1212 2283 Hieronyme
1239 2209 1475 2282 gloriose,
1506 2211 1623 2264 hinc
1661 2226 1762 2264 non
1791 2227 1876 2265 re-

284 2305 481 2370 c‘edam,
507 2305 668 2359 donec
694 2303 928 2360 restituas
956 2292 1080 2358 milii
1106 2305 1314 2357 unicum
1344 2320 1507 2356 meum
1541 2291 1702 2371 [ilium
1729 2318 1877 2370 quem

285 2396 457 2449 amisi.
487 2395 743 2451 Mirabilis
783 2405 932 2450 certe
972 2386 1113 2449 Deus
1157 2395 1209 2448 in
1250 2393 1464 2448 Sanctis
1503 2381 1634 2458 suis,
1678 2392 1878 2447 faciens

283 2485 525 2558 prodigia
556 2489 792 2542 insueta.
838 2486 1029 2540 Statim
1074 2495 1130 2538 ut
1173 2494 1368 2540 terram
1411 2483 1631 2540 extincti
1673 2485 1878 2556 pueruli

281 2575 483 2649 Corpus
531 2571 730 2648 tetigit,
768 2571 944 2631 eidem
982 2568 1162 2632 anima
1190 2586 1273 2630 est
1300 2576 1606 2645 conjuncta.
1650 2567 1875 2645 Quidam

281 2675 359 2729 vir
391 2688 599 2744 corpus
644 2672 924 2743 cujusdam
965 2672 1046 2726 sui
1093 2671 1185 2725 lilii
1228 2670 1296 2725 de
1339 2672 1633 2741 sepultura,
1676 2673 1728 2727 in
1771 2689 1876 2742 qua

279 2779 374 2835 per
411 2764 650 2819 triduum
679 2763 923 2828 steterat,
943 2769 1243 2817 extractum
1268 2775 1389 2815 mox
1411 2762 1476 2816 ad
1500 2761 1706 2817 foveam
1731 2763 1873 2817 illam

281 2839 511 2922 detulit,
545 2865 601 2909 et
632 2853 761 2909 illud
789 2853 842 2908 in
873 2852 1081 2908 foveam
1121 2852 1201 2907 'sic
1243 2851 1487 2922 proiecit.
1527 2853 1628 2920 Qui
1662 2849 1878 2924 juvenis

285 2943 382 2998 fuit
428 2945 575 2999 illico
637 2944 760 2998 vita:
820 2943 1057 3014 pristinae
1108 2943 1406 2999 restitutus.
1459 2935 1875 3000 Innumerabilia

1629 392 1633 396 ι
1724 334 2059 415 EPISTOLA
2101 356 2142 413 l.

3461 353 3567 410 826

1984 486 2120 541 pene
2146 477 2269 525 sunt
2298 467 2575 537 miracula,
2606 484 2726 540 quae
2754 473 2964 539 peracta
2999 465 3123 526 sunt
3152 473 3180 524 a
3209 481 3364 526 mane
3392 485 3562 539 uSque

1983 563 2048 618 ad
2081 577 2333 632 vcsperas
2363 579 2376 616 :
2411 577 2518 632 quo
2561 560 2776 632 quidem
2824 560 3065 632 tempore
3093 545 3385 632 gloriosum
3437 560 3559 614 llic-

1983 657 2192 729 rouymi
2216 670 2412 725 corpus
2437 653 2792 724 dissepultum
2824 653 2875 707 in
2907 654 3059 708 altari
3088 655 3290 709 exstitit
3329 654 3566 710 colloca-

1985 756 2116 801 tum.
2164 747 2268 803 Sed
2322 758 2498 801 tamen
2543 745 2610 799 ad
2671 743 2975 814 hujusmodi
3028 745 3280 800 miracula
3339 745 3569 800 ulterius

1982 853 2089 892 non
2124 835 2409 908 procedam
2442 854 2454 890 :
2491 853 2652 892 unum
2697 834 2837 907 quod
2879 845 3035 890 nocte
3063 837 3308 906 sequenti
3349 836 3569 905 accidit,

1984 945 2089 984 non
2116 929 2305 984 silebo.
2877 1003 2882 1008 .

2051 1020 2178 1076 CAP.
2211 1021 2426 1076 XXVII.
2459 1021 2514 1075 lu
2552 1021 2680 1075 hora
2722 1020 2985 1091 siquidem
3030 1019 3340 1091 vespertina
3373 1035 3570 1090 corpus

1982 1112 2112 1167 illud
2143 1113 2564 1168 sacratissimum
2608 1113 2660 1188 in
2689 1125 3038 1170 monumento
3067 1099 3207 1182 quod
3238 1114 3568 1186 prmparavi-

1983 1219 2120 1270 Inus,
2173 1204 2474 1276 posuimus.
2523 1203 2629 1260 Sed
2677 1220 2834 1261 mane
2887 1213 3294 1281 monumentum
3339 1219 3568 1259 vacuum

1980 1295 2079 1351 fuit
2118 1297 2417 1363 inventum,
2463 1305 2518 1350 et
2566 1310 2761 1365 corpus
2800 1296 3197 1351 sanctissimum
3247 1295 3416 1350 foveae
3457 1295 3568 1365 pri-

1980 1389 2136 1444 stina:
2183 1389 2485 1460 invenimus
2531 1388 2857 1443 restitutum.
2905 1387 3058 1454 Quod
3100 1387 3227 1442 dum
3265 1403 3364 1456 ego
3406 1383 3573 1456 piur'to

1979 1495 2126 1534 mum
2173 1479 2491 1546 admirarer,
2549 1488 2708 1535 nocte
2759 1479 3027 1550 sequenti,
3079 1468 3210 1534 mihi
3257 1477 3570 1546 dormienti,

1980 1571 2171 1628 beatus
2197 1573 2556 1645 Hieronymus
2583 1587 2849 1642 apparens
2873 1573 2926 1627 in
2957 1573 3164 1628 visione
3191 1572 3414 1643 plurima
3438 1569 3573 1626 mihi

1979 1666 2202 1738 grandia
2233 1663 2503 1734 patefecit.
2545 1661 2652 1720 Sed
2681 1663 2824 1719 inter
2849 1664 3066 1728 caetera,
3097 1646 3219 1718 talia
3250 1662 3377 1718 mihi
3406 1661 3571 1716 verba

1979 1757 2114 1813 dixit
2143 1775 2156 1812 :
2189 1757 2423 1822 Noveris,
2458 1755 2674 1832 Cyrille,
2725 1755 2863 1826 quod
2900 1772 3084 1826 corpus
3129 1771 3293 1810 meum
3337 1747 3401 1810 de
3427 1750 3573 1827 fovea

1981 1849 2033 1904 in
2063 1867 2164 1920 qua
2195 1851 2358 1920 jacet,
2387 1847 2702 1923 nullatenus
2748 1847 3068 1912 extrahetur,
3106 1864 3368 1918 quousque
3395 1838 3570 1901 ciuitas

1979 1941 2262 1996 Jerusalem
2293 1942 2355 1995 ab
2384 1941 2672 2011 inﬁdelibus
2703 1940 2950 2010 capietur.
2981 1939 3092 2004 Quo
3117 1938 3320 2008 quidem
3346 1947 3574 2008 tempore

1984 2036 2200 2090 Romam
2228 2035 2471 2101 delatum,
2503 2034 2685 2088 ibidem
2711 2017 2868 2087 multo
2912 2040 3134 2105 tempore
3160 2025 3450 2103 requiescet.
3489 2021 3574 2085 Ad

1983 2126 2099 2181 haec
2129 2127 2558 2196 expergefactus,
2597 2142 2718 2193 quae
2744 2125 3010 2191 videram,
3041 2125 3254 2178 cunctis
3293 2116 3572 2194 Episcoriis

1983 2227 2038 2273 et
2081 2219 2200 2270 aliis
2243 2218 2371 2272 viris
2408 2214 2701 2272 Catholicis
2733 2217 3003 2270 enarravi.
3047 2208 3210 2282 Quid,
3259 2222 3315 2268 et
3359 2213 3574 2285 quando

1985 2308 2100 2364 haec
2129 2309 2396 2382 evenient,
2427 2309 2583 2362 aliter
2611 2307 2715 2361 non
2751 2320 3006 2382 agnosco.
3036 2295 3094 2361 Si
3133 2304 3259 2376 quid
3305 2305 3454 2370 utile,
3482 2311 3577 2358 aut

1986 2399 2180 2455 bonum
2219 2400 2273 2453 in
2303 2399 2401 2454 hac
2432 2399 2666 2470 Epistola
2697 2398 2825 2464 dixi,
2859 2413 2963 2453 non
2994 2398 3146 2463 meis,
3175 2387 3270 2451 sed
3296 2397 3574 2468 gloriosis-

1984 2493 2106 2547 simi
2147 2492 2459 2564 Hieronymi
2501 2491 2706 2547 meritis
2748 2492 3054 2562 imputetur.
3086 2489 3142 2547 Si
3170 2491 3296 2562 quid
3324 2505 3451 2545 vero
3481 2505 3575 2545 su-

1985 2584 2268 2655 perﬂuum,
2298 2585 2486 2640 inutile
2505 2592 2559 2638 ct
2581 2600 2686 2638 non
2719 2583 2938 2649 bonum,
2963 2583 3137 2638 solum
3167 2598 3300 2638 meae
3327 2583 3580 2651 insipien-

1987 2679 2074 2732 tia:
2130 2687 2183 2732 et
2213 2676 2550 2747 negligentia:
2584 2690 2743 2730 causa
2785 2674 2885 2730 hoc
2912 2663 3191 2739 accidisse,
3231 2674 3299 2729 ab
3328 2675 3577 2729 omnibus

1980 2768 2270 2839 judicetur.
2305 2767 2424 2828 Mei,
2462 2766 2758 2837 Augustine
2799 2753 3100 2833 Carissime,
3144 2765 3196 2820 in
3244 2765 3348 2820 tuis
3374 2760 3580 2821 oratio-

1985 2860 2142 2915 nibus
2168 2873 2372 2916 memor
2397 2868 2538 2914 esto.

2253 3070 2377 3078 —_
2399 3070 2703 3079 -——.—-———.
2720 3071 2919 3079 "—-

2253 3070 2377 3078 __
2399 3071 2624 3123 -—_!—-—
2635 3070 2703 3124 Ξ
2720 3071 2919 3079 ——_._—
3352 3067 3558 3127 ἒ

1339 3215 1342 3220 ’
1437 3317 1440 3320 ,
1557 3179 2214 3329 SANCTI

349 3449 1593 3810 EUSEBII
1717 3455 3520 3694 HIERONYMI

591 3826 1986 3970 srmnomms’rs
2062 3838 3248 3968 PRESBYTER!
3557 3939 3579 4033 ἦ

1286 4059 2566 4228 EPISTOLfE

305 4294 738 4372 SECUNDUM
782 4299 1152 4374 ORDINEM
1181 4305 1632 4380 TEMPORUM
1677 4304 1786 4380 ΑῙ)
1818 4288 2174 4384 AMUSSlM
2201 4303 2572 4384 DIGESTJE
2600 4309 2706 4382 ET
2734 4301 2818 4382 1N
2845 4303 3227 4395 QUA’TUOR
3254 4318 3591 4388 massas

1220 4464 1228 4471 .
1665 4419 2192 4486 DISTRIBUTJE.

1918 4552 2242 4590 ὓς...-

1435 4704 1437 4706 ·
1518 4669 1873 4752 PRIMA
1921 4667 2396 4755 CLASSIS.

309 4842 768 4899 COMPLECTENS
813 4846 1146 4897 EPISTOLAS
1192 4851 1570 4898 POTISSIMUM
1605 4855 1642 4896 Ε
1671 4852 1952 4898 CALCIDIS
1978 4854 2196 4899 saeuo
2225 4847 2518 4900 scatens
2553 4843 2634 4901 AB
2675 4843 2845 4902 Auito
2879 4847 3130 4904 cnntsn
3173 4835 3292 4906 370
3325 4859 3410 4906 an
3450 4833 3594 4905 380.

859 4976 1185 5034 EPISTOLA
1227 4975 1243 5029 l
1285 4976 1380 5048 (a).

351 5110 424 5149 sn
461 5108 823 5150 Inuoceu'rtuu
852 5091 927 5165 (b)
956 5108 1024 5148 ne
1063 5108 1299 5148 IULIERB
1337 5106 1552 5147 saeuus
1589 5106 1867 5147 PERCUSSA.

1191 4551 1913 4593 -'-———————=$

2033 4561 2242 4567 μή
2651 4561 2745 4576 ,,,

2089 4981 2318 5036 ciendam
2337 4984 2914 5040 veritatem'crttciantur.
2939 4985 3038 5040 Hic
3052 4988 3319 5057 impatiens
3335 4990 3604 5059 conﬁtetur

2081 5073 2219 5140 quod
2247 5089 2347 5128 non
2376 5072 2672 5143 admiserat,
2718 5077 2822 5132 ista
2865 5087 3156 5132 constanter
3201 5092 3412 5150 negans,
3459 5081 3604 5136 nulla

2085 5165 2134 5217 vi
2176 5165 2245 5218 ad
2271 5168 2640 5238 confessionem
2668 5183 2771 5222 non
2818 5170 3029 5225 admissi
3069 5170 3272 5226 sceleris
3299 5170 3487 5226 adduci
3511 5188 3606 5242 po-

2086 5264 2197 5309 test.
2223 5254 2439 5311 Ducitur
2460 5266 2664 5328 uterque
2682 5257 2751 5312 ad
2767 5259 3096 5331 supplicium.
3119 5267 3167 5316 et
3179 5262 3383 5332 juvenis
3402 5258 3605 5333 quidem

2089 5349 2369 5424 occiditur,
2399 5341 2581 5404 mulier
2623 5365 2740 5405 vero
2777 5351 2964 5420 swpius
3002 5352 3105 5405 icta
3133 5354 3265 5407 mori
3290 5369 3391 5407 non
3420 5362 3601 5421 potest.

2090 5427 2309 5494 Demum
2351 5457 2466 5494 cum
2505 5441 2757 5494 videretur
2800 5456 2969 5496 necem
2998 5441 3323 5506 occubuisse,
3351 5442 3607 5496 sublatum

2091 5531 2305 5584 cadaver
2328 5531 2521 5598 revivit,
2552 5542 2597 5586 et
2626 5547 2742 5585 cum
2761 5530 2927 5586 denuo
2954 5532 3023 5585 ad
3044 5532 3351 5604 supplicium
3381 5532 3608 5593 require-

2089 5633 2245 5687 retur,
2266 5621 2519 5694 Euagrius
2543 5622 2590 5677 ei
2615 5619 2679 5677 ab
2697 5621 3018 5694 lmperatore
3037 5624 3233 5676 veniam
3253 5624 3358 5676 suis
3375 5623 3605 5693 precibus

319 5202 678 5276 Hieronymus
723 5203 1012 5259 Innocentii
1060 5204 1289 5274 precibus
1341 5204 1601 5258 historiam
1644 5204 1912 5276 cujusdam

389 5284 634 5349 miraculi
676 5295 1016 5367 refert;‘quod
1050 5290 1289 5350 Vercellis
1317 5295 1370 5348 in
1399 5290 1608 5365 Liguria
1645 5311 1737 5348 sua
1765 5290 1913 5350 relate

389 5386 675 5442 acciderat.
720 5386 967 5452 Quaedam
1009 5387 1193 5441 mulier
1213 5403 1244 5440 a
1269 5389 1376 5441 uiro
1407 5387 1646 5442 adulterii
1672 5388 1804 5459 falso
1834 5404 1920 5441 ac-

393 5484 604 5542 cusata,
647 5485 797 5547 atque
840 5492 944 5530 una
972 5477 1170 5531 delatus
1195 5479 1398 5548 juvenis
1441 5479 1700 5534 tormentis
1728 5479 1795 5532 ad
1820 5478 1920 5533 eli-

383 5587 464 5711 ξας
503 5586 634 5659 {lius
652 5581 728 5636 49.
755 5590 944 5652 Scripta
966 5588 1092 5662 circ.
1112 5590 1191 5638 an.
1217 5579 1348 5662 57η..
1393 5651 1403 5662 .
1561 5617 1567 5624 ο

409 5648 441 5697 b
491 5647 681 5711 Vitiose
703 5651 887 5700 habent
917 5656 1211 5700 vetustiores
1235 5651 1350 5700 edlll
1374 5649 1484 5700 libri
1509 5650 1567 5699 ad

409 5647 460 5704 bl
491 5647 681 5698 Vitiose
703 5647 887 5700 habent
917 5655 1211 5700 vetustiores
1235 5651 1350 5700 editi
1374 5649 1484 5700 libri
1509 5650 1568 5699 ad
1597 5654 1918 5704 Innocentium

317 5709 548 5782 pupum,
570 5709 950 5782 altuseniruest
974 5712 1283 5782 Innocentius
1304 5712 1416 5782 iste,
1435 5713 1519 5775 qui
1545 5711 1837 5782 llieronymo
1858 5729 1917 5766 se
2089 5714 2343 5782 impetrat.

320 5773 566 5838 conligam
583 5773 743 5838 jurrxit
762 5774 811 5838 in
820 5774 1032 5838 Syriam,
1051 5773 1217 5838 ibique
1238 5773 1436 5838 biennio
1454 5773 1564 5838 post
1579 5773 1796 5826 mortuus
1819 5784 1914 5827 est.

318 5831 440 5885 Vid.
465 5825 628 5897 Epis't.
653 5835 702 5883 3.
730 5848 779 5882 η.
803 5825 980 5884 5.'uot.
1006 5825 1053 5894 ἁ,
1080 5825 1419 5884 ad'Rumaum.
1455 5825 1470 5838 ³
1692 5825 1700 5826 “
1764 5825 1768 5826 ⁷
1829 5825 1842 5827 “
1875 5825 1910 5899 ξ’
2090 5827 2244 5899 5;.1Ὶ)θ
2324 5831 2367 5900 ι
2444 5843 2472 5883 a
2494 5825 2888 5896 mc,lunoccnti
2915 5827 3210 5892 carissime,
3232 5830 3532 5898 postulasti,
3551 5832 3608 5890 ut

699 5915 754 5976 S.
806 5917 1173 5984 Hrenosrm
1227 5919 1276 5981 Ι.
1615 5981 1620 5990 ,
1855 5931 1872 5937 ’

3082 5917 3328 6000 (Οηχιι.)
