4136 6332
529 395 628 455 551

531 512 597 565 ad
625 509 701 583 (τι)
728 505 940 576 Evagrii
983 503 1154 559 nostri
1200 514 1394 559 nomen
1434 496 1768 552 advenimus.
1797 491 1960 563 Cujus
2005 503 2105 560 ego

534 617 632 672 pro
658 599 871 654 Christo
896 596 1157 659 laborem,
1187 594 1229 648 si
1252 592 1483 647 arbitrer
1505 605 1534 641 a
1563 601 1648 643 me
1675 584 1779 641 dici
1803 597 1983 654 posse,
2007 595 2113 642 non

532 691 776 761 sapiam;
806 688 851 744 si
894 688 1109 758 penitus
1151 692 1330 739 tacere
1372 680 1556 745 velim,
1585 691 1718 732 voce
1765 676 1818 730 in
1864 673 2114 745 gaudium

531 790 874 853 erumpente,
902 794 1009 835 non
1037 777 1260 849 possim.
1286 775 1417 842 Quis
1456 772 1600 829 enim
1628 768 1800 825 valeat
1840 767 2002 838 digno
2025 778 2114 820 ca-

533 890 665 930 nere
688 871 979 943 prmconio,
1012 866 1333 926 Auxentium
1359 864 1431 936 (b)
1447 860 1727 927 Mediolani
1750 858 2112 921 incubantem,

530 966 696 1037 hujus
725 962 968 1020 excubiis
1002 959 1273 1032 sepultum
1304 972 1440 1028 pene
1463 964 1590 1010 ante
1617 966 1776 1023 quam
1803 946 2117 1004 mortuum?

534 1057 835 1113 Romanum
855 1053 1182 1124 Episcopum
1207 1045 1534 1120 (Damasum)
1559 1044 1668 1115 jam
1686 1055 1824 1114 pene
1844 1039 1913 1111 (c)
1943 1038 2118 1094 factio-

533 1149 619 1205 nis
646 1147 852 1219 laqueis
882 1145 1149 1201 irretitum
1177 1151 1232 1198 et
1274 1139 1471 1195 vicisse
1508 1134 1870 1199 adversaries,
1913 1140 1969 1186 et
2010 1144 2118 1185 non

535 1240 783 1297 nocuisse
815 1236 1124 1308 superatis?
1163 1232 1348 1289 Verum
1389 1232 1497 1286 lucc
1536 1229 1646 1300 ipse
1672 1226 1900 1297 equidem
1941 1223 2119 1293 spatiis

435 1374 444 1395 .
531 1333 768 1388 exclusus
818 1329 1025 1400 iniquis.
1068 1327 1346 1389 Praetereo,
1377 1331 1527 1390 atque
1571 1318 1687 1374 aliis
1755 1319 1817 1390 Β
1887 1325 1999 1386 post
2041 1329 2121 1369 me

532 1423 862 1481 memoranda
881 1422 1110 1492 relinquo
1138 1416 1398 1491 (Georgic.
1428 1415 1518 1470 lib.
1548 1411 1575 1467 1
1591 1411 1680 1481 V).
1706 1410 2120 1465 Praisentistan-

534 1527 646 1570 tum
663 1514 740 1570 rei
770 1513 874 1569 line
898 1519 1180 1568 Contentus
1205 1524 1347 1563 sum.
1368 1506 1754 1575 Imperatorem
1773 1502 1793 1572 (
1811 1499 2118 1555 Valentinia-

536 1611 688 1678 num)
714 1604 782 1661 de
807 1602 1065 1660 industria
1092 1600 1222 1665 adit,
1250 1597 1497 1669 precibus
1518 1595 1718 1664 fatigat,
1750 1592 1943 1647 merito
1968 1589 2115 1654 lenit,
2220 1622 2227 1626 -

534 1694 897 1753 sollicitudine
924 1701 1304 1766 promeretur;
1332 1699 1384 1745 ut
1409 1687 1669 1746 redditam
1701 1685 1840 1753 vitae,
1871 1681 2122 1739 redderet

532 1786 783 1845 libertati.
1102 1826 1109 1831 .

1025 1892 1355 1953 EPISTOLA
1395 1892 1439 1948 ιι
1476 1891 1582 1963 (d).

638 2045 705 2087 an
742 2042 1079 2086 Tnsonosmu
1119 2044 1186 2083 ετ
1223 2039 1475 2083 caunos
1512 2033 1899 2079 asscnons'ras
1925 2018 2019 2091 (e).

540 2166 908 2233 Theodosium,
949 2181 1009 2218 ac
1037 2172 1242 2219 ueteres
1278 2161 1371 2217 sub
1409 2176 1466 2215 eo
1495 2156 1840 2213 Anachoretas
1876 2163 2041 2225 rogat,
2071 2159 2125 2207 ut

608 2262 713 2315 suis
754 2258 986 2331 precibus
1012 2273 1046 2311 a
1082 2254 1189 2311 Deo
1217 2255 1505 2322 impetrent,
1550 2261 1605 2305 ut
1649 2250 1883 2304 abdicato
1928 2246 2124 2317 penitus

610 2352 836 2419 Simulo,
867 2350 1031 2407 uisere
1057 2349 1109 2403 in
1138 2345 1352 2403 Deserto
1378 2345 1528 2411 uelit,
1553 2361 1614 2398 ac
1641 2344 1815 2414 possit.

610 2487 783 2556 Quam
809 2482 1006 2540 vellem
1050 2496 1192 2537 nunc
1223 2489 1402 2536 vestro
1430 2479 1690 2533 interesse
1717 2472 1999 2529 conventni
2030 2489 2043 2526 :
2070 2478 2126 2527 et

541 2576 912 2635 admirandum
940 2573 1289 2636 consortium,
1317 2570 1444 2625 licet
1468 2569 1554 2623 isti
1581 2566 1721 2624 oculi
1750 2582 1854 2621 non
1880 2577 2127 2620 mereat:-

542 2680 629 2738 tur
654 2667 919 2741 aspicere,
966 2674 1077 2720 tota
1123 2678 1243 2723 cum
1288 2659 1617 2717 exultatione
1660 2658 1965 2728 complecti.
1993 2656 2125 2726 Spe-

539 2774 744 2820 ctarem
789 2761 1061 2823 desertum
1105 2757 1252 2813 omni
1298 2752 1562 2810 amantius
1610 2752 1843 2807 civitate.
1881 2750 2124 2805 Viderem

540 2855 779 2912 desolata
808 2852 877 2907 ab
913 2850 1112 2907 accolis
1152 2849 1293 2910 loca,
1323 2844 1473 2916 quasi
1502 2842 1569 2898 ad
1599 2841 1866 2913 quoddam
1894 2837 2127 2911 paradisi

539 2949 732 3014 instar,
757 2946 1077 3003 Sanctorum
1104 2938 1332 2996 ctetibns
1356 2935 1612 2993 obsideri.
1645 2932 1847 2990 Verum
1876 2933 2000 3004 quia
2024 2931 2129 2988 hoc

541 3054 665 3096 mea
690 3040 865 3094 iccere
892 3035 1107 3101 delicta,
1128 3048 1194 3087 ne
1218 3030 1491 3087 consortio
1519 3029 1797 3083 beatorum
1828 3027 1896 3097 (f)
1918 3023 2127 3079 insere-

543 3144 693 3189 retur
716 3131 999 3187 obsessum
1024 3126 1170 3182 omni
1199 3123 1422 3180 crimine
1451 3129 1610 3192 caput
1634 3138 1647 3175 :
1677 3118 1878 3175 idcirco
1904 3115 2128 3171 obsecro

544 3226 692 3298 (quia
720 3237 816 3278 vos
836 3223 1126 3292 impetrare
1146 3232 1303 3289 posse
1325 3230 1427 3271 non
1447 3212 1677 3284 ambigo)
1703 3220 1762 3266 ut
1784 3225 1872 3265 me
1891 3225 1957 3267 ex
1975 3208 2127 3264 istius

546 3317 786 3374 tenebris
813 3314 996 3371 smculi
1038 3321 1220 3367 vestro
1251 3308 1491 3363 liberetis
1519 3316 1695 3361 oratu.
1727 3302 1796 3359 Et
1826 3302 1901 3374 (g)
1924 3310 1981 3355 ut
2002 3310 2128 3356 ante

545 3407 787 3464 dixeram
816 3416 1074 3476 prtesens,
1102 3410 1158 3457 et
1188 3414 1331 3454 nunc
1348 3412 1445 3470 per
1468 3397 1670 3452 litteras
1686 3404 1867 3449 votum
1893 3391 2129 3447 indicare

547 3514 659 3553 non
685 3509 864 3562 cesso,
887 3492 1027 3565 quod
1053 3505 1205 3548 mens
1232 3505 1349 3546 mea
1376 3487 1525 3545 omni
1552 3488 1618 3542 ad
1647 3486 1698 3542 id
1725 3484 1958 3540 studium
1982 3482 2131 3553 cupi-

548 3591 717 3645 ditate
747 3586 1003 3656 rapiatur.
1029 3583 1181 3638 Nunc
1205 3589 1439 3637 vestrum
1467 3586 1569 3643 est,
1601 3587 1657 3632 ut
1685 3576 2010 3631 voluntatem
2041 3587 2129 3628 se-

545 3691 738 3754 quatur
751 3679 993 3736 cﬂ'ectus.
1009 3677 1184 3733 Meum
1203 3684 1304 3738 est,
1324 3673 1402 3748 (It)
1424 3683 1481 3729 ut
1497 3672 1676 3739 velim,
1698 3669 2128 3725 obsecrationum

549 3784 848 3831 vestrarum
898 3778 1001 3835 est,
1049 3778 1108 3823 ut
1137 3767 1333 3833 velim,
1364 3774 1419 3820 et
1461 3762 1683 3836 possim.
1726 3761 1839 3832 Ego
1865 3761 1934 3814 ita
1963 3773 2078 3814 sum
2110 3799 2128 3827 ,

547 3866 971 3939 quasiacuncto
1015 3875 1176 3932 grege
1231 3855 1473 3913 morbida
1516 3853 1775 3909 oberrans
1803 3852 1939 3908 ovis.
1978 3850 2132 3919 Quod

549 3957 652 4014 nisi
679 3971 767 4012 me
810 3954 983 4010 bonus
1011 3951 1201 4008 Pastor
1230 3948 1296 4003 ad
1325 3961 1421 4002 sua
1451 3945 1657 4001 stabula
1699 3943 1935 4000 humeris
1964 3944 2135 4014 impo-

553 4052 718 4107 situm
747 4045 1035 4119 reportarit
1063 4042 1215 4115 (Luc.
1264 4041 1391 4110 l5),
1428 4038 1683 4095 lababunt
1708 4051 1959 4109 gressus,
1984 4044 2039 4091 et
2079 4036 2133 4090 in

553 4146 676 4215 ipso
702 4141 985 4197 conamine
1024 4135 1120 4212 [aL
1156 4131 1453 4207 certamine]
1480 4132 1694 4204 vestigia
1725 4132 2007 4187 concident
2044 4145 2132 4186 as-

557 4234 847 4307 surgentis.
880 4233 991 4303 Ego
1028 4244 1146 4286 sum
1192 4228 1284 4284 ille
1328 4226 1583 4298 prodigus
1621 4225 1783 4292 ﬁlius,
1829 4225 1916 4294 qni
1944 4226 2088 4282 omni
2116 4265 2133 4292 ,

558 4343 720 4402 quam
764 4327 893 4384 mihi
923 4332 1074 4396 pater
1109 4320 1429 4390 crediderat,
1458 4320 1701 4391 portione
1737 4317 1974 4389 profusa,
2007 4334 2134 4375 nec-

627 4505 693 4573 (a)
720 4503 800 4557 De
821 4503 915 4554 hoc
933 4501 1145 4614 Evagrnio
1161 4495 1515 4560 vid.Epi.stolas
1528 4493 1586 4543 ad
1604 4492 1847 4565 Chromat.
1872 4498 1923 4541 et
1944 4492 2002 4541 ad
2023 4492 2139 4541 Buf-

554 4569 721 4630 iiumn.
746 4567 1009 4630 Presbyter
1109 4561 1369 4613 tiochenus
1390 4564 1512 4617 erat,
1542 4560 1709 4619 postea
1729 4554 1950 4616 eumdem
1970 4554 2139 4606 Eccle-

708 4603 721 4617 ο
748 4592 1002 4617 τῐυδυπῠι
1031 4592 1369 4614 ηυιιυνυῡυυσ
1390 4592 1512 4617 νισι,
1542 4592 1709 4617 ιινννννι
1731 4592 1950 4616 νδ-ι-ν-σ
1970 4592 2065 4604 ...νυ

558 4632 642 4692 aias
654 4626 927 4692 ΔΕιιὶειιδοιιιιὲ
948 4626 1119 4676 factus.

628 4674 895 4756 ἰϋῙῖᾸιῐέἐέ
910 4674 1496 4756 δεείὶἰειέίοιαηίξρθηεῖε
1515 4676 1859 4756 Martiae-.991
1872 4674 2139 4756 Ῑὲςιέοιέεξιη

558 4738 692 4801 hanc:
720 4750 899 4799 laudat.
934 4747 1089 4798 Porro
1124 4738 1422 4795 Auxentium
1443 4743 1674 4793 Aristium
1700 4738 1946 4801 horninem
1971 4738 2138 4790 factio-

558 4800 800 4867 sissimum
817 4807 1078 4859 Mediolani
1100 4808 1388 4870 Episcopum
1408 4802 1651 4870 damnavit
1666 4800 1876 4870 llontana
1900 4800 2137 4870 Syuqdus,

560 4861 615 4923 et
636 4872 863 4929 deposuit
882 4883 1007 4919 anno
1028 4861 1401 4929 569.'Evagrius
1421 4866 1472 4929 in
1495 4876 1602 4929 eam
1640 4863 1832 4911 labores
1864 4861 1980 4910 suos
2009 4861 2139 4929 fqrte

559 4922 852 4989 contulerat,
874 4943 1024 4994 quem
1044 4943 1159 4994 mox
1176 4922 1326 4994 etia'm
1348 4927 1511 4979 laudat
1530 4924 1867 4994 Hieronymus,
1893 4923 2022 4986 quod
2044 4922 2142 4973 Daw-

559 4996 681 5057 masi
701 4985 868 5057 partes
887 4985 1053 5057 contra
1076 4991 1354 5057 Ursicinum
1372 4994 1555 5057 tutatus
1575 4985 1656 5057 sit.

623 5053 689 5130 (c)
704 5044 963 5105 'Nimirum
984 5052 1166 5112 Ursini,
1188 5052 1295 5123 sive.
1316 5048 1539 5122 lirsiqini.
1553 5047 1635 5116 qui
1661 5056 1786 5094 anno
1804 5044 1914 5092 367.
1933 5044 2143 5095 Novem-

558 5117 665 5167 bris
685 5117 763 5167 15.
787 5114 888 5177 die,
915 5115 1228 5177 Imperatoris
1261 5112 1490 5177 edictum
1513 5105 1715 5177 Galliam
1749 5105 2005 5177 relegatus
2034 5116 2138 5169 est,

561 5119 665 5167 bris
678 5119 763 5167 ⁷15.
787 5119 888 5173 die,
916 5119 1228 5177 Imperatoris
1261 5119 1420 5161 edicto
1440 5121 1490 5156 tn
1513 5119 1715 5157 tramam
1749 5119 2005 5166 relegatus
2034 5119 2138 5169 est,

561 5186 618 5239 ut
641 5177 776 5239 mula
796 5175 995 5239 unquis
1008 5171 1207 5239 populos
1229 5169 1465 5239 contentio
1480 5167 1693 5239 nefanda
1713 5165 1978 5228 colliderct,
2001 5177 2054 5220 ut
2076 5182 2141 5219 ex

562 5236 781 5289 narcell.
806 5247 860 5288 et.
877 5233 1092 5287 Faustin'.
1114 5233 1311 5285 Prtefat.
1336 5236 1541 5281 constat.

621 5300 702 5353 id)
737 5298 863 5350 Alias
884 5299 964 5349 38.
986 5296 1165 5353 scripta
1186 5308 1267 5345 ait.
1293 5293 1407 5342 374.

629 5350 698 5426 (ei
727 5358 885 5411 Vetus
910 5358 1026 5410 Cod.
1065 5350 1118 5408 S.
1149 5355 1318 5426 (trucis
1342 5356 1390 5404 in
1413 5350 1623 5426 ἴΙιξιηιεὲλ.
1647 5350 1869 5426 de_Urbe
1889 5350 2144 5426 additur}.

559 5412 813 5476 ινξίτεὶοω.
838 5425 1200 5472 commorantes.
1223 5417 1317 5467 Hic
1350 5424 1513 5466 autem
1556 5412 1875 5476 Theodosius
1900 5412 2039 5462 idem
2056 5415 2144 5466 ille

562 5474 931 5543 esseﬁa'editur,
954 5482 1092 5545 cuius
1115 5480 1360 5545 historiam
1392 5477 1674 5545 conscripsit
1710 5474 2050 5545 'l‘beodoretus
2079 5477 2144 5545 de

564 5536 1084 5605 YitisrPatruniicép.
1132 5543 1210 5592 ιθ.
1253 5536 1601 5605 Monasterium
1651 5538 1968 5587 constituerat
2017 5536 2144 5599 apud

556 5603 799 5659 Rbossum
823 5608 875 5657 in
894 5603 1058 5659 Cilicia
1081 5604 1139 5655 ad
1163 5603 1309 5653 maris
1329 5614 1479 5651 oram.
1684 5658 1687 5659 ν
1979 5656 1990 5659 _
2133 5606 2137 5611 ’

632 5656 853 5735 (“idem
864 5656 1145 5735 inferretur,
1152 5663 1243 5735 alii
1251 5663 1383 5735 ‘editi
1401 5662 1657 5714 inseratur.
1670 5658 1958 5720 lmpressam
1979 5656 2146 5707 lectio-

561 5725 686 5794 neiii'
701 5725 1192 5794 probat_Verone_t_tSis
1212 5725 1356 5794 liber.

645 5788 715 5904 ιι·
734 5788 1301 5904 ἶιέἳὲξῗιιᾌῖξξῖῗὲἓιῗ
1311 5789 1650 5904 ﬁliiﬁlii;

734 5841 990 5925 Memnon
1013 5852 1133 5903 satis
1154 5852 1285 5901 bene
1311 5854 1360 5897 ut
1383 5841 1510 5910 quod
1544 5841 1703 5904 velim,
1731 5848 1824 5890 ctc.

1828 376 1908 431 SA
1918 374 2070 432 NCTI
2112 361 2486 437 lllERONYMl

2216 488 2343 542 dum
2373 502 2459 541 me
2497 485 2564 540 ad
2592 485 2852 556 genitoris
2877 500 3046 557 genua
3088 482 3310 541 submisi
3338 496 3354 536 :
3385 481 3619 538 necdum
3663 484 3803 554 ccepi

2216 578 2412 649 prioris
2435 593 2466 632 a
2496 593 2582 633 me
2612 578 2837 633 luxuria:
2869 577 3231 632 blandimenta
3260 573 3551 645 depellere.
3584 572 3653 628 Et
3677 575 3805 645 quia

2216 670 2494 740 paululum
2522 685 2631 726 non
2661 681 2767 725 tam
2809 670 2978 726 desivi
3018 685 3055 724 ιι
3088 669 3255 733 vitiis,
3296 683 3455 738 quam
3499 668 3637 738 οωρί
3667 669 3807 725 velle

2214 760 2489 829 desinere,
2520 776 2663 817 nunc
2682 776 2776 817 me
2799 762 2952 818 novis
2976 761 3221 817 diabolus
3250 759 3378 831 ligat
3402 760 3640 816 retibus:
3664 776 3808 817 nunc

2218 870 2358 910 nova
2409 855 2792 926 impedimenta
2870 856 2929 927 θ
2999 868 3344 925 proponens,
3390 854 3557 907 maria
3582 852 3808 924 undique

2216 946 2533 1014 circumdat,
2560 954 2605 998 et
2627 946 2847 1016 undique
2872 954 3082 1016 pontum
3111 941 3349 1014 (Eneid.
3381 944 3470 1000 lib.
3510 942 3580 1014 V)
3614 962 3627 998 :
3663 958 3808 998 nunc

2218 1037 2272 1092 in
2307 1037 2485 1094 medio
2511 1038 2836 1093 constitutus
2859 1036 3151 1103 elemento,
3180 1050 3281 1093 nec
3302 1035 3511 1107 regredi
3551 1037 3614 1107 (ἱ)
3655 1038 3800 1102 volo,

2218 1145 2320 1185 nec
2345 1128 2594 1200 progredi
2621 1145 2864 1201 possum.
2887 1127 3145 1199 Superest
3168 1136 3223 1182 ut
3246 1137 3400 1183 oratu
3420 1138 3599 1184 vestro
3622 1126 3807 1183 Sancti

2217 1219 2450 1290 Spiritus
2468 1235 2600 1274 aura
2627 1235 2716 1275 me
2744 1218 3028 1291 provehat,
3057 1227 3113 1276 et
3135 1218 3203 1275 ad
3229 1226 3445 1291 portum
3466 1219 3632 1291 optati
3665 1219 3809 1275 litto-

2221 1314 2296 1369 ris
2334 1324 2706 1386 prosequatur.

2744 1447 3079 1505 EPISTOLA
3119 1447 3184 1503 ιιι
3217 1446 3310 1522 υ).

2608 1577 2677 1618 λι)
2700 1577 2970 1617 nurrnvou
3001 1572 3289 1636 uonscnou
3321 1554 3417 1634 (It).

2223 1674 2482 1747 Ruﬁnum
2510 1658 2905 1745 Aquileiensem,
2937 1689 3086 1745 quem
3113 1672 3167 1727 in
3190 1670 3478 1743 Egyptian
3504 1674 3811 1730 concessisse

2293 1769 2546 1835 audierat,
2574 1767 2778 1834 videre,
2825 1775 2873 1821 et
2911 1765 3105 1835 alloqui
3132 1766 3445 1821 relieitteuter
3468 1775 3632 1835 optat,
3663 1783 3809 1827 eunt,-

2293 1878 2390 1932 que
2417 1861 2481 1915 de
2507 1876 2601 1914 suo
2630 1870 2788 1925 statu,
2811 1860 2971 1929 deque
2995 1857 3183 1913 Bonosi
3210 1856 3400 1913 sodalis
3424 1858 3696 1925 carissimi,
3724 1859 3811 1929 qui

2293 1954 2348 2008 in
2394 1953 2617 2007 insulam
2644 1949 2917 2022 quamdam
2962 1950 3265 2020 pmnitentia:
3294 1949 3611 2021 peragenda
3654 1966 3814 2009 suum

2293 2051 2583 2109 secesserat,
2613 2042 2877 2096 certiorem
2900 2040 3089 2095 reddit.
3116 2039 3344 2111 Denique
3367 2048 3422 2094 ut
3447 2039 3501 2095 in
3530 2047 3704 2094 mutua
3723 2056 3813 2094 ctr-

2293 2139 2444 2194 ritale
2467 2144 2767 2208 perseveret,
2795 2136 3114 2206 deprecatur.

2297 2274 2350 2328 l.
2372 2270 2497 2327 Plus
2519 2270 2687 2326 Deum
2705 2267 2937 2325 tribuere
2950 2280 3109 2338 quam
3127 2277 3360 2341 rogatur,
3378 2274 3434 2324 et
3447 2282 3510 2325 ea
3530 2282 3673 2338 smpe
3691 2279 3814 2324 cott-

2224 2364 2438 2430 cedere,
2468 2377 2586 2434 quae
2609 2376 2708 2417 nec
2735 2361 2923 2417 oculus
2952 2360 3116 2427 vidit,
3148 2374 3249 2415 nec
3273 2360 3419 2416 auris
3446 2359 3676 2425 audivit,
3710 2373 3812 2415 nec

2225 2458 2277 2513 in
2307 2472 2403 2512 cor
2428 2455 2663 2510 hominis
2705 2452 3062 2509 ascenderunt
3102 2450 3181 2523 (l.
3213 2448 3332 2506 Cor.
3359 2450 3437 2521 2),
3476 2450 3597 2506 licet
3625 2464 3691 2505 ex
3720 2464 3811 2504 sao

2224 2561 2437 2603 crurum
2468 2544 2529 2618 (Ι)
2555 2544 2814 2617 mysterio
2833 2543 3157 2597 voluminum
3181 2548 3303 2596 ante
3322 2540 3696 2611 cognoverim;
3729 2548 3812 2593 tao

2228 2648 2352 2694 'men
2395 2637 2447 2691 iu
2492 2650 2652 2691 causa
2697 2635 2911 2705 propria
2949 2646 3088 2687 ntmc
3119 2630 3370 2702 probavi,
3400 2630 3614 2685 nulline
3640 2629 3811 2686 caris-

2226 2728 2379 2781 sime.
2412 2726 2522 2796 Ego
2542 2724 2686 2779 enim
2722 2722 2814 2794 (m)
2836 2722 2923 2793 qui
2953 2720 3172 2776 audacia
3203 2720 3334 2775 satis
3358 2729 3475 2774 vota
3502 2718 3810 2786 credebam,

2226 2817 2272 2871 si
2304 2814 2668 2870 vicissitudine
2703 2814 3000 2868 litterarum
3030 2810 3312 2881 imaginem
3339 2809 3494 2864 nobis
3514 2810 3815 2879 praesentia:

2228 2907 2597 2971 mentiremur,
2622 2904 2780 2959 audio
2809 2911 2861 2958 te
2883 2902 3097 2975 Egypti
3124 2910 3327 2959 secreta
3357 2909 3669 2972 penetrare,
3702 2900 3815 2957 llo-

2229 2998 2521 3055 nacltorum
2547 2997 2777 3052 invisere
2806 2994 3022 3059 choros,
3055 3003 3109 3049 et
3139 2994 3412 3049 cmlestem
3441 2993 3496 3048 in
3517 2991 3679 3048 terris
3701 2992 3815 3048 cir-

2227 3088 2433 3145 cumire
2478 3087 2752 3142 familiam.
2797 3083 2844 3140 0
2885 3086 2929 3138 si
2980 3099 3121 3138 nunc
3168 3083 3298 3141 mihi
3352 3082 3609 3139 Dominus
3656 3082 3815 3139 Jesus

2226 3181 2511 3245 Christus,
2542 3176 2624 3233 vel
2670 3175 2901 3245 Philippi
2944 3173 3010 3229 ad
3057 3172 3374 3229 Eunuchum
3423 3172 3557 3246 (Act.
3598 3172 3695 3245 2),
3726 3173 3813 3228 vel

2229 3273 2446 3327 Ahach
2473 3269 2538 3324 ad
2564 3267 2829 3322 Danielem
2860 3264 3023 3338 (Dan.
3046 3264 3138 3334 ll)
3162 3264 3563 3319 translationem
3592 3272 3814 3335 repente

2231 3360 2574 3426 concederet,
2599 3357 2682 3429 (ιι)
2716 3371 2872 3425 quam
2900 3370 2998 3426 ego
3027 3368 3169 3409 nunc
3199 3362 3284 3408 tua
3311 3355 3476 3408 arctis
3497 3355 3814 3425 stringerem

2231 3452 2369 3509 colla
2396 3447 2765 3519 complexibus
2784 3486 2800 3513 ,
2841 3460 3000 3515 quam
3033 3443 3162 3498 illud
3189 3458 3251 3498 os
3269 3480 3285 3510 ,
3327 3443 3466 3513 quod
3492 3458 3701 3498 mecum
3728 3443 3814 3499 vel

2231 3541 2431 3600 erravit
2490 3537 2798 3607 aliquando,
2848 3535 2935 3590 vel
2999 3534 3214 3605 sapuit,
3270 3535 3545 3604 impressis
3591 3532 3814 3604 figerem

2230 3634 2428 3693 labiis?
2476 3632 2671 3688 Verum
2700 3629 2824 3699 quia
2863 3643 2969 3685 non
3012 3636 3119 3682 tam
3149 3635 3205 3681 te
3246 3625 3324 3681 sic
3351 3624 3416 3679 ad
3458 3640 3546 3681 me
3587 3625 3813 3691 venire,

2233 3741 2397 3799 qnam
2421 3738 2523 3796 ego
2544 3721 2614 3777 ad
2645 3730 2696 3778 te
2725 3720 2805 3775 sic
2829 3718 2909 3774 ire
2927 3732 3032 3772 non
3051 3731 3264 3772 mereor
3283 3731 3298 3782 ;
3317 3724 3371 3769 et
3386 3714 3679 3770 invalidum
3709 3716 3812 3787 (ο),

2232 3824 2393 3879 etiam
2422 3833 2583 3891 quum
2611 3831 2800 3872 sanum
2843 3822 2927 3870 est
2946 3853 2962 3880 ,
3004 3813 3380 3882 corpusculum
3406 3812 3577 3868 crebri
3605 3812 3818 3886 fregere

2235 3913 2430 3977 morbi,
2463 3911 2560 3966 has
2584 3909 2689 3964 mei
2719 3906 2965 3971 vicarias,
2993 3914 3047 3959 ut
3069 3905 3163 3959 tibi
3190 3904 3374 3960 obvias
3400 3905 3551 3959 mitto
3571 3946 3586 3971 ,
3613 3920 3737 3977 qua:
3763 3914 3816 3962 te

2234 4006 2427 4077 copula
2452 4001 2650 4058 artioris
2672 4002 2944 4062 innexum,
2968 3996 3034 4052 ad
3062 4011 3147 4051 me
3169 4011 3337 4065 usque
3360 3996 3672 4066 perducant.

2305 4099 2362 4153 2.
2379 4096 2552 4153 Prima
2573 4091 2828 4162 inopinati
2842 4090 3016 4163 gaudii
3030 4090 3097 4144 ab
3115 4088 3398 4145 Heliodoro
3410 4088 3574 4146 fratre
3589 4091 3718 4147 mihi
3735 4100 3819 4148 est

2237 4191 2476 4245 nuntiata
2496 4184 2746 4240 felicitas.
2829 4182 2932 4253 ιο
2992 4179 3107 4236 Non
3128 4179 3817 4253 credebamcerttnn,quod

2236 4292 2440 4337 certum
2461 4292 2582 4334 esse
2603 4275 2902 4347 cupiebam,
2934 4273 3227 4344 pricsertim
3247 4289 3410 4343 quum
3436 4283 3491 4329 et
3514 4274 3605 4330 ille
3620 4276 3691 4330 ab
3711 4275 3819 4330 alio

2238 4387 2299 4429 sc
2326 4369 2544 4427 audisse
2575 4367 2798 4432 diceret,
2821 4373 2878 4421 et
2901 4365 2980 4421 rei
3019 4364 3226 4420 novitas
3253 4362 3411 4419 fidem
3438 4366 3703 4421 sermonis
3727 4381 3822 4421 att-

2238 4462 2422 4520 ferret.
2450 4462 2679 4516 Rursum
2699 4457 2777 4533 (p)
2804 4470 3062 4529 suspensa
3091 4464 3234 4525 vota,
3259 4464 3641 4528 nutantemque
3668 4472 3820 4513 men-

2403 4669 2531 4749 .3qu
2552 4679 2631 4727 41.
2652 4669 2833 4749 scriptu
2856 4672 3474 4749 antiochiclenntediajmstate
3495 4686 3575 4723 an.
3598 4669 3710 4724 574.
3768 4684 3785 4749 ί

2326 4732 2469 4815 Mula
2487 4732 2763 4790 Veronensi
2788 4736 2879 4786 Ms.
2902 4736 2976 4786 ad
3001 4732 3236 4800 Ruﬂiuum
3273 4733 3336 4785 de
3376 4745 3556 4785 carioso
3594 4734 3824 4787 uasaclto

2240 4805 2731 4931 insﬁlblitigirosejnte
2751 4872 2841 4911 nos
2864 4858 2978 4931 editi
3002 4856 3282 4931 ministerio.
3307 4856 3635 4931 Hieronymus
3657 4864 3825 4931 autem

2241 4920 2559 4990 ῖΡδδθοὲῙνθεη
2596 4922 2733 4971 Pauli
2764 4921 3005 4990 ,VocaPUlo
3028 4920 3312 4990 ωἳδὲίῖῐῖίυω
3351 4920 3519 4989 νθθίέίι
3567 4921 3696 4990 (illo?!
3738 4935 3827 4984 per

2325 4618 2343 4669 i
2398 4616 2600 4677 Quidam
2625 4613 2761 4674 editi,
2784 4626 2840 4663 ac
2861 4608 3139 4662 Mss.oaleo.

2303 4617 2367 4806 β
2403 4679 2531 4729 Alias
2552 4679 2631 4727 41.
2652 4675 2833 4749 scriptu
2856 4673 3139 4724 .mtiochiw:

2326 4742 2469 4806 k)ﬂln
2487 4739 2763 4790 Veronenst
2788 4736 2879 4786 Ms.
2902 4736 2976 4786 ad
3001 4732 3139 4800 Rufﬁr

2182 5026 2189 5027 κ
2242 4980 2414 5039 Isaiam
2436 4986 2631 5045 dicitur,
2647 4981 2774 5046 quod
2796 4980 2963 5046 oculus
2984 4980 3233 5046 non'vidit,
3246 4993 3333 5031 nec
3352 4980 3487 5046 auiis
3509 4980 3712 5046 audiuit,
3722 4980 3824 5046 _étc.

2311 5048 2392 5114 (m)
2420 5040 2634 5114 Veteres
2652 5040 2831 5114 vulgati
2857 5043 3043 5094 Erasm.
3058 5043 3301 5114 etYictor,
3324 5040 3407 5114 qui
3425 5044 3605 5114 audaci
3621 5040 3731 5114 ﬁeri
3747 5056 3826 5094 sa-

2242 5102 2430 5223 tis'téo'to
2451 5102 3043 5216 crfdebamepressam
3062 5102 3466 5154 lectionem'Mss.
3488 5102 3641 5155 nostri
3657 5117 3831 5155 omnes

2242 5186 2331 5223 con
2367 5185 2500 5220 rmau
2527 5203 2541 5216 .

2242 5185 2541 5224 οοιιιιιῐῐιιιιιι.

2278 5227 2666 5344 ώέιέωὲιιὲἓδς.
2691 5225 2864 5292 quibus
2886 5238 2973 5292 ego
2994 5239 3121 5276 nunc
3143 5232 3228 5277 tua
3246 5224 3682 5289 stringercmcolla
3703 5239 3830 5278 cont-

2322 5303 2481 5343 .TlDllS.
2504 5303 2601 5339 etc.

2243 5308 2481 5358 ptea‘wus,
2504 5308 2601 5339 etc.

2307 5356 2377 5416 (0)
2413 5350 2679 5416 Invalidum
2699 5348 2840 5399 Hier.
2864 5348 3216 5413 corpusculum.

2315 5411 2379 5488 (ρ’)
2418 5412 2870 5488 δἐςιιιιιιιιι-ινςξιρι-ιι
2892 5411 3037 5488 manu
3062 5417 3257 5483 erarata
3279 5411 3599 5488 exemplaria,
3624 5426 3831 5477 quorum

2244 5473 2521 5533 concinnior
2545 5480 2622 5521 est
2642 5486 2854 5535 sensus;
2876 5480 3018 5535 antea
3042 5473 3171 5521 enim
3197 5478 3303 5535 erat
3321 5473 3603 5534 suspensam
3624 5473 3727 5525 v'oto
3747 5489 3836 5525 nu-

2247 5543 2374 5597 tante
2423 5535 2648 5597 mentem.
2686 5531 3163 5597 IgugbisAVerOnens.
3205 5531 3296 5581 Ms.
3336 5531 3580 5597 antiquior
3612 5549 3703 5597 pro
3738 5545 3837 5587 xo-

2246 5594 2427 5668 nacltus
2449 5594 2602 5668 habet
2628 5594 2714 5668 Dei
2736 5594 2960 5668 (mutilus,
2988 5600 3040 5643 et
3061 5606 3170 5668 quae
3193 5601 3363 5668 postea
3385 5594 3723 5668 subsequitur,
3750 5610 3836 5648 vo-

2246 5670 2355 5707 cem
2368 5655 2665 5722 jamdudnus
2686 5654 2892 5722 ignorat.
2916 5654 3305 5722 Por‘ro‘xijlgyptii
3328 5654 3675 5722 confessures,
3714 5654 3840 5722 cpias

2246 5715 2486 5790 mettiorat
2521 5716 2614 5767 hoc
2649 5715 2915 5790 Ἠξβτ.
2940 5715 3173 5790 quidquid
3192 5715 3538 5790 dlepedicbino
3575 5715 3839 5790 interpreti

2248 5778 2487 5849 videatur,
2516 5791 2608 5825 non
2631 5778 2711 5849 alii
2736 5781 2798 5828 ab
2813 5776 3051 5849 ﬂigi—ill...
3074 5776 3210 5849 “quos
3251 5777 3315 5824 ob
3347 5776 3840 5849 _Cbristi_divinitatis

2251 5837 2607 5890 confessionem
2629 5840 2686 5889 ad
2709 5853 2786 5890 an.
2813 5840 2920 5890 572.
2947 5837 3130 5891 Valens
3151 5838 3420 5901 Imperator
3442 5840 3651 5891 exulare
3669 5843 3832 5904 jussit.
