  <div class='ocr_page' id='page_1' title='image "/cluster/home/n/w/nwhite01/storage/ocr_20150623/22/hvd.32044015471378/222.png"; bbox 0 0 4136 6332; ppageno 0'>
   <div class='ocr_carea' id='block_1_1' title="bbox 311 389 404 446">
    <p class='ocr_par' dir='ltr' id='par_1_1' title="bbox 311 389 404 446">
     <span class='ocr_line' id='line_1_1' title="bbox 311 389 404 446; baseline 0 0"><span class='ocrx_word' id='word_1_1' title='bbox 311 389 404 446; x_wconf 73' lang='grc'><strong>355</strong></span> 
     </span>
    </p>
   </div>
   <div class='ocr_carea' id='block_1_2' title="bbox 308 492 1878 568">
    <p class='ocr_par' dir='ltr' id='par_1_2' title="bbox 308 492 1878 568">
     <span class='ocr_line' id='line_1_2' title="bbox 308 492 1878 568; baseline -0.006 -12"><span class='ocrx_word' id='word_1_2' title='bbox 308 517 406 556; x_wconf 82' lang='lat' dir='ltr'><strong>tcin</strong></span> <span class='ocrx_word' id='word_1_3' title='bbox 428 501 640 568; x_wconf 82' lang='lat' dir='ltr'><strong>quidam</strong></span> <span class='ocrx_word' id='word_1_4' title='bbox 662 498 1050 554; x_wconf 79' lang='lat' dir='ltr'><strong>Alexandrinus</strong></span> <span class='ocrx_word' id='word_1_5' title='bbox 1070 496 1374 563; x_wconf 82' lang='lat' dir='ltr'><strong>Monachus,</strong></span> <span class='ocrx_word' id='word_1_6' title='bbox 1397 496 1486 566; x_wconf 83' lang='lat' dir='ltr'><strong>qui</strong></span> <span class='ocrx_word' id='word_1_7' title='bbox 1508 495 1574 550; x_wconf 89' lang='lat' dir='ltr'><strong>ad</strong></span> <span class='ocrx_word' id='word_1_8' title='bbox 1595 492 1878 565; x_wconf 57' lang='lat' dir='ltr'><strong>ngyptios</strong></span> 
     </span>
    </p>
   </div>
   <div class='ocr_carea' id='block_1_3' title="bbox 306 584 1880 658">
    <p class='ocr_par' dir='ltr' id='par_1_3' title="bbox 306 584 1880 658">
     <span class='ocr_line' id='line_1_3' title="bbox 306 584 1880 658; baseline -0.007 -10"><span class='ocrx_word' id='word_1_9' title='bbox 306 591 684 654; x_wconf 85' lang='lat' dir='ltr'><strong>Coufessores,</strong></span> <span class='ocrx_word' id='word_1_10' title='bbox 723 600 778 644; x_wconf 91' lang='lat' dir='ltr'><strong>et</strong></span> <span class='ocrx_word' id='word_1_11' title='bbox 806 592 1072 644; x_wconf 90' lang='lat' dir='ltr'><strong>voluntate</strong></span> <span class='ocrx_word' id='word_1_12' title='bbox 1104 587 1212 655; x_wconf 88' lang='lat' dir='ltr'><strong>jam</strong></span> <span class='ocrx_word' id='word_1_13' title='bbox 1256 587 1546 658; x_wconf 77' lang='lat' dir='ltr'><strong>Martyres,</strong></span> <span class='ocrx_word' id='word_1_14' title='bbox 1591 586 1680 655; x_wconf 89' lang='lat' dir='ltr'><strong>pio</strong></span> <span class='ocrx_word' id='word_1_15' title='bbox 1712 584 1880 653; x_wconf 73' lang='lat' dir='ltr'><strong>plebis</strong></span> 
     </span>
    </p>
   </div>
   <div class='ocr_carea' id='block_1_4' title="bbox 308 675 1875 753">
    <p class='ocr_par' dir='ltr' id='par_1_4' title="bbox 308 675 1875 753">
     <span class='ocr_line' id='line_1_4' title="bbox 308 675 1875 753; baseline -0.006 -15"><span class='ocrx_word' id='word_1_16' title='bbox 308 686 407 753; x_wconf 86' lang='lat' dir='ltr'><strong>iam</strong></span> <span class='ocrx_word' id='word_1_17' title='bbox 430 682 630 738; x_wconf 88' lang='lat' dir='ltr'><strong>dudum</strong></span> <span class='ocrx_word' id='word_1_18' title='bbox 662 683 835 738; x_wconf 91' lang='lat' dir='ltr'><strong>fuerat</strong></span> <span class='ocrx_word' id='word_1_19' title='bbox 861 680 1206 735; x_wconf 81' lang='lat' dir='ltr'><strong>transmissus</strong></span> <span class='ocrx_word' id='word_1_20' title='bbox 1235 678 1526 748; x_wconf 85' lang='lat' dir='ltr'><strong>obsequio,</strong></span> <span class='ocrx_word' id='word_1_21' title='bbox 1562 675 1875 730; x_wconf 85' lang='lat' dir='ltr'><strong>manifestus</strong></span> 
     </span>
    </p>
   </div>
   <div class='ocr_carea' id='block_1_5' title="bbox 308 767 1882 840">
    <p class='ocr_par' dir='ltr' id='par_1_5' title="bbox 308 767 1882 840">
     <span class='ocr_line' id='line_1_5' title="bbox 308 767 1882 840; baseline -0.007 -11"><span class='ocrx_word' id='word_1_22' title='bbox 308 777 368 830; x_wconf 84' lang='lat' dir='ltr'><strong>ad</strong></span> <span class='ocrx_word' id='word_1_23' title='bbox 392 775 760 831; x_wconf 88' lang='lat' dir='ltr'><strong>credulitatem</strong></span> <span class='ocrx_word' id='word_1_24' title='bbox 793 773 962 828; x_wconf 84' lang='lat' dir='ltr'><strong>nuntii</strong></span> <span class='ocrx_word' id='word_1_25' title='bbox 991 781 1174 826; x_wconf 86' lang='lat' dir='ltr'><strong>auctor</strong></span> <span class='ocrx_word' id='word_1_26' title='bbox 1203 771 1504 840; x_wconf 79' lang='lat' dir='ltr'><strong>impulerat.</strong></span> <span class='ocrx_word' id='word_1_27' title='bbox 1536 769 1730 824; x_wconf 90' lang='lat' dir='ltr'><strong>Fateor</strong></span> <span class='ocrx_word' id='word_1_28' title='bbox 1750 775 1804 821; x_wconf 90' lang='lat' dir='ltr'><strong>et</strong></span> <span class='ocrx_word' id='word_1_29' title='bbox 1831 767 1882 819; x_wconf 90' lang='lat' dir='ltr'><strong>in</strong></span> 
     </span>
    </p>
   </div>
   <div class='ocr_carea' id='block_1_6' title="bbox 307 855 1881 925">
    <p class='ocr_par' dir='ltr' id='par_1_6' title="bbox 307 855 1881 925">
     <span class='ocr_line' id='line_1_6' title="bbox 307 855 1881 925; baseline -0.008 -5"><span class='ocrx_word' id='word_1_30' title='bbox 307 866 404 920; x_wconf 87' lang='lat' dir='ltr'><strong>hoc</strong></span> <span class='ocrx_word' id='word_1_31' title='bbox 450 879 624 920; x_wconf 83' lang='lat' dir='ltr'><strong>meam</strong></span> <span class='ocrx_word' id='word_1_32' title='bbox 671 863 881 918; x_wconf 87' lang='lat' dir='ltr'><strong>labasse</strong></span> <span class='ocrx_word' id='word_1_33' title='bbox 907 862 1246 917; x_wconf 89' lang='lat' dir='ltr'><strong>sententiam.</strong></span> <span class='ocrx_word' id='word_1_34' title='bbox 1273 859 1407 915; x_wconf 84' lang='lat' dir='ltr'><strong>Nam</strong></span> <span class='ocrx_word' id='word_1_35' title='bbox 1433 875 1553 914; x_wconf 90' lang='lat' dir='ltr'><strong>cum</strong></span> <span class='ocrx_word' id='word_1_36' title='bbox 1581 868 1637 914; x_wconf 93' lang='lat' dir='ltr'><strong>et</strong></span> <span class='ocrx_word' id='word_1_37' title='bbox 1660 855 1881 925; x_wconf 86' lang='lat' dir='ltr'><strong>patriam</strong></span> 
     </span>
    </p>
   </div>
   <div class='ocr_carea' id='block_1_7' title="bbox 309 942 1880 1026">
    <p class='ocr_par' dir='ltr' id='par_1_7' title="bbox 309 942 1880 1026">
     <span class='ocr_line' id='line_1_7' title="bbox 309 942 1880 1026; baseline -0.008 -16"><span class='ocrx_word' id='word_1_38' title='bbox 309 967 445 1010; x_wconf 88' lang='lat' dir='ltr'><strong>tuam</strong></span> <span class='ocrx_word' id='word_1_39' title='bbox 487 956 792 1026; x_wconf 83' lang='lat' dir='ltr'><strong>ignoraret,</strong></span> <span class='ocrx_word' id='word_1_40' title='bbox 830 965 884 1009; x_wconf 87' lang='lat' dir='ltr'><strong>et</strong></span> <span class='ocrx_word' id='word_1_41' title='bbox 913 968 1133 1018; x_wconf 86' lang='lat' dir='ltr'><strong>nomen,</strong></span> <span class='ocrx_word' id='word_1_42' title='bbox 1161 953 1212 1005; x_wconf 92' lang='lat' dir='ltr'><strong>in</strong></span> <span class='ocrx_word' id='word_1_43' title='bbox 1240 966 1307 1006; x_wconf 91' lang='lat' dir='ltr'><strong>eo</strong></span> <span class='ocrx_word' id='word_1_44' title='bbox 1336 960 1515 1005; x_wconf 88' lang='lat' dir='ltr'><strong>tamen</strong></span> <span class='ocrx_word' id='word_1_45' title='bbox 1542 947 1634 1022; x_wconf 61' lang='lat' dir='ltr'><strong>(al.</strong></span> <span class='ocrx_word' id='word_1_46' title='bbox 1663 942 1880 1017; x_wconf 85' lang='lat' dir='ltr'><strong>tantum]</strong></span> 
     </span>
    </p>
   </div>
   <div class='ocr_carea' id='block_1_8' title="bbox 305 1039 1883 1116">
    <p class='ocr_par' dir='ltr' id='par_1_8' title="bbox 305 1039 1883 1116">
     <span class='ocr_line' id='line_1_8' title="bbox 305 1039 1883 1116; baseline -0.006 -15"><span class='ocrx_word' id='word_1_47' title='bbox 305 1049 419 1116; x_wconf 82' lang='lat' dir='ltr'><strong>plus</strong></span> <span class='ocrx_word' id='word_1_48' title='bbox 444 1047 725 1102; x_wconf 80' lang='lat' dir='ltr'><strong>videbatur</strong></span> <span class='ocrx_word' id='word_1_49' title='bbox 753 1044 980 1112; x_wconf 88' lang='lat' dir='ltr'><strong>afferre,</strong></span> <span class='ocrx_word' id='word_1_50' title='bbox 1027 1042 1168 1114; x_wconf 89' lang='lat' dir='ltr'><strong>quod</strong></span> <span class='ocrx_word' id='word_1_51' title='bbox 1207 1041 1392 1098; x_wconf 90' lang='lat' dir='ltr'><strong>eadem</strong></span> <span class='ocrx_word' id='word_1_52' title='bbox 1428 1039 1736 1105; x_wconf 89' lang='lat' dir='ltr'><strong>asserebat,</strong></span> <span class='ocrx_word' id='word_1_53' title='bbox 1762 1052 1883 1107; x_wconf 72' lang='lat' dir='ltr'><strong>qua:</strong></span> 
     </span>
    </p>
   </div>
   <div class='ocr_carea' id='block_1_9' title="bbox 299 1131 1884 1210">
    <p class='ocr_par' dir='ltr' id='par_1_9' title="bbox 299 1131 1884 1210">
     <span class='ocr_line' id='line_1_9' title="bbox 299 1131 1884 1210; baseline -0.008 -16"><span class='ocrx_word' id='word_1_54' title='bbox 299 1140 403 1210; x_wconf 83' lang='lat' dir='ltr'><strong>jam</strong></span> <span class='ocrx_word' id='word_1_55' title='bbox 443 1139 576 1194; x_wconf 88' lang='lat' dir='ltr'><strong>alius</strong></span> <span class='ocrx_word' id='word_1_56' title='bbox 606 1139 948 1194; x_wconf 77' lang='lat' dir='ltr'><strong>indicaverat.</strong></span> <span class='ocrx_word' id='word_1_57' title='bbox 984 1135 1220 1191; x_wconf 79' lang='lat' dir='ltr'><strong>Tandem</strong></span> <span class='ocrx_word' id='word_1_58' title='bbox 1252 1135 1467 1203; x_wconf 69' lang='lat' dir='ltr'><strong>plenum</strong></span> <span class='ocrx_word' id='word_1_59' title='bbox 1492 1131 1728 1187; x_wconf 80' lang='lat' dir='ltr'><strong>veritatis</strong></span> <span class='ocrx_word' id='word_1_60' title='bbox 1750 1144 1884 1199; x_wconf 88' lang='lat' dir='ltr'><strong>pon-</strong></span> 
     </span>
    </p>
   </div>
   <div class='ocr_carea' id='block_1_10' title="bbox 272 1221 1884 1299">
    <p class='ocr_par' dir='ltr' id='par_1_10' title="bbox 272 1221 1884 1299">
     <span class='ocr_line' id='line_1_10' title="bbox 272 1221 1884 1299; baseline -0.01 -9"><span class='ocrx_word' id='word_1_61' title='bbox 272 1275 277 1290; x_wconf 90' lang='lat'><strong>.</strong></span> <span class='ocrx_word' id='word_1_62' title='bbox 304 1233 399 1287; x_wconf 85' lang='lat' dir='ltr'><strong>dus</strong></span> <span class='ocrx_word' id='word_1_63' title='bbox 435 1231 610 1299; x_wconf 87' lang='lat' dir='ltr'><strong>erupit</strong></span> <span class='ocrx_word' id='word_1_64' title='bbox 642 1248 657 1285; x_wconf 88' lang='lat'><strong>:</strong></span> <span class='ocrx_word' id='word_1_65' title='bbox 689 1228 955 1283; x_wconf 75' lang='lat' dir='ltr'><strong>Bullinum</strong></span> <span class='ocrx_word' id='word_1_66' title='bbox 985 1228 1126 1282; x_wconf 88' lang='lat' dir='ltr'><strong>enim</strong></span> <span class='ocrx_word' id='word_1_67' title='bbox 1172 1226 1356 1281; x_wconf 76' lang='lat' dir='ltr'><strong>Nitria:</strong></span> <span class='ocrx_word' id='word_1_68' title='bbox 1380 1239 1500 1280; x_wconf 90' lang='lat' dir='ltr'><strong>esse</strong></span> <span class='ocrx_word' id='word_1_69' title='bbox 1522 1265 1538 1289; x_wconf 92' lang='lat'><strong>,</strong></span> <span class='ocrx_word' id='word_1_70' title='bbox 1569 1233 1622 1276; x_wconf 92' lang='lat' dir='ltr'><strong>et</strong></span> <span class='ocrx_word' id='word_1_71' title='bbox 1645 1221 1711 1276; x_wconf 92' lang='lat' dir='ltr'><strong>ad</strong></span> <span class='ocrx_word' id='word_1_72' title='bbox 1754 1221 1884 1275; x_wconf 77' lang='lat' dir='ltr'><strong>bea-</strong></span> 
     </span>
    </p>
   </div>
   <div class='ocr_carea' id='block_1_11' title="bbox 305 1311 1884 1391">
    <p class='ocr_par' dir='ltr' id='par_1_11' title="bbox 305 1311 1884 1391">
     <span class='ocr_line' id='line_1_11' title="bbox 305 1311 1884 1391; baseline -0.008 -13"><span class='ocrx_word' id='word_1_73' title='bbox 305 1333 408 1378; x_wconf 90' lang='lat' dir='ltr'><strong>tum</strong></span> <span class='ocrx_word' id='word_1_74' title='bbox 444 1321 746 1391; x_wconf 78' lang='lat' dir='ltr'><strong>perrexi-se</strong></span> <span class='ocrx_word' id='word_1_75' title='bbox 772 1319 1076 1384; x_wconf 81' lang='lat' dir='ltr'><strong>Macarium,</strong></span> <span class='ocrx_word' id='word_1_76' title='bbox 1101 1318 1288 1373; x_wconf 91' lang='lat' dir='ltr'><strong>crebra</strong></span> <span class='ocrx_word' id='word_1_77' title='bbox 1316 1314 1726 1372; x_wconf 85' lang='lat' dir='ltr'><strong>commeantium</strong></span> <span class='ocrx_word' id='word_1_78' title='bbox 1747 1311 1884 1366; x_wconf 90' lang='lat' dir='ltr'><strong>mul-</strong></span> 
     </span>
    </p>
   </div>
   <div class='ocr_carea' id='block_1_12' title="bbox 305 1404 1882 1468">
    <p class='ocr_par' dir='ltr' id='par_1_12' title="bbox 305 1404 1882 1468">
     <span class='ocr_line' id='line_1_12' title="bbox 305 1404 1882 1468; baseline -0.008 0"><span class='ocrx_word' id='word_1_79' title='bbox 305 1411 468 1468; x_wconf 86' lang='lat' dir='ltr'><strong>titudo</strong></span> <span class='ocrx_word' id='word_1_80' title='bbox 521 1410 806 1466; x_wconf 84' lang='lat' dir='ltr'><strong>referebat.</strong></span> <span class='ocrx_word' id='word_1_81' title='bbox 861 1410 958 1465; x_wconf 85' lang='lat' dir='ltr'><strong>ilic</strong></span> <span class='ocrx_word' id='word_1_82' title='bbox 1004 1424 1134 1464; x_wconf 90' lang='lat' dir='ltr'><strong>vero</strong></span> <span class='ocrx_word' id='word_1_83' title='bbox 1186 1417 1294 1463; x_wconf 83' lang='lat' dir='ltr'><strong>tota</strong></span> <span class='ocrx_word' id='word_1_84' title='bbox 1343 1404 1672 1461; x_wconf 78' lang='lat' dir='ltr'><strong>credulitatis</strong></span> <span class='ocrx_word' id='word_1_85' title='bbox 1734 1404 1882 1458; x_wconf 89' lang='lat' dir='ltr'><strong>frena</strong></span> 
     </span>
    </p>
   </div>
   <div class='ocr_carea' id='block_1_13' title="bbox 303 1493 1882 1570">
    <p class='ocr_par' dir='ltr' id='par_1_13' title="bbox 303 1493 1882 1570">
     <span class='ocr_line' id='line_1_13' title="bbox 303 1493 1882 1570; baseline -0.006 -14"><span class='ocrx_word' id='word_1_86' title='bbox 303 1503 503 1566; x_wconf 82' lang='lat' dir='ltr'><strong>laxavi,</strong></span> <span class='ocrx_word' id='word_1_87' title='bbox 533 1509 588 1558; x_wconf 90' lang='lat' dir='ltr'><strong>et</strong></span> <span class='ocrx_word' id='word_1_88' title='bbox 613 1511 737 1555; x_wconf 87' lang='lat' dir='ltr'><strong>tunc</strong></span> <span class='ocrx_word' id='word_1_89' title='bbox 768 1515 894 1556; x_wconf 84' lang='lat' dir='ltr'><strong>vere</strong></span> <span class='ocrx_word' id='word_1_90' title='bbox 935 1509 1188 1570; x_wconf 64' lang='lat' dir='ltr'><strong>aegrotum</strong></span> <span class='ocrx_word' id='word_1_91' title='bbox 1216 1513 1336 1554; x_wconf 88' lang='lat' dir='ltr'><strong>esse</strong></span> <span class='ocrx_word' id='word_1_92' title='bbox 1375 1511 1460 1551; x_wconf 91' lang='lat' dir='ltr'><strong>me</strong></span> <span class='ocrx_word' id='word_1_93' title='bbox 1490 1495 1656 1551; x_wconf 89' lang='lat' dir='ltr'><strong>dolui.</strong></span> <span class='ocrx_word' id='word_1_94' title='bbox 1688 1494 1755 1548; x_wconf 84' lang='lat' dir='ltr'><strong>Et</strong></span> <span class='ocrx_word' id='word_1_95' title='bbox 1783 1493 1882 1548; x_wconf 83' lang='lat' dir='ltr'><strong>nisi</strong></span> 
     </span>
    </p>
   </div>
   <div class='ocr_carea' id='block_1_14' title="bbox 303 1585 1886 1662">
    <p class='ocr_par' dir='ltr' id='par_1_14' title="bbox 303 1585 1886 1662">
     <span class='ocr_line' id='line_1_14' title="bbox 303 1585 1886 1662; baseline -0.006 -15"><span class='ocrx_word' id='word_1_96' title='bbox 303 1609 387 1648; x_wconf 86' lang='lat' dir='ltr'><strong>tne</strong></span> <span class='ocrx_word' id='word_1_97' title='bbox 405 1593 662 1648; x_wconf 84' lang='lat' dir='ltr'><strong>attenuati</strong></span> <span class='ocrx_word' id='word_1_98' title='bbox 683 1591 927 1662; x_wconf 90' lang='lat' dir='ltr'><strong>corporis</strong></span> <span class='ocrx_word' id='word_1_99' title='bbox 952 1592 1095 1645; x_wconf 88' lang='lat' dir='ltr'><strong>vires</strong></span> <span class='ocrx_word' id='word_1_100' title='bbox 1123 1588 1350 1660; x_wconf 89' lang='lat' dir='ltr'><strong>quadam</strong></span> <span class='ocrx_word' id='word_1_101' title='bbox 1392 1585 1651 1656; x_wconf 88' lang='lat' dir='ltr'><strong>compede</strong></span> <span class='ocrx_word' id='word_1_102' title='bbox 1681 1598 1886 1654; x_wconf 68' lang='lat' dir='ltr'><strong>prtcpe-</strong></span> 
     </span>
    </p>
   </div>
   <div class='ocr_carea' id='block_1_15' title="bbox 303 1674 1886 1750">
    <p class='ocr_par' dir='ltr' id='par_1_15' title="bbox 303 1674 1886 1750">
     <span class='ocr_line' id='line_1_15' title="bbox 303 1674 1886 1750; baseline -0.005 -14"><span class='ocrx_word' id='word_1_103' title='bbox 303 1683 522 1750; x_wconf 78' lang='lat' dir='ltr'><strong>disscnl,</strong></span> <span class='ocrx_word' id='word_1_104' title='bbox 558 1697 656 1738; x_wconf 91' lang='lat' dir='ltr'><strong>nec</strong></span> <span class='ocrx_word' id='word_1_105' title='bbox 695 1682 883 1737; x_wconf 81' lang='lat' dir='ltr'><strong>media:</strong></span> <span class='ocrx_word' id='word_1_106' title='bbox 912 1681 1089 1736; x_wconf 82' lang='lat' dir='ltr'><strong>fervor</strong></span> <span class='ocrx_word' id='word_1_107' title='bbox 1111 1680 1311 1734; x_wconf 65' lang='lat' dir='ltr'><strong>aestatis</strong></span> <span class='ocrx_word' id='word_1_108' title='bbox 1336 1720 1352 1744; x_wconf 95' lang='lat'><strong>,</strong></span> <span class='ocrx_word' id='word_1_109' title='bbox 1381 1693 1480 1732; x_wconf 89' lang='lat' dir='ltr'><strong>nec</strong></span> <span class='ocrx_word' id='word_1_110' title='bbox 1515 1674 1886 1747; x_wconf 85' lang='lat' dir='ltr'><strong>navigantibus</strong></span> 
     </span>
    </p>
   </div>
   <div class='ocr_carea' id='block_1_16' title="bbox 305 1766 1884 1842">
    <p class='ocr_par' dir='ltr' id='par_1_16' title="bbox 305 1766 1884 1842">
     <span class='ocr_line' id='line_1_16' title="bbox 305 1766 1884 1842; baseline -0.006 -12"><span class='ocrx_word' id='word_1_111' title='bbox 305 1789 516 1842; x_wconf 79' lang='lat' dir='ltr'><strong>Semper</strong></span> <span class='ocrx_word' id='word_1_112' title='bbox 566 1775 830 1828; x_wconf 89' lang='lat' dir='ltr'><strong>incertum</strong></span> <span class='ocrx_word' id='word_1_113' title='bbox 877 1788 1058 1838; x_wconf 90' lang='lat' dir='ltr'><strong>mare,</strong></span> <span class='ocrx_word' id='word_1_114' title='bbox 1112 1772 1194 1841; x_wconf 89' lang='lat' dir='ltr'><strong>pia</strong></span> <span class='ocrx_word' id='word_1_115' title='bbox 1245 1770 1583 1826; x_wconf 86' lang='lat' dir='ltr'><strong>festinatione</strong></span> <span class='ocrx_word' id='word_1_116' title='bbox 1622 1766 1884 1838; x_wconf 85' lang='lat' dir='ltr'><strong>gradienti</strong></span> 
     </span>
    </p>
   </div>
   <div class='ocr_carea' id='block_1_17' title="bbox 304 1861 1885 1928">
    <p class='ocr_par' dir='ltr' id='par_1_17' title="bbox 304 1861 1885 1928">
     <span class='ocr_line' id='line_1_17' title="bbox 304 1861 1885 1928; baseline -0.003 -11"><span class='ocrx_word' id='word_1_117' title='bbox 304 1867 558 1921; x_wconf 85' lang='lat' dir='ltr'><strong>valuisset</strong></span> <span class='ocrx_word' id='word_1_118' title='bbox 603 1865 889 1920; x_wconf 88' lang='lat' dir='ltr'><strong>obsistere.</strong></span> <span class='ocrx_word' id='word_1_119' title='bbox 935 1865 1136 1920; x_wconf 87' lang='lat' dir='ltr'><strong>Credas</strong></span> <span class='ocrx_word' id='word_1_120' title='bbox 1184 1863 1338 1928; x_wconf 88' lang='lat' dir='ltr'><strong>mihi,</strong></span> <span class='ocrx_word' id='word_1_121' title='bbox 1392 1861 1597 1924; x_wconf 86' lang='lat' dir='ltr'><strong>frater,</strong></span> <span class='ocrx_word' id='word_1_122' title='bbox 1655 1873 1762 1914; x_wconf 92' lang='lat' dir='ltr'><strong>non</strong></span> <span class='ocrx_word' id='word_1_123' title='bbox 1807 1861 1885 1913; x_wconf 91' lang='lat' dir='ltr'><strong>sic</strong></span> 
     </span>
    </p>
   </div>
   <div class='ocr_carea' id='block_1_18' title="bbox 306 1956 1883 2025">
    <p class='ocr_par' dir='ltr' id='par_1_18' title="bbox 306 1956 1883 2025">
     <span class='ocr_line' id='line_1_18' title="bbox 306 1956 1883 2025; baseline -0.004 -14"><span class='ocrx_word' id='word_1_124' title='bbox 306 1966 615 2025; x_wconf 79' lang='lat' dir='ltr'><strong>tempestate</strong></span> <span class='ocrx_word' id='word_1_125' title='bbox 652 1956 884 2025; x_wconf 87' lang='lat' dir='ltr'><strong>jactatus</strong></span> <span class='ocrx_word' id='word_1_126' title='bbox 912 1966 1122 2025; x_wconf 91' lang='lat' dir='ltr'><strong>portum</strong></span> <span class='ocrx_word' id='word_1_127' title='bbox 1172 1961 1329 2008; x_wconf 87' lang='lat' dir='ltr'><strong>nauta</strong></span> <span class='ocrx_word' id='word_1_128' title='bbox 1374 1958 1724 2022; x_wconf 84' lang='lat' dir='ltr'><strong>prospectat:</strong></span> <span class='ocrx_word' id='word_1_129' title='bbox 1776 1965 1883 2004; x_wconf 82' lang='lat' dir='ltr'><strong>non</strong></span> 
     </span>
    </p>
   </div>
   <div class='ocr_carea' id='block_1_19' title="bbox 308 2042 1886 2103">
    <p class='ocr_par' dir='ltr' id='par_1_19' title="bbox 308 2042 1886 2103">
     <span class='ocr_line' id='line_1_19' title="bbox 308 2042 1886 2103; baseline -0.004 -2"><span class='ocrx_word' id='word_1_130' title='bbox 308 2048 384 2103; x_wconf 87' lang='lat' dir='ltr'><strong>sic</strong></span> <span class='ocrx_word' id='word_1_131' title='bbox 409 2048 639 2103; x_wconf 84' lang='lat' dir='ltr'><strong>sitientia</strong></span> <span class='ocrx_word' id='word_1_132' title='bbox 685 2047 883 2101; x_wconf 89' lang='lat' dir='ltr'><strong>imbres</strong></span> <span class='ocrx_word' id='word_1_133' title='bbox 907 2061 1032 2102; x_wconf 87' lang='lat' dir='ltr'><strong>arva</strong></span> <span class='ocrx_word' id='word_1_134' title='bbox 1076 2045 1382 2101; x_wconf 89' lang='lat' dir='ltr'><strong>desiderant</strong></span> <span class='ocrx_word' id='word_1_135' title='bbox 1410 2063 1423 2096; x_wconf 86' lang='lat'><strong>:</strong></span> <span class='ocrx_word' id='word_1_136' title='bbox 1476 2058 1574 2097; x_wconf 90' lang='lat' dir='ltr'><strong>nec</strong></span> <span class='ocrx_word' id='word_1_137' title='bbox 1602 2042 1680 2096; x_wconf 91' lang='lat' dir='ltr'><strong>sic</strong></span> <span class='ocrx_word' id='word_1_138' title='bbox 1721 2056 1886 2095; x_wconf 88' lang='lat' dir='ltr'><strong>curvo</strong></span> 
     </span>
    </p>
   </div>
   <div class='ocr_carea' id='block_1_20' title="bbox 305 2137 1632 2204">
    <p class='ocr_par' dir='ltr' id='par_1_20' title="bbox 305 2137 1632 2204">
     <span class='ocr_line' id='line_1_20' title="bbox 305 2137 1632 2204; baseline -0.004 -11"><span class='ocrx_word' id='word_1_139' title='bbox 305 2139 541 2194; x_wconf 72' lang='lat' dir='ltr'><strong>assidens</strong></span> <span class='ocrx_word' id='word_1_140' title='bbox 571 2138 736 2193; x_wconf 89' lang='lat' dir='ltr'><strong>littori</strong></span> <span class='ocrx_word' id='word_1_141' title='bbox 762 2138 916 2192; x_wconf 77' lang='lat' dir='ltr'><strong>anxia</strong></span> <span class='ocrx_word' id='word_1_142' title='bbox 942 2137 1107 2192; x_wconf 86' lang='lat' dir='ltr'><strong>lilium</strong></span> <span class='ocrx_word' id='word_1_143' title='bbox 1140 2147 1309 2192; x_wconf 87' lang='lat' dir='ltr'><strong>mater</strong></span> <span class='ocrx_word' id='word_1_144' title='bbox 1337 2143 1632 2204; x_wconf 50' lang='lat' dir='ltr'><strong>expectat.</strong></span> 
     </span>
    </p>
   </div>
   <div class='ocr_carea' id='block_1_21' title="bbox 370 2223 1882 2298">
    <p class='ocr_par' dir='ltr' id='par_1_21' title="bbox 370 2223 1882 2298">
     <span class='ocr_line' id='line_1_21' title="bbox 370 2223 1882 2298; baseline -0.005 -14"><span class='ocrx_word' id='word_1_145' title='bbox 370 2228 425 2284; x_wconf 77' lang='grc'><strong>5.</strong></span> <span class='ocrx_word' id='word_1_146' title='bbox 457 2230 745 2298; x_wconf 77' lang='lat' dir='ltr'><strong>Postquam</strong></span> <span class='ocrx_word' id='word_1_147' title='bbox 796 2244 882 2284; x_wconf 92' lang='lat' dir='ltr'><strong>me</strong></span> <span class='ocrx_word' id='word_1_148' title='bbox 922 2243 952 2281; x_wconf 91' lang='lat' dir='ltr'><strong>a</strong></span> <span class='ocrx_word' id='word_1_149' title='bbox 1001 2237 1093 2282; x_wconf 92' lang='lat' dir='ltr'><strong>tuo</strong></span> <span class='ocrx_word' id='word_1_150' title='bbox 1122 2228 1289 2281; x_wconf 90' lang='lat' dir='ltr'><strong>latere</strong></span> <span class='ocrx_word' id='word_1_151' title='bbox 1327 2226 1535 2280; x_wconf 89' lang='lat' dir='ltr'><strong>subitus</strong></span> <span class='ocrx_word' id='word_1_152' title='bbox 1563 2223 1722 2279; x_wconf 87' lang='lat' dir='ltr'><strong>turbo</strong></span> <span class='ocrx_word' id='word_1_153' title='bbox 1747 2237 1882 2278; x_wconf 90' lang='lat' dir='ltr'><strong>con-</strong></span> 
     </span>
    </p>
   </div>
   <div class='ocr_carea' id='block_1_22' title="bbox 303 2315 1884 2392">
    <p class='ocr_par' dir='ltr' id='par_1_22' title="bbox 303 2315 1884 2392">
     <span class='ocr_line' id='line_1_22' title="bbox 303 2315 1884 2392; baseline -0.002 -22"><span class='ocrx_word' id='word_1_154' title='bbox 303 2321 462 2374; x_wconf 87' lang='lat' dir='ltr'><strong>vulsit</strong></span> <span class='ocrx_word' id='word_1_155' title='bbox 495 2339 508 2376; x_wconf 92' lang='lat'>:</span> <span class='ocrx_word' id='word_1_156' title='bbox 554 2331 836 2392; x_wconf 84' lang='lat' dir='ltr'><strong>postquam</strong></span> <span class='ocrx_word' id='word_1_157' title='bbox 883 2319 1085 2390; x_wconf 78' lang='lat' dir='ltr'><strong>glutino</strong></span> <span class='ocrx_word' id='word_1_158' title='bbox 1114 2317 1354 2372; x_wconf 89' lang='lat' dir='ltr'><strong>caritatis</strong></span> <span class='ocrx_word' id='word_1_159' title='bbox 1382 2315 1676 2372; x_wconf 76' lang='lat' dir='ltr'><strong>luerentem</strong></span> <span class='ocrx_word' id='word_1_160' title='bbox 1722 2315 1884 2386; x_wconf 87' lang='lat' dir='ltr'><strong>impia</strong></span> 
     </span>
    </p>
   </div>
   <div class='ocr_carea' id='block_1_23' title="bbox 303 2409 1888 2478">
    <p class='ocr_par' dir='ltr' id='par_1_23' title="bbox 303 2409 1888 2478">
     <span class='ocr_line' id='line_1_23' title="bbox 303 2409 1888 2478; baseline -0.005 -11"><span class='ocrx_word' id='word_1_161' title='bbox 303 2413 546 2469; x_wconf 75' lang='lat' dir='ltr'><strong>distraxit</strong></span> <span class='ocrx_word' id='word_1_162' title='bbox 597 2414 835 2478; x_wconf 89' lang='lat' dir='ltr'><strong>avulsio;</strong></span> <span class='ocrx_word' id='word_1_163' title='bbox 883 2411 1030 2468; x_wconf 82' lang='lat' dir='ltr'><strong>Tunc</strong></span> <span class='ocrx_word' id='word_1_164' title='bbox 1082 2411 1208 2465; x_wconf 85' lang='lat' dir='ltr'><strong>mihi</strong></span> <span class='ocrx_word' id='word_1_165' title='bbox 1255 2409 1499 2464; x_wconf 74' lang='lat' dir='ltr'><strong>cazi&#39;uleus</strong></span> <span class='ocrx_word' id='word_1_166' title='bbox 1537 2424 1695 2476; x_wconf 87' lang='lat' dir='ltr'><strong>supra</strong></span> <span class='ocrx_word' id='word_1_167' title='bbox 1732 2415 1888 2477; x_wconf 78' lang='lat' dir='ltr'><strong>caput</strong></span> 
     </span>
    </p>
   </div>
   <div class='ocr_carea' id='block_1_24' title="bbox 301 2498 1888 2570">
    <p class='ocr_par' dir='ltr' id='par_1_24' title="bbox 301 2498 1888 2570">
     <span class='ocr_line' id='line_1_24' title="bbox 301 2498 1888 2570; baseline -0.001 -16"><span class='ocrx_word' id='word_1_168' title='bbox 301 2503 458 2556; x_wconf 84' lang='lat' dir='ltr'><strong>astitit</strong></span> <span class='ocrx_word' id='word_1_169' title='bbox 500 2503 661 2557; x_wconf 88' lang='lat' dir='ltr'><strong>imber</strong></span> <span class='ocrx_word' id='word_1_170' title='bbox 683 2519 703 2556; x_wconf 93' lang='lat'><strong><em>:</em></strong></span> <span class='ocrx_word' id='word_1_171' title='bbox 745 2511 861 2555; x_wconf 86' lang='lat' dir='ltr'><strong>tunc</strong></span> <span class='ocrx_word' id='word_1_172' title='bbox 887 2502 1050 2554; x_wconf 84' lang='lat' dir='ltr'><strong>maria</strong></span> <span class='ocrx_word' id='word_1_173' title='bbox 1079 2499 1300 2569; x_wconf 85' lang='lat' dir='ltr'><strong>undique</strong></span> <span class='ocrx_word' id='word_1_174' title='bbox 1320 2541 1334 2565; x_wconf 90' lang='lat'><strong>,</strong></span> <span class='ocrx_word' id='word_1_175' title='bbox 1367 2508 1413 2552; x_wconf 89' lang='lat' dir='ltr'><strong>et</strong></span> <span class='ocrx_word' id='word_1_176' title='bbox 1443 2499 1663 2570; x_wconf 83' lang='lat' dir='ltr'><strong>undique</strong></span> <span class='ocrx_word' id='word_1_177' title='bbox 1707 2498 1888 2552; x_wconf 68' lang='lat' dir='ltr'><strong>caelum</strong></span> 
     </span>
    </p>
   </div>
   <div class='ocr_carea' id='block_1_25' title="bbox 302 2589 1887 2662">
    <p class='ocr_par' dir='ltr' id='par_1_25' title="bbox 302 2589 1887 2662">
     <span class='ocr_line' id='line_1_25' title="bbox 302 2589 1887 2662; baseline -0.004 -12"><span class='ocrx_word' id='word_1_178' title='bbox 302 2590 541 2662; x_wconf 65' lang='lat' dir='ltr'><strong>(xEtteid.</strong></span> <span class='ocrx_word' id='word_1_179' title='bbox 568 2592 657 2648; x_wconf 83' lang='lat' dir='ltr'><strong>lib.</strong></span> <span class='ocrx_word' id='word_1_180' title='bbox 689 2589 832 2661; x_wconf 84' lang='lat' dir='ltr'><strong>III).</strong></span> <span class='ocrx_word' id='word_1_181' title='bbox 855 2589 1092 2645; x_wconf 83' lang='lat' dir='ltr'><strong>Tandem</strong></span> <span class='ocrx_word' id='word_1_182' title='bbox 1123 2590 1174 2643; x_wconf 92' lang='lat' dir='ltr'><strong>iu</strong></span> <span class='ocrx_word' id='word_1_183' title='bbox 1210 2591 1412 2643; x_wconf 91' lang='lat' dir='ltr'><strong>incerto</strong></span> <span class='ocrx_word' id='word_1_184' title='bbox 1445 2589 1887 2658; x_wconf 84' lang='lat' dir='ltr'><strong>peregrinationis</strong></span> 
     </span>
    </p>
   </div>
   <div class='ocr_carea' id='block_1_26' title="bbox 300 2680 1896 2751">
    <p class='ocr_par' dir='ltr' id='par_1_26' title="bbox 300 2680 1896 2751">
     <span class='ocr_line' id='line_1_26' title="bbox 300 2680 1896 2751; baseline -0.001 -16"><span class='ocrx_word' id='word_1_185' title='bbox 300 2682 524 2748; x_wconf 88' lang='lat' dir='ltr'><strong>erranti,</strong></span> <span class='ocrx_word' id='word_1_186' title='bbox 573 2697 696 2736; x_wconf 91' lang='lat' dir='ltr'><strong>cum</strong></span> <span class='ocrx_word' id='word_1_187' title='bbox 739 2696 824 2735; x_wconf 88' lang='lat' dir='ltr'><strong>me</strong></span> <span class='ocrx_word' id='word_1_188' title='bbox 851 2680 1118 2747; x_wconf 85' lang='lat' dir='ltr'><strong>Thracia,</strong></span> <span class='ocrx_word' id='word_1_189' title='bbox 1161 2680 1394 2745; x_wconf 84' lang='lat' dir='ltr'><strong>Pontus,</strong></span> <span class='ocrx_word' id='word_1_190' title='bbox 1426 2690 1585 2750; x_wconf 88' lang='lat' dir='ltr'><strong>atque</strong></span> <span class='ocrx_word' id='word_1_191' title='bbox 1615 2680 1896 2751; x_wconf 62' lang='lat' dir='ltr'><strong>Bithynia,</strong></span> 
     </span>
    </p>
   </div>
   <div class='ocr_carea' id='block_1_27' title="bbox 302 2768 1888 2840">
    <p class='ocr_par' dir='ltr' id='par_1_27' title="bbox 302 2768 1888 2840">
     <span class='ocr_line' id='line_1_27' title="bbox 302 2768 1888 2840; baseline 0.002 -18"><span class='ocrx_word' id='word_1_192' title='bbox 302 2779 578 2839; x_wconf 87' lang='lat' dir='ltr'><strong>totumque</strong></span> <span class='ocrx_word' id='word_1_193' title='bbox 609 2769 834 2825; x_wconf 77' lang='lat' dir='ltr'><strong>Galatite</strong></span> <span class='ocrx_word' id='word_1_194' title='bbox 863 2779 914 2824; x_wconf 90' lang='lat' dir='ltr'><strong>et</strong></span> <span class='ocrx_word' id='word_1_195' title='bbox 938 2768 1288 2840; x_wconf 74' lang='lat' dir='ltr'><strong>Cappadocia:</strong></span> <span class='ocrx_word' id='word_1_196' title='bbox 1326 2770 1427 2824; x_wconf 86' lang='lat' dir='ltr'><strong>iter</strong></span> <span class='ocrx_word' id='word_1_197' title='bbox 1451 2810 1465 2833; x_wconf 94' lang='lat'><strong>,</strong></span> <span class='ocrx_word' id='word_1_198' title='bbox 1492 2779 1545 2824; x_wconf 91' lang='lat' dir='ltr'><strong>et</strong></span> <span class='ocrx_word' id='word_1_199' title='bbox 1574 2769 1774 2824; x_wconf 89' lang='lat' dir='ltr'><strong>fervido</strong></span> <span class='ocrx_word' id='word_1_200' title='bbox 1801 2770 1888 2825; x_wconf 85' lang='lat' dir='ltr'><strong>Ci-</strong></span> 
     </span>
    </p>
   </div>
   <div class='ocr_carea' id='block_1_28' title="bbox 302 2845 1887 2930">
    <p class='ocr_par' dir='ltr' id='par_1_28' title="bbox 302 2845 1887 2930">
     <span class='ocr_line' id='line_1_28' title="bbox 302 2845 1887 2930; baseline 0.001 -17"><span class='ocrx_word' id='word_1_201' title='bbox 302 2857 460 2913; x_wconf 85' lang='lat' dir='ltr'><strong>licum</strong></span> <span class='ocrx_word' id='word_1_202' title='bbox 485 2845 624 2913; x_wconf 84' lang='lat' dir='ltr'><strong>terra</strong></span> <span class='ocrx_word' id='word_1_203' title='bbox 646 2857 891 2930; x_wconf 78' lang='lat' dir='ltr'><strong>fregisset</strong></span> <span class='ocrx_word' id='word_1_204' title='bbox 915 2869 1072 2925; x_wconf 64' lang='lat' dir='ltr'><strong>testu,</strong></span> <span class='ocrx_word' id='word_1_205' title='bbox 1098 2858 1249 2930; x_wconf 85' lang='lat' dir='ltr'><strong>Syria</strong></span> <span class='ocrx_word' id='word_1_206' title='bbox 1271 2859 1401 2913; x_wconf 84' lang='lat' dir='ltr'><strong>mihi</strong></span> <span class='ocrx_word' id='word_1_207' title='bbox 1427 2861 1573 2914; x_wconf 89' lang='lat' dir='ltr'><strong>velut</strong></span> <span class='ocrx_word' id='word_1_208' title='bbox 1599 2860 1887 2917; x_wconf 87' lang='lat' dir='ltr'><strong>fidissimus</strong></span> 
     </span>
    </p>
   </div>
   <div class='ocr_carea' id='block_1_29' title="bbox 306 2951 1884 3024">
    <p class='ocr_par' dir='ltr' id='par_1_29' title="bbox 306 2951 1884 3024">
     <span class='ocr_line' id='line_1_29' title="bbox 306 2951 1884 3024; baseline 0.003 -20"><span class='ocrx_word' id='word_1_209' title='bbox 306 2952 559 3022; x_wconf 88' lang='lat' dir='ltr'><strong>naufrago</strong></span> <span class='ocrx_word' id='word_1_210' title='bbox 589 2963 774 3021; x_wconf 89' lang='lat' dir='ltr'><strong>portus</strong></span> <span class='ocrx_word' id='word_1_211' title='bbox 809 2953 1059 3007; x_wconf 87' lang='lat' dir='ltr'><strong>occurrit.</strong></span> <span class='ocrx_word' id='word_1_212' title='bbox 1104 2951 1208 3009; x_wconf 81' lang='lat' dir='ltr'><strong>Ubi</strong></span> <span class='ocrx_word' id='word_1_213' title='bbox 1237 2967 1338 3022; x_wconf 88' lang='lat' dir='ltr'><strong>ego</strong></span> <span class='ocrx_word' id='word_1_214' title='bbox 1368 2952 1620 3024; x_wconf 83' lang='lat' dir='ltr'><strong>quidquid</strong></span> <span class='ocrx_word' id='word_1_215' title='bbox 1667 2953 1884 3009; x_wconf 91' lang='lat' dir='ltr'><strong>morbo-</strong></span> 
     </span>
    </p>
   </div>
   <div class='ocr_carea' id='block_1_30' title="bbox 305 3043 1884 3114">
    <p class='ocr_par' dir='ltr' id='par_1_30' title="bbox 305 3043 1884 3114">
     <span class='ocr_line' id='line_1_30' title="bbox 305 3043 1884 3114; baseline 0.001 -16"><span class='ocrx_word' id='word_1_216' title='bbox 305 3057 418 3098; x_wconf 87' lang='lat' dir='ltr'><strong>rum</strong></span> <span class='ocrx_word' id='word_1_217' title='bbox 448 3057 568 3098; x_wconf 89' lang='lat' dir='ltr'><strong>esse</strong></span> <span class='ocrx_word' id='word_1_218' title='bbox 608 3052 818 3114; x_wconf 88' lang='lat' dir='ltr'><strong>poterat</strong></span> <span class='ocrx_word' id='word_1_219' title='bbox 852 3054 1102 3114; x_wconf 81' lang='lat' dir='ltr'><strong>expertus</strong></span> <span class='ocrx_word' id='word_1_220' title='bbox 1124 3086 1139 3109; x_wconf 92' lang='lat'><strong>,</strong></span> <span class='ocrx_word' id='word_1_221' title='bbox 1167 3061 1232 3099; x_wconf 84' lang='lat' dir='ltr'><strong>ex</strong></span> <span class='ocrx_word' id='word_1_222' title='bbox 1262 3043 1470 3099; x_wconf 89' lang='lat' dir='ltr'><strong>duobus</strong></span> <span class='ocrx_word' id='word_1_223' title='bbox 1512 3046 1679 3101; x_wconf 90' lang='lat' dir='ltr'><strong>oculis</strong></span> <span class='ocrx_word' id='word_1_224' title='bbox 1724 3061 1884 3100; x_wconf 88' lang='lat' dir='ltr'><strong>unum</strong></span> 
     </span>
    </p>
   </div>
   <div class='ocr_carea' id='block_1_31' title="bbox 308 3132 1883 3204">
    <p class='ocr_par' dir='ltr' id='par_1_31' title="bbox 308 3132 1883 3204">
     <span class='ocr_line' id='line_1_31' title="bbox 308 3132 1883 3204; baseline 0.003 -18"><span class='ocrx_word' id='word_1_225' title='bbox 308 3132 543 3201; x_wconf 84' lang='lat' dir='ltr'><strong>perdidi,</strong></span> <span class='ocrx_word' id='word_1_226' title='bbox 588 3133 954 3188; x_wconf 85' lang='lat' dir='ltr'><strong>innocentium</strong></span> <span class='ocrx_word' id='word_1_227' title='bbox 991 3134 1172 3198; x_wconf 91' lang='lat' dir='ltr'><strong>enim,</strong></span> <span class='ocrx_word' id='word_1_228' title='bbox 1230 3142 1430 3204; x_wconf 89' lang='lat' dir='ltr'><strong>partem</strong></span> <span class='ocrx_word' id='word_1_229' title='bbox 1475 3135 1668 3189; x_wconf 72' lang='lat' dir='ltr'><strong>anima:</strong></span> <span class='ocrx_word' id='word_1_230' title='bbox 1713 3151 1883 3199; x_wconf 70' lang='lat' dir='ltr'><strong>tuere,</strong></span> 
     </span>
    </p>
   </div>
   <div class='ocr_carea' id='block_1_32' title="bbox 308 3222 1888 3296">
    <p class='ocr_par' dir='ltr' id='par_1_32' title="bbox 308 3222 1888 3296">
     <span class='ocr_line' id='line_1_32' title="bbox 308 3222 1888 3296; baseline 0.003 -20"><span class='ocrx_word' id='word_1_231' title='bbox 308 3224 614 3293; x_wconf 87' lang='lat' dir='ltr'><strong>repentinus</strong></span> <span class='ocrx_word' id='word_1_232' title='bbox 647 3222 872 3279; x_wconf 81' lang='lat' dir='ltr'><strong>febrium</strong></span> <span class='ocrx_word' id='word_1_233' title='bbox 902 3223 1065 3279; x_wconf 88' lang='lat' dir='ltr'><strong>ardor</strong></span> <span class='ocrx_word' id='word_1_234' title='bbox 1101 3224 1359 3278; x_wconf 82' lang='lat' dir='ltr'><strong>abstraxit</strong></span> <span class='ocrx_word' id='word_1_235' title='bbox 1387 3223 1486 3296; x_wconf 82' lang='lat' dir='ltr'><strong>(a).</strong></span> <span class='ocrx_word' id='word_1_236' title='bbox 1527 3225 1680 3280; x_wconf 82' lang='lat' dir='ltr'><strong>Nunc</strong></span> <span class='ocrx_word' id='word_1_237' title='bbox 1704 3241 1808 3280; x_wconf 88' lang='lat' dir='ltr'><strong>uno</strong></span> <span class='ocrx_word' id='word_1_238' title='bbox 1834 3236 1888 3281; x_wconf 92' lang='lat' dir='ltr'><strong>ct</strong></span> 
     </span>
    </p>
   </div>
   <div class='ocr_carea' id='block_1_33' title="bbox 309 3315 1888 3387">
    <p class='ocr_par' dir='ltr' id='par_1_33' title="bbox 309 3315 1888 3387">
     <span class='ocr_line' id='line_1_33' title="bbox 309 3315 1888 3387; baseline 0.002 -18"><span class='ocrx_word' id='word_1_239' title='bbox 309 3321 417 3369; x_wconf 86' lang='lat' dir='ltr'><strong>toto</strong></span> <span class='ocrx_word' id='word_1_240' title='bbox 458 3315 586 3369; x_wconf 91' lang='lat' dir='ltr'><strong>mihi</strong></span> <span class='ocrx_word' id='word_1_241' title='bbox 633 3315 710 3385; x_wconf 91' lang='lat' dir='ltr'><strong>(b)</strong></span> <span class='ocrx_word' id='word_1_242' title='bbox 740 3315 940 3370; x_wconf 87' lang='lat' dir='ltr'><strong>lumine</strong></span> <span class='ocrx_word' id='word_1_243' title='bbox 981 3315 1206 3385; x_wconf 86' lang='lat' dir='ltr'><strong>Evagrio</strong></span> <span class='ocrx_word' id='word_1_244' title='bbox 1237 3326 1420 3370; x_wconf 84' lang='lat' dir='ltr'><strong>nostro</strong></span> <span class='ocrx_word' id='word_1_245' title='bbox 1463 3317 1640 3384; x_wconf 89' lang='lat' dir='ltr'><strong>fruor,</strong></span> <span class='ocrx_word' id='word_1_246' title='bbox 1673 3317 1759 3372; x_wconf 93' lang='lat' dir='ltr'><strong>eui</strong></span> <span class='ocrx_word' id='word_1_247' title='bbox 1788 3332 1888 3387; x_wconf 88' lang='lat' dir='ltr'><strong>ego</strong></span> 
     </span>
    </p>
   </div>
   <div class='ocr_carea' id='block_1_34' title="bbox 309 3405 1884 3482">
    <p class='ocr_par' dir='ltr' id='par_1_34' title="bbox 309 3405 1884 3482">
     <span class='ocr_line' id='line_1_34' title="bbox 309 3405 1884 3482; baseline 0 -22"><span class='ocrx_word' id='word_1_248' title='bbox 309 3421 515 3476; x_wconf 83' lang='lat' dir='ltr'><strong>semper</strong></span> <span class='ocrx_word' id='word_1_249' title='bbox 543 3407 786 3461; x_wconf 84' lang='lat' dir='ltr'><strong>infirmus</strong></span> <span class='ocrx_word' id='word_1_250' title='bbox 812 3405 879 3460; x_wconf 91' lang='lat' dir='ltr'><strong>ad</strong></span> <span class='ocrx_word' id='word_1_251' title='bbox 925 3407 1165 3462; x_wconf 90' lang='lat' dir='ltr'><strong>laborem</strong></span> <span class='ocrx_word' id='word_1_252' title='bbox 1196 3409 1440 3464; x_wconf 79' lang='lat' dir='ltr'><strong>cernulus</strong></span> <span class='ocrx_word' id='word_1_253' title='bbox 1483 3409 1705 3463; x_wconf 85' lang='lat' dir='ltr'><strong>accessi.</strong></span> <span class='ocrx_word' id='word_1_254' title='bbox 1788 3413 1884 3482; x_wconf 79' lang='grc' dir='ltr'><strong>ιι</strong></span> 
     </span>
    </p>
   </div>
   <div class='ocr_carea' id='block_1_35' title="bbox 311 3495 1885 3570">
    <p class='ocr_par' dir='ltr' id='par_1_35' title="bbox 311 3495 1885 3570">
     <span class='ocr_line' id='line_1_35' title="bbox 311 3495 1885 3570; baseline 0.003 -20"><span class='ocrx_word' id='word_1_255' title='bbox 311 3496 720 3552; x_wconf 86' lang='lat' dir='ltr'><strong>Eratnobiscum</strong></span> <span class='ocrx_word' id='word_1_256' title='bbox 737 3507 786 3552; x_wconf 92' lang='lat' dir='ltr'><strong>et</strong></span> <span class='ocrx_word' id='word_1_257' title='bbox 803 3497 966 3569; x_wconf 82' lang='lat' dir='ltr'><strong>l-lylas</strong></span> <span class='ocrx_word' id='word_1_258' title='bbox 983 3495 1056 3569; x_wconf 88' lang='lat' dir='ltr'><strong>(c)</strong></span> <span class='ocrx_word' id='word_1_259' title='bbox 1079 3505 1275 3552; x_wconf 76' lang='lat' dir='ltr'><strong>sancta:</strong></span> <span class='ocrx_word' id='word_1_260' title='bbox 1294 3498 1504 3553; x_wconf 84' lang='lat' dir='ltr'><strong>Melanii</strong></span> <span class='ocrx_word' id='word_1_261' title='bbox 1525 3499 1775 3567; x_wconf 85' lang='lat' dir='ltr'><strong>famulus,</strong></span> <span class='ocrx_word' id='word_1_262' title='bbox 1795 3501 1885 3570; x_wconf 90' lang='lat' dir='ltr'><strong>qui</strong></span> 
     </span>
    </p>
   </div>
   <div class='ocr_carea' id='block_1_36' title="bbox 312 3588 1887 3654">
    <p class='ocr_par' dir='ltr' id='par_1_36' title="bbox 312 3588 1887 3654">
     <span class='ocr_line' id='line_1_36' title="bbox 312 3588 1887 3654; baseline 0.004 -15"><span class='ocrx_word' id='word_1_263' title='bbox 312 3588 534 3654; x_wconf 87' lang='lat' dir='ltr'><strong>puritate</strong></span> <span class='ocrx_word' id='word_1_264' title='bbox 558 3603 788 3652; x_wconf 89' lang='lat' dir='ltr'><strong>morum,</strong></span> <span class='ocrx_word' id='word_1_265' title='bbox 819 3588 1078 3642; x_wconf 90' lang='lat' dir='ltr'><strong>maculam</strong></span> <span class='ocrx_word' id='word_1_266' title='bbox 1108 3590 1380 3644; x_wconf 88' lang='lat' dir='ltr'><strong>servitutis</strong></span> <span class='ocrx_word' id='word_1_267' title='bbox 1404 3589 1646 3644; x_wconf 85' lang='lat' dir='ltr'><strong>abluerat</strong></span> <span class='ocrx_word' id='word_1_268' title='bbox 1676 3606 1690 3644; x_wconf 87' lang='lat'><strong>:</strong></span> <span class='ocrx_word' id='word_1_269' title='bbox 1719 3600 1774 3645; x_wconf 90' lang='lat' dir='ltr'><strong>et</strong></span> <span class='ocrx_word' id='word_1_270' title='bbox 1801 3589 1887 3646; x_wconf 91' lang='lat' dir='ltr'><strong>hic</strong></span> 
     </span>
    </p>
   </div>
   <div class='ocr_carea' id='block_1_37' title="bbox 313 3677 1889 3750">
    <p class='ocr_par' dir='ltr' id='par_1_37' title="bbox 313 3677 1889 3750">
     <span class='ocr_line' id='line_1_37' title="bbox 313 3677 1889 3750; baseline 0.004 -20"><span class='ocrx_word' id='word_1_271' title='bbox 313 3677 533 3731; x_wconf 83' lang='lat' dir='ltr'><strong>necdum</strong></span> <span class='ocrx_word' id='word_1_272' title='bbox 559 3678 838 3733; x_wconf 84' lang='lat' dir='ltr'><strong>obductam</strong></span> <span class='ocrx_word' id='word_1_273' title='bbox 860 3677 1076 3732; x_wconf 87' lang='lat' dir='ltr'><strong>rescidit</strong></span> <span class='ocrx_word' id='word_1_274' title='bbox 1097 3679 1419 3735; x_wconf 85' lang='lat' dir='ltr'><strong>cicatricem.</strong></span> <span class='ocrx_word' id='word_1_275' title='bbox 1445 3678 1641 3733; x_wconf 78' lang='lat' dir='ltr'><strong>Verum</strong></span> <span class='ocrx_word' id='word_1_276' title='bbox 1672 3682 1795 3750; x_wconf 85' lang='lat' dir='ltr'><strong>quia</strong></span> <span class='ocrx_word' id='word_1_277' title='bbox 1823 3681 1889 3736; x_wconf 89' lang='lat' dir='ltr'><strong>de</strong></span> 
     </span>
    </p>
   </div>
   <div class='ocr_carea' id='block_1_38' title="bbox 313 3768 1886 3840">
    <p class='ocr_par' dir='ltr' id='par_1_38' title="bbox 313 3768 1886 3840">
     <span class='ocr_line' id='line_1_38' title="bbox 313 3768 1886 3840; baseline 0.004 -20"><span class='ocrx_word' id='word_1_278' title='bbox 313 3768 693 3824; x_wconf 89' lang='lat' dir='ltr'><strong>dormientibus</strong></span> <span class='ocrx_word' id='word_1_279' title='bbox 731 3769 1039 3824; x_wconf 85' lang='lat' dir='ltr'><strong>contristari</strong></span> <span class='ocrx_word' id='word_1_280' title='bbox 1065 3770 1306 3840; x_wconf 76' lang='lat' dir='ltr'><strong>Apostoli</strong></span> <span class='ocrx_word' id='word_1_281' title='bbox 1347 3785 1478 3824; x_wconf 91' lang='lat' dir='ltr'><strong>voce</strong></span> <span class='ocrx_word' id='word_1_282' title='bbox 1505 3769 1886 3838; x_wconf 87' lang='lat' dir='ltr'><strong>prohibemur,</strong></span> 
     </span>
    </p>
   </div>
   <div class='ocr_carea' id='block_1_39' title="bbox 320 3859 1890 3927">
    <p class='ocr_par' dir='ltr' id='par_1_39' title="bbox 320 3859 1890 3927">
     <span class='ocr_line' id='line_1_39' title="bbox 320 3859 1890 3927; baseline 0.002 -15"><span class='ocrx_word' id='word_1_283' title='bbox 320 3867 373 3912; x_wconf 91' lang='lat' dir='ltr'><strong>et</strong></span> <span class='ocrx_word' id='word_1_284' title='bbox 423 3859 582 3912; x_wconf 86' lang='lat' dir='ltr'><strong>nimia</strong></span> <span class='ocrx_word' id='word_1_285' title='bbox 638 3860 720 3913; x_wconf 89' lang='lat' dir='ltr'><strong>vis</strong></span> <span class='ocrx_word' id='word_1_286' title='bbox 770 3859 1020 3914; x_wconf 73' lang='lat' dir='ltr'><strong>mmroris</strong></span> <span class='ocrx_word' id='word_1_287' title='bbox 1065 3859 1188 3912; x_wconf 48' lang='lat' dir='ltr'><strong>lalto</strong></span> <span class='ocrx_word' id='word_1_288' title='bbox 1240 3859 1652 3927; x_wconf 81' lang='lat' dir='ltr'><strong>superveniente</strong></span> <span class='ocrx_word' id='word_1_289' title='bbox 1703 3863 1890 3915; x_wconf 90' lang='lat' dir='ltr'><strong>nuntio</strong></span> 
     </span>
    </p>
   </div>
   <div class='ocr_carea' id='block_1_40' title="bbox 316 3949 1888 4020">
    <p class='ocr_par' dir='ltr' id='par_1_40' title="bbox 316 3949 1888 4020">
     <span class='ocr_line' id='line_1_40' title="bbox 316 3949 1888 4020; baseline 0.003 -19"><span class='ocrx_word' id='word_1_290' title='bbox 316 3957 599 4020; x_wconf 84' lang='lat' dir='ltr'><strong>temperata</strong></span> <span class='ocrx_word' id='word_1_291' title='bbox 644 3959 762 4017; x_wconf 88' lang='lat' dir='ltr'><strong>est,</strong></span> <span class='ocrx_word' id='word_1_292' title='bbox 811 3949 1107 4004; x_wconf 86' lang='lat' dir='ltr'><strong>iudicamus</strong></span> <span class='ocrx_word' id='word_1_293' title='bbox 1153 3949 1268 4003; x_wconf 71' lang='lat' dir='ltr'><strong>bmc</strong></span> <span class='ocrx_word' id='word_1_294' title='bbox 1319 3950 1452 4015; x_wconf 89' lang='lat' dir='ltr'><strong>tibi,</strong></span> <span class='ocrx_word' id='word_1_295' title='bbox 1497 3961 1553 4004; x_wconf 92' lang='lat' dir='ltr'><strong>ut</strong></span> <span class='ocrx_word' id='word_1_296' title='bbox 1581 3950 1624 4005; x_wconf 90' lang='lat' dir='ltr'><strong>si</strong></span> <span class='ocrx_word' id='word_1_297' title='bbox 1677 3953 1888 4018; x_wconf 84' lang='lat' dir='ltr'><strong>nescis,</strong></span> 
     </span>
    </p>
   </div>
   <div class='ocr_carea' id='block_1_41' title="bbox 312 4039 1684 4112">
    <p class='ocr_par' dir='ltr' id='par_1_41' title="bbox 312 4039 1684 4112">
     <span class='ocr_line' id='line_1_41' title="bbox 312 4039 1684 4112; baseline 0.001 -18"><span class='ocrx_word' id='word_1_298' title='bbox 312 4039 516 4106; x_wconf 86' lang='lat' dir='ltr'><strong>discas;</strong></span> <span class='ocrx_word' id='word_1_299' title='bbox 548 4042 590 4097; x_wconf 92' lang='lat' dir='ltr'><strong>si</strong></span> <span class='ocrx_word' id='word_1_300' title='bbox 618 4051 740 4097; x_wconf 86' lang='lat' dir='ltr'><strong>ante</strong></span> <span class='ocrx_word' id='word_1_301' title='bbox 762 4041 1077 4112; x_wconf 85' lang='lat' dir='ltr'><strong>cognovisti,</strong></span> <span class='ocrx_word' id='word_1_302' title='bbox 1113 4041 1312 4111; x_wconf 88' lang='lat' dir='ltr'><strong>pariter</strong></span> <span class='ocrx_word' id='word_1_303' title='bbox 1337 4041 1684 4111; x_wconf 83' lang='lat' dir='ltr'><strong>gaudeamus.</strong></span> 
     </span>
    </p>
   </div>
   <div class='ocr_carea' id='block_1_42' title="bbox 379 4130 1890 4204">
    <p class='ocr_par' dir='ltr' id='par_1_42' title="bbox 379 4130 1890 4204">
     <span class='ocr_line' id='line_1_42' title="bbox 379 4130 1890 4204; baseline 0.003 -19"><span class='ocrx_word' id='word_1_304' title='bbox 379 4133 432 4185; x_wconf 70' lang='grc' dir='ltr'><strong>Δ.</strong></span> <span class='ocrx_word' id='word_1_305' title='bbox 449 4130 837 4197; x_wconf 86' lang='lat' dir='ltr'><strong>Bonosifaudes,</strong></span> <span class='ocrx_word' id='word_1_306' title='bbox 858 4142 904 4187; x_wconf 91' lang='lat' dir='ltr'><strong>et</strong></span> <span class='ocrx_word' id='word_1_307' title='bbox 919 4135 1027 4204; x_wconf 82' lang='lat' dir='ltr'><strong>ejus</strong></span> <span class='ocrx_word' id='word_1_308' title='bbox 1045 4131 1763 4199; x_wconf 84' lang='lat' dir='ltr'><strong>solitudo.—Bonosustuus,</strong></span> <span class='ocrx_word' id='word_1_309' title='bbox 1785 4134 1890 4190; x_wconf 90' lang='lat' dir='ltr'><strong>imo</strong></span> 
     </span>
    </p>
   </div>
   <div class='ocr_carea' id='block_1_43' title="bbox 316 4222 1888 4293">
    <p class='ocr_par' dir='ltr' id='par_1_43' title="bbox 316 4222 1888 4293">
     <span class='ocr_line' id='line_1_43' title="bbox 316 4222 1888 4293; baseline 0.002 -18"><span class='ocrx_word' id='word_1_310' title='bbox 316 4230 372 4276; x_wconf 89' lang='lat' dir='ltr'><strong>nt</strong></span> <span class='ocrx_word' id='word_1_311' title='bbox 387 4222 562 4277; x_wconf 89' lang='lat' dir='ltr'><strong>verius</strong></span> <span class='ocrx_word' id='word_1_312' title='bbox 582 4223 778 4285; x_wconf 86' lang='lat' dir='ltr'><strong>dicam,</strong></span> <span class='ocrx_word' id='word_1_313' title='bbox 799 4233 1004 4290; x_wconf 89' lang='lat' dir='ltr'><strong>noster,</strong></span> <span class='ocrx_word' id='word_1_314' title='bbox 1024 4223 1219 4277; x_wconf 88' lang='lat' dir='ltr'><strong>scalam</strong></span> <span class='ocrx_word' id='word_1_315' title='bbox 1234 4232 1581 4293; x_wconf 70' lang='lat' dir='ltr'><strong>prazsagatam</strong></span> <span class='ocrx_word' id='word_1_316' title='bbox 1608 4239 1781 4291; x_wconf 93' lang='lat' dir='ltr'><strong>meus,</strong></span> <span class='ocrx_word' id='word_1_317' title='bbox 1814 4234 1888 4291; x_wconf 91' lang='lat' dir='ltr'><strong>et,</strong></span> 
     </span>
    </p>
   </div>
   <div class='ocr_carea' id='block_1_44' title="bbox 313 4311 1892 4384">
    <p class='ocr_par' dir='ltr' id='par_1_44' title="bbox 313 4311 1892 4384">
     <span class='ocr_line' id='line_1_44' title="bbox 313 4311 1892 4384; baseline 0.004 -18"><span class='ocrx_word' id='word_1_318' title='bbox 313 4311 472 4368; x_wconf 81' lang='lat' dir='ltr'><strong>Jacob</strong></span> <span class='ocrx_word' id='word_1_319' title='bbox 489 4313 905 4383; x_wconf 80' lang='lat' dir='ltr'><strong>somniantejam</strong></span> <span class='ocrx_word' id='word_1_320' title='bbox 922 4313 1130 4368; x_wconf 89' lang='lat' dir='ltr'><strong>scandit</strong></span> <span class='ocrx_word' id='word_1_321' title='bbox 1149 4331 1162 4367; x_wconf 91' lang='lat'><strong>:</strong></span> <span class='ocrx_word' id='word_1_322' title='bbox 1185 4323 1358 4383; x_wconf 89' lang='lat' dir='ltr'><strong>portat</strong></span> <span class='ocrx_word' id='word_1_323' title='bbox 1377 4329 1589 4369; x_wconf 90' lang='lat' dir='ltr'><strong>crucem</strong></span> <span class='ocrx_word' id='word_1_324' title='bbox 1602 4331 1773 4384; x_wconf 90' lang='lat' dir='ltr'><strong>suam,</strong></span> <span class='ocrx_word' id='word_1_325' title='bbox 1794 4331 1892 4372; x_wconf 87' lang='lat' dir='ltr'><strong>nec</strong></span> 
     </span>
    </p>
   </div>
   <div class='ocr_carea' id='block_1_45' title="bbox 312 4402 1892 4477">
    <p class='ocr_par' dir='ltr' id='par_1_45' title="bbox 312 4402 1892 4477">
     <span class='ocr_line' id='line_1_45' title="bbox 312 4402 1892 4477; baseline 0.004 -19"><span class='ocrx_word' id='word_1_326' title='bbox 312 4402 378 4458; x_wconf 91' lang='lat' dir='ltr'><strong>de</strong></span> <span class='ocrx_word' id='word_1_327' title='bbox 395 4405 627 4459; x_wconf 86' lang='lat' dir='ltr'><strong>crastino</strong></span> <span class='ocrx_word' id='word_1_328' title='bbox 650 4404 867 4475; x_wconf 88' lang='lat' dir='ltr'><strong>cogitat,</strong></span> <span class='ocrx_word' id='word_1_329' title='bbox 892 4419 990 4460; x_wconf 91' lang='lat' dir='ltr'><strong>nec</strong></span> <span class='ocrx_word' id='word_1_330' title='bbox 1014 4413 1135 4476; x_wconf 89' lang='lat' dir='ltr'><strong>post</strong></span> <span class='ocrx_word' id='word_1_331' title='bbox 1157 4412 1360 4475; x_wconf 86' lang='lat' dir='ltr'><strong>tergum</strong></span> <span class='ocrx_word' id='word_1_332' title='bbox 1383 4407 1616 4477; x_wconf 80' lang='lat' dir='ltr'><strong>reSpieit.</strong></span> <span class='ocrx_word' id='word_1_333' title='bbox 1651 4407 1892 4464; x_wconf 90' lang='lat' dir='ltr'><strong>Semiuat</strong></span> 
     </span>
    </p>
   </div>
   <div class='ocr_carea' id='block_1_46' title="bbox 315 4495 1886 4572">
    <p class='ocr_par' dir='ltr' id='par_1_46' title="bbox 315 4495 1886 4572">
     <span class='ocr_line' id='line_1_46' title="bbox 315 4495 1886 4572; baseline 0.004 -23"><span class='ocrx_word' id='word_1_334' title='bbox 315 4495 368 4550; x_wconf 86' lang='lat' dir='ltr'><strong>in</strong></span> <span class='ocrx_word' id='word_1_335' title='bbox 392 4497 659 4568; x_wconf 79' lang='lat' dir='ltr'><strong>lacrymis,</strong></span> <span class='ocrx_word' id='word_1_336' title='bbox 681 4507 740 4552; x_wconf 91' lang='lat' dir='ltr'><strong>ut</strong></span> <span class='ocrx_word' id='word_1_337' title='bbox 758 4499 808 4551; x_wconf 93' lang='lat' dir='ltr'><strong>in</strong></span> <span class='ocrx_word' id='word_1_338' title='bbox 836 4497 1026 4568; x_wconf 85' lang='lat' dir='ltr'><strong>gaudio</strong></span> <span class='ocrx_word' id='word_1_339' title='bbox 1053 4505 1236 4554; x_wconf 88' lang='lat' dir='ltr'><strong>metat.</strong></span> <span class='ocrx_word' id='word_1_340' title='bbox 1259 4497 1327 4552; x_wconf 89' lang='lat' dir='ltr'><strong>Et</strong></span> <span class='ocrx_word' id='word_1_341' title='bbox 1352 4509 1688 4554; x_wconf 88' lang='lat' dir='ltr'><strong>sacramento</strong></span> <span class='ocrx_word' id='word_1_342' title='bbox 1703 4500 1886 4572; x_wconf 84' lang='lat' dir='ltr'><strong>Moysi,</strong></span> 
     </span>
    </p>
   </div>
   <div class='ocr_carea' id='block_1_47' title="bbox 313 4586 1893 4660">
    <p class='ocr_par' dir='ltr' id='par_1_47' title="bbox 313 4586 1893 4660">
     <span class='ocr_line' id='line_1_47' title="bbox 313 4586 1893 4660; baseline 0.005 -22"><span class='ocrx_word' id='word_1_343' title='bbox 313 4597 610 4656; x_wconf 86' lang='lat' dir='ltr'><strong>serpentem</strong></span> <span class='ocrx_word' id='word_1_344' title='bbox 636 4587 688 4642; x_wconf 92' lang='lat' dir='ltr'><strong>in</strong></span> <span class='ocrx_word' id='word_1_345' title='bbox 717 4602 900 4643; x_wconf 89' lang='lat' dir='ltr'><strong>eremo</strong></span> <span class='ocrx_word' id='word_1_346' title='bbox 927 4587 1203 4658; x_wconf 88' lang='lat' dir='ltr'><strong>suspendit</strong></span> <span class='ocrx_word' id='word_1_347' title='bbox 1233 4586 1422 4660; x_wconf 82' lang='lat' dir='ltr'><strong>(Num.</strong></span> <span class='ocrx_word' id='word_1_348' title='bbox 1459 4589 1548 4644; x_wconf 75' lang='grc'><strong>21.</strong></span> <span class='ocrx_word' id='word_1_349' title='bbox 1583 4589 1662 4660; x_wconf 82' lang='grc'><strong>9).</strong></span> <span class='ocrx_word' id='word_1_350' title='bbox 1690 4590 1893 4646; x_wconf 88' lang='lat' dir='ltr'><strong>Cedant</strong></span> 
     </span>
    </p>
   </div>
   <div class='ocr_carea' id='block_1_48' title="bbox 315 4680 1888 4752">
    <p class='ocr_par' dir='ltr' id='par_1_48' title="bbox 315 4680 1888 4752">
     <span class='ocr_line' id='line_1_48' title="bbox 315 4680 1888 4752; baseline 0.004 -21"><span class='ocrx_word' id='word_1_351' title='bbox 315 4680 432 4736; x_wconf 85' lang='lat' dir='ltr'><strong>huic</strong></span> <span class='ocrx_word' id='word_1_352' title='bbox 461 4681 690 4744; x_wconf 81' lang='lat' dir='ltr'><strong>veritati,</strong></span> <span class='ocrx_word' id='word_1_353' title='bbox 727 4688 832 4735; x_wconf 85' lang='lat' dir='ltr'><strong>tam</strong></span> <span class='ocrx_word' id='word_1_354' title='bbox 863 4680 1049 4735; x_wconf 71' lang='lat' dir='ltr'><strong>Grtrco</strong></span> <span class='ocrx_word' id='word_1_355' title='bbox 1075 4696 1231 4750; x_wconf 91' lang='lat' dir='ltr'><strong>quam</strong></span> <span class='ocrx_word' id='word_1_356' title='bbox 1263 4680 1502 4735; x_wconf 85' lang='lat' dir='ltr'><strong>Romano</strong></span> <span class='ocrx_word' id='word_1_357' title='bbox 1536 4683 1707 4752; x_wconf 87' lang='lat' dir='ltr'><strong>stylo,</strong></span> <span class='ocrx_word' id='word_1_358' title='bbox 1736 4698 1888 4738; x_wconf 91' lang='lat' dir='ltr'><strong>men-</strong></span> 
     </span>
    </p>
   </div>
   <div class='ocr_carea' id='block_1_49' title="bbox 313 4771 1894 4843">
    <p class='ocr_par' dir='ltr' id='par_1_49' title="bbox 313 4771 1894 4843">
     <span class='ocr_line' id='line_1_49' title="bbox 313 4771 1894 4843; baseline 0.003 -17"><span class='ocrx_word' id='word_1_359' title='bbox 313 4771 474 4828; x_wconf 87' lang='lat' dir='ltr'><strong>daciis</strong></span> <span class='ocrx_word' id='word_1_360' title='bbox 513 4776 634 4828; x_wconf 82' lang='lat' dir='ltr'><strong>llcta</strong></span> <span class='ocrx_word' id='word_1_361' title='bbox 662 4774 938 4828; x_wconf 78' lang='lat' dir='ltr'><strong>miracula.</strong></span> <span class='ocrx_word' id='word_1_362' title='bbox 972 4773 1108 4828; x_wconf 87' lang='lat' dir='ltr'><strong>Ecce</strong></span> <span class='ocrx_word' id='word_1_363' title='bbox 1151 4787 1281 4843; x_wconf 85' lang='lat' dir='ltr'><strong>puer</strong></span> <span class='ocrx_word' id='word_1_364' title='bbox 1323 4773 1561 4828; x_wconf 88' lang='lat' dir='ltr'><strong>honestis</strong></span> <span class='ocrx_word' id='word_1_365' title='bbox 1586 4775 1766 4830; x_wconf 83' lang='lat' dir='ltr'><strong>saeculi</strong></span> <span class='ocrx_word' id='word_1_366' title='bbox 1796 4791 1894 4830; x_wconf 79' lang='lat' dir='ltr'><strong>no-</strong></span> 
     </span>
    </p>
   </div>
   <div class='ocr_carea' id='block_1_50' title="bbox 311 4987 1892 5122">
    <p class='ocr_par' dir='ltr' id='par_1_50' title="bbox 311 4987 1892 5122">
     <span class='ocr_line' id='line_1_50' title="bbox 375 4987 1889 5062; baseline 0.001 -24"><span class='ocrx_word' id='word_1_367' title='bbox 375 4987 442 5062; x_wconf 74' lang='lat' dir='ltr'><strong>(u)</strong></span> <span class='ocrx_word' id='word_1_368' title='bbox 471 4990 736 5060; x_wconf 78' lang='lat' dir='ltr'><strong>Innocentii</strong></span> <span class='ocrx_word' id='word_1_369' title='bbox 762 4992 1018 5062; x_wconf 86' lang='lat' dir='ltr'><strong>repentina</strong></span> <span class='ocrx_word' id='word_1_370' title='bbox 1031 5003 1178 5040; x_wconf 92' lang='lat' dir='ltr'><strong>mors.</strong></span> <span class='ocrx_word' id='word_1_371' title='bbox 1198 4989 1290 5062; x_wconf 80' lang='lat' dir='ltr'><strong>Hic</strong></span> <span class='ocrx_word' id='word_1_372' title='bbox 1317 4989 1445 5038; x_wconf 88' lang='lat' dir='ltr'><strong>idem</strong></span> <span class='ocrx_word' id='word_1_373' title='bbox 1470 4987 1889 5062; x_wconf 74' lang='lat' dir='ltr'><strong>estInnucentius,</strong></span> 
     </span>
     <span class='ocr_line' id='line_1_51' title="bbox 311 5051 1892 5122; baseline 0.003 -23"><span class='ocrx_word' id='word_1_374' title='bbox 311 5064 387 5122; x_wconf 68' lang='lat' dir='ltr'><strong>cui</strong></span> <span class='ocrx_word' id='word_1_375' title='bbox 403 5053 466 5101; x_wconf 87' lang='lat' dir='ltr'><strong>de</strong></span> <span class='ocrx_word' id='word_1_376' title='bbox 490 5051 692 5122; x_wconf 64' lang='lat' dir='ltr'><strong>muliere</strong></span> <span class='ocrx_word' id='word_1_377' title='bbox 713 5060 884 5114; x_wconf 81' lang='lat' dir='ltr'><strong>septies</strong></span> <span class='ocrx_word' id='word_1_378' title='bbox 912 5066 1139 5122; x_wconf 70' lang='lat' dir='ltr'><strong>percussa</strong></span> <span class='ocrx_word' id='word_1_379' title='bbox 1169 5051 1430 5122; x_wconf 70' lang='lat' dir='ltr'><strong>epistolam</strong></span> <span class='ocrx_word' id='word_1_380' title='bbox 1453 5051 1550 5100; x_wconf 81' lang='lat' dir='ltr'><strong>lite.</strong></span> <span class='ocrx_word' id='word_1_381' title='bbox 1584 5051 1624 5100; x_wconf 90' lang='grc'><strong>1.</strong></span> <span class='ocrx_word' id='word_1_382' title='bbox 1651 5053 1892 5114; x_wconf 77' lang='lat' dir='ltr'><strong>inscripsit</strong></span> 
     </span>
    </p>
   </div>
   <div class='ocr_carea' id='block_1_51' title="bbox 312 5111 1448 5164">
    <p class='ocr_par' dir='ltr' id='par_1_51' title="bbox 312 5111 1448 5164">
     <span class='ocr_line' id='line_1_52' title="bbox 312 5111 1448 5164; baseline 0 -4"><span class='ocrx_word' id='word_1_383' title='bbox 312 5111 452 5160; x_wconf 82' lang='lat' dir='ltr'><strong>Hier.</strong></span> <span class='ocrx_word' id='word_1_384' title='bbox 490 5114 582 5161; x_wconf 86' lang='lat' dir='ltr'><strong>etsi</strong></span> <span class='ocrx_word' id='word_1_385' title='bbox 618 5111 861 5163; x_wconf 56' lang='lat' dir='ltr'><strong>diverésum</strong></span> <span class='ocrx_word' id='word_1_386' title='bbox 902 5111 984 5162; x_wconf 79' lang='lat' dir='ltr'><strong>alii</strong></span> <span class='ocrx_word' id='word_1_387' title='bbox 1011 5111 1448 5164; x_wconf 81' lang='lat' dir='ltr'><strong>comminiscuntur.</strong></span> 
     </span>
    </p>
   </div>
   <div class='ocr_carea' id='block_1_52' title="bbox 380 5173 1892 5237">
    <p class='ocr_par' dir='ltr' id='par_1_52' title="bbox 380 5173 1892 5237">
     <span class='ocr_line' id='line_1_53' title="bbox 380 5173 1892 5237; baseline 0.003 -15"><span class='ocrx_word' id='word_1_388' title='bbox 380 5173 443 5237; x_wconf 69' lang='lat' dir='ltr'><strong>(b)</strong></span> <span class='ocrx_word' id='word_1_389' title='bbox 484 5173 686 5237; x_wconf 77' lang='lat' dir='ltr'><strong>Quidam</strong></span> <span class='ocrx_word' id='word_1_390' title='bbox 704 5174 900 5237; x_wconf 81' lang='lat' dir='ltr'><strong>Erasmo</strong></span> <span class='ocrx_word' id='word_1_391' title='bbox 922 5177 1224 5237; x_wconf 84' lang='lat' dir='ltr'><strong>antiquiores</strong></span> <span class='ocrx_word' id='word_1_392' title='bbox 1247 5174 1365 5237; x_wconf 80' lang='lat' dir='ltr'><strong>editi</strong></span> <span class='ocrx_word' id='word_1_393' title='bbox 1389 5180 1485 5224; x_wconf 81' lang='lat' dir='ltr'><strong>toto</strong></span> <span class='ocrx_word' id='word_1_394' title='bbox 1501 5173 1619 5225; x_wconf 78' lang='lat' dir='ltr'><strong>mihi</strong></span> <span class='ocrx_word' id='word_1_395' title='bbox 1641 5173 1892 5229; x_wconf 82' lang='lat' dir='ltr'><strong>carissimo</strong></span> 
     </span>
    </p>
   </div>
   <div class='ocr_carea' id='block_1_53' title="bbox 312 5233 1641 5300">
    <p class='ocr_par' dir='ltr' id='par_1_53' title="bbox 312 5233 1641 5300">
     <span class='ocr_line' id='line_1_54' title="bbox 312 5233 1641 5300; baseline 0.001 -17"><span class='ocrx_word' id='word_1_396' title='bbox 312 5233 515 5300; x_wconf 61' lang='lat' dir='ltr'><strong>tundite,</strong></span> <span class='ocrx_word' id='word_1_397' title='bbox 530 5243 588 5300; x_wconf 80' lang='lat' dir='ltr'><strong>et</strong></span> <span class='ocrx_word' id='word_1_398' title='bbox 610 5249 722 5300; x_wconf 74' lang='lat' dir='ltr'><strong>mox</strong></span> <span class='ocrx_word' id='word_1_399' title='bbox 744 5235 963 5300; x_wconf 71' lang='lat' dir='ltr'><strong>infirmus</strong></span> <span class='ocrx_word' id='word_1_400' title='bbox 985 5233 1179 5300; x_wconf 73' lang='lat' dir='ltr'><strong>quidem</strong></span> <span class='ocrx_word' id='word_1_401' title='bbox 1202 5236 1266 5286; x_wconf 91' lang='lat' dir='ltr'><strong>ad</strong></span> <span class='ocrx_word' id='word_1_402' title='bbox 1292 5234 1518 5300; x_wconf 77' lang='lat' dir='ltr'><strong>laborem,</strong></span> <span class='ocrx_word' id='word_1_403' title='bbox 1546 5243 1641 5300; x_wconf 85' lang='lat' dir='ltr'><strong>etc.</strong></span> 
     </span>
    </p>
   </div>
   <div class='ocr_carea' id='block_1_54' title="bbox 381 5295 1890 5409">
    <p class='ocr_par' dir='ltr' id='par_1_54' title="bbox 381 5295 1890 5409">
     <span class='ocr_line' id='line_1_55' title="bbox 381 5295 1890 5409; baseline -0.001 -62"><span class='ocrx_word' id='word_1_404' title='bbox 381 5295 444 5409; x_wconf 60' lang='lat'><strong>(6]</strong></span> <span class='ocrx_word' id='word_1_405' title='bbox 472 5297 639 5348; x_wconf 88' lang='lat' dir='ltr'><strong>Editur</strong></span> <span class='ocrx_word' id='word_1_406' title='bbox 658 5295 1199 5348; x_wconf 71' lang='lat' dir='ltr'><strong>Benedictinus&#39;Sanctw</strong></span> <span class='ocrx_word' id='word_1_407' title='bbox 1214 5297 1450 5358; x_wconf 77' lang='lat' dir='ltr'><strong>Melanicc,</strong></span> <span class='ocrx_word' id='word_1_408' title='bbox 1466 5298 1632 5347; x_wconf 85' lang='lat' dir='ltr'><strong>verius</strong></span> <span class='ocrx_word' id='word_1_409' title='bbox 1646 5306 1808 5348; x_wconf 84' lang='lat' dir='ltr'><strong>tamen</strong></span> <span class='ocrx_word' id='word_1_410' title='bbox 1824 5298 1890 5346; x_wconf 88' lang='lat' dir='ltr'><strong>lc-</strong></span> 
     </span>
     <span class='ocr_line' id='line_1_56' title="bbox 381 5357 1889 5409; baseline 0.001 -1"><span class='ocrx_word' id='word_1_411' title='bbox 381 5373 422 5408; x_wconf 82' lang='lat' dir='ltr'><strong>l‘ll</strong></span> <span class='ocrx_word' id='word_1_412' title='bbox 443 5373 522 5408; x_wconf 90' lang='lat' dir='ltr'><strong>um</strong></span> <span class='ocrx_word' id='word_1_413' title='bbox 542 5357 750 5409; x_wconf 79' lang='lat' dir='ltr'><strong>Melanii.</strong></span> <span class='ocrx_word' id='word_1_414' title='bbox 771 5367 825 5408; x_wconf 83' lang='lat' dir='ltr'><strong>ut</strong></span> <span class='ocrx_word' id='word_1_415' title='bbox 848 5359 1114 5409; x_wconf 89' lang='lat' dir='ltr'><strong>edidimus:</strong></span> <span class='ocrx_word' id='word_1_416' title='bbox 1139 5373 1234 5408; x_wconf 88' lang='lat' dir='ltr'><strong>non</strong></span> <span class='ocrx_word' id='word_1_417' title='bbox 1257 5365 1420 5408; x_wconf 88' lang='lat' dir='ltr'><strong>tamen</strong></span> <span class='ocrx_word' id='word_1_418' title='bbox 1442 5359 1619 5409; x_wconf 77' lang='lat' dir='ltr'><strong>sam-ti.</strong></span> <span class='ocrx_word' id='word_1_419' title='bbox 1637 5367 1690 5409; x_wconf 85' lang='lat' dir='ltr'><strong>ut</strong></span> <span class='ocrx_word' id='word_1_420' title='bbox 1715 5361 1889 5409; x_wconf 87' lang='lat' dir='ltr'><strong>vitiose</strong></span> 
     </span>
    </p>
   </div>
   <div class='ocr_carea' id='block_1_55' title="bbox 347 5357 1889 5420">
    <p class='ocr_par' dir='ltr' id='par_1_55' title="bbox 347 5357 1889 5420">
     <span class='ocr_line' id='line_1_57' title="bbox 347 5357 1889 5420; baseline 0.003 -15"><span class='ocrx_word' id='word_1_421' title='bbox 347 5357 522 5409; x_wconf 81' lang='lat' dir='ltr'><strong>endam</strong></span> <span class='ocrx_word' id='word_1_422' title='bbox 542 5357 750 5418; x_wconf 79' lang='lat' dir='ltr'><strong>Melanii,</strong></span> <span class='ocrx_word' id='word_1_423' title='bbox 771 5367 825 5408; x_wconf 83' lang='lat' dir='ltr'><strong>ut</strong></span> <span class='ocrx_word' id='word_1_424' title='bbox 848 5359 1114 5419; x_wconf 90' lang='lat' dir='ltr'><strong>edidimus;</strong></span> <span class='ocrx_word' id='word_1_425' title='bbox 1139 5373 1234 5408; x_wconf 88' lang='lat' dir='ltr'><strong>non</strong></span> <span class='ocrx_word' id='word_1_426' title='bbox 1257 5365 1420 5408; x_wconf 88' lang='lat' dir='ltr'><strong>tamen</strong></span> <span class='ocrx_word' id='word_1_427' title='bbox 1440 5357 1619 5420; x_wconf 73' lang='lat' dir='ltr'><strong>Sancti,</strong></span> <span class='ocrx_word' id='word_1_428' title='bbox 1637 5367 1690 5409; x_wconf 85' lang='lat' dir='ltr'><strong>ut</strong></span> <span class='ocrx_word' id='word_1_429' title='bbox 1715 5361 1889 5409; x_wconf 88' lang='lat' dir='ltr'><strong>vitiose</strong></span> 
     </span>
    </p>
   </div>
   <div class='ocr_carea' id='block_1_56' title="bbox 345 5419 1885 5483">
    <p class='ocr_par' dir='ltr' id='par_1_56' title="bbox 345 5419 1885 5483">
     <span class='ocr_line' id='line_1_58' title="bbox 345 5419 1885 5483; baseline 0.001 -16"><span class='ocrx_word' id='word_1_430' title='bbox 345 5423 492 5472; x_wconf 88' lang='lat' dir='ltr'><strong>abent</strong></span> <span class='ocrx_word' id='word_1_431' title='bbox 532 5429 735 5483; x_wconf 76' lang='lat' dir='ltr'><strong>veteres</strong></span> <span class='ocrx_word' id='word_1_432' title='bbox 771 5421 907 5483; x_wconf 85' lang='lat' dir='ltr'><strong>editi.</strong></span> <span class='ocrx_word' id='word_1_433' title='bbox 943 5422 1023 5470; x_wconf 88' lang='lat' dir='ltr'><strong>Sic</strong></span> <span class='ocrx_word' id='word_1_434' title='bbox 1059 5421 1261 5483; x_wconf 84' lang='lat' dir='ltr'><strong>apudS.</strong></span> <span class='ocrx_word' id='word_1_435' title='bbox 1285 5419 1544 5483; x_wconf 84' lang='lat' dir='ltr'><strong>Paulinum</strong></span> <span class='ocrx_word' id='word_1_436' title='bbox 1577 5419 1770 5483; x_wconf 85' lang='lat' dir='ltr'><strong>epistol.</strong></span> <span class='ocrx_word' id='word_1_437' title='bbox 1807 5423 1885 5471; x_wconf 78' lang='grc'><strong>51.</strong></span> 
     </span>
    </p>
   </div>
   <div class='ocr_carea' id='block_1_57' title="bbox 312 5480 1891 5545">
    <p class='ocr_par' dir='ltr' id='par_1_57' title="bbox 312 5480 1891 5545">
     <span class='ocr_line' id='line_1_59' title="bbox 312 5480 1891 5545; baseline 0.001 -15"><span class='ocrx_word' id='word_1_438' title='bbox 312 5488 480 5545; x_wconf 62' lang='lat' dir='ltr'><strong>saneta</strong></span> <span class='ocrx_word' id='word_1_439' title='bbox 506 5480 738 5533; x_wconf 78' lang='lat' dir='ltr'><strong>Melanius</strong></span> <span class='ocrx_word' id='word_1_440' title='bbox 759 5482 933 5545; x_wconf 81' lang='lat' dir='ltr'><strong>dicitur</strong></span> <span class='ocrx_word' id='word_1_441' title='bbox 955 5489 1007 5531; x_wconf 90' lang='lat' dir='ltr'><strong>et</strong></span> <span class='ocrx_word' id='word_1_442' title='bbox 1030 5481 1324 5545; x_wconf 59' lang='lat' dir='ltr'><strong>episto|_.29.</strong></span> <span class='ocrx_word' id='word_1_443' title='bbox 1354 5488 1539 5545; x_wconf 58' lang='lat' dir='ltr'><strong>Sanctis</strong></span> <span class='ocrx_word' id='word_1_444' title='bbox 1571 5480 1891 5545; x_wconf 53' lang='lat' dir='ltr'><strong>feminarum-</strong></span> 
     </span>
    </p>
   </div>
   <div class='ocr_carea' id='block_1_58' title="bbox 312 5541 1890 5595">
    <p class='ocr_par' dir='ltr' id='par_1_58' title="bbox 312 5541 1890 5595">
     <span class='ocr_line' id='line_1_60' title="bbox 312 5541 1890 5595; baseline 0 -3"><span class='ocrx_word' id='word_1_445' title='bbox 312 5541 438 5594; x_wconf 80' lang='lat' dir='ltr'><strong>lattii.</strong></span> <span class='ocrx_word' id='word_1_446' title='bbox 466 5545 667 5595; x_wconf 87' lang='lat' dir='ltr'><strong>Scilicet</strong></span> <span class='ocrx_word' id='word_1_447' title='bbox 703 5545 748 5592; x_wconf 92' lang='lat' dir='ltr'><strong>in</strong></span> <span class='ocrx_word' id='word_1_448' title='bbox 785 5541 886 5591; x_wconf 85' lang='lat' dir='ltr'><strong>ium</strong></span> <span class='ocrx_word' id='word_1_449' title='bbox 909 5541 1102 5591; x_wconf 79' lang='lat' dir='ltr'><strong>nomina</strong></span> <span class='ocrx_word' id='word_1_450' title='bbox 1124 5542 1380 5591; x_wconf 90' lang='lat' dir='ltr'><strong>mulierum</strong></span> <span class='ocrx_word' id='word_1_451' title='bbox 1402 5541 1687 5593; x_wconf 79' lang='lat' dir='ltr'><strong>diminutiva</strong></span> <span class='ocrx_word' id='word_1_452' title='bbox 1711 5543 1890 5593; x_wconf 80' lang='lat' dir='ltr'><strong>effere-</strong></span> 
     </span>
    </p>
   </div>
   <div class='ocr_carea' id='block_1_59' title="bbox 311 5602 1891 5668">
    <p class='ocr_par' dir='ltr' id='par_1_59' title="bbox 311 5602 1891 5668">
     <span class='ocr_line' id='line_1_61' title="bbox 311 5602 1891 5668; baseline 0.003 -18"><span class='ocrx_word' id='word_1_453' title='bbox 311 5603 498 5655; x_wconf 88' lang='lat' dir='ltr'><strong>bantur.</strong></span> <span class='ocrx_word' id='word_1_454' title='bbox 523 5606 605 5655; x_wconf 86' lang='lat' dir='ltr'><strong>Sic</strong></span> <span class='ocrx_word' id='word_1_455' title='bbox 628 5602 881 5668; x_wconf 78' lang='lat' dir='ltr'><strong>Eubulium</strong></span> <span class='ocrx_word' id='word_1_456' title='bbox 903 5605 1128 5668; x_wconf 82' lang='lat' dir='ltr'><strong>invenies</strong></span> <span class='ocrx_word' id='word_1_457' title='bbox 1152 5617 1235 5664; x_wconf 88' lang='lat' dir='ltr'><strong>pro</strong></span> <span class='ocrx_word' id='word_1_458' title='bbox 1257 5602 1433 5668; x_wconf 62' lang='lat' dir='ltr'><strong>Eubois</strong></span> <span class='ocrx_word' id='word_1_459' title='bbox 1449 5641 1484 5668; x_wconf 26' lang='grc' dir='ltr'><strong>,Α</strong></span> <span class='ocrx_word' id='word_1_460' title='bbox 1495 5605 1780 5668; x_wconf 59' lang='lat' dir='ltr'><strong>gregarium</strong></span> <span class='ocrx_word' id='word_1_461' title='bbox 1805 5619 1891 5668; x_wconf 89' lang='lat' dir='ltr'><strong>pro</strong></span> 
     </span>
    </p>
   </div>
   <div class='ocr_carea' id='block_1_60' title="bbox 309 5664 1890 5728">
    <p class='ocr_par' dir='ltr' id='par_1_60' title="bbox 309 5664 1890 5728">
     <span class='ocr_line' id='line_1_62' title="bbox 309 5664 1890 5728; baseline 0.003 -17"><span class='ocrx_word' id='word_1_462' title='bbox 309 5667 534 5728; x_wconf 75' lang='lat' dir='ltr'><strong>Gregorio</strong></span> <span class='ocrx_word' id='word_1_463' title='bbox 552 5667 898 5728; x_wconf 81' lang='lat' dir='ltr'><strong>venustissime</strong></span> <span class='ocrx_word' id='word_1_464' title='bbox 923 5666 1119 5728; x_wconf 78' lang='lat' dir='ltr'><strong>formata</strong></span> <span class='ocrx_word' id='word_1_465' title='bbox 1143 5664 1270 5728; x_wconf 77' lang='lat' dir='ltr'><strong>apud</strong></span> <span class='ocrx_word' id='word_1_466' title='bbox 1293 5664 1890 5728; x_wconf 47' lang='lat' dir='ltr'><strong>Methodium&quot;wlloquen-</strong></span> 
     </span>
    </p>
   </div>
   <div class='ocr_carea' id='block_1_61' title="bbox 309 5723 1887 5793">
    <p class='ocr_par' dir='ltr' id='par_1_61' title="bbox 309 5723 1887 5793">
     <span class='ocr_line' id='line_1_63' title="bbox 309 5723 1887 5793; baseline 0 -17"><span class='ocrx_word' id='word_1_467' title='bbox 309 5723 763 5793; x_wconf 28' lang='lat' dir='ltr'><strong>tes&#39;i‘nSymposioz</strong></span> <span class='ocrx_word' id='word_1_468' title='bbox 785 5726 981 5793; x_wconf 78' lang='lat' dir='ltr'><strong>_t_)mitto</strong></span> <span class='ocrx_word' id='word_1_469' title='bbox 1008 5723 1304 5793; x_wconf 51' lang='lat' dir='ltr'><strong>glycerium,</strong></span> <span class='ocrx_word' id='word_1_470' title='bbox 1335 5723 1618 5793; x_wconf 71' lang='lat' dir='ltr'><strong>Philarium.</strong></span> <span class='ocrx_word' id='word_1_471' title='bbox 1645 5723 1855 5793; x_wconf 71' lang='lat' dir='ltr'><strong>Erotiiqu</strong></span> <span class='ocrx_word' id='word_1_472' title='bbox 1876 5768 1887 5784; x_wconf 80' lang='lat'><strong><em>.</em></strong></span> 
     </span>
    </p>
   </div>
   <div class='ocr_carea' id='block_1_62' title="bbox 311 5785 1892 5852">
    <p class='ocr_par' dir='ltr' id='par_1_62' title="bbox 311 5785 1892 5852">
     <span class='ocr_line' id='line_1_64' title="bbox 311 5785 1892 5852; baseline 0.003 -16"><span class='ocrx_word' id='word_1_473' title='bbox 311 5785 1121 5852; x_wconf 60' lang='lat' dir='ltr'><strong>Adelphasium,_l‘hiiocomasiurit,</strong></span> <span class='ocrx_word' id='word_1_474' title='bbox 1166 5785 1527 5852; x_wconf 69' lang='lat' dir='ltr'><strong>t’hilonmthiunt</strong></span> <span class='ocrx_word' id='word_1_475' title='bbox 1545 5823 1558 5845; x_wconf 91' lang='lat'><strong>,</strong></span> <span class='ocrx_word' id='word_1_476' title='bbox 1590 5795 1738 5852; x_wconf 85' lang='lat' dir='ltr'><strong>atque</strong></span> <span class='ocrx_word' id='word_1_477' title='bbox 1777 5789 1892 5840; x_wconf 81' lang='lat' dir='ltr'><strong>alias</strong></span> 
     </span>
    </p>
   </div>
   <div class='ocr_carea' id='block_1_63' title="bbox 310 5847 1634 5912">
    <p class='ocr_par' dir='ltr' id='par_1_63' title="bbox 310 5847 1634 5912">
     <span class='ocr_line' id='line_1_65' title="bbox 310 5847 1634 5912; baseline -0.002 -12"><span class='ocrx_word' id='word_1_478' title='bbox 310 5847 592 5912; x_wconf 76' lang='lat' dir='ltr'><strong>quibusdam</strong></span> <span class='ocrx_word' id='word_1_479' title='bbox 617 5849 772 5902; x_wconf 82' lang='lat' dir='ltr'><strong>veluti</strong></span> <span class='ocrx_word' id='word_1_480' title='bbox 795 5848 1037 5900; x_wconf 88' lang='lat' dir='ltr'><strong>blanditiis</strong></span> <span class='ocrx_word' id='word_1_481' title='bbox 1061 5847 1239 5910; x_wconf 64' lang='lat' dir='ltr'><strong>lingu-te</strong></span> <span class='ocrx_word' id='word_1_482' title='bbox 1263 5849 1332 5897; x_wconf 83' lang='lat' dir='ltr'><strong>sic</strong></span> <span class='ocrx_word' id='word_1_483' title='bbox 1354 5847 1634 5911; x_wconf 83' lang='lat' dir='ltr'><strong>appellatas.</strong></span> 
     </span>
    </p>
   </div>
   <div class='ocr_carea' id='block_1_64' title="bbox 1679 375 2135 432">
    <p class='ocr_par' dir='ltr' id='par_1_64' title="bbox 1679 375 2135 432">
     <span class='ocr_line' id='line_1_66' title="bbox 1679 375 2135 432; baseline -0.004 0"><span class='ocrx_word' id='word_1_484' title='bbox 1679 375 2004 432; x_wconf 65' lang='lat' dir='ltr'><strong>EPISTULA</strong></span> <span class='ocrx_word' id='word_1_485' title='bbox 2049 376 2135 432; x_wconf 87' lang='lat' dir='ltr'><strong>Ill.</strong></span> 
     </span>
    </p>
   </div>
   <div class='ocr_carea' id='block_1_65' title="bbox 3459 379 3566 435">
    <p class='ocr_par' dir='ltr' id='par_1_65' title="bbox 3459 379 3566 435">
     <span class='ocr_line' id='line_1_67' title="bbox 3459 379 3566 435; baseline 0.019 -2"><span class='ocrx_word' id='word_1_486' title='bbox 3459 379 3566 435; x_wconf 70' lang='grc'><strong>534</strong></span> 
     </span>
    </p>
   </div>
   <div class='ocr_carea' id='block_1_66' title="bbox 1988 494 3570 568">
    <p class='ocr_par' dir='ltr' id='par_1_66' title="bbox 1988 494 3570 568">
     <span class='ocr_line' id='line_1_68' title="bbox 1988 494 3570 568; baseline 0.001 -19"><span class='ocrx_word' id='word_1_487' title='bbox 1988 494 2190 550; x_wconf 75' lang='lat' dir='ltr'><strong>hiscum</strong></span> <span class='ocrx_word' id='word_1_488' title='bbox 2233 496 2437 550; x_wconf 85' lang='lat' dir='ltr'><strong>artibus</strong></span> <span class='ocrx_word' id='word_1_489' title='bbox 2482 496 2750 552; x_wconf 83' lang='lat' dir='ltr'><strong>institutus</strong></span> <span class='ocrx_word' id='word_1_490' title='bbox 2775 540 2787 560; x_wconf 88' lang='lat'><strong>,</strong></span> <span class='ocrx_word' id='word_1_491' title='bbox 2830 499 2914 552; x_wconf 84' lang='lat' dir='ltr'><strong>cui</strong></span> <span class='ocrx_word' id='word_1_492' title='bbox 2946 513 3074 568; x_wconf 80' lang='lat' dir='ltr'><strong>opes</strong></span> <span class='ocrx_word' id='word_1_493' title='bbox 3116 497 3344 562; x_wconf 70' lang='lat' dir='ltr'><strong>affatim,</strong></span> <span class='ocrx_word' id='word_1_494' title='bbox 3394 497 3570 567; x_wconf 87' lang='lat' dir='ltr'><strong>digni-</strong></span> 
     </span>
    </p>
   </div>
   <div class='ocr_carea' id='block_1_67' title="bbox 1988 587 3565 658">
    <p class='ocr_par' dir='ltr' id='par_1_67' title="bbox 1988 587 3565 658">
     <span class='ocr_line' id='line_1_69' title="bbox 1988 587 3565 658; baseline 0.003 -20"><span class='ocrx_word' id='word_1_495' title='bbox 1988 594 2068 638; x_wconf 85' lang='lat' dir='ltr'><strong>tas</strong></span> <span class='ocrx_word' id='word_1_496' title='bbox 2101 587 2432 655; x_wconf 83' lang='lat' dir='ltr'><strong>(d)apprime</strong></span> <span class='ocrx_word' id='word_1_497' title='bbox 2457 587 2594 640; x_wconf 88' lang='lat' dir='ltr'><strong>inter</strong></span> <span class='ocrx_word' id='word_1_498' title='bbox 2619 589 2850 657; x_wconf 86' lang='lat' dir='ltr'><strong>aequales</strong></span> <span class='ocrx_word' id='word_1_499' title='bbox 2875 597 3008 652; x_wconf 85' lang='lat' dir='ltr'><strong>erat,</strong></span> <span class='ocrx_word' id='word_1_500' title='bbox 3037 598 3338 658; x_wconf 80' lang='lat' dir='ltr'><strong>contempta</strong></span> <span class='ocrx_word' id='word_1_501' title='bbox 3364 595 3565 652; x_wconf 75' lang='lat' dir='ltr'><strong>matre,</strong></span> 
     </span>
    </p>
   </div>
   <div class='ocr_carea' id='block_1_68' title="bbox 1988 668 3617 747">
    <p class='ocr_par' dir='ltr' id='par_1_68' title="bbox 1988 668 3617 747">
     <span class='ocr_line' id='line_1_70' title="bbox 1988 668 3617 747; baseline -0.001 -17"><span class='ocrx_word' id='word_1_502' title='bbox 1988 675 2282 740; x_wconf 88' lang='lat' dir='ltr'><strong>sororibus,</strong></span> <span class='ocrx_word' id='word_1_503' title='bbox 2311 687 2364 731; x_wconf 93' lang='lat' dir='ltr'><strong>et</strong></span> <span class='ocrx_word' id='word_1_504' title='bbox 2389 676 2666 730; x_wconf 88' lang='lat' dir='ltr'><strong>carissimo</strong></span> <span class='ocrx_word' id='word_1_505' title='bbox 2695 676 2795 730; x_wconf 90' lang='lat' dir='ltr'><strong>sibi</strong></span> <span class='ocrx_word' id='word_1_506' title='bbox 2825 692 3098 744; x_wconf 86' lang='lat' dir='ltr'><strong>germano,</strong></span> <span class='ocrx_word' id='word_1_507' title='bbox 3129 677 3355 732; x_wconf 85' lang='lat' dir='ltr'><strong>insulam</strong></span> <span class='ocrx_word' id='word_1_508' title='bbox 3380 676 3567 747; x_wconf 85' lang='lat' dir='ltr'><strong>pelago</strong></span> <span class='ocrx_word' id='word_1_509' title='bbox 3613 668 3617 673; x_wconf 81' lang='grc'><em>’</em></span> 
     </span>
    </p>
   </div>
   <div class='ocr_carea' id='block_1_69' title="bbox 1988 767 3566 836">
    <p class='ocr_par' dir='ltr' id='par_1_69' title="bbox 1988 767 3566 836">
     <span class='ocr_line' id='line_1_71' title="bbox 1988 767 3566 836; baseline 0 -16"><span class='ocrx_word' id='word_1_510' title='bbox 1988 767 2419 821; x_wconf 87' lang='lat' dir='ltr'><strong>circumsonantc</strong></span> <span class='ocrx_word' id='word_1_511' title='bbox 2437 767 2766 836; x_wconf 77' lang='lat' dir='ltr'><strong>naufragum,</strong></span> <span class='ocrx_word' id='word_1_512' title='bbox 2795 767 2878 821; x_wconf 89' lang='lat' dir='ltr'><strong>cui</strong></span> <span class='ocrx_word' id='word_1_513' title='bbox 2906 781 3108 835; x_wconf 79' lang='lat' dir='ltr'><strong>asperte</strong></span> <span class='ocrx_word' id='word_1_514' title='bbox 3129 777 3314 823; x_wconf 88' lang='lat' dir='ltr'><strong>cautes</strong></span> <span class='ocrx_word' id='word_1_515' title='bbox 3341 777 3394 822; x_wconf 95' lang='lat' dir='ltr'><strong>ct</strong></span> <span class='ocrx_word' id='word_1_516' title='bbox 3425 767 3566 822; x_wconf 88' lang='lat' dir='ltr'><strong>nuda</strong></span> 
     </span>
    </p>
   </div>
   <div class='ocr_carea' id='block_1_70' title="bbox 1991 856 3568 927">
    <p class='ocr_par' dir='ltr' id='par_1_70' title="bbox 1991 856 3568 927">
     <span class='ocr_line' id='line_1_72' title="bbox 1991 856 3568 927; baseline 0.001 -17"><span class='ocrx_word' id='word_1_517' title='bbox 1991 870 2118 910; x_wconf 81' lang='lat' dir='ltr'><strong>saxa</strong></span> <span class='ocrx_word' id='word_1_518' title='bbox 2139 865 2194 912; x_wconf 89' lang='lat' dir='ltr'><strong>ct</strong></span> <span class='ocrx_word' id='word_1_519' title='bbox 2219 856 2450 912; x_wconf 87' lang='lat' dir='ltr'><strong>solitudo</strong></span> <span class='ocrx_word' id='word_1_520' title='bbox 2479 857 2664 912; x_wconf 91' lang='lat' dir='ltr'><strong>terrori</strong></span> <span class='ocrx_word' id='word_1_521' title='bbox 2699 865 2815 920; x_wconf 90' lang='lat' dir='ltr'><strong>est,</strong></span> <span class='ocrx_word' id='word_1_522' title='bbox 2847 857 2996 926; x_wconf 88' lang='lat' dir='ltr'><strong>quasi</strong></span> <span class='ocrx_word' id='word_1_523' title='bbox 3029 856 3244 926; x_wconf 90' lang='lat' dir='ltr'><strong>quidam</strong></span> <span class='ocrx_word' id='word_1_524' title='bbox 3271 872 3440 912; x_wconf 87' lang='lat' dir='ltr'><strong>novus</strong></span> <span class='ocrx_word' id='word_1_525' title='bbox 3473 872 3568 927; x_wconf 88' lang='lat' dir='ltr'><strong>pa-</strong></span> 
     </span>
    </p>
   </div>
   <div class='ocr_carea' id='block_1_71' title="bbox 1991 949 3570 1020">
    <p class='ocr_par' dir='ltr' id='par_1_71' title="bbox 1991 949 3570 1020">
     <span class='ocr_line' id='line_1_73' title="bbox 1991 949 3570 1020; baseline -0.001 -15"><span class='ocrx_word' id='word_1_526' title='bbox 1991 950 2154 1006; x_wconf 87' lang='lat' dir='ltr'><strong>radisi</strong></span> <span class='ocrx_word' id='word_1_527' title='bbox 2183 951 2408 1006; x_wconf 72' lang='lat' dir='ltr'><strong>colonus</strong></span> <span class='ocrx_word' id='word_1_528' title='bbox 2439 950 2651 1006; x_wconf 89' lang='lat' dir='ltr'><strong>insedit.</strong></span> <span class='ocrx_word' id='word_1_529' title='bbox 2679 949 2865 1005; x_wconf 83' lang='lat' dir='ltr'><strong>Nullus</strong></span> <span class='ocrx_word' id='word_1_530' title='bbox 2889 949 2956 1004; x_wconf 90' lang='lat' dir='ltr'><strong>ibi</strong></span> <span class='ocrx_word' id='word_1_531' title='bbox 2986 949 3362 1020; x_wconf 85' lang='lat' dir='ltr'><strong>agricolarum,</strong></span> <span class='ocrx_word' id='word_1_532' title='bbox 3385 950 3570 1005; x_wconf 85' lang='lat' dir='ltr'><strong>nullus</strong></span> 
     </span>
    </p>
   </div>
   <div class='ocr_carea' id='block_1_72' title="bbox 1987 1040 3565 1111">
    <p class='ocr_par' dir='ltr' id='par_1_72' title="bbox 1987 1040 3565 1111">
     <span class='ocr_line' id='line_1_74' title="bbox 1987 1040 3565 1111; baseline -0.001 -15"><span class='ocrx_word' id='word_1_533' title='bbox 1987 1040 2362 1096; x_wconf 85' lang='lat' dir='ltr'><strong>Monaehorum</strong></span> <span class='ocrx_word' id='word_1_534' title='bbox 2392 1057 2457 1096; x_wconf 91' lang='lat' dir='ltr'><strong>ne</strong></span> <span class='ocrx_word' id='word_1_535' title='bbox 2497 1042 2747 1111; x_wconf 85' lang='lat' dir='ltr'><strong>parvulus</strong></span> <span class='ocrx_word' id='word_1_536' title='bbox 2771 1040 3004 1110; x_wconf 90' lang='lat' dir='ltr'><strong>quidem,</strong></span> <span class='ocrx_word' id='word_1_537' title='bbox 3028 1056 3186 1111; x_wconf 87' lang='lat' dir='ltr'><strong>quem</strong></span> <span class='ocrx_word' id='word_1_538' title='bbox 3226 1041 3388 1105; x_wconf 88' lang='lat' dir='ltr'><strong>nosti,</strong></span> <span class='ocrx_word' id='word_1_539' title='bbox 3419 1040 3565 1096; x_wconf 91' lang='lat' dir='ltr'><strong>Onc-</strong></span> 
     </span>
    </p>
   </div>
   <div class='ocr_carea' id='block_1_73' title="bbox 1985 1131 3572 1202">
    <p class='ocr_par' dir='ltr' id='par_1_73' title="bbox 1985 1131 3572 1202">
     <span class='ocr_line' id='line_1_75' title="bbox 1985 1131 3572 1202; baseline -0.001 -16"><span class='ocrx_word' id='word_1_540' title='bbox 1985 1133 2174 1196; x_wconf 86' lang='lat' dir='ltr'><strong>simus,</strong></span> <span class='ocrx_word' id='word_1_541' title='bbox 2203 1147 2309 1202; x_wconf 90' lang='lat' dir='ltr'><strong>quo</strong></span> <span class='ocrx_word' id='word_1_542' title='bbox 2338 1133 2483 1187; x_wconf 92' lang='lat' dir='ltr'><strong>velut</strong></span> <span class='ocrx_word' id='word_1_543' title='bbox 2513 1132 2675 1188; x_wconf 87' lang='lat' dir='ltr'><strong>fratre</strong></span> <span class='ocrx_word' id='word_1_544' title='bbox 2709 1133 2760 1186; x_wconf 90' lang='lat' dir='ltr'><strong>in</strong></span> <span class='ocrx_word' id='word_1_545' title='bbox 2791 1133 2974 1187; x_wconf 88' lang='lat' dir='ltr'><strong>osculo</strong></span> <span class='ocrx_word' id='word_1_546' title='bbox 3003 1131 3274 1188; x_wconf 83' lang='lat' dir='ltr'><strong>fruebatur</strong></span> <span class='ocrx_word' id='word_1_547' title='bbox 3293 1173 3310 1197; x_wconf 94' lang='lat'><strong>,</strong></span> <span class='ocrx_word' id='word_1_548' title='bbox 3338 1132 3391 1186; x_wconf 89' lang='lat' dir='ltr'><strong>in</strong></span> <span class='ocrx_word' id='word_1_549' title='bbox 3419 1140 3572 1187; x_wconf 79' lang='lat' dir='ltr'><strong>tanta</strong></span> 
     </span>
    </p>
   </div>
   <div class='ocr_carea' id='block_1_74' title="bbox 1987 1221 3572 1295">
    <p class='ocr_par' dir='ltr' id='par_1_74' title="bbox 1987 1221 3572 1295">
     <span class='ocr_line' id='line_1_76' title="bbox 1987 1221 3572 1295; baseline -0.002 -17"><span class='ocrx_word' id='word_1_550' title='bbox 1987 1224 2233 1278; x_wconf 77' lang='lat' dir='ltr'><strong>vastitate</strong></span> <span class='ocrx_word' id='word_1_551' title='bbox 2263 1223 2500 1277; x_wconf 80' lang='lat' dir='ltr'><strong>adlueret</strong></span> <span class='ocrx_word' id='word_1_552' title='bbox 2524 1224 2676 1278; x_wconf 87' lang='lat' dir='ltr'><strong>lateri</strong></span> <span class='ocrx_word' id='word_1_553' title='bbox 2704 1221 2799 1295; x_wconf 86' lang='lat' dir='ltr'><strong>[aL</strong></span> <span class='ocrx_word' id='word_1_554' title='bbox 2825 1221 2994 1294; x_wconf 83' lang='lat' dir='ltr'><strong>alteri]</strong></span> <span class='ocrx_word' id='word_1_555' title='bbox 3041 1237 3243 1277; x_wconf 83' lang='lat' dir='ltr'><strong>comes.</strong></span> <span class='ocrx_word' id='word_1_556' title='bbox 3273 1222 3428 1278; x_wconf 78' lang='lat' dir='ltr'><strong>Solus</strong></span> <span class='ocrx_word' id='word_1_557' title='bbox 3459 1222 3530 1278; x_wconf 89' lang='lat' dir='ltr'><strong>ibi</strong></span> <span class='ocrx_word' id='word_1_558' title='bbox 3555 1263 3572 1286; x_wconf 87' lang='lat'><strong>,</strong></span> 
     </span>
    </p>
   </div>
   <div class='ocr_carea' id='block_1_75' title="bbox 1988 1311 3578 1382">
    <p class='ocr_par' dir='ltr' id='par_1_75' title="bbox 1988 1311 3578 1382">
     <span class='ocr_line' id='line_1_77' title="bbox 1988 1311 3578 1382; baseline -0.001 -16"><span class='ocrx_word' id='word_1_559' title='bbox 1988 1311 2097 1367; x_wconf 89' lang='lat' dir='ltr'><strong>imo</strong></span> <span class='ocrx_word' id='word_1_560' title='bbox 2125 1312 2234 1382; x_wconf 84' lang='lat' dir='ltr'><strong>jam</strong></span> <span class='ocrx_word' id='word_1_561' title='bbox 2265 1311 2476 1367; x_wconf 87' lang='lat' dir='ltr'><strong>Christo</strong></span> <span class='ocrx_word' id='word_1_562' title='bbox 2503 1313 2792 1369; x_wconf 87' lang='lat' dir='ltr'><strong>comitante</strong></span> <span class='ocrx_word' id='word_1_563' title='bbox 2819 1327 2924 1368; x_wconf 92' lang='lat' dir='ltr'><strong>non</strong></span> <span class='ocrx_word' id='word_1_564' title='bbox 2951 1313 3096 1368; x_wconf 87' lang='lat' dir='ltr'><strong>solos</strong></span> <span class='ocrx_word' id='word_1_565' title='bbox 3118 1353 3134 1379; x_wconf 91' lang='lat'><strong>,</strong></span> <span class='ocrx_word' id='word_1_566' title='bbox 3164 1312 3308 1367; x_wconf 89' lang='lat' dir='ltr'><strong>videt</strong></span> <span class='ocrx_word' id='word_1_567' title='bbox 3343 1312 3578 1382; x_wconf 84' lang='lat' dir='ltr'><strong>gloriam</strong></span> 
     </span>
    </p>
   </div>
   <div class='ocr_carea' id='block_1_76' title="bbox 1988 1404 3568 1475">
    <p class='ocr_par' dir='ltr' id='par_1_76' title="bbox 1988 1404 3568 1475">
     <span class='ocr_line' id='line_1_78' title="bbox 1988 1404 3568 1475; baseline 0 -17"><span class='ocrx_word' id='word_1_568' title='bbox 1988 1405 2105 1466; x_wconf 85' lang='lat' dir='ltr'><strong>Dei,</strong></span> <span class='ocrx_word' id='word_1_569' title='bbox 2133 1421 2292 1475; x_wconf 89' lang='lat' dir='ltr'><strong>quam</strong></span> <span class='ocrx_word' id='word_1_570' title='bbox 2315 1406 2476 1460; x_wconf 88' lang='lat' dir='ltr'><strong>etiam</strong></span> <span class='ocrx_word' id='word_1_571' title='bbox 2509 1406 2750 1474; x_wconf 80' lang='lat' dir='ltr'><strong>Aposmli</strong></span> <span class='ocrx_word' id='word_1_572' title='bbox 2773 1445 2791 1471; x_wconf 90' lang='lat'><strong>,</strong></span> <span class='ocrx_word' id='word_1_573' title='bbox 2821 1405 2924 1460; x_wconf 92' lang='lat' dir='ltr'><strong>nisi</strong></span> <span class='ocrx_word' id='word_1_574' title='bbox 2961 1404 3012 1459; x_wconf 91' lang='lat' dir='ltr'><strong>in</strong></span> <span class='ocrx_word' id='word_1_575' title='bbox 3040 1405 3255 1460; x_wconf 86' lang='lat' dir='ltr'><strong>deserto</strong></span> <span class='ocrx_word' id='word_1_576' title='bbox 3281 1420 3387 1459; x_wconf 91' lang='lat' dir='ltr'><strong>non</strong></span> <span class='ocrx_word' id='word_1_577' title='bbox 3419 1404 3568 1458; x_wconf 84' lang='lat' dir='ltr'><strong>vide-</strong></span> 
     </span>
    </p>
   </div>
   <div class='ocr_carea' id='block_1_77' title="bbox 1988 1495 3580 1567">
    <p class='ocr_par' dir='ltr' id='par_1_77' title="bbox 1988 1495 3580 1567">
     <span class='ocr_line' id='line_1_79' title="bbox 1988 1495 3580 1567; baseline -0.002 -15"><span class='ocrx_word' id='word_1_578' title='bbox 1988 1507 2128 1552; x_wconf 89' lang='lat' dir='ltr'><strong>rant.</strong></span> <span class='ocrx_word' id='word_1_579' title='bbox 2179 1497 2292 1552; x_wconf 78' lang='lat' dir='ltr'><strong>Non</strong></span> <span class='ocrx_word' id='word_1_580' title='bbox 2337 1497 2550 1567; x_wconf 90' lang='lat' dir='ltr'><strong>quidem</strong></span> <span class='ocrx_word' id='word_1_581' title='bbox 2595 1497 2859 1567; x_wconf 88' lang='lat' dir='ltr'><strong>conspicit</strong></span> <span class='ocrx_word' id='word_1_582' title='bbox 2906 1497 3126 1552; x_wconf 87' lang='lat' dir='ltr'><strong>turritas</strong></span> <span class='ocrx_word' id='word_1_583' title='bbox 3156 1495 3350 1562; x_wconf 89' lang='lat' dir='ltr'><strong>urbes;</strong></span> <span class='ocrx_word' id='word_1_584' title='bbox 3381 1495 3474 1550; x_wconf 87' lang='lat' dir='ltr'><strong>sed</strong></span> <span class='ocrx_word' id='word_1_585' title='bbox 3517 1496 3580 1549; x_wconf 83' lang='lat' dir='ltr'><strong>in</strong></span> 
     </span>
    </p>
   </div>
   <div class='ocr_carea' id='block_1_78' title="bbox 1988 1587 3576 1644">
    <p class='ocr_par' dir='ltr' id='par_1_78' title="bbox 1988 1587 3576 1644">
     <span class='ocr_line' id='line_1_80' title="bbox 1988 1587 3576 1644; baseline -0.001 -1"><span class='ocrx_word' id='word_1_586' title='bbox 1988 1604 2140 1643; x_wconf 75' lang='lat' dir='ltr'><strong>nova:</strong></span> <span class='ocrx_word' id='word_1_587' title='bbox 2180 1588 2412 1644; x_wconf 85' lang='lat' dir='ltr'><strong>civitatis</strong></span> <span class='ocrx_word' id='word_1_588' title='bbox 2459 1603 2622 1644; x_wconf 88' lang='lat' dir='ltr'><strong>censu</strong></span> <span class='ocrx_word' id='word_1_589' title='bbox 2675 1588 2822 1643; x_wconf 91' lang='lat' dir='ltr'><strong>dedit</strong></span> <span class='ocrx_word' id='word_1_590' title='bbox 2867 1602 3060 1643; x_wconf 89' lang='lat' dir='ltr'><strong>nomen</strong></span> <span class='ocrx_word' id='word_1_591' title='bbox 3107 1603 3284 1642; x_wconf 91' lang='lat' dir='ltr'><strong>suum.</strong></span> <span class='ocrx_word' id='word_1_592' title='bbox 3343 1587 3576 1642; x_wconf 82' lang='lat' dir='ltr'><strong>Horrent</strong></span> 
     </span>
    </p>
   </div>
   <div class='ocr_carea' id='block_1_79' title="bbox 1989 1678 3577 1752">
    <p class='ocr_par' dir='ltr' id='par_1_79' title="bbox 1989 1678 3577 1752">
     <span class='ocr_line' id='line_1_81' title="bbox 1989 1678 3577 1752; baseline 0 -17"><span class='ocrx_word' id='word_1_593' title='bbox 1989 1695 2146 1736; x_wconf 79' lang='lat' dir='ltr'><strong>sacco</strong></span> <span class='ocrx_word' id='word_1_594' title='bbox 2168 1680 2406 1735; x_wconf 90' lang='lat' dir='ltr'><strong>membra</strong></span> <span class='ocrx_word' id='word_1_595' title='bbox 2441 1680 2664 1735; x_wconf 90' lang='lat' dir='ltr'><strong>deformi</strong></span> <span class='ocrx_word' id='word_1_596' title='bbox 2693 1679 2784 1752; x_wconf 81' lang='lat' dir='ltr'><strong>[aL</strong></span> <span class='ocrx_word' id='word_1_597' title='bbox 2825 1678 3128 1751; x_wconf 78' lang='lat' dir='ltr'><strong>deformia];</strong></span> <span class='ocrx_word' id='word_1_598' title='bbox 3161 1679 3254 1734; x_wconf 89' lang='lat' dir='ltr'><strong>sed</strong></span> <span class='ocrx_word' id='word_1_599' title='bbox 3280 1679 3358 1734; x_wconf 91' lang='lat' dir='ltr'><strong>sic</strong></span> <span class='ocrx_word' id='word_1_600' title='bbox 3383 1679 3577 1735; x_wconf 83' lang='lat' dir='ltr'><strong>melius</strong></span> 
     </span>
    </p>
   </div>
   <div class='ocr_carea' id='block_1_80' title="bbox 1989 1769 3570 1843">
    <p class='ocr_par' dir='ltr' id='par_1_80' title="bbox 1989 1769 3570 1843">
     <span class='ocr_line' id='line_1_82' title="bbox 1989 1769 3570 1843; baseline -0.004 -17"><span class='ocrx_word' id='word_1_601' title='bbox 1989 1773 2199 1826; x_wconf 88' lang='lat' dir='ltr'><strong>obviam</strong></span> <span class='ocrx_word' id='word_1_602' title='bbox 2222 1770 2438 1826; x_wconf 92' lang='lat' dir='ltr'><strong>Christo</strong></span> <span class='ocrx_word' id='word_1_603' title='bbox 2459 1771 2697 1840; x_wconf 85' lang='lat' dir='ltr'><strong>rapietur</strong></span> <span class='ocrx_word' id='word_1_604' title='bbox 2723 1771 2775 1825; x_wconf 92' lang='lat' dir='ltr'><strong>in</strong></span> <span class='ocrx_word' id='word_1_605' title='bbox 2805 1771 3053 1843; x_wconf 86' lang='lat' dir='ltr'><strong>nubibus.</strong></span> <span class='ocrx_word' id='word_1_606' title='bbox 3085 1769 3237 1824; x_wconf 85' lang='lat' dir='ltr'><strong>Nulla</strong></span> <span class='ocrx_word' id='word_1_607' title='bbox 3265 1770 3570 1838; x_wconf 88' lang='lat' dir='ltr'><strong>euriporum</strong></span> 
     </span>
    </p>
   </div>
   <div class='ocr_carea' id='block_1_81' title="bbox 1990 1857 3572 1931">
    <p class='ocr_par' dir='ltr' id='par_1_81' title="bbox 1990 1857 3572 1931">
     <span class='ocr_line' id='line_1_83' title="bbox 1990 1857 3572 1931; baseline -0.004 -15"><span class='ocrx_word' id='word_1_608' title='bbox 1990 1863 2300 1918; x_wconf 68' lang='lat' dir='ltr'><strong>amoenitate</strong></span> <span class='ocrx_word' id='word_1_609' title='bbox 2328 1861 2655 1931; x_wconf 88' lang='lat' dir='ltr'><strong>perfruitur;</strong></span> <span class='ocrx_word' id='word_1_610' title='bbox 2683 1860 2778 1916; x_wconf 88' lang='lat' dir='ltr'><strong>sed</strong></span> <span class='ocrx_word' id='word_1_611' title='bbox 2805 1860 2872 1916; x_wconf 90' lang='lat' dir='ltr'><strong>de</strong></span> <span class='ocrx_word' id='word_1_612' title='bbox 2920 1859 3087 1916; x_wconf 90' lang='lat' dir='ltr'><strong>latere</strong></span> <span class='ocrx_word' id='word_1_613' title='bbox 3127 1857 3335 1913; x_wconf 88' lang='lat' dir='ltr'><strong>Domini</strong></span> <span class='ocrx_word' id='word_1_614' title='bbox 3380 1873 3572 1928; x_wconf 88' lang='lat' dir='ltr'><strong>aquam</strong></span> 
     </span>
    </p>
   </div>
   <div class='ocr_carea' id='block_1_82' title="bbox 1991 1951 3575 2027">
    <p class='ocr_par' dir='ltr' id='par_1_82' title="bbox 1991 1951 3575 2027">
     <span class='ocr_line' id='line_1_84' title="bbox 1991 1951 3575 2027; baseline -0.003 -16"><span class='ocrx_word' id='word_1_615' title='bbox 1991 1956 2118 2011; x_wconf 62' lang='lat' dir='ltr'><strong>vita:</strong></span> <span class='ocrx_word' id='word_1_616' title='bbox 2159 1955 2310 2011; x_wconf 88' lang='lat' dir='ltr'><strong>bibit.</strong></span> <span class='ocrx_word' id='word_1_617' title='bbox 2343 1953 2412 2027; x_wconf 87' lang='lat' dir='ltr'><strong>(e)</strong></span> <span class='ocrx_word' id='word_1_618' title='bbox 2445 1956 2689 2025; x_wconf 87' lang='lat' dir='ltr'><strong>Propone</strong></span> <span class='ocrx_word' id='word_1_619' title='bbox 2719 1954 2834 2009; x_wconf 65' lang='lat' dir='ltr'><strong>huic</strong></span> <span class='ocrx_word' id='word_1_620' title='bbox 2870 1953 2964 2008; x_wconf 90' lang='lat' dir='ltr'><strong>tibi</strong></span> <span class='ocrx_word' id='word_1_621' title='bbox 2995 1963 3120 2008; x_wconf 89' lang='lat' dir='ltr'><strong>ante</strong></span> <span class='ocrx_word' id='word_1_622' title='bbox 3150 1951 3336 2007; x_wconf 89' lang='lat' dir='ltr'><strong>oculos</strong></span> <span class='ocrx_word' id='word_1_623' title='bbox 3356 1993 3370 2016; x_wconf 94' lang='lat'><strong>,</strong></span> <span class='ocrx_word' id='word_1_624' title='bbox 3402 1951 3575 2006; x_wconf 82' lang='lat' dir='ltr'><strong>amice</strong></span> 
     </span>
    </p>
   </div>
   <div class='ocr_carea' id='block_1_83' title="bbox 1989 2045 3575 2116">
    <p class='ocr_par' dir='ltr' id='par_1_83' title="bbox 1989 2045 3575 2116">
     <span class='ocr_line' id='line_1_85' title="bbox 1989 2045 3575 2116; baseline -0.003 -13"><span class='ocrx_word' id='word_1_625' title='bbox 1989 2047 2332 2111; x_wconf 84' lang='lat' dir='ltr'><strong>dulcissime,</strong></span> <span class='ocrx_word' id='word_1_626' title='bbox 2388 2059 2442 2102; x_wconf 92' lang='lat' dir='ltr'><strong>et</strong></span> <span class='ocrx_word' id='word_1_627' title='bbox 2496 2048 2546 2102; x_wconf 92' lang='lat' dir='ltr'><strong>iu</strong></span> <span class='ocrx_word' id='word_1_628' title='bbox 2598 2045 2935 2116; x_wconf 75' lang='lat' dir='ltr'><strong>pnesentiam</strong></span> <span class='ocrx_word' id='word_1_629' title='bbox 2981 2046 3058 2100; x_wconf 89' lang='lat' dir='ltr'><strong>rei</strong></span> <span class='ocrx_word' id='word_1_630' title='bbox 3105 2053 3246 2100; x_wconf 90' lang='lat' dir='ltr'><strong>totus</strong></span> <span class='ocrx_word' id='word_1_631' title='bbox 3291 2045 3469 2100; x_wconf 90' lang='lat' dir='ltr'><strong>animo</strong></span> <span class='ocrx_word' id='word_1_632' title='bbox 3513 2059 3575 2098; x_wconf 89' lang='lat' dir='ltr'><strong>ac</strong></span> 
     </span>
    </p>
   </div>
   <div class='ocr_carea' id='block_1_84' title="bbox 1989 2136 3572 2208">
    <p class='ocr_par' dir='ltr' id='par_1_84' title="bbox 1989 2136 3572 2208">
     <span class='ocr_line' id='line_1_86' title="bbox 1989 2136 3572 2208; baseline -0.001 -15"><span class='ocrx_word' id='word_1_633' title='bbox 1989 2148 2170 2194; x_wconf 87' lang='lat' dir='ltr'><strong>mente</strong></span> <span class='ocrx_word' id='word_1_634' title='bbox 2213 2150 2544 2194; x_wconf 79' lang='lat' dir='ltr'><strong>convertere.</strong></span> <span class='ocrx_word' id='word_1_635' title='bbox 2594 2139 2744 2194; x_wconf 84' lang='lat' dir='ltr'><strong>&#39;l‘uuc</strong></span> <span class='ocrx_word' id='word_1_636' title='bbox 2788 2139 2990 2208; x_wconf 88' lang='lat' dir='ltr'><strong>poteris</strong></span> <span class='ocrx_word' id='word_1_637' title='bbox 3029 2137 3248 2192; x_wconf 87' lang='lat' dir='ltr'><strong>laudare</strong></span> <span class='ocrx_word' id='word_1_638' title='bbox 3275 2136 3572 2201; x_wconf 81' lang='lat' dir='ltr'><strong>victoriam.</strong></span> 
     </span>
    </p>
   </div>
   <div class='ocr_carea' id='block_1_85' title="bbox 1989 2227 3575 2299">
    <p class='ocr_par' dir='ltr' id='par_1_85' title="bbox 1989 2227 3575 2299">
     <span class='ocr_line' id='line_1_87' title="bbox 1989 2227 3575 2299; baseline -0.001 -15"><span class='ocrx_word' id='word_1_639' title='bbox 1989 2244 2111 2286; x_wconf 90' lang='lat' dir='ltr'><strong>cum</strong></span> <span class='ocrx_word' id='word_1_640' title='bbox 2165 2229 2399 2283; x_wconf 88' lang='lat' dir='ltr'><strong>laborem</strong></span> <span class='ocrx_word' id='word_1_641' title='bbox 2449 2230 2739 2298; x_wconf 76' lang='lat' dir='ltr'><strong>pra-liantis</strong></span> <span class='ocrx_word' id='word_1_642' title='bbox 2766 2229 3067 2299; x_wconf 85' lang='lat' dir='ltr'><strong>agnoveris.</strong></span> <span class='ocrx_word' id='word_1_643' title='bbox 3100 2227 3289 2283; x_wconf 78' lang='lat' dir='ltr'><strong>Totam</strong></span> <span class='ocrx_word' id='word_1_644' title='bbox 3319 2231 3462 2283; x_wconf 91' lang='lat' dir='ltr'><strong>circa</strong></span> <span class='ocrx_word' id='word_1_645' title='bbox 3494 2228 3575 2282; x_wconf 85' lang='lat' dir='ltr'><strong>in—</strong></span> 
     </span>
    </p>
   </div>
   <div class='ocr_carea' id='block_1_86' title="bbox 1989 2319 3572 2386">
    <p class='ocr_par' dir='ltr' id='par_1_86' title="bbox 1989 2319 3572 2386">
     <span class='ocr_line' id='line_1_88' title="bbox 1989 2319 3572 2386; baseline -0.002 -12"><span class='ocrx_word' id='word_1_646' title='bbox 1989 2321 2162 2374; x_wconf 81' lang='lat' dir='ltr'><strong>solum</strong></span> <span class='ocrx_word' id='word_1_647' title='bbox 2209 2319 2388 2376; x_wconf 87' lang='lat' dir='ltr'><strong>fremit</strong></span> <span class='ocrx_word' id='word_1_648' title='bbox 2428 2321 2675 2374; x_wconf 88' lang='lat' dir='ltr'><strong>insanum</strong></span> <span class='ocrx_word' id='word_1_649' title='bbox 2705 2335 2887 2386; x_wconf 84' lang='lat' dir='ltr'><strong>mare,</strong></span> <span class='ocrx_word' id='word_1_650' title='bbox 2939 2331 2993 2376; x_wconf 92' lang='lat' dir='ltr'><strong>et</strong></span> <span class='ocrx_word' id='word_1_651' title='bbox 3035 2320 3264 2374; x_wconf 78' lang='lat' dir='ltr'><strong>sinuosis</strong></span> <span class='ocrx_word' id='word_1_652' title='bbox 3308 2320 3572 2375; x_wconf 88' lang='lat' dir='ltr'><strong>montium</strong></span> 
     </span>
    </p>
   </div>
   <div class='ocr_carea' id='block_1_87' title="bbox 1991 2411 3586 2484">
    <p class='ocr_par' dir='ltr' id='par_1_87' title="bbox 1991 2411 3586 2484">
     <span class='ocr_line' id='line_1_89' title="bbox 1991 2411 3586 2484; baseline 0.001 -18"><span class='ocrx_word' id='word_1_653' title='bbox 1991 2412 2190 2467; x_wconf 90' lang='lat' dir='ltr'><strong>illisum</strong></span> <span class='ocrx_word' id='word_1_654' title='bbox 2216 2413 2450 2483; x_wconf 91' lang='lat' dir='ltr'><strong>scopulis</strong></span> <span class='ocrx_word' id='word_1_655' title='bbox 2476 2427 2657 2482; x_wconf 78' lang='lat' dir='ltr'><strong>tequor</strong></span> <span class='ocrx_word' id='word_1_656' title='bbox 2677 2413 2950 2468; x_wconf 89' lang='lat' dir='ltr'><strong>reclamat.</strong></span> <span class='ocrx_word' id='word_1_657' title='bbox 2975 2411 3135 2468; x_wconf 86' lang='lat' dir='ltr'><strong>Nullo</strong></span> <span class='ocrx_word' id='word_1_658' title='bbox 3162 2419 3305 2468; x_wconf 91' lang='lat' dir='ltr'><strong>terra</strong></span> <span class='ocrx_word' id='word_1_659' title='bbox 3333 2413 3586 2484; x_wconf 80' lang='lat' dir='ltr'><strong>gramine-</strong></span> 
     </span>
    </p>
   </div>
   <div class='ocr_carea' id='block_1_88' title="bbox 1991 2506 3576 2578">
    <p class='ocr_par' dir='ltr' id='par_1_88' title="bbox 1991 2506 3576 2578">
     <span class='ocr_line' id='line_1_90' title="bbox 1991 2506 3576 2578; baseline 0.002 -20"><span class='ocrx_word' id='word_1_660' title='bbox 1991 2507 2150 2573; x_wconf 89' lang='lat' dir='ltr'><strong>viret,</strong></span> <span class='ocrx_word' id='word_1_661' title='bbox 2184 2507 2341 2561; x_wconf 88' lang='lat' dir='ltr'><strong>nullis</strong></span> <span class='ocrx_word' id='word_1_662' title='bbox 2419 2509 2520 2578; x_wconf 74' lang='lat'><strong>12</strong></span> <span class='ocrx_word' id='word_1_663' title='bbox 2594 2521 2821 2563; x_wconf 89' lang='lat' dir='ltr'><strong>vernans</strong></span> <span class='ocrx_word' id='word_1_664' title='bbox 2843 2521 3064 2577; x_wconf 76' lang='lat' dir='ltr'><strong>campus</strong></span> <span class='ocrx_word' id='word_1_665' title='bbox 3085 2506 3340 2562; x_wconf 89' lang='lat' dir='ltr'><strong>densatur</strong></span> <span class='ocrx_word' id='word_1_666' title='bbox 3361 2507 3576 2561; x_wconf 88' lang='lat' dir='ltr'><strong>umbra-</strong></span> 
     </span>
    </p>
   </div>
   <div class='ocr_carea' id='block_1_89' title="bbox 1989 2597 3577 2670">
    <p class='ocr_par' dir='ltr' id='par_1_89' title="bbox 1989 2597 3577 2670">
     <span class='ocr_line' id='line_1_91' title="bbox 1989 2597 3577 2670; baseline 0 -18"><span class='ocrx_word' id='word_1_667' title='bbox 1989 2598 2142 2652; x_wconf 90' lang='lat' dir='ltr'><strong>culis.</strong></span> <span class='ocrx_word' id='word_1_668' title='bbox 2170 2597 2421 2667; x_wconf 78' lang='lat' dir='ltr'><strong>Abruptze</strong></span> <span class='ocrx_word' id='word_1_669' title='bbox 2438 2612 2618 2668; x_wconf 90' lang='lat' dir='ltr'><strong>rupes,</strong></span> <span class='ocrx_word' id='word_1_670' title='bbox 2641 2597 2791 2668; x_wconf 91' lang='lat' dir='ltr'><strong>quasi</strong></span> <span class='ocrx_word' id='word_1_671' title='bbox 2811 2597 3326 2668; x_wconf 89' lang='lat' dir='ltr'><strong>quemdamborrore</strong></span> <span class='ocrx_word' id='word_1_672' title='bbox 3344 2597 3438 2670; x_wconf 83' lang='lat' dir='ltr'><strong>[aL</strong></span> <span class='ocrx_word' id='word_1_673' title='bbox 3457 2598 3577 2652; x_wconf 88' lang='lat' dir='ltr'><strong>hor-</strong></span> 
     </span>
    </p>
   </div>
   <div class='ocr_carea' id='block_1_90' title="bbox 1990 2686 3575 2760">
    <p class='ocr_par' dir='ltr' id='par_1_90' title="bbox 1990 2686 3575 2760">
     <span class='ocr_line' id='line_1_92' title="bbox 1990 2686 3575 2760; baseline 0.003 -20"><span class='ocrx_word' id='word_1_674' title='bbox 1990 2686 2142 2760; x_wconf 87' lang='lat' dir='ltr'><strong>roris]</strong></span> <span class='ocrx_word' id='word_1_675' title='bbox 2163 2703 2430 2743; x_wconf 89' lang='lat' dir='ltr'><strong>carcerem</strong></span> <span class='ocrx_word' id='word_1_676' title='bbox 2457 2687 2732 2742; x_wconf 90' lang='lat' dir='ltr'><strong>claudunt.</strong></span> <span class='ocrx_word' id='word_1_677' title='bbox 2764 2687 2857 2743; x_wconf 82' lang='lat' dir='ltr'><strong>ille</strong></span> <span class='ocrx_word' id='word_1_678' title='bbox 2885 2703 3140 2754; x_wconf 89' lang='lat' dir='ltr'><strong>securus,</strong></span> <span class='ocrx_word' id='word_1_679' title='bbox 3172 2689 3488 2759; x_wconf 89' lang='lat' dir='ltr'><strong>intrepidus,</strong></span> <span class='ocrx_word' id='word_1_680' title='bbox 3521 2700 3575 2745; x_wconf 92' lang='lat' dir='ltr'><strong>et</strong></span> 
     </span>
    </p>
   </div>
   <div class='ocr_carea' id='block_1_91' title="bbox 1991 2779 3581 2854">
    <p class='ocr_par' dir='ltr' id='par_1_91' title="bbox 1991 2779 3581 2854">
     <span class='ocr_line' id='line_1_93' title="bbox 1991 2779 3581 2854; baseline 0.004 -20"><span class='ocrx_word' id='word_1_681' title='bbox 1991 2789 2134 2835; x_wconf 87' lang='lat' dir='ltr'><strong>totus</strong></span> <span class='ocrx_word' id='word_1_682' title='bbox 2150 2779 2215 2834; x_wconf 88' lang='lat' dir='ltr'><strong>de</strong></span> <span class='ocrx_word' id='word_1_683' title='bbox 2243 2781 2501 2850; x_wconf 86' lang='lat' dir='ltr'><strong>Apostolo</strong></span> <span class='ocrx_word' id='word_1_684' title='bbox 2530 2789 2764 2835; x_wconf 89' lang='lat' dir='ltr'><strong>armatus</strong></span> <span class='ocrx_word' id='word_1_685' title='bbox 2785 2779 3000 2854; x_wconf 85' lang='lat' dir='ltr'><strong>(Ephes.</strong></span> <span class='ocrx_word' id='word_1_686' title='bbox 3025 2781 3078 2836; x_wconf 89' lang='lat'><strong>6.</strong></span> <span class='ocrx_word' id='word_1_687' title='bbox 3112 2780 3226 2848; x_wconf 84' lang='grc'><strong>16),</strong></span> <span class='ocrx_word' id='word_1_688' title='bbox 3247 2797 3388 2837; x_wconf 89' lang='lat' dir='ltr'><strong>nunc</strong></span> <span class='ocrx_word' id='word_1_689' title='bbox 3409 2783 3581 2840; x_wconf 84' lang='lat' dir='ltr'><strong>Deum</strong></span> 
     </span>
    </p>
   </div>
   <div class='ocr_carea' id='block_1_92' title="bbox 1988 2872 3570 2946">
    <p class='ocr_par' dir='ltr' id='par_1_92' title="bbox 1988 2872 3570 2946">
     <span class='ocr_line' id='line_1_94' title="bbox 1988 2872 3570 2946; baseline 0.002 -20"><span class='ocrx_word' id='word_1_690' title='bbox 1988 2873 2172 2939; x_wconf 89' lang='lat' dir='ltr'><strong>audit,</strong></span> <span class='ocrx_word' id='word_1_691' title='bbox 2203 2872 2328 2927; x_wconf 93' lang='lat' dir='ltr'><strong>dum</strong></span> <span class='ocrx_word' id='word_1_692' title='bbox 2369 2873 2544 2928; x_wconf 86' lang='lat' dir='ltr'><strong>divina</strong></span> <span class='ocrx_word' id='word_1_693' title='bbox 2575 2873 2795 2944; x_wconf 79' lang='lat' dir='ltr'><strong>relegit,</strong></span> <span class='ocrx_word' id='word_1_694' title='bbox 2829 2889 2969 2929; x_wconf 92' lang='lat' dir='ltr'><strong>nunc</strong></span> <span class='ocrx_word' id='word_1_695' title='bbox 2996 2889 3115 2930; x_wconf 92' lang='lat' dir='ltr'><strong>cum</strong></span> <span class='ocrx_word' id='word_1_696' title='bbox 3162 2874 3274 2930; x_wconf 90' lang='lat' dir='ltr'><strong>Deo</strong></span> <span class='ocrx_word' id='word_1_697' title='bbox 3321 2875 3570 2946; x_wconf 89' lang='lat' dir='ltr'><strong>loquitur,</strong></span> 
     </span>
    </p>
   </div>
   <div class='ocr_carea' id='block_1_93' title="bbox 1989 2964 3568 3035">
    <p class='ocr_par' dir='ltr' id='par_1_93' title="bbox 1989 2964 3568 3035">
     <span class='ocr_line' id='line_1_95' title="bbox 1989 2964 3568 3035; baseline -0.001 -16"><span class='ocrx_word' id='word_1_698' title='bbox 1989 2980 2112 3019; x_wconf 86' lang='lat' dir='ltr'><strong>cum</strong></span> <span class='ocrx_word' id='word_1_699' title='bbox 2161 2964 2440 3019; x_wconf 92' lang='lat' dir='ltr'><strong>Dominum</strong></span> <span class='ocrx_word' id='word_1_700' title='bbox 2486 2973 2638 3035; x_wconf 86' lang='lat' dir='ltr'><strong>rogat</strong></span> <span class='ocrx_word' id='word_1_701' title='bbox 2686 2982 2700 3018; x_wconf 92' lang='lat'><strong>:</strong></span> <span class='ocrx_word' id='word_1_702' title='bbox 2753 2974 2805 3018; x_wconf 91' lang='lat' dir='ltr'><strong>et</strong></span> <span class='ocrx_word' id='word_1_703' title='bbox 2853 2965 3079 3020; x_wconf 82' lang='lat' dir='ltr'><strong>forta=sc</strong></span> <span class='ocrx_word' id='word_1_704' title='bbox 3146 2964 3216 3020; x_wconf 88' lang='lat' dir='ltr'><strong>ad</strong></span> <span class='ocrx_word' id='word_1_705' title='bbox 3266 2966 3568 3035; x_wconf 84' lang='lat' dir='ltr'><strong>exemplum</strong></span> 
     </span>
    </p>
   </div>
   <div class='ocr_carea' id='block_1_94' title="bbox 1989 3055 3572 3128">
    <p class='ocr_par' dir='ltr' id='par_1_94' title="bbox 1989 3055 3572 3128">
     <span class='ocr_line' id='line_1_96' title="bbox 1989 3055 3572 3128; baseline -0.001 -18"><span class='ocrx_word' id='word_1_706' title='bbox 1989 3055 2209 3112; x_wconf 81' lang='lat' dir='ltr'><strong>Joannis</strong></span> <span class='ocrx_word' id='word_1_707' title='bbox 2255 3055 2439 3127; x_wconf 71' lang='lat' dir='ltr'><strong>(Apoc.</strong></span> <span class='ocrx_word' id='word_1_708' title='bbox 2498 3058 2547 3111; x_wconf 91' lang='grc'><strong>1.</strong></span> <span class='ocrx_word' id='word_1_709' title='bbox 2595 3055 2648 3128; x_wconf 87' lang='lat'><strong>9)</strong></span> <span class='ocrx_word' id='word_1_710' title='bbox 2679 3057 2874 3127; x_wconf 88' lang='lat' dir='ltr'><strong>aliquid</strong></span> <span class='ocrx_word' id='word_1_711' title='bbox 2920 3058 3097 3124; x_wconf 87' lang='lat' dir='ltr'><strong>videt,</strong></span> <span class='ocrx_word' id='word_1_712' title='bbox 3143 3058 3267 3116; x_wconf 88' lang='lat' dir='ltr'><strong>dum</strong></span> <span class='ocrx_word' id='word_1_713' title='bbox 3300 3058 3352 3114; x_wconf 91' lang='lat' dir='ltr'><strong>iu</strong></span> <span class='ocrx_word' id='word_1_714' title='bbox 3403 3059 3572 3115; x_wconf 79' lang='lat' dir='ltr'><strong>insula</strong></span> 
     </span>
    </p>
   </div>
   <div class='ocr_carea' id='block_1_95' title="bbox 1989 3157 2370 3202">
    <p class='ocr_par' dir='ltr' id='par_1_95' title="bbox 1989 3157 2370 3202">
     <span class='ocr_line' id='line_1_97' title="bbox 1989 3157 2370 3202; baseline -0.008 0"><span class='ocrx_word' id='word_1_715' title='bbox 1989 3157 2370 3202; x_wconf 80' lang='lat' dir='ltr'><strong>commoratur.</strong></span> 
     </span>
    </p>
   </div>
   <div class='ocr_carea' id='block_1_96' title="bbox 2061 3238 3572 3311">
    <p class='ocr_par' dir='ltr' id='par_1_96' title="bbox 2061 3238 3572 3311">
     <span class='ocr_line' id='line_1_98' title="bbox 2061 3238 3572 3311; baseline -0.001 -16"><span class='ocrx_word' id='word_1_716' title='bbox 2061 3239 2115 3295; x_wconf 85' lang='lat'><strong>5.</strong></span> <span class='ocrx_word' id='word_1_717' title='bbox 2138 3238 2280 3307; x_wconf 82' lang='lat' dir='ltr'><strong>Quas</strong></span> <span class='ocrx_word' id='word_1_718' title='bbox 2309 3255 2451 3294; x_wconf 92' lang='lat' dir='ltr'><strong>nunc</strong></span> <span class='ocrx_word' id='word_1_719' title='bbox 2478 3241 2744 3295; x_wconf 69' lang='lat' dir='ltr'><strong>diabolum</strong></span> <span class='ocrx_word' id='word_1_720' title='bbox 2769 3249 2983 3295; x_wconf 84' lang='lat' dir='ltr'><strong>nectere</strong></span> <span class='ocrx_word' id='word_1_721' title='bbox 3012 3240 3188 3296; x_wconf 90' lang='lat' dir='ltr'><strong>credis</strong></span> <span class='ocrx_word' id='word_1_722' title='bbox 3216 3242 3377 3296; x_wconf 86' lang='lat' dir='ltr'><strong>tricas</strong></span> <span class='ocrx_word' id='word_1_723' title='bbox 3395 3243 3572 3311; x_wconf 61' lang='lat' dir='ltr'><strong>iquas</strong></span> 
     </span>
    </p>
   </div>
   <div class='ocr_carea' id='block_1_97' title="bbox 1990 3331 3590 3403">
    <p class='ocr_par' dir='ltr' id='par_1_97' title="bbox 1990 3331 3590 3403">
     <span class='ocr_line' id='line_1_99' title="bbox 1990 3331 3590 3403; baseline 0.003 -19"><span class='ocrx_word' id='word_1_724' title='bbox 1990 3345 2180 3402; x_wconf 85' lang='lat' dir='ltr'><strong>parare</strong></span> <span class='ocrx_word' id='word_1_725' title='bbox 2209 3331 2486 3386; x_wconf 83' lang='lat' dir='ltr'><strong>arbitraris</strong></span> <span class='ocrx_word' id='word_1_726' title='bbox 2535 3333 2796 3388; x_wconf 88' lang='lat' dir='ltr'><strong>insidias?</strong></span> <span class='ocrx_word' id='word_1_727' title='bbox 2847 3333 3048 3387; x_wconf 88' lang='lat' dir='ltr'><strong>Forsan</strong></span> <span class='ocrx_word' id='word_1_728' title='bbox 3092 3333 3326 3403; x_wconf 75' lang='lat' dir='ltr'><strong>antiqua:</strong></span> <span class='ocrx_word' id='word_1_729' title='bbox 3375 3333 3590 3389; x_wconf 82' lang='lat' dir='ltr'><strong>fraudis-</strong></span> 
     </span>
    </p>
   </div>
   <div class='ocr_carea' id='block_1_98' title="bbox 1991 3424 3576 3495">
    <p class='ocr_par' dir='ltr' id='par_1_98' title="bbox 1991 3424 3576 3495">
     <span class='ocr_line' id='line_1_100' title="bbox 1991 3424 3576 3495; baseline 0.001 -16"><span class='ocrx_word' id='word_1_730' title='bbox 1991 3440 2219 3491; x_wconf 90' lang='lat' dir='ltr'><strong>memor,</strong></span> <span class='ocrx_word' id='word_1_731' title='bbox 2251 3425 2444 3480; x_wconf 86' lang='lat' dir='ltr'><strong>famem</strong></span> <span class='ocrx_word' id='word_1_732' title='bbox 2468 3427 2695 3480; x_wconf 87' lang='lat' dir='ltr'><strong>suadere</strong></span> <span class='ocrx_word' id='word_1_733' title='bbox 2719 3425 2961 3480; x_wconf 88' lang='lat' dir='ltr'><strong>tentabit.</strong></span> <span class='ocrx_word' id='word_1_734' title='bbox 2992 3424 3097 3480; x_wconf 91' lang='lat' dir='ltr'><strong>Sed</strong></span> <span class='ocrx_word' id='word_1_735' title='bbox 3115 3425 3226 3494; x_wconf 90' lang='lat' dir='ltr'><strong>jam</strong></span> <span class='ocrx_word' id='word_1_736' title='bbox 3250 3426 3322 3479; x_wconf 92' lang='lat' dir='ltr'><strong>illi</strong></span> <span class='ocrx_word' id='word_1_737' title='bbox 3354 3441 3576 3495; x_wconf 85' lang='lat' dir='ltr'><strong>respon-</strong></span> 
     </span>
    </p>
   </div>
   <div class='ocr_carea' id='block_1_99' title="bbox 1990 3514 3572 3588">
    <p class='ocr_par' dir='ltr' id='par_1_99' title="bbox 1990 3514 3572 3588">
     <span class='ocr_line' id='line_1_101' title="bbox 1990 3514 3572 3588; baseline 0.001 -17"><span class='ocrx_word' id='word_1_738' title='bbox 1990 3531 2107 3572; x_wconf 88' lang='lat' dir='ltr'><strong>sum</strong></span> <span class='ocrx_word' id='word_1_739' title='bbox 2151 3524 2276 3571; x_wconf 87' lang='lat' dir='ltr'><strong>est:</strong></span> <span class='ocrx_word' id='word_1_740' title='bbox 2321 3514 2445 3570; x_wconf 76' lang='lat' dir='ltr'><strong>Non</strong></span> <span class='ocrx_word' id='word_1_741' title='bbox 2489 3516 2542 3570; x_wconf 87' lang='lat' dir='ltr'><strong>in</strong></span> <span class='ocrx_word' id='word_1_742' title='bbox 2584 3515 2695 3570; x_wconf 82' lang='lat' dir='ltr'><strong>sole</strong></span> <span class='ocrx_word' id='word_1_743' title='bbox 2738 3533 2870 3587; x_wconf 88' lang='lat' dir='ltr'><strong>pane</strong></span> <span class='ocrx_word' id='word_1_744' title='bbox 2907 3517 3023 3570; x_wconf 82' lang='lat' dir='ltr'><strong>vivit</strong></span> <span class='ocrx_word' id='word_1_745' title='bbox 3064 3516 3215 3571; x_wconf 83' lang='lat' dir='ltr'><strong>homo</strong></span> <span class='ocrx_word' id='word_1_746' title='bbox 3251 3516 3462 3588; x_wconf 78' lang='lat' dir='ltr'><strong>(Matth.</strong></span> <span class='ocrx_word' id='word_1_747' title='bbox 3492 3519 3572 3588; x_wconf 70' lang='grc'><strong>4).</strong></span> 
     </span>
    </p>
   </div>
   <div class='ocr_carea' id='block_1_100' title="bbox 1990 3607 3572 3677">
    <p class='ocr_par' dir='ltr' id='par_1_100' title="bbox 1990 3607 3572 3677">
     <span class='ocr_line' id='line_1_102' title="bbox 1990 3607 3572 3677; baseline 0 -14"><span class='ocrx_word' id='word_1_748' title='bbox 1990 3607 2131 3676; x_wconf 89' lang='lat' dir='ltr'><strong>Opes</strong></span> <span class='ocrx_word' id='word_1_749' title='bbox 2156 3607 2380 3661; x_wconf 90' lang='lat' dir='ltr'><strong>forsitan</strong></span> <span class='ocrx_word' id='word_1_750' title='bbox 2400 3607 2732 3677; x_wconf 89' lang='lat' dir='ltr'><strong>gloriamque</strong></span> <span class='ocrx_word' id='word_1_751' title='bbox 2759 3616 3044 3677; x_wconf 90' lang='lat' dir='ltr'><strong>proponet.</strong></span> <span class='ocrx_word' id='word_1_752' title='bbox 3069 3607 3172 3662; x_wconf 89' lang='lat' dir='ltr'><strong>Sed</strong></span> <span class='ocrx_word' id='word_1_753' title='bbox 3201 3609 3412 3664; x_wconf 81' lang='lat' dir='ltr'><strong>dicetur</strong></span> <span class='ocrx_word' id='word_1_754' title='bbox 3453 3609 3531 3663; x_wconf 93' lang='lat' dir='ltr'><strong>illi</strong></span> <span class='ocrx_word' id='word_1_755' title='bbox 3555 3626 3572 3663; x_wconf 89' lang='lat'><strong>:</strong></span> 
     </span>
    </p>
   </div>
   <div class='ocr_carea' id='block_1_101' title="bbox 1994 3698 3577 3768">
    <p class='ocr_par' dir='ltr' id='par_1_101' title="bbox 1994 3698 3577 3768">
     <span class='ocr_line' id='line_1_103' title="bbox 1994 3698 3577 3768; baseline 0.001 -16"><span class='ocrx_word' id='word_1_756' title='bbox 1994 3699 2096 3766; x_wconf 85' lang='lat' dir='ltr'><strong>Qui</strong></span> <span class='ocrx_word' id='word_1_757' title='bbox 2127 3699 2335 3767; x_wconf 83' lang='lat' dir='ltr'><strong>cupiunt</strong></span> <span class='ocrx_word' id='word_1_758' title='bbox 2364 3698 2540 3752; x_wconf 80' lang='lat' dir='ltr'><strong>divites</strong></span> <span class='ocrx_word' id='word_1_759' title='bbox 2583 3699 2721 3767; x_wconf 80' lang='lat' dir='ltr'><strong>ﬁeri,</strong></span> <span class='ocrx_word' id='word_1_760' title='bbox 2755 3698 2986 3752; x_wconf 87' lang='lat' dir='ltr'><strong>incidunt</strong></span> <span class='ocrx_word' id='word_1_761' title='bbox 3029 3699 3083 3752; x_wconf 88' lang='lat' dir='ltr'><strong>in</strong></span> <span class='ocrx_word' id='word_1_762' title='bbox 3129 3701 3495 3768; x_wconf 77' lang='lat' dir='ltr'><strong>muscipulam,</strong></span> <span class='ocrx_word' id='word_1_763' title='bbox 3526 3711 3577 3754; x_wconf 83' lang='lat' dir='ltr'><strong>et</strong></span> 
     </span>
    </p>
   </div>
   <div class='ocr_carea' id='block_1_102' title="bbox 1991 3787 3575 3861">
    <p class='ocr_par' dir='ltr' id='par_1_102' title="bbox 1991 3787 3575 3861">
     <span class='ocr_line' id='line_1_104' title="bbox 1991 3787 3575 3861; baseline 0 -17"><span class='ocrx_word' id='word_1_764' title='bbox 1991 3791 2290 3844; x_wconf 84' lang='lat' dir='ltr'><strong>tentationes</strong></span> <span class='ocrx_word' id='word_1_765' title='bbox 2339 3790 2414 3860; x_wconf 85' lang='grc'><strong>(1.</strong></span> <span class='ocrx_word' id='word_1_766' title='bbox 2463 3788 2600 3842; x_wconf 86' lang='lat' dir='ltr'><strong>Tim.</strong></span> <span class='ocrx_word' id='word_1_767' title='bbox 2654 3787 2732 3861; x_wconf 82' lang='lat'><strong>6).</strong></span> <span class='ocrx_word' id='word_1_768' title='bbox 2768 3788 2834 3843; x_wconf 84' lang='lat' dir='ltr'><strong>Et</strong></span> <span class='ocrx_word' id='word_1_769' title='bbox 2875 3788 3008 3843; x_wconf 80' lang='lat' dir='ltr'><strong>Mihi</strong></span> <span class='ocrx_word' id='word_1_770' title='bbox 3055 3789 3294 3859; x_wconf 83' lang='lat' dir='ltr'><strong>gloriatio</strong></span> <span class='ocrx_word' id='word_1_771' title='bbox 3334 3791 3498 3846; x_wconf 84' lang='lat' dir='ltr'><strong>omnis</strong></span> <span class='ocrx_word' id='word_1_772' title='bbox 3521 3793 3575 3844; x_wconf 77' lang='lat' dir='ltr'><strong>iit</strong></span> 
     </span>
    </p>
   </div>
   <div class='ocr_carea' id='block_1_103' title="bbox 1990 3877 3576 3951">
    <p class='ocr_par' dir='ltr' id='par_1_103' title="bbox 1990 3877 3576 3951">
     <span class='ocr_line' id='line_1_105' title="bbox 1990 3877 3576 3951; baseline 0 -15"><span class='ocrx_word' id='word_1_773' title='bbox 1990 3879 2190 3936; x_wconf 83' lang='lat' dir='ltr'><strong>Christo</strong></span> <span class='ocrx_word' id='word_1_774' title='bbox 2219 3889 2291 3933; x_wconf 81' lang='lat' dir='ltr'><strong>est</strong></span> <span class='ocrx_word' id='word_1_775' title='bbox 2319 3877 2461 3950; x_wconf 82' lang='lat' dir='ltr'><strong>(Gal.</strong></span> <span class='ocrx_word' id='word_1_776' title='bbox 2508 3879 2774 3951; x_wconf 63' lang='lat' dir='ltr'><strong>6).Fes&lt;a</strong></span> <span class='ocrx_word' id='word_1_777' title='bbox 2822 3879 3058 3934; x_wconf 91' lang='lat' dir='ltr'><strong>membra</strong></span> <span class='ocrx_word' id='word_1_778' title='bbox 3082 3880 3334 3949; x_wconf 87' lang='lat' dir='ltr'><strong>jejuniis,</strong></span> <span class='ocrx_word' id='word_1_779' title='bbox 3385 3881 3576 3936; x_wconf 89' lang='lat' dir='ltr'><strong>morbo</strong></span> 
     </span>
    </p>
   </div>
   <div class='ocr_carea' id='block_1_104' title="bbox 1990 3972 3577 4043">
    <p class='ocr_par' dir='ltr' id='par_1_104' title="bbox 1990 3972 3577 4043">
     <span class='ocr_line' id='line_1_106' title="bbox 1990 3972 3577 4043; baseline 0.002 -18"><span class='ocrx_word' id='word_1_780' title='bbox 1990 3981 2242 4043; x_wconf 83' lang='lat' dir='ltr'><strong>gravante</strong></span> <span class='ocrx_word' id='word_1_781' title='bbox 2281 3973 2587 4037; x_wconf 87' lang='lat' dir='ltr'><strong>concutiet;</strong></span> <span class='ocrx_word' id='word_1_782' title='bbox 2635 3972 2731 4026; x_wconf 88' lang='lat' dir='ltr'><strong>sed</strong></span> <span class='ocrx_word' id='word_1_783' title='bbox 2779 3972 3017 4042; x_wconf 78' lang='lat' dir='ltr'><strong>Apostoli</strong></span> <span class='ocrx_word' id='word_1_784' title='bbox 3051 3972 3437 4040; x_wconf 88' lang='lat' dir='ltr'><strong>repercutietur</strong></span> <span class='ocrx_word' id='word_1_785' title='bbox 3465 3973 3577 4028; x_wconf 81' lang='lat' dir='ltr'><strong>elo-</strong></span> 
     </span>
    </p>
   </div>
   <div class='ocr_carea' id='block_1_105' title="bbox 1991 4063 3573 4135">
    <p class='ocr_par' dir='ltr' id='par_1_105' title="bbox 1991 4063 3573 4135">
     <span class='ocr_line' id='line_1_107' title="bbox 1991 4063 3573 4135; baseline 0.003 -20"><span class='ocrx_word' id='word_1_786' title='bbox 1991 4065 2157 4134; x_wconf 90' lang='lat' dir='ltr'><strong>quio:</strong></span> <span class='ocrx_word' id='word_1_787' title='bbox 2189 4063 2406 4131; x_wconf 81' lang='lat' dir='ltr'><strong>Quando</strong></span> <span class='ocrx_word' id='word_1_788' title='bbox 2449 4063 2578 4135; x_wconf 79' lang='lat' dir='ltr'><strong>enim</strong></span> <span class='ocrx_word' id='word_1_789' title='bbox 2622 4063 2890 4132; x_wconf 76' lang='lat' dir='ltr'><strong>inﬁt-mor,</strong></span> <span class='ocrx_word' id='word_1_790' title='bbox 2951 4072 3067 4116; x_wconf 86' lang='lat' dir='ltr'><strong>tunc</strong></span> <span class='ocrx_word' id='word_1_791' title='bbox 3109 4063 3292 4133; x_wconf 80' lang='lat' dir='ltr'><strong>fortior</strong></span> <span class='ocrx_word' id='word_1_792' title='bbox 3339 4079 3451 4117; x_wconf 86' lang='lat' dir='ltr'><strong>sum</strong></span> <span class='ocrx_word' id='word_1_793' title='bbox 3495 4064 3573 4134; x_wconf 64' lang='grc' dir='ltr'><strong>(Ω.</strong></span> 
     </span>
    </p>
   </div>
   <div class='ocr_carea' id='block_1_106' title="bbox 1991 4155 3573 4227">
    <p class='ocr_par' dir='ltr' id='par_1_106' title="bbox 1991 4155 3573 4227">
     <span class='ocr_line' id='line_1_108' title="bbox 1991 4155 3573 4227; baseline 0.001 -18"><span class='ocrx_word' id='word_1_794' title='bbox 1991 4157 2109 4210; x_wconf 85' lang='lat' dir='ltr'><strong>Cor.</strong></span> <span class='ocrx_word' id='word_1_795' title='bbox 2156 4157 2269 4226; x_wconf 73' lang='grc'><strong>12).</strong></span> <span class='ocrx_word' id='word_1_796' title='bbox 2303 4155 2368 4209; x_wconf 85' lang='lat' dir='ltr'><strong>Et</strong></span> <span class='ocrx_word' id='word_1_797' title='bbox 2394 4156 2551 4209; x_wconf 86' lang='lat' dir='ltr'><strong>virtus</strong></span> <span class='ocrx_word' id='word_1_798' title='bbox 2598 4156 2651 4210; x_wconf 89' lang='lat' dir='ltr'><strong>in</strong></span> <span class='ocrx_word' id='word_1_799' title='bbox 2679 4155 2974 4224; x_wconf 82' lang='lat' dir='ltr'><strong>inﬁrmitate</strong></span> <span class='ocrx_word' id='word_1_800' title='bbox 3014 4156 3273 4224; x_wconf 81' lang='lat' dir='ltr'><strong>perﬁcitur</strong></span> <span class='ocrx_word' id='word_1_801' title='bbox 3300 4155 3573 4227; x_wconf 72' lang='lat' dir='ltr'><strong>(Ibidem).</strong></span> 
     </span>
    </p>
   </div>
   <div class='ocr_carea' id='block_1_107' title="bbox 1989 4247 3578 4319">
    <p class='ocr_par' dir='ltr' id='par_1_107' title="bbox 1989 4247 3578 4319">
     <span class='ocr_line' id='line_1_109' title="bbox 1989 4247 3578 4319; baseline 0.002 -15"><span class='ocrx_word' id='word_1_802' title='bbox 1989 4248 2274 4304; x_wconf 88' lang='lat' dir='ltr'><strong>Minabitur</strong></span> <span class='ocrx_word' id='word_1_803' title='bbox 2298 4258 2526 4304; x_wconf 89' lang='lat' dir='ltr'><strong>mortem</strong></span> <span class='ocrx_word' id='word_1_804' title='bbox 2549 4265 2563 4315; x_wconf 92' lang='lat'>;</span> <span class='ocrx_word' id='word_1_805' title='bbox 2595 4249 2687 4305; x_wconf 87' lang='lat' dir='ltr'><strong>sed</strong></span> <span class='ocrx_word' id='word_1_806' title='bbox 2711 4248 2888 4304; x_wconf 89' lang='lat' dir='ltr'><strong>audiet</strong></span> <span class='ocrx_word' id='word_1_807' title='bbox 2914 4267 2928 4304; x_wconf 91' lang='lat'><strong>:</strong></span> <span class='ocrx_word' id='word_1_808' title='bbox 2957 4247 3119 4319; x_wconf 82' lang='lat' dir='ltr'><strong>Cupio</strong></span> <span class='ocrx_word' id='word_1_809' title='bbox 3139 4250 3368 4318; x_wconf 77' lang='lat' dir='ltr'><strong>dissolvi,</strong></span> <span class='ocrx_word' id='word_1_810' title='bbox 3399 4262 3444 4305; x_wconf 85' lang='lat' dir='ltr'><strong>et</strong></span> <span class='ocrx_word' id='word_1_811' title='bbox 3470 4268 3578 4307; x_wconf 83' lang='lat' dir='ltr'><strong>esse</strong></span> 
     </span>
    </p>
   </div>
   <div class='ocr_carea' id='block_1_108' title="bbox 1991 4339 3591 4414">
    <p class='ocr_par' dir='ltr' id='par_1_108' title="bbox 1991 4339 3591 4414">
     <span class='ocr_line' id='line_1_110' title="bbox 1991 4339 3591 4414; baseline 0.001 -19"><span class='ocrx_word' id='word_1_812' title='bbox 1991 4358 2106 4395; x_wconf 87' lang='lat' dir='ltr'><strong>cum</strong></span> <span class='ocrx_word' id='word_1_813' title='bbox 2140 4339 2339 4396; x_wconf 79' lang='lat' dir='ltr'><strong>Christo</strong></span> <span class='ocrx_word' id='word_1_814' title='bbox 2367 4339 2626 4414; x_wconf 79' lang='lat' dir='ltr'><strong>(Philipp.</strong></span> <span class='ocrx_word' id='word_1_815' title='bbox 2657 4342 2735 4410; x_wconf 88' lang='grc'><strong>1).</strong></span> <span class='ocrx_word' id='word_1_816' title='bbox 2782 4340 2946 4410; x_wconf 86' lang='lat' dir='ltr'><strong>lgnita</strong></span> <span class='ocrx_word' id='word_1_817' title='bbox 2971 4339 3146 4411; x_wconf 85' lang='lat' dir='ltr'><strong>jacula</strong></span> <span class='ocrx_word' id='word_1_818' title='bbox 3170 4342 3396 4397; x_wconf 89' lang='lat' dir='ltr'><strong>vihrabit</strong></span> <span class='ocrx_word' id='word_1_819' title='bbox 3417 4382 3431 4404; x_wconf 89' lang='lat'><strong>,</strong></span> <span class='ocrx_word' id='word_1_820' title='bbox 3477 4344 3591 4398; x_wconf 64' lang='lat' dir='ltr'><strong>sed</strong></span> 
     </span>
    </p>
   </div>
   <div class='ocr_carea' id='block_1_109' title="bbox 1991 4430 3577 4506">
    <p class='ocr_par' dir='ltr' id='par_1_109' title="bbox 1991 4430 3577 4506">
     <span class='ocr_line' id='line_1_111' title="bbox 1991 4430 3577 4506; baseline -0.001 -16"><span class='ocrx_word' id='word_1_821' title='bbox 1991 4434 2324 4505; x_wconf 82' lang='lat' dir='ltr'><strong>excipientur</strong></span> <span class='ocrx_word' id='word_1_822' title='bbox 2337 4432 2431 4506; x_wconf 81' lang='lat' dir='ltr'><strong>[aL</strong></span> <span class='ocrx_word' id='word_1_823' title='bbox 2450 4430 2785 4504; x_wconf 76' lang='lat' dir='ltr'><strong>excutientur]</strong></span> <span class='ocrx_word' id='word_1_824' title='bbox 2807 4442 2958 4488; x_wconf 91' lang='lat' dir='ltr'><strong>scuto</strong></span> <span class='ocrx_word' id='word_1_825' title='bbox 2977 4431 3118 4485; x_wconf 85' lang='lat' dir='ltr'><strong>fidei.</strong></span> <span class='ocrx_word' id='word_1_826' title='bbox 3141 4432 3205 4486; x_wconf 88' lang='lat' dir='ltr'><strong>Et</strong></span> <span class='ocrx_word' id='word_1_827' title='bbox 3225 4448 3292 4487; x_wconf 90' lang='lat' dir='ltr'><strong>ne</strong></span> <span class='ocrx_word' id='word_1_828' title='bbox 3311 4433 3472 4487; x_wconf 89' lang='lat' dir='ltr'><strong>multa</strong></span> <span class='ocrx_word' id='word_1_829' title='bbox 3492 4450 3577 4500; x_wconf 83' lang='lat' dir='ltr'><strong>re-</strong></span> 
     </span>
    </p>
   </div>
   <div class='ocr_carea' id='block_1_110' title="bbox 1992 4522 3575 4599">
    <p class='ocr_par' dir='ltr' id='par_1_110' title="bbox 1992 4522 3575 4599">
     <span class='ocr_line' id='line_1_112' title="bbox 1992 4522 3575 4599; baseline -0.001 -19"><span class='ocrx_word' id='word_1_830' title='bbox 1992 4527 2184 4598; x_wconf 87' lang='lat' dir='ltr'><strong>plicctn</strong></span> <span class='ocrx_word' id='word_1_831' title='bbox 2215 4525 2433 4599; x_wconf 83' lang='lat' dir='ltr'><strong>(Ep/tes.</strong></span> <span class='ocrx_word' id='word_1_832' title='bbox 2479 4524 2536 4594; x_wconf 84' lang='lat'><strong>6)</strong></span> <span class='ocrx_word' id='word_1_833' title='bbox 2572 4543 2584 4578; x_wconf 93' lang='lat'><strong>:</strong></span> <span class='ocrx_word' id='word_1_834' title='bbox 2618 4523 2949 4594; x_wconf 88' lang='lat' dir='ltr'><strong>impugnabit</strong></span> <span class='ocrx_word' id='word_1_835' title='bbox 2977 4522 3224 4589; x_wconf 89' lang='lat' dir='ltr'><strong>Satanas,</strong></span> <span class='ocrx_word' id='word_1_836' title='bbox 3253 4523 3346 4578; x_wconf 90' lang='lat' dir='ltr'><strong>sed</strong></span> <span class='ocrx_word' id='word_1_837' title='bbox 3380 4525 3575 4579; x_wconf 84' lang='lat' dir='ltr'><strong>tutabi-</strong></span> 
     </span>
    </p>
   </div>
   <div class='ocr_carea' id='block_1_111' title="bbox 1994 4613 3598 4685">
    <p class='ocr_par' dir='ltr' id='par_1_111' title="bbox 1994 4613 3598 4685">
     <span class='ocr_line' id='line_1_113' title="bbox 1994 4613 3598 4685; baseline -0.002 -11"><span class='ocrx_word' id='word_1_838' title='bbox 1994 4629 2078 4674; x_wconf 91' lang='lat' dir='ltr'><strong>tur</strong></span> <span class='ocrx_word' id='word_1_839' title='bbox 2105 4615 2367 4672; x_wconf 89' lang='lat' dir='ltr'><strong>Christus.</strong></span> <span class='ocrx_word' id='word_1_840' title='bbox 2398 4615 2580 4672; x_wconf 86' lang='lat' dir='ltr'><strong>Gratia</strong></span> <span class='ocrx_word' id='word_1_841' title='bbox 2623 4615 2712 4671; x_wconf 89' lang='lat' dir='ltr'><strong>tibi</strong></span> <span class='ocrx_word' id='word_1_842' title='bbox 2736 4657 2751 4683; x_wconf 96' lang='lat'><strong>,</strong></span> <span class='ocrx_word' id='word_1_843' title='bbox 2796 4614 3018 4669; x_wconf 86' lang='lat' dir='ltr'><strong>Domine</strong></span> <span class='ocrx_word' id='word_1_844' title='bbox 3043 4613 3170 4670; x_wconf 86' lang='lat' dir='ltr'><strong>Jesu</strong></span> <span class='ocrx_word' id='word_1_845' title='bbox 3192 4655 3206 4678; x_wconf 88' lang='lat'><strong>,</strong></span> <span class='ocrx_word' id='word_1_846' title='bbox 3233 4615 3375 4685; x_wconf 89' lang='lat' dir='ltr'><strong>quod</strong></span> <span class='ocrx_word' id='word_1_847' title='bbox 3404 4616 3456 4670; x_wconf 91' lang='lat' dir='ltr'><strong>in</strong></span> <span class='ocrx_word' id='word_1_848' title='bbox 3484 4616 3598 4672; x_wconf 74' lang='lat' dir='ltr'><strong>die~</strong></span> 
     </span>
    </p>
   </div>
   <div class='ocr_carea' id='block_1_112' title="bbox 1993 4705 3575 4780">
    <p class='ocr_par' dir='ltr' id='par_1_112' title="bbox 1993 4705 3575 4780">
     <span class='ocr_line' id='line_1_114' title="bbox 1993 4705 3575 4780; baseline 0.001 -16"><span class='ocrx_word' id='word_1_849' title='bbox 1993 4719 2080 4764; x_wconf 90' lang='lat' dir='ltr'><strong>tua</strong></span> <span class='ocrx_word' id='word_1_850' title='bbox 2126 4708 2331 4773; x_wconf 88' lang='lat' dir='ltr'><strong>habeo,</strong></span> <span class='ocrx_word' id='word_1_851' title='bbox 2364 4706 2454 4778; x_wconf 89' lang='lat' dir='ltr'><strong>qui</strong></span> <span class='ocrx_word' id='word_1_852' title='bbox 2500 4720 2595 4776; x_wconf 90' lang='lat' dir='ltr'><strong>pro</strong></span> <span class='ocrx_word' id='word_1_853' title='bbox 2637 4722 2724 4761; x_wconf 90' lang='lat' dir='ltr'><strong>me</strong></span> <span class='ocrx_word' id='word_1_854' title='bbox 2766 4714 2818 4761; x_wconf 91' lang='lat' dir='ltr'><strong>tc</strong></span> <span class='ocrx_word' id='word_1_855' title='bbox 2860 4705 3028 4776; x_wconf 89' lang='lat' dir='ltr'><strong>possit</strong></span> <span class='ocrx_word' id='word_1_856' title='bbox 3066 4721 3276 4776; x_wconf 78' lang='lat' dir='ltr'><strong>rogare.</strong></span> <span class='ocrx_word' id='word_1_857' title='bbox 3307 4705 3423 4764; x_wconf 88' lang='lat' dir='ltr'><strong>Scis</strong></span> <span class='ocrx_word' id='word_1_858' title='bbox 3462 4709 3575 4780; x_wconf 89' lang='lat' dir='ltr'><strong>ipse</strong></span> 
     </span>
    </p>
   </div>
   <div class='ocr_carea' id='block_1_113' title="bbox 1993 4795 3574 4868">
    <p class='ocr_par' dir='ltr' id='par_1_113' title="bbox 1993 4795 3574 4868">
     <span class='ocr_line' id='line_1_115' title="bbox 1993 4795 3574 4868; baseline 0.001 -17"><span class='ocrx_word' id='word_1_859' title='bbox 1993 4798 2112 4868; x_wconf 90' lang='lat' dir='ltr'><strong>(tibi</strong></span> <span class='ocrx_word' id='word_1_860' title='bbox 2155 4798 2298 4851; x_wconf 90' lang='lat' dir='ltr'><strong>enim</strong></span> <span class='ocrx_word' id='word_1_861' title='bbox 2346 4804 2528 4866; x_wconf 89' lang='lat' dir='ltr'><strong>patent</strong></span> <span class='ocrx_word' id='word_1_862' title='bbox 2581 4804 2794 4864; x_wconf 86' lang='lat' dir='ltr'><strong>pectora</strong></span> <span class='ocrx_word' id='word_1_863' title='bbox 2845 4795 3208 4864; x_wconf 86' lang='lat' dir='ltr'><strong>singulorum,</strong></span> <span class='ocrx_word' id='word_1_864' title='bbox 3255 4798 3346 4868; x_wconf 89' lang='lat' dir='ltr'><strong>qui</strong></span> <span class='ocrx_word' id='word_1_865' title='bbox 3395 4799 3574 4854; x_wconf 83' lang='lat' dir='ltr'><strong>cordis</strong></span> 
     </span>
    </p>
   </div>
   <div class='ocr_carea' id='block_1_114' title="bbox 1992 4888 3577 4959">
    <p class='ocr_par' dir='ltr' id='par_1_114' title="bbox 1992 4888 3577 4959">
     <span class='ocr_line' id='line_1_116' title="bbox 1992 4888 3577 4959; baseline 0.002 -14"><span class='ocrx_word' id='word_1_866' title='bbox 1992 4905 2184 4948; x_wconf 88' lang='lat' dir='ltr'><strong>arcana</strong></span> <span class='ocrx_word' id='word_1_867' title='bbox 2216 4889 2444 4953; x_wconf 91' lang='lat' dir='ltr'><strong>rimaris,</strong></span> <span class='ocrx_word' id='word_1_868' title='bbox 2475 4888 2563 4959; x_wconf 89' lang='lat' dir='ltr'><strong>qui</strong></span> <span class='ocrx_word' id='word_1_869' title='bbox 2591 4895 2750 4944; x_wconf 76' lang='lat' dir='ltr'><strong>tanta:</strong></span> <span class='ocrx_word' id='word_1_870' title='bbox 2792 4889 2976 4944; x_wconf 70' lang='lat' dir='ltr'><strong>bestia:</strong></span> <span class='ocrx_word' id='word_1_871' title='bbox 3003 4888 3123 4943; x_wconf 86' lang='lat' dir='ltr'><strong>alvo</strong></span> <span class='ocrx_word' id='word_1_872' title='bbox 3151 4889 3412 4946; x_wconf 85' lang='lat' dir='ltr'><strong>inclusum</strong></span> <span class='ocrx_word' id='word_1_873' title='bbox 3444 4892 3577 4948; x_wconf 84' lang='lat' dir='ltr'><strong>Pro—</strong></span> 
     </span>
    </p>
   </div>
   <div class='ocr_carea' id='block_1_115' title="bbox 1995 4979 3575 5052">
    <p class='ocr_par' dir='ltr' id='par_1_115' title="bbox 1995 4979 3575 5052">
     <span class='ocr_line' id='line_1_117' title="bbox 1995 4979 3575 5052; baseline 0.002 -17"><span class='ocrx_word' id='word_1_874' title='bbox 1995 4982 2204 5052; x_wconf 85' lang='lat' dir='ltr'><strong>phetam</strong></span> <span class='ocrx_word' id='word_1_875' title='bbox 2235 4981 2286 5034; x_wconf 88' lang='lat' dir='ltr'><strong>in</strong></span> <span class='ocrx_word' id='word_1_876' title='bbox 2334 4979 2598 5049; x_wconf 89' lang='lat' dir='ltr'><strong>profundo</strong></span> <span class='ocrx_word' id='word_1_877' title='bbox 2625 4979 2798 5050; x_wconf 88' lang='lat' dir='ltr'><strong>vides)</strong></span> <span class='ocrx_word' id='word_1_878' title='bbox 2845 4989 2900 5034; x_wconf 92' lang='lat' dir='ltr'><strong>ut</strong></span> <span class='ocrx_word' id='word_1_879' title='bbox 2939 4995 3070 5051; x_wconf 77' lang='lat' dir='ltr'><strong>ego,</strong></span> <span class='ocrx_word' id='word_1_880' title='bbox 3105 4989 3160 5036; x_wconf 76' lang='lat' dir='ltr'><strong>et</strong></span> <span class='ocrx_word' id='word_1_881' title='bbox 3189 4981 3278 5037; x_wconf 88' lang='lat' dir='ltr'><strong>ille</strong></span> <span class='ocrx_word' id='word_1_882' title='bbox 3306 4982 3504 5051; x_wconf 89' lang='lat' dir='ltr'><strong>pariter</strong></span> <span class='ocrx_word' id='word_1_883' title='bbox 3542 4998 3575 5038; x_wconf 69' lang='grc' dir='ltr'>ι</span> 
     </span>
    </p>
   </div>
   <div class='ocr_carea' id='block_1_116' title="bbox 1993 5071 3576 5142">
    <p class='ocr_par' dir='ltr' id='par_1_116' title="bbox 1993 5071 3576 5142">
     <span class='ocr_line' id='line_1_118' title="bbox 1993 5071 3576 5142; baseline 0.002 -15"><span class='ocrx_word' id='word_1_884' title='bbox 1993 5082 2176 5128; x_wconf 86' lang='lat' dir='ltr'><strong>tenera</strong></span> <span class='ocrx_word' id='word_1_885' title='bbox 2237 5072 2456 5127; x_wconf 87' lang='lat' dir='ltr'><strong>infantia</strong></span> <span class='ocrx_word' id='word_1_886' title='bbox 2509 5071 2574 5126; x_wconf 89' lang='lat' dir='ltr'><strong>ad</strong></span> <span class='ocrx_word' id='word_1_887' title='bbox 2635 5071 2912 5128; x_wconf 87' lang='lat' dir='ltr'><strong>ﬂorentem</strong></span> <span class='ocrx_word' id='word_1_888' title='bbox 2963 5088 3130 5142; x_wconf 90' lang='lat' dir='ltr'><strong>usque</strong></span> <span class='ocrx_word' id='word_1_889' title='bbox 3184 5073 3576 5130; x_wconf 77' lang='lat' dir='ltr'><strong>adoleverimus</strong></span> 
     </span>
    </p>
   </div>
   <div class='ocr_carea' id='block_1_117' title="bbox 1991 5163 3578 5232">
    <p class='ocr_par' dir='ltr' id='par_1_117' title="bbox 1991 5163 3578 5232">
     <span class='ocr_line' id='line_1_119' title="bbox 1991 5163 3578 5232; baseline 0.002 -14"><span class='ocrx_word' id='word_1_890' title='bbox 1991 5171 2238 5229; x_wconf 68' lang='lat' dir='ltr'><strong>aitatem,</strong></span> <span class='ocrx_word' id='word_1_891' title='bbox 2287 5173 2344 5217; x_wconf 92' lang='lat' dir='ltr'><strong>ut</strong></span> <span class='ocrx_word' id='word_1_892' title='bbox 2391 5163 2550 5218; x_wconf 89' lang='lat' dir='ltr'><strong>iidem</strong></span> <span class='ocrx_word' id='word_1_893' title='bbox 2596 5178 2694 5218; x_wconf 92' lang='lat' dir='ltr'><strong>nos</strong></span> <span class='ocrx_word' id='word_1_894' title='bbox 2723 5164 2985 5218; x_wconf 83' lang='lat' dir='ltr'><strong>nutricum</strong></span> <span class='ocrx_word' id='word_1_895' title='bbox 3015 5163 3202 5232; x_wconf 79' lang='lat' dir='ltr'><strong>sinus,</strong></span> <span class='ocrx_word' id='word_1_896' title='bbox 3235 5165 3396 5220; x_wconf 89' lang='lat' dir='ltr'><strong>iidem</strong></span> <span class='ocrx_word' id='word_1_897' title='bbox 3445 5181 3578 5221; x_wconf 89' lang='lat' dir='ltr'><strong>am-</strong></span> 
     </span>
    </p>
   </div>
   <div class='ocr_carea' id='block_1_118' title="bbox 1993 5253 3577 5327">
    <p class='ocr_par' dir='ltr' id='par_1_118' title="bbox 1993 5253 3577 5327">
     <span class='ocr_line' id='line_1_120' title="bbox 1993 5253 3577 5327; baseline 0.003 -19"><span class='ocrx_word' id='word_1_898' title='bbox 1993 5255 2183 5325; x_wconf 82' lang='lat' dir='ltr'><strong>plexus</strong></span> <span class='ocrx_word' id='word_1_899' title='bbox 2227 5253 2457 5311; x_wconf 88' lang='lat' dir='ltr'><strong>foverint</strong></span> <span class='ocrx_word' id='word_1_900' title='bbox 2496 5255 2806 5326; x_wconf 82' lang='lat' dir='ltr'><strong>bajulorum.</strong></span> <span class='ocrx_word' id='word_1_901' title='bbox 2840 5273 2854 5309; x_wconf 88' lang='lat'>:</span> <span class='ocrx_word' id='word_1_902' title='bbox 2887 5265 2940 5311; x_wconf 88' lang='lat' dir='ltr'><strong>et</strong></span> <span class='ocrx_word' id='word_1_903' title='bbox 2977 5271 3097 5311; x_wconf 91' lang='lat' dir='ltr'><strong>cum</strong></span> <span class='ocrx_word' id='word_1_904' title='bbox 3129 5258 3281 5327; x_wconf 81' lang='lat' dir='ltr'><strong>&#39;post</strong></span> <span class='ocrx_word' id='word_1_905' title='bbox 3334 5257 3577 5312; x_wconf 79' lang='lat' dir='ltr'><strong>Romana</strong></span> 
     </span>
    </p>
   </div>
   <div class='ocr_carea' id='block_1_119' title="bbox 1989 5346 3574 5418">
    <p class='ocr_par' dir='ltr' id='par_1_119' title="bbox 1989 5346 3574 5418">
     <span class='ocr_line' id='line_1_121' title="bbox 1989 5346 3574 5418; baseline 0.001 -18"><span class='ocrx_word' id='word_1_906' title='bbox 1989 5346 2163 5400; x_wconf 87' lang='lat' dir='ltr'><strong>studia</strong></span> <span class='ocrx_word' id='word_1_907' title='bbox 2189 5346 2254 5400; x_wconf 90' lang='lat' dir='ltr'><strong>ad</strong></span> <span class='ocrx_word' id='word_1_908' title='bbox 2281 5346 2452 5401; x_wconf 82' lang='lat' dir='ltr'><strong>Rheni</strong></span> <span class='ocrx_word' id='word_1_909' title='bbox 2479 5348 2878 5402; x_wconf 32' lang='lat' dir='ltr'><strong>semibarbaras.</strong></span> <span class='ocrx_word' id='word_1_910' title='bbox 2895 5347 3057 5418; x_wconf 89' lang='lat' dir='ltr'><strong>ripas,</strong></span> <span class='ocrx_word' id='word_1_911' title='bbox 3089 5347 3276 5403; x_wconf 89' lang='lat' dir='ltr'><strong>eodem</strong></span> <span class='ocrx_word' id='word_1_912' title='bbox 3293 5347 3434 5414; x_wconf 89' lang='lat' dir='ltr'><strong>cibo,</strong></span> <span class='ocrx_word' id='word_1_913' title='bbox 3461 5349 3574 5417; x_wconf 86' lang='lat' dir='ltr'><strong>pari</strong></span> 
     </span>
    </p>
   </div>
   <div class='ocr_carea' id='block_1_120' title="bbox 1991 5435 3576 5508">
    <p class='ocr_par' dir='ltr' id='par_1_120' title="bbox 1991 5435 3576 5508">
     <span class='ocr_line' id='line_1_122' title="bbox 1991 5435 3576 5508; baseline 0 -15"><span class='ocrx_word' id='word_1_914' title='bbox 1991 5438 2291 5494; x_wconf 89' lang='lat' dir='ltr'><strong>frueremur</strong></span> <span class='ocrx_word' id='word_1_915' title='bbox 2332 5435 2594 5508; x_wconf 91' lang='lat' dir='ltr'><strong>hospitio,</strong></span> <span class='ocrx_word' id='word_1_916' title='bbox 2623 5448 2680 5493; x_wconf 92' lang='lat' dir='ltr'><strong>ut</strong></span> <span class='ocrx_word' id='word_1_917' title='bbox 2705 5453 2806 5508; x_wconf 78' lang='lat' dir='ltr'><strong>ego</strong></span> <span class='ocrx_word' id='word_1_918' title='bbox 2836 5439 3040 5508; x_wconf 86' lang='lat' dir='ltr'><strong>primus</strong></span> <span class='ocrx_word' id='word_1_919' title='bbox 3066 5440 3319 5508; x_wconf 73' lang='lat' dir='ltr'><strong>cmperim</strong></span> <span class='ocrx_word' id='word_1_920' title='bbox 3348 5438 3490 5494; x_wconf 90' lang='lat' dir='ltr'><strong>velle</strong></span> <span class='ocrx_word' id='word_1_921' title='bbox 3521 5447 3576 5494; x_wconf 90' lang='lat' dir='ltr'><strong>te</strong></span> 
     </span>
    </p>
   </div>
   <div class='ocr_carea' id='block_1_121' title="bbox 1990 5529 3572 5601">
    <p class='ocr_par' dir='ltr' id='par_1_121' title="bbox 1990 5529 3572 5601">
     <span class='ocr_line' id='line_1_123' title="bbox 1990 5529 3572 5601; baseline -0.003 -15"><span class='ocrx_word' id='word_1_922' title='bbox 1990 5531 2188 5586; x_wconf 84' lang='lat' dir='ltr'><strong>colere.</strong></span> <span class='ocrx_word' id='word_1_923' title='bbox 2206 5529 2472 5596; x_wconf 81' lang='lat' dir='ltr'><strong>Memento</strong></span> <span class='ocrx_word' id='word_1_924' title='bbox 2493 5545 2676 5601; x_wconf 64' lang='lat' dir='ltr'><strong>quaeso</strong></span> <span class='ocrx_word' id='word_1_925' title='bbox 2697 5530 2836 5585; x_wconf 90' lang='lat' dir='ltr'><strong>hunc</strong></span> <span class='ocrx_word' id='word_1_926' title='bbox 2857 5531 3171 5585; x_wconf 87' lang='lat' dir='ltr'><strong>bellatorem</strong></span> <span class='ocrx_word' id='word_1_927' title='bbox 3196 5537 3343 5582; x_wconf 88' lang='lat' dir='ltr'><strong>tuum</strong></span> <span class='ocrx_word' id='word_1_928' title='bbox 3367 5542 3572 5583; x_wconf 90' lang='lat' dir='ltr'><strong>mecum</strong></span> 
     </span>
    </p>
   </div>
   <div class='ocr_carea' id='block_1_122' title="bbox 2071 5723 3078 5790">
    <p class='ocr_par' dir='ltr' id='par_1_122' title="bbox 2071 5723 3078 5790">
     <span class='ocr_line' id='line_1_124' title="bbox 2071 5723 3078 5790; baseline -0.004 -17"><span class='ocrx_word' id='word_1_929' title='bbox 2071 5726 2129 5790; x_wconf 51' lang='lat' dir='ltr'><strong>3d)</strong></span> <span class='ocrx_word' id='word_1_930' title='bbox 2171 5726 2494 5790; x_wconf 69' lang='lat' dir='ltr'><strong>Veronensis,</strong></span> <span class='ocrx_word' id='word_1_931' title='bbox 2521 5726 2646 5775; x_wconf 90' lang='lat' dir='ltr'><strong>liber</strong></span> <span class='ocrx_word' id='word_1_932' title='bbox 2671 5724 2886 5790; x_wconf 72' lang='lat' dir='ltr'><strong>dignitas</strong></span> <span class='ocrx_word' id='word_1_933' title='bbox 2904 5723 3078 5790; x_wconf 80' lang='lat' dir='ltr'><strong>prima.</strong></span> 
     </span>
    </p>
   </div>
   <div class='ocr_carea' id='block_1_123' title="bbox 2077 5781 3640 5854">
    <p class='ocr_par' dir='ltr' id='par_1_123' title="bbox 2077 5781 3640 5854">
     <span class='ocr_line' id='line_1_125' title="bbox 2077 5781 3640 5854; baseline -0.003 -16"><span class='ocrx_word' id='word_1_934' title='bbox 2077 5781 2139 5854; x_wconf 75' lang='lat' dir='ltr'><strong>r)&#39;_</strong></span> <span class='ocrx_word' id='word_1_935' title='bbox 2159 5787 2316 5854; x_wconf 42' lang='lat' dir='ltr'><strong>Antea</strong></span> <span class='ocrx_word' id='word_1_936' title='bbox 2340 5795 2462 5854; x_wconf 76' lang='lat' dir='ltr'><strong>erat,</strong></span> <span class='ocrx_word' id='word_1_937' title='bbox 2486 5781 2786 5854; x_wconf 56' lang='lat' dir='ltr'><strong>&#39;Propotwt&#39;ur</strong></span> <span class='ocrx_word' id='word_1_938' title='bbox 2802 5781 2912 5854; x_wconf 50' lang='lat' dir='ltr'><strong>tibi,&quot;</strong></span> <span class='ocrx_word' id='word_1_939' title='bbox 2929 5784 3007 5854; x_wconf 75' lang='lat' dir='ltr'><strong>vel</strong></span> <span class='ocrx_word' id='word_1_940' title='bbox 3032 5795 3240 5846; x_wconf 80' lang='lat' dir='ltr'><strong>propone</strong></span> <span class='ocrx_word' id='word_1_941' title='bbox 3270 5781 3373 5832; x_wconf 81' lang='lat' dir='ltr'><strong>tibi.</strong></span> <span class='ocrx_word' id='word_1_942' title='bbox 3399 5782 3577 5834; x_wconf 84' lang='lat' dir='ltr'><strong>Postea</strong></span> <span class='ocrx_word' id='word_1_943' title='bbox 3638 5824 3640 5826; x_wconf 51' lang='grc' dir='ltr'><strong><em>τ</em></strong></span> 
     </span>
    </p>
   </div>
   <div class='ocr_carea' id='block_1_124' title="bbox 1991 5846 3451 5922">
    <p class='ocr_par' dir='ltr' id='par_1_124' title="bbox 1991 5846 3451 5912">
     <span class='ocr_line' id='line_1_126' title="bbox 1991 5846 3451 5912; baseline -0.003 -14"><span class='ocrx_word' id='word_1_944' title='bbox 1991 5846 2280 5901; x_wconf 71' lang='lat' dir='ltr'><strong>noStriMss.</strong></span> <span class='ocrx_word' id='word_1_945' title='bbox 2309 5846 2720 5912; x_wconf 66' lang='lat' dir='ltr'><strong>epithetuui&#39;illud</strong></span> <span class='ocrx_word' id='word_1_946' title='bbox 2746 5846 3022 5898; x_wconf 74' lang='lat' dir='ltr'><strong>dulcissime</strong></span> <span class='ocrx_word' id='word_1_947' title='bbox 3045 5858 3141 5897; x_wconf 87' lang='lat' dir='ltr'><strong>nou</strong></span> <span class='ocrx_word' id='word_1_948' title='bbox 3165 5854 3451 5908; x_wconf 80' lang='lat' dir='ltr'><strong>agnoscunt.</strong></span> 
     </span>
    </p>
   </div>
  </div>
