4136 6332
323 329 425 388 337

321 463 533 506 currere
566 465 580 503 :
605 457 658 504 et
683 461 782 520 ego
810 434 1036 518 a'rreptm
1066 449 1370 505 solitudinis
1398 450 1640 506 terminis
1669 465 1886 515 arceor,

321 551 376 596 ut
406 541 630 609 coeperit
655 539 765 609 jam
787 540 916 594 mihi
947 557 1053 594 non
1081 540 1241 596 licere
1269 540 1410 612 quod
1430 541 1592 596 volui.
1612 540 1693 596 0b
1721 540 1822 596 hoc
1841 549 1894 595 ct

320 649 414 704 ego
442 633 688 697 obsecro,
718 642 772 688 et
799 643 885 706 tu,
918 643 974 688 ιιι
999 643 1166 702 petas,
1191 636 1472 703 plurimum
1491 650 1692 704 qua-so,
1716 643 1773 687 ut
1800 633 1892 688 tibi

321 722 454 776 beati
485 723 700 776 llhetitii
728 725 1230 795 Augustoduneosis
1268 724 1515 794 Episcopi
1555 724 1896 780 Commenta-

320 816 425 870 rios
453 815 518 869 ad
561 814 970 871 describendum
1003 817 1288 887 largiatur,
1317 817 1369 872 in
1399 817 1590 887 quibus
1616 815 1894 872 Canticum

317 907 656 961 Canticorum
714 908 925 963 sublimi
971 924 1065 963 ore
1103 909 1372 964 disseruit.
1415 909 1639 978 Scripsit
1667 917 1721 964 et
1764 905 1893 964 mihi

315 1001 526 1070 quidam
568 999 635 1056 de
678 1001 844 1069 patria
891 1001 1178 1070 supradicti
1226 999 1407 1056 fratris
1433 999 1669 1062 Bullini,
1699 1001 1894 1056 Paulus

315 1108 499 1157 senex,
524 1091 834 1148 Tertulliani
884 1109 1037 1148 smun
1092 1093 1329 1150 codicem
1379 1093 1518 1165 apud
1564 1109 1684 1150 eum
1738 1109 1890 1158 esse,

315 1171 469 1256 quem
497 1183 845 1241 vehementer
876 1187 1124 1256 reposcit.
1158 1187 1221 1240 Et
1253 1203 1318 1242 ex
1347 1187 1447 1241 hoc
1473 1201 1686 1255 qumso,
1709 1196 1765 1242 ut
1799 1201 1892 1242 eos

317 1279 498 1339 libros.
527 1295 660 1348 quos
687 1295 772 1333 me
792 1296 896 1333 non
927 1279 1123 1334 habere
1143 1280 1328 1334 Brevis
1353 1281 1596 1336 subditus
1623 1280 1889 1347 edocebit,

315 1372 508 1426 librarii
538 1389 695 1426 manu
719 1373 769 1426 in
791 1373 861 1427 rh.
877 1384 974 1427 irta
994 1373 1371 1442 seribijubeas.
1397 1373 1889 1440 Interpretatinnem

315 1479 520 1532 quoque
547 1463 880 1519 Psalmornm
914 1465 1310 1532 Davidicurum,
1339 1475 1392 1519 et
1431 1466 1692 1536 prolixum
1736 1465 1890 1520 valde

315 1555 379 1608 de
405 1555 634 1626 Synodis
655 1556 849 1610 librum
872 1557 1042 1612 sancti
1068 1558 1271 1623 llilarii,
1301 1573 1460 1630 quem
1491 1559 1541 1614 ei
1576 1558 1714 1628 apud
1755 1559 1890 1613 Tre-

315 1647 456 1704 viros
485 1663 646 1702 manu
673 1651 925 1720 meaipse
949 1649 1338 1720 descripseram
1364 1692 1379 1717 ,
1404 1661 1462 1706 ut
1491 1652 1620 1707 mihi
1663 1653 1892 1708 transfeo

314 1754 398 1792 ras
425 1748 564 1808 peto.
595 1739 743 1794 Nosti
772 1741 871 1798 hoc
900 1757 1020 1797 esse
1057 1743 1246 1798 anima:
1273 1741 1587 1799 Christiana:
1614 1743 1886 1812 pabulum,

312 1831 354 1882 si
387 1829 435 1882 iu
458 1831 571 1900 lege
602 1831 809 1884 Domini
854 1833 1143 1888 meditetur
1166 1833 1256 1888 die
1277 1850 1338 1888 ac
1382 1843 1538 1889 nocte
1569 1833 1589 1905 (
1619 1831 1761 1888 Psul.
1797 1835 1820 1888 1
1846 1833 1885 1901 ).

311 1921 542 1974 Crateros
556 1921 785 1991 hospitio
799 1925 1207 1993 recipis,sol.itio
1227 1924 1249 1978 f
1246 1925 1698 1993 oves,sumptibus
1710 1925 1765 1994 ju
1774 1940 1885 1978 vas.

311 2011 432 2065 Mihi
456 2013 498 2066 si
529 2023 707 2084 rogata
743 2016 1071 2081 prmstiteris,
1104 2026 1292 2070 cuncta
1318 2017 1535 2086 largitus
1563 2032 1642 2070 es.
1675 2017 1892 2086 thuoo

312 2105 471 2166 uiam,
499 2103 753 2174 largiente
778 2105 1027 2169 Domino,
1045 2106 1226 2160 multis
1247 2122 1412 2161 saera:
1435 2106 1781 2161 Bibliotheca:
1812 2106 1888 2177 (a)

309 2195 583 2249 codicibus
603 2195 959 2259 abundamus,
985 2197 1187 2266 impera
1226 2198 1479 2263 vicissim,
1519 2197 1891 2268 quodcumque

309 2287 388 2339 vis
411 2288 635 2342 mittam.
658 2287 767 2342 Nec
788 2299 940 2358 putes
968 2289 1094 2343 mihi
1119 2305 1278 2360 grave
1294 2303 1412 2344 esse
1430 2329 1446 2353 ,
1479 2288 1522 2343 si
1543 2288 1758 2358 iubeas.
1780 2289 1888 2342 lla-

305 2376 406 2431 beo
426 2379 690 2442 alumnos,
718 2380 790 2450 (b)
818 2379 906 2449 qui
939 2381 1262 2450 Antiquarla:
1290 2380 1389 2434 arti
1419 2381 1675 2435 serviant.
1707 2379 1890 2449 Neque

304 2483 432 2523 vero
459 2470 776 2524 beneficium
818 2484 916 2538 pro
942 2486 1008 2524 eo
1043 2470 1183 2539 quod
1225 2471 1455 2539 pestulo,
1480 2469 1755 2540 polliceor.
1787 2471 1890 2526 llc-

304 2561 548 2617 liodurus
576 2561 740 2616 frater
766 2561 897 2616 mihi
927 2561 1198 2626 indicavit,
1229 2570 1283 2618 te
1311 2562 1474 2616 multa
1504 2561 1572 2617 de
1597 2562 1889 2634 Scripturis

300 2667 568 2720 qtuererc,
590 2666 688 2706 nec
711 2652 950 2708 invenire
973 2669 988 2717 ;
1019 2662 1112 2706 aut
1128 2653 1170 2706 si
1198 2654 1377 2707 omnia
1404 2652 1683 2725 habes,(c).
1705 2654 1888 2726 incipit

300 2745 401 2798 sibi
433 2745 552 2810 plus
579 2745 772 2799 caritas
798 2744 1086 2809 vindicare,
1113 2745 1228 2815 plus
1250 2755 1446 2814 petere.

377 2834 482 2906 ιθ
554 2829 606 2887 5.
641 2834 944 2904 Magistrum
973 2844 1148 2888 autem
1178 2835 1327 2904 pueri
1357 2837 1449 2900 tui,
1479 2833 1545 2888 dc
1573 2849 1678 2904 quo
1698 2834 1885 2904 digna.

306 2936 389 2980 tus
417 2943 476 2982 es
507 2926 744 2980 scribere
771 2927 948 2997 (quem
980 2927 1326 2996 plagiatorem
1357 2925 1474 2994 ejus
1498 2940 1618 2979 esse
1647 2941 1750 2979 non
1780 2926 1879 2980 du-

306 3019 446 3073 bium
481 3019 606 3087 est),
633 3033 776 3087 saepe
808 3017 1064 3088 Evagrius
1097 3018 1401 3089 Presbyter,
1428 3016 1552 3070 dum
1576 3017 1748 3072 adhuc
1775 3021 1883 3072 An-

308 3112 513 3167 liocbia:
536 3127 734 3178 essent,
753 3127 836 3166 me
861 3121 1121 3180 priesentc
1138 3111 1417 3180 corripuit.
1438 3110 1530 3165 Cui
1553 3111 1642 3166 ille
1665 3127 1884 3181 respou-

307 3203 382 3258 dit
404 3220 424 3263 :_
445 3205 554 3272 Ego
583 3203 711 3257 nihil
745 3204 926 3257 timeo.
958 3203 1092 3257 Dicit
1130 3217 1189 3257 se
1228 3217 1259 3256 ιι
1307 3202 1531 3256 Domino
1577 3218 1676 3257 suo
1722 3203 1885 3259 fuisse

310 3293 613 3350 dimissum:
643 3303 696 3346 et
717 3293 927 3348 sivobis
956 3294 1291 3363 placet,ccce
1315 3291 1513 3356 hicest,
1540 3295 1884 3350 transmittite

309 3404 409 3458 quo
435 3387 614 3442 vultis.
647 3387 701 3442 lu
725 3387 825 3441 hoc
849 3386 1080 3441 arbitror
1114 3401 1198 3439 me
1225 3401 1328 3440 non
1359 3400 1599 3454 peccare,
1636 3387 1678 3440 si
1712 3385 1886 3442 homi-

309 3486 645 3551 ncm‘vagtun
690 3495 794 3535 non
835 3480 1004 3533 sinam
1048 3477 1258 3548 longius
1302 3477 1504 3546 fugere.
1553 3478 1886 3548 Quapropter

309 3573 424 3640 quia
452 3589 548 3642 ego
579 3572 628 3626 iu
669 3570 767 3625 hac
796 3570 1080 3626 solitudine
1127 3570 1448 3624 constitutus
1472 3610 1486 3627 .
1511 3585 1616 3622 non
1671 3585 1884 3639 possum

309 3680 462 3736 agerc
477 3667 614 3737 quod
627 3665 855 3735 jussisti,
874 3665 1052 3734 rogavi
1069 3662 1404 3717 carissimum
1428 3661 1556 3716 mihi
1578 3661 1882 3734 Evagrium,

310 3766 364 3808 ιιι
390 3767 490 3811 tam
523 3758 595 3812 tui
623 3773 780 3828 quam
813 3756 915 3811 mei
971 3769 1129 3809 causa
1175 3755 1436 3809 instanter
1461 3756 1728 3825 negotium
1758 3773 1884 3828 pro-

309 3860 573 3919 SCtluaiUi'.
600 3849 768 3920 Cupio
801 3857 852 3904 te
879 3849 1057 3903 valere
1084 3847 1135 3901 in
1160 3847 1390 3902 Christo.

802 3979 1128 4036 EPISTOLA
1183 3978 1244 4031 vn
1289 3978 1388 4049 (ιι).

585 4111 652 4150 sa
679 4110 938 4151 JULMNUII
967 4093 1036 4165 (ε)
1064 4109 1322 4158 Αοιιιιειάι
1351 4108 1615 4151 ιιιιιεοκυιι

311 4207 529 4269 Excusat
554 4209 754 4279 seapud
777 4208 1042 4262 lulianum
1062 4210 1123 4262 de
1143 4208 1342 4263 silentio
1365 4210 1663 4276 litterarum,
1682 4218 1881 4274 etcum,

378 4318 434 4356 eo
459 4302 676 4370 primunt
705 4303 988 4364 nuntiante,
1019 4301 1341 4354 intellexisset
1365 4343 1380 4367 ,
1407 4316 1630 4354 sororem
1665 4317 1809 4354 suam
1832 4301 1884 4355 in

376 4408 433 4445 eo
457 4407 746 4462 permanere
773 4391 908 4460 quod
927 4400 1140 4461 coeperat
1163 4431 1178 4456 ,
1206 4399 1349 4460 rogat
1393 4399 1447 4442 ut
1473 4390 1536 4443 de
1559 4391 1668 4462 ejus
1699 4407 1886 4461 propo-
1951 4436 1954 4440 .

377 4485 468 4538 sito
491 4485 674 4539 crebris
701 4483 768 4536 ad
810 4500 863 4537 se
902 4483 1075 4537 litteris
1112 4483 1351 4536 lwtiorem
1383 4481 1580 4551 faciat;
1607 4482 1798 4537 addens
1829 4499 1884 4538 se

376 4577 744 4632 obtrectatorem
767 4592 911 4629 suum
935 4577 1122 4629 interea
1147 4574 1420 4645 despicere.

376 4692 636 4761 Antiquos
665 4705 843 4745 sermo
865 4697 947 4745 est
979 4690 1045 4758 (ι’)
1073 4706 1085 4741 :
1115 4687 1397 4744 Mcndaccs
1452 4687 1667 4753 faciunt,
1701 4695 1758 4744 ut
1784 4705 1883 4746 nec

308 4783 402 4838 sibi
447 4799 569 4840 vera
614 4782 916 4838 dicentibus
959 4781 1246 4835 credatur:
1281 4780 1422 4848 quod
1460 4779 1587 4832 mihi
1619 4794 1648 4833 a
1682 4788 1753 4847 te,
1783 4795 1882 4851 ego

365 4899 436 4954 (a)
460 4899 604 4948 Sacra
625 4896 928 4948 Bibliotheca
953 4899 1181 4947 vocantur
1212 4894 1386 4944 Biblia.

371 4955 433 5031 (ti)
458 4960 770 5031 Vetustiores
793 4959 928 5017 editi,
969 4961 1224 5031 quibuset
1247 4955 1580 5031 Msssquidam
1597 4956 1880 5031 concinnat,

305 5017 388 5130 xui.
400 5017 614 5094 antiqua
634 5019 755 5070 artis
777 5017 1099 5093 nteerudiunt
1119 5021 1313 5092 vitiose,
1332 5025 1386 5067 ut
1404 5017 1502 5066 non
1523 5017 1713 5090 dubito.
1729 5017 1882 5090 Porro

365 5094 631 5130 ilinuanam
654 5089 811 5130 artem
829 5083 924 5130 dict
947 5089 1151 5130 constat.
1171 5095 1280 5130 aute
1302 5093 1352 5130 ιιι
1375 5078 1714 5129 describeudts
1753 5086 1881 5128 anlt-

365 5078 631 5146 iliquariam
654 5078 811 5146 artem
829 5083 924 5130 dici
947 5089 1151 5144 constat,
1171 5095 1280 5144 quae
1302 5083 1352 5130 in
1375 5078 1714 5129 describendis
1753 5079 1881 5128 anti-

305 5145 756 5216 quorumoperibps
781 5150 1060 5216 excreetur.

370 5204 427 5271 (τ)
459 5206 534 5272 A_t_.
558 5199 774 5272 iiii-ipim,
788 5213 888 5272 tum
910 5219 1021 5272 quae
1044 5205 1195 5268 priori
1218 5204 1323 5257 loco
1345 5203 1556 5255 habetur
1577 5199 1686 5266 plus
1712 5200 1880 5253 vocula

304 5267 456 5328 penes
482 5268 812 5317 Martianamm
835 5267 1024 5317 deerat.

382 5331 436 5390 τι)
483 5331 597 5380 ilius
614 5329 693 5377 73.
720 5328 906 5388 scripta
926 5343 1050 5379 anno
1069 5329 1179 5378 571.

382 5387 429 5456 εἴ
454 5392 601 5456 lianc
622 5387 866 5456 Juliantim
886 5390 1096 5456 aquileia
1114 5390 1377 5456 Diaconum
1403 5389 1526 5456 miro
1542 5399 1782 5456 consensu
1807 5387 1877 5437 fa-

300 5449 431 5504 ciunt
453 5455 566 5504 Mss.
592 5465 780 5501 omnes.
807 5449 1151 5505 Nullusautem
1174 5451 1378 5506 dubitat,
1402 5451 1519 5512 quin
1542 5449 1672 5498 idem
1695 5451 1775 5509 sit,
1793 5464 1878 5512 cu-

303 5512 374 5572 ius
413 5518 604 5565 monitis
641 5515 822 5564 sororis
865 5527 968 5562 sua:
1017 5513 1383 5561 conversionem
1422 5511 1678 5572 acceptam
1722 5511 1879 5561 refert

325 5573 908 5640 lieronymus_sequenti
963 5575 1021 5623 ad
1064 5573 1394 5640 Chromatium
1459 5571 1665 5640 epistola
1695 5586 1708 5620 :
1743 5573 1876 5640 unde

300 5649 394 5686 non
416 5631 564 5703 longe
582 5652 609 5686 a
633 5637 694 5703 S_._
711 5631 932 5703 hectoris
954 5637 1105 5697 patria
1127 5633 1476 5703 etim-abfuisse
1494 5631 1759 5703 colligitur:
1779 5635 1875 5703 _At-

335 5715 395 5750 uc
413 5693 536 5748 adeo
563 5698 786 5761 aquilone
808 5693 976 5761 fuisse,
1004 5693 1414 5761 vct~ositnillimpiit
1441 5701 1535 5761 est,
1556 5693 1790 5761 gnidipiid
1816 5709 1874 5761 ea

300 5754 362 5807 de
383 5775 542 5819 causa,
565 5754 690 5824 qi'md
727 5762 818 5824 abs
844 5758 1130 5824 ΔΗίριεοιιςιιιί
1157 5756 1302 5824 patria
1329 5755 1521 5824 longius
1543 5754 1765 5824 Aquili-ia
1799 5757 1872 5824 di-

303 5832 424 5875 stare
452 5815 716 5883 videretur,
741 5821 857 5872 mihi
881 5820 1008 5872 olim.
1031 5815 1242 5882 scrupuli
1280 5815 1619 5881 iujccttttusit,
1646 5823 1698 5867 ut
1741 5816 1866 5881 igni,-

1715 332 2040 388 Ei‘lSTUL.\
2086 334 2198 390 VII.

3469 350 3592 408 338‘

2000 451 2312 520 obiurgatus
2350 452 2416 508 de
2463 455 2677 510 silentio
2726 459 3017 517 litterarum
3044 505 3058 528 ,
3088 467 3343 524 accidisse
3400 469 3577 526 video.

2000 542 2201 608 Dicam,
2231 560 2374 616 sarpc
2395 547 2603 617 scripsi,
2631 549 2725 604 sed
2755 554 3074 622 negligentia
3108 557 3409 629 bajulorum
3437 560 3534 617 fuit
3555 563 3586 617 ἲ·

1998 635 2405 706 Respondebis:
2434 641 2670 696 omnium
2717 658 2822 698 non
2866 647 3211 705 scribentium
3273 663 3424 709 vetus
3478 655 3578 715 ista

1998 730 2277 785 excusatio
2297 741 2398 786 est.
2428 732 2625 798 Dicam,
2657 750 2764 790 non
2795 739 2967 806 reperi
2999 741 3087 808 qui
3115 742 3366 810 epistolas
3382 744 3581 801 ferret!

1998 818 2156 906 Dices
2179 861 2194 886 ,
2224 820 2349 877 hinc
2394 823 2529 878 istuc
2555 823 2675 897 (al.
2720 827 2904 897 illinc)
2949 830 3051 885 isse
3085 847 3243 902 quam
3303 836 3580 906 plurimos.

1995 901 2353 981 Cunteudam,
2384 931 2470 970 me
2499 917 2659 972 etiam
2691 916 2774 974 bis
2799 917 3054 976 dedisse?
3082 901 3148 978 sit
3179 924 3252 978 illi
3276 901 3441 996 ,vquia
3472 943 3579 983 non

1997 1002 2364 1072 reddiderunt,
2397 1007 2667 1078 negabunt
2693 1024 2707 1061 :
2741 1019 2793 1066 et
2811 1011 2915 1066 erit
2940 1012 3078 1069 inter
3101 1014 3350 1070 absentes
3380 1017 3582 1076 incerta

1996 1096 2252 1164 cognitio.
2276 1096 2411 1164 Quid
2437 1099 2594 1169 igitur
2621 1100 2849 1157 faciant?
2879 1102 3005 1160 Sine
3045 1104 3198 1176 culpa
3231 1107 3439 1161 veniam
3480 1123 3581 1178 po-

1995 1186 2232 1255 stulabo,
2262 1191 2462 1245 rectius
2489 1192 2773 1258 arbitrans,
2799 1209 2980 1263 pacem
3010 1195 3128 1252 loco
3145 1207 3346 1252 motum
3377 1206 3580 1268 petere,

1995 1293 2154 1345 quam
2187 1294 2344 1347 teque
2389 1283 2552 1352 gradu
2602 1286 2895 1340 certamina
2934 1288 3206 1343 concitare
3235 1305 3247 1342 :
3277 1304 3581 1360 quanquam

1995 1367 2068 1422 ita
2119 1384 2206 1424 me
2245 1370 2390 1441 jugis
2449 1381 2556 1428 tam
2607 1377 2851 1446 corporis
2894 1379 3212 1449 :rgrotatio,
3252 1394 3412 1450 quam
3465 1381 3584 1434 aui-

1995 1476 2097 1517 tua:
2167 1464 2434 1533 (egritudo
2460 1470 2833 1538 consumpsit,
2881 1479 2938 1524 ut
2967 1478 3142 1526 morte
3214 1470 3529 1528 imminente
3553 1509 3577 1537 ν

1994 1569 2094 1609 nec
2120 1556 2226 1610 mei
2264 1571 2398 1625 pene
2437 1573 2640 1614 memor
2673 1559 2883 1615 fuerim.
2913 1560 3064 1628 Quod
3098 1575 3165 1617 ne
3205 1561 3394 1617 falsum
3478 1563 3587 1636 17

1993 1655 2151 1715 putes
2197 1644 2310 1718 (g),
2354 1649 2591 1703 oratorio
2647 1665 2836 1716 more.
2874 1660 2995 1721 post
3041 1663 3354 1723 argumenta
3412 1663 3581 1715 testes

1995 1737 2222 1791 VuCabo.
2271 1736 2500 1794 Sanctus
2541 1738 2704 1794 frater
2751 1739 3068 1796 Heliodorus
3116 1742 3203 1796 hic
3246 1743 3455 1811 adfuit,
3487 1745 3580 1814 qui

1993 1843 2116 1882 eum
2147 1845 2355 1885 mecum
2383 1847 2622 1886 eremum
2647 1833 2807 1887 vellet
2835 1833 3070 1889 incolere
3089 1874 3106 1899 ,
3136 1835 3268 1890 meis
3289 1836 3583 1893 sceleribus

1993 1919 2204 1990 fugatus
2251 1921 2532 1978 abscessit.
2581 1923 2777 1979 Verum
2829 1940 3043 1979 omnem
3087 1926 3298 1996 culpam
3338 1943 3584 1998 praesens

1992 2013 2293 2068 verbositas
2316 2014 2612 2070 excusabit.
2643 2014 2774 2069 Nam
2795 2057 2808 2081 ,
2835 2025 2893 2070 ut
2918 2017 2992 2070 ait
3015 2015 3238 2072 Flaccus
3275 2019 3325 2072 in
3356 2028 3533 2091 satyra
3562 2038 3575 2072 :

2001 2120 2019 2154 ι
2051 2100 2314 2156 Omnibus
2343 2102 2444 2158 hoc
2475 2104 2659 2158 vitium
2682 2114 2765 2160 est
2806 2108 3117 2162 cantoribus
3146 2108 3284 2163 inter
3306 2109 3527 2175 amicos,
3555 2129 3580 2163 ι

1994 2194 2164 2262 rogati
2206 2203 2263 2246 ut
2293 2194 2560 2262 nunquam
2605 2204 2844 2262 cantent,
2899 2196 3084 2265 Injussi
3132 2214 3398 2268 nunquam
3435 2199 3579 2254 (Ιθεί-

1993 2291 2137 2342 Stant
2172 2282 2446 2352 s(llorat.
2480 2284 2569 2338 lib.
2622 2285 2678 2351 l,
2721 2285 2891 2340 Carm.
2951 2287 3067 2341 Sat.
3114 2289 3190 2364 5)
3235 2306 3246 2341 :
3282 2289 3350 2343 ita
3393 2299 3444 2342 te
3489 2289 3583 2346 de-

1994 2377 2177 2446 inceps
2247 2377 2480 2433 fascibus
2548 2376 2774 2433 obruam
2830 2380 3170 2447 litterarum,
3220 2392 3278 2435 ut
3334 2393 3583 2440 econtra-

1992 2471 2076 2526 rio
2124 2469 2350 2540 incipias
2408 2485 2633 2542 rogare,
2678 2487 2746 2526 ne
2774 2472 3024 2527 scribam.
3084 2473 3336 2528 Sororem
3383 2489 3580 2538 meam,

1992 2561 2156 2616 tiliam
2205 2561 2256 2615 in
2303 2558 2518 2616 Christo
2580 2570 2757 2628 tuam,
2801 2563 3038 2631 gaudeo,
3073 2572 3126 2618 te
3169 2563 3398 2634 primum
3453 2579 3584 2618 nun-

1992 2653 2178 2719 tiante,
2220 2652 2272 2706 in
2324 2667 2390 2708 eo
2431 2667 2780 2723 permanere,
2812 2653 2950 2723 quod
3005 2665 3262 2725 coeperat.
3311 2655 3410 2711 Hic
3437 2656 3582 2711 enim

1990 2745 2081 2799 ubi
2111 2759 2253 2800 nunc
2272 2760 2414 2811 sum,
2446 2759 2549 2797 non
2573 2744 2745 2799 solum
2783 2744 2907 2814 quid
2947 2755 3136 2814 agatur
3166 2748 3218 2798 in
3251 2746 3416 2815 patria
3437 2787 3452 2810 ,
3485 2747 3580 2802 sed

1987 2852 2054 2889 au
2088 2833 2198 2904 ipsa
2232 2835 2398 2905 patria
2447 2843 2685 2904 perstet,
2710 2836 2916 2904 ignoro.
2964 2836 3027 2888 Et
3067 2836 3192 2891 licet
3231 2851 3316 2891 me
3363 2837 3582 2891 sinistro

1988 2925 2066 2995 (λι)
2099 2926 2245 2981 lbera
2275 2934 2487 2982 excetra
2518 2941 2612 2980 ore
2640 2925 2858 2982 dilaniet
2879 2967 2893 2988 ,
2925 2940 3030 2980 non
3064 2927 3261 2982 timebo
3304 2927 3581 2985 hominum

1982 3015 2264 3085 judicium,
2294 3015 2574 3070 habiturus
2597 3015 2833 3085 judicem
2863 3015 3028 3072 Deum
3062 3017 3256 3086 :juxta
3285 3017 3414 3071 illud
3436 3018 3579 3088 quod

1987 3108 2201 3179 quidam
2231 3109 2346 3164 ait:
2382 3127 2403 3161 ι
2438 3110 2492 3164 Si
2524 3108 2720 3164 fractus
2761 3110 3008 3165 illabatur
3051 3111 3218 3175 orbis,
3248 3111 3576 3180 impavidum

1988 3203 2179 3256 ferient
2221 3201 2388 3258 ruinze
2415 3219 2433 3252 ι
2470 3199 2686 3271 (Horat.
2721 3199 2757 3255 l.
2785 3202 2837 3254 5.
2870 3217 3028 3254 carni.
3062 3199 3163 3255 0d.
3193 3200 3286 3274 5).
3334 3201 3580 3270 Quapro-

1989 3303 2110 3363 pter
2138 3307 2322 3364 qua:so
2351 3302 2410 3347 ut
2439 3292 2727 3362 Apostolici
2766 3308 2971 3348 memor
2995 3293 3266 3363 praecepti,
3289 3310 3394 3363 quo
3419 3294 3579 3348 docet

1988 3400 2122 3455 opus
2145 3393 2386 3440 nostrum
2417 3399 2732 3453 permanere
2759 3384 2957 3440 debere
2979 3385 3055 3456 (Ι.
3089 3384 3206 3440 Cor.
3241 3385 3294 3455 5)
3316 3401 3330 3451 ;
3355 3395 3408 3440 et
3433 3385 3590 3440 tibia.

1989 3479 2216 3532 Domino
2247 3477 2521 3546 prazmium
2574 3477 2628 3531 in
2665 3477 2804 3532 illius
2853 3477 3022 3532 salute
3054 3493 3209 3548 pares
3234 3521 3249 3544 ,
3281 3489 3334 3534 et
3374 3493 3460 3533 me
3509 3477 3578 3532 de

1987 3569 2257 3624 communi
2286 3569 2338 3624 in
2365 3568 2585 3624 Christo
2599 3569 2765 3641 gloria
2794 3570 2998 3625 crebris
3024 3569 3219 3626 reddas
3238 3571 3582 3626 sermonibus

1989 3661 2265 3718 latiorem.

2483 3730 2812 3786 EPISTOLA
2855 3731 2942 3786 vu
2971 3732 3056 3800 (ι).

2201 3838 2268 3876 AD
2305 3837 2671 3888 CEROIATIUR,
2700 3837 2946 3889 JOVINUM,
2977 3839 3044 3877 ET
3078 3839 3358 3878 ευδεωυιι.

1987 3932 2336 3992 Chromatium
2362 3943 2411 3988 et
2439 3933 2708 3989 Eusebium
2737 3937 2940 4006 fratres,
2971 3951 3074 3988 una
3095 3951 3206 3988 cum
3232 3935 3420 3989 Iovino
3443 3939 3574 3988 anno

2059 4043 2120 4082 co
2138 4067 2154 4094 ,
2181 4042 2271 4081 nec
2295 4042 2399 4082 non
2428 4035 2590 4080 matre
2618 4034 2665 4080 et
2690 4026 2947 4080 sororibus
2971 4025 3249 4096 virginibus
3271 4065 3285 4090 ,
3315 4025 3488 4079 eadem
3521 4027 3578 4079 in

2058 4117 2210 4172 domo
2232 4125 2404 4172 sancte
2425 4116 2641 4170 viventes
2660 4117 2924 4178 resalutat,
2948 4125 3096 4180 atque
3113 4132 3285 4170 eorum
3307 4115 3574 4170 contuber-

2058 4207 2197 4262 nium
2229 4205 2456 4288 pluribus
2481 4205 2674 4260 laudat.
2715 4205 2856 4260 Tunc
2885 4205 3093 4272 Bonosi,
3127 4205 3190 4259 de
3215 4222 3311 4276 quo
3349 4204 3428 4261 illi
3449 4207 3575 4260 scri-

2059 4309 2283 4372 pserant,
2307 4299 2482 4355 laudes
2507 4299 2768 4366 admiscet,
2796 4315 2856 4352 ac
2882 4299 3080 4368 probat.
3107 4297 3326 4354 Dentum
3347 4314 3575 4354 sororem

2057 4409 2224 4457 suam,
2255 4407 2370 4462 quae
2397 4392 2550 4446 bonos
2575 4392 2628 4445 in
2661 4391 2830 4462 patria
2856 4391 3121 4462 magistros
3147 4391 3262 4445 vitae
3290 4407 3391 4446 non
3415 4390 3576 4446 liabe-

2057 4495 2152 4550 ret,
2175 4486 2279 4540 illis
2308 4485 2641 4540 commendat.

2059 4580 2109 4635 1.
2143 4577 2257 4632 Νοιι
2288 4576 2449 4632 debet
2486 4575 2667 4632 charta
2697 4573 2969 4639 dividere,
2995 4586 3130 4644 quos
3168 4586 3320 4627 amor
3357 4580 3574 4628 mutuus

1985 4707 2096 4760 leia:
2121 4708 2283 4771 (quod
2307 4720 2484 4757 nomen
2508 4707 2622 4757 Mss.
2649 4717 2821 4754 omnes
2841 4703 3054 4813 addunt;
3076 4704 3380 4754 reticuerim.
3405 4703 3573 4755 Reve-

1987 4773 2109 4813 ritus
2133 4782 2310 4813 nemue
2325 4782 2431 4813 sum
2454 4764 2860 4813 auctoritateml’.
2880 4766 2944 4813 de
2963 4764 3034 4813 Ro
3055 4767 3163 4813 teis.
3189 4768 3264 4813 cui
3289 4767 3336 4813 in
3362 4776 3570 4813 Monum.

1987 4773 2109 4820 ritus
2130 4764 2310 4830 nempe
2325 4782 2431 4830 sum
2454 4764 2944 4830 auctoritate-utﬁude
2963 4764 3163 4830 liubeis,
3189 4768 3264 4830 cui
3289 4767 3336 4816 in
3361 4776 3570 4817 Monum.

1986 4832 2168 4882 Eccles.
2210 4825 2368 4893 {i'quiL
2395 4842 2518 4893 pag.
2538 4829 2616 4893 7_8.
2639 4827 2826 4893 dicitur
2840 4825 2916 4874 illa
2940 4827 3168 4893 omnium
3190 4827 3332 4893 Mss._
3339 4831 3574 4893 mendosa

1985 4893 2188 4957 fortasse
2213 4887 2367 4957 lectio.
2393 4887 2512 4957 Tatii
2535 4888 2634 4938 alte
2657 4887 2725 4936 illi
2749 4888 2944 4957 inlisum
2986 4894 3064 4957 est
3094 4891 3254 4939 auim0
3288 4889 3576 4957 Hieronymi

2005 4954 2191 5002 iatriam
2216 4950 2437 5014 Aquileia
2461 4953 2655 5008 abesse,
2681 4957 2734 4998 ut
2753 4948 2882 5014 illius
2901 4952 3080 5014 sororis
3101 4951 3405 5014 conversioni
3431 4948 3572 5000 facile

2005 4969 2191 5002 iatrtam
2216 4969 2437 5014 Αιιυιιειίι
2461 4969 2655 5008 306558,
2682 4969 2734 4998 ιιι
2755 4969 2882 4997 unus
2901 4969 3080 4998 SUI‘UI'IS
3101 4969 3405 5000 conversum!
3431 4969 3572 5000 laClll'.

1986 4969 2272 5065 incuiubcre
2294 5013 2512 5062 Julianus
2536 5025 2630 5060 non
2659 5012 2912 5072 potuisset.
2949 5011 3265 5061 Ostendimus
3302 5025 3390 5060 nos
3423 5025 3574 5062 econd

1987 5077 2152 5134 trario,
2178 5075 2480 5125 commodum
2505 5074 2549 5122 id
2576 5073 2645 5121 illi
2669 5073 2835 5124 fuisse.
2864 5075 3104 5134 nimirum
3122 5073 3187 5122 ob
3221 5073 3312 5122 loci
3347 5073 3572 5123 vicinita-

1985 5146 2103 5189 tem.
2124 5133 2331 5189 Consule
2355 5150 2497 5196 quam
2522 5136 2802 5196 scripsimus
2821 5134 2980 5184 Vitam
3005 5136 3057 5182 S.
3083 5133 3329 5185 Doctoris.

2074 5151 2103 5184 ι.
2124 5150 2331 5189 υιηδιιιε
2390 5150 2497 5184 nam
2522 5150 2802 5196 scrtpsunus
2829 5150 2854 5184 ν

2074 5197 2114 5262 fl
2153 5150 2432 5248 Aristotefiis
2453 5197 2575 5262 apud
2599 5196 2865 5245 Laertium.

2071 5256 2117 5326 "gl
2157 5261 2276 5326 Tota
2303 5261 2407 5326 haec
2429 5256 2677 5326 peric-0pc,
2701 5256 2911 5326 oratoria
2931 5269 3064 5307 ntere
3085 5263 3483 5326 possargumenra
3508 5265 3575 5308 tc-

1983 5318 2292 5382 stes'iiocabo,
2317 5318 2459 5370 abest
2482 5334 2507 5369 a
2532 5318 2804 5367 Veronensi
2826 5318 2914 5367 Ms.

2051 5381 2116 5494 [lii
2129 5378 2398 5445 hlss.atqtte
2418 5383 2582 5431 excusi
2605 5384 2914 5442 vetustiores,
2939 5378 3134 5430 Hiberia
3148 5385 3454 5431 excetrannn
3469 5391 3572 5438 ore,

2090 5459 2236 5494 more.
2262 5445 2415 5493 Porro
2440 5445 2598 5492 lbera:
2622 5450 2840 5491 excetra:
2859 5443 3054 5494 nomine
3073 5454 3340 5494 pessumum
3365 5440 3572 5488 hominis

1985 5440 2066 5496 vel
2090 5440 2236 5497 more.
2262 5440 2415 5493 Porro
2440 5445 2598 5492 lbera:
2622 5450 2840 5504 excetra
2859 5440 3054 5504 nemine
3073 5440 3574 5504 pessumumhominis

1985 5515 2252 5557 monstrum
2274 5505 2486 5568 sugillat,
2509 5505 2614 5553 sive
2638 5505 2680 5553 is
2702 5503 2964 5568 Lupicinus
2983 5501 3276 5568 Episcopus,
3318 5503 3424 5550 sive
3462 5501 3574 5568 quis

1983 5569 2108 5633 alius
2131 5569 2292 5626 fuerit,
2316 5563 2409 5633 non
2435 5568 2564 5633 enim
2589 5565 2716 5627 quod
2744 5563 2940 5614 Iberum
2965 5563 3140 5633 vocet_,
3164 5563 3444 5633 ’llisiianurn
3482 5563 3572 5633 bo:

1981 5632 2167 5680 minem
2190 5621 2481 5680 comminisci
2507 5621 2712 5677 necesse
2739 5633 2833 5682 est,
2862 5633 2945 5674 aut
2967 5621 3440 5672 verosimiIeJPaulo
3462 5627 3574 5683 post

1982 5701 2138 5744 Deum
2161 5702 2428 5754 prq_meum
2452 5687 2630 5754 placuit
2653 5687 2829 5750 legere
2864 5685 3157 5735 concinniori
3189 5697 3366 5742 sensu,
3407 5696 3464 5731 ae
3501 5685 3571 5731 t'a-

1981 5752 2219 5814 ventibus
2233 5752 2346 5802 Mss.
2454 5752 2464 5754 ⁷
2491 5811 2501 5814 Α
2684 5808 2694 5814 _
3193 5805 3202 5814 ,

2052 5813 2110 5880 [it
2151 5812 2274 5866 καὶαι
2296 5815 2370 5864 13.
2399 5811 2583 5876 scriptu
2605 5808 2770 5861 eodem
2793 5819 2932 5867 nmio,
2960 5818 3016 5855 ac
3040 5808 3275 5868 superior.
