4136 6332
353 361 447 425 ω
1718 354 2049 417 EPISTOLA
2095 360 2184 419 Ix.

350 474 535 533 risisse
575 469 831 528 Lucillius
865 469 1148 528 :Simiiem
1190 470 1388 528 habent
1429 469 1578 528 labra
1625 469 1918 542 lactucam,

348 568 498 626 asino
543 564 777 625 cat-duos
817 564 1133 621 comedente
1163 583 1178 619 :
1209 564 1459 620 videlicet
1494 572 1556 618 ut
1600 563 1924 634 perforatam

346 674 534 717 navem
559 656 753 715 debilis
780 658 1106 729 gubernator
1135 665 1304 728 regat,
1333 665 1389 713 et
1424 670 1599 712 ctecus
1625 669 1799 711 ctecos
1822 655 1925 721 due

348 760 431 806 cat
470 751 523 808 in
557 748 788 804 foveam.
832 745 1080 818 Talisque
1117 748 1188 804 sit
1230 756 1443 813 rector,
1487 746 1671 818 quales
1713 744 1793 800 illi
1835 744 1926 816 qui

349 850 621 913 reguntur.
1724 876 1727 877 ν

416 934 470 989 6.
498 933 719 988 Matrem
744 945 1081 988 communem
1119 928 1140 1002 (
1154 944 1274 1001 quae
1313 944 1436 985 cum
1462 929 1613 985 vobis
1640 927 1926 984 sanctitate

348 1024 602 1091 societur,
635 1024 689 1079 in
716 1038 783 1079 eo
805 1037 901 1079 vos
930 1022 1211 1094 prmveuit,
1232 1021 1355 1093 quia
1384 1021 1518 1076 tales
1541 1021 1743 1091 genuit,
1772 1020 1925 1089 cujus

347 1132 469 1173 vere
490 1126 676 1171 venter
701 1131 896 1172 aureus
924 1124 1099 1186 potest
1123 1115 1251 1186 dici)
1277 1131 1344 1171 eo
1373 1115 1667 1171 salutamus
1694 1114 1921 1181 honore,

347 1223 450 1280 quo
489 1208 659 1263 nostis
695 1225 710 1262 :
748 1223 855 1263 una
897 1223 1110 1279 quoque
1150 1207 1521 1277 suscipiendas
1563 1216 1782 1262 cunctas
1819 1203 1919 1280 [al.

346 1300 555 1372 cunctis]
584 1315 820 1365 sorores,
848 1316 969 1371 quae
996 1315 1183 1356 sexum
1210 1301 1387 1356 vicere
1412 1314 1533 1354 cum
1560 1298 1777 1362 saeculo,
1803 1311 1924 1368 quae

346 1391 465 1446 cleo
504 1390 570 1446 ad
610 1390 886 1461 lampadas
932 1390 1154 1461 largiter
1192 1399 1525 1461 praeparato,
1561 1390 1739 1461 sponsi
1789 1402 1922 1458 ope-.-

346 1485 552 1539 riuntur
570 1483 856 1539 adventum
880 1482 1093 1553 (Matth.
1119 1481 1237 1555 25).
1261 1482 1307 1548 Ο
1330 1484 1481 1538 beata
1507 1481 1721 1546 domus,
1744 1480 1795 1534 in
1817 1493 1923 1551 qua

348 1586 620 1630 morantur
633 1576 782 1630 Anna
809 1575 989 1639 vidua,
1011 1574 1254 1645 Virgines
1278 1574 1659 1645 Prophetissaa,
1677 1572 1922 1643 geminus

344 1665 556 1721 Samuel
586 1666 817 1720 nutritus
842 1666 894 1719 in
925 1665 1161 1735 templo!
1191 1663 1238 1720 0
1266 1664 1403 1720 tecta
1429 1663 1623 1729 felicia,
1648 1663 1703 1717 in
1730 1662 1923 1732 quibus

344 1758 611 1814 cernimus
647 1757 1069 1812 llaehabacorum
1119 1766 1411 1828 martyrum
1451 1756 1665 1812 coronis
1693 1755 1920 1811 cinctam

344 1859 630 1922 martyrem
684 1851 944 1905 matrem!
996 1849 1128 1905 Nam
1183 1850 1309 1906 licet
1359 1848 1598 1920 quotidie
1649 1847 1920 1903 Christum

343 1941 723 2007 eoniiteamini,
753 1940 879 1996 dum
906 1942 1023 2011 ejus
1051 1952 1316 2012 praecepta
1346 1942 1575 1996 servatis
1602 1959 1617 1996 :
1647 1949 1824 1995 tamen
1853 1939 1921 1995 ad

343 2034 600 2103 privatam
627 2034 848 2105 gloriam
878 2034 1089 2104 publica
1113 2033 1229 2088 haec
1244 2033 1471 2089 accessit
1494 2032 1646 2089 vobis
1663 2042 1716 2088 et
1736 2040 1923 2102 aperta

341 2123 626 2189 confessio,
656 2124 797 2196 quod
828 2140 923 2195 per
953 2140 1048 2180 vos
1072 2124 1142 2180 ab
1167 2123 1298 2180 urbe
1330 2133 1508 2179 vestra
1539 2124 1723 2179 Ariani
1751 2138 1925 2194 quon-

339 2211 459 2267 dam
487 2214 751 2284 dogmatis
781 2215 928 2269 virus
966 2215 1240 2270 exclusum
1281 2224 1365 2270 est
1400 2214 1498 2285 (α).
1539 2214 1605 2269 Et
1656 2214 1922 2269 miramini

338 2301 583 2370 forsitan,
612 2304 751 2375 quod
786 2306 838 2360 in
892 2304 997 2360 line
1042 2306 1152 2374 jam
1202 2304 1457 2375 Epistulae
1509 2318 1724 2358 rursum
1767 2319 1926 2360 exor-

337 2405 428 2446 sus
448 2394 571 2447 sim.
601 2394 739 2462 Quid
766 2392 1000 2449 faciam?
1023 2409 1209 2449 vocem
1239 2393 1445 2464 pectori
1474 2407 1668 2464 negare
1696 2408 1802 2449 non
1831 2409 1925 2450 va-

335 2485 443 2539 leo.
496 2486 753 2556 Epistolae
815 2484 1049 2541 brevitas
1103 2484 1380 2556 compellit
1419 2494 1595 2541 tacere
1646 2501 1661 2539 :
1707 2483 1925 2542 deside-

334 2576 476 2631 rium
508 2576 674 2631 vestri
727 2567 870 2646 c‘ogit
916 2575 1083 2646 loqui.
1114 2574 1492 2645 Praeproperus
1519 2589 1740 2629 sermo:
1817 2578 1940 2648 21.

331 2667 559 2723 oornfusa
587 2666 830 2725 turbatur
855 2668 1027 2722 oratio
1059 2685 1074 2722 :
1101 2681 1254 2721 amor
1278 2665 1520 2722 ordinem
1545 2666 1735 2722 nescit.

813 2802 1147 2864 EPISTOLA
1186 2803 1298 2860 vui
1342 2802 1439 2874 (a).

516 2945 581 2983 tn
612 2944 804 2984 mcuu
852 2921 1288 2989 nvnt‘onucouuu
1335 2947 1593 2997 tantum:
1643 2931 1741 3008 (ὁ).

336 3040 549 3095 Nil-eam
577 3050 788 3094 veterem
816 3041 1070 3110 sodalem,
1100 3060 1160 3097 ac
1198 3046 1614 3116 peregrinationis
1637 3063 1744 3101 sua:
1766 3048 1921 3102 comi-

408 3144 526 3197 tem,
554 3133 666 3203 jam
703 3133 757 3185 in
790 3134 1008 3203 patriam
1047 3151 1326 3205 regressum
1349 3178 1362 3198 ,
1390 3146 1444 3189 ut
1468 3136 1536 3189 ad
1561 3153 1615 3191 se
1639 3137 1914 3207 aliquando

405 3226 588 3280 scribat
659 3225 889 3294 exemplo
952 3224 1231 3280 Chromatii
1255 3267 1270 3294 ,
1320 3235 1366 3282 et
1429 3224 1640 3283 Eusebii
1700 3228 1918 3298 fratrum

408 3319 657 3372 hortatur.

344 3519 361 3538 ο
407 3453 692 3508 Tunrtuus
749 3450 830 3523 (ά)
874 3450 1123 3508 Comicus
1174 3460 1409 3509 tractans
1442 3452 1509 3510 de
1549 3455 1917 3514 vicissitudine

337 3546 633 3602 litterarum
667 3562 682 3602 :
709 3546 844 3611 sola,
865 3546 1051 3616 inquit,
1074 3561 1161 3601 res
1184 3556 1285 3613 e~t,
1314 3564 1433 3618 qu.c
1462 3549 1705 3604 homines
1726 3550 1919 3605 absen-

340 3642 441 3694 tes.
471 3637 761 3701 praesentes
806 3628 951 3684 facit.
983 3628 1092 3684 Nec
1116 3629 1300 3685 falsam
1329 3631 1497 3696 dedit,
1530 3647 1832 3703 quanquam
1863 3633 1915 3687 in

338 3740 399 3778 re
428 3725 496 3798 (c)
530 3739 636 3779 non
677 3738 802 3780 vera
828 3764 844 3788 ,
870 3723 1214 3778 sententiam.
1261 3722 1399 3790 Quid
1430 3723 1573 3778 enim
1617 3735 1699 3779 est
1732 3724 1825 3796 (ut
1845 3725 1917 3779 ita

339 3817 545 3887 dicam)
588 3827 694 3871 tam
726 3831 961 3887 praesens
990 3816 1131 3872 inter
1168 3817 1416 3871 absentes
1441 3858 1455 3880 ,
1486 3834 1643 3888 quam
1683 3833 1779 3888 per
1804 3819 1919 3890 epi-

342 3907 505 3962 stolas
527 3916 580 3963 et
622 3907 843 3987 alloqui,
876 3914 931 3963 et
955 3906 1140 3965 audire
1165 3921 1301 3978 quos
1330 3906 1559 3978 diligas?
1580 3906 1713 3964 Nam
1744 3916 1798 3965 et
1826 3924 1919 3963 ru-

340 4113 434 4150 non
456 4101 678 4164 contigit,
700 4107 838 4151 utea
857 4113 915 4151 re
937 4103 1098 4151 minus
1118 4114 1340 4165 ἀτιλωτος,
1362 4108 1418 4153 ut
1435 4104 1501 4153 ait
1530 4102 1661 4160 idem
1675 4138 1691 4165 ,
1716 4116 1917 4156 vocare-

339 4168 434 4221 tur,
463 4170 558 4212 etc.
581 4178 605 4208 ι
1096 4172 1106 4177 ’

424 4223 471 4291 ᾳ)
507 4225 610 4291 Arii
631 4223 805 4291 dogma
830 4223 1086 4291 exclusum
1102 4226 1165 4276 ab
1188 4226 1421 4291 Aquileia
1436 4240 1522 4290 per
1545 4226 1758 4291 Chrom.,
1785 4234 1882 4281 etc.

427 4283 472 4349 υ)
494 4283 641 4349 _._4lia_s
652 4283 739 4349 742.
760 4286 950 4349 scripta
971 4286 1114 4349 paulo
1137 4283 1573 4349 post'superiorem.

425 4345 468 4414 εἱ
493 4347 585 4414 Hic
601 4345 778 4398 Niceas
800 4345 1100 4414 vulgoidem
1118 4345 1230 4414 esse
1247 4345 1479 4414 creditur,
1497 4364 1644 4414 quem
1666 4354 1758 4404 sub
1772 4352 1920 4405 Nice-

338 4410 621 4478 t‘w'nomine
641 4422 738 4459 non
768 4410 1111 4478 semellaudat
1133 4410 1485 4478 S.,1_.’aulinus,
1514 4410 1717 4478 fuitque
1745 4423 1918 4478 postea

339 4466 504 4549 Daciae
525 4470 809 4549 lgpiscopus.
831 4469 1030 4523 Minime
1051 4486 1172 4524 vero
1208 4475 1339 4547 idem
1363 4474 1451 4549 ille
1472 4466 1558 4549 est
1577 4512 1591 4536 ,
1634 4466 1723 4526 sed
1746 4466 1916 4549 :quem

342 4530 494 4589 refert
533 4530 812 4583 Gennadius
853 4547 960 4591 cap.
1008 4549 1128 4586 xxu.
1169 4536 1337 4587 Niceas
1379 4530 1668 4588 Romulidum
1711 4530 1919 4591 civitatis

338 4593 613 4674 {:pisc'opus,
629 4594 675 4666 id
688 4601 767 4674 est
786 4593 1030 4674 aquilicia,
1052 4604 1107 4647 ut
1124 4597 1369 4674 Baronius
1384 4606 1523 4671 recte
1537 4602 1915 4674 interpretatur,

338 4654 562 4722 Aquileia
586 4654 869 4722 animuinter
893 4654 1216 4722 Romanorum
1238 4659 1453 4710 colonias
1472 4654 1787 4722 nobilissima,
1815 4654 1917 4713 Ro;

339 4716 540 4788 matiana
556 4755 570 4775 ,
591 4729 682 4766 seu
695 4716 916 4788 liqmana
940 4720 1109 4788 civitas
1130 4721 1301 4788 audiit.
1324 4722 1501 4772 Niceas
1524 4737 1666 4788 porro
1705 4716 1812 4788 ejus
1850 4740 1914 4776 ex

338 4776 674 4841 [iypodiacono
695 4777 967 4841 Episcopus
985 4782 1125 4833 urbis
1141 4781 1233 4831 fuit
1259 4797 1273 4831 ξ
1298 4790 1351 4833 et
1384 4776 1681 4838 successisse

406 4220 423 4413 Ξ

1752 4787 1916 4837 uidem

339 4801 674 4841 Πιμυυιδυυιιυ
696 4801 967 4841 nptacupus
986 4801 1125 4833 unus
1143 4801 1233 4831 lllll.
1259 4801 1273 4831 ξ
1298 4801 1351 4833 et.
1384 4801 1681 4838 successum:
1715 4801 1916 4849 quidem

339 4837 607 4905 Chromatio
626 4838 797 4905 altero
823 4839 1105 4905 Hieronymi
1126 4843 1281 4905 sodali
1300 4844 1515 4894 creditur
1536 4846 1663 4903 circa
1689 4861 1800 4897 ann.
1825 4849 1919 4899 410

338 4899 616 4977 velserius.
653 4899 1093 4977 lonMart‘yrologio
1134 4903 1351 4977 li‘omano
1384 4906 1443 4955 ad
1474 4899 1608 4977 diem
1655 4909 1735 4977 ἓξ.
1766 4909 1917 4977 _Junii

338 4960 619 5031 §ancto_rum
652 4961 784 5031 fastis
821 4960 1126 5031 adscribitur.
1153 4965 1260 5031 Quo
1283 4968 1664 5031 temporehanc
1693 4970 1747 5020 S.
1766 4970 1918 5024 Pater

336 5021 600 5092 Epistolatn
632 5025 693 5074 ad
715 5038 834 5092 eum
853 5028 1010 5086 misit,
1035 5021 1345 5092 parcredere
1365 5021 1459 5089 e'st,
1485 5029 1551 5092 pl.
1574 5031 1691 5082 min.
1717 5021 1918 5092 triginta

337 5085 493 5149 annos
522 5087 706 5157 egisse.
746 5085 1066 5153 EpiscOpatus
1116 5089 1313 5153 Epocha
1345 5085 1457 5141 cum
1486 5085 1589 5143 hac
1625 5095 1733 5157 ejus
1767 5085 1917 5145 itaita

338 5154 603 5197 comparata
612 5184 622 5195 .

405 5206 474 5274 (Δ)
502 5206 750 5281 Turpilius
772 5211 866 5262 iste
876 5212 1271 5281 citaturaServio
1291 5215 1343 5264 in
1360 5213 1631 5281 Virgilium,
1645 5222 1921 5281 extantqu

336 5267 444 5376 ﬁliis
460 5267 648 5334 'exigu'a
670 5270 944 5334 fragmenta
958 5311 972 5328 .
1001 5276 1129 5327 inter
1153 5290 1211 5325 ea
1233 5267 1744 5348 veterum'Poetarum
1765 5316 1780 5337 ,
1803 5267 1917 5343 quas

380 5331 582 5376 obertns
602 5333 878 5376 Slenhanns
894 5371 908 5376 _
940 5345 1084 5376 atmm
1108 5337 1351 5376 Hem-mna
1367 5337 1562 5376 enllnait
1612 5341 1727 5376 Fine
1746 5344 1917 5376 malui.

380 5331 582 5405 uberius
595 5331 878 5405 §tepb§nus
894 5371 908 5390 ,
935 5337 1351 5405 atqueHenricns
1367 5337 1586 5403 collegit.
1611 5341 1728 5405 Ejus
1746 5331 1917 5392 memi-

336 5391 409 5441 nit
430 5391 574 5442 etiam
595 5391 838 5445 Eusebius
861 5397 907 5444 iu
931 5391 1185 5448 Chronico.

404 5451 462 5517 (ε)
490 5454 594 5527 sub
610 5456 810 5527 rei-nou
835 5470 966 5527 verae
989 5460 1183 5527 nontine
1198 5458 1487 5527 Qomqadiam
1503 5463 1916 5527 intelligtmtllie-

338 5516 826 5583 ronymiSeholiastte
859 5518 1103 5583 Victorius
1126 5519 1508 5583 ethartianteus
1530 5558 1545 5583 ,
1566 5516 1696 5583 quod
1726 5525 1915 5578 scilicet

337 5573 393 5651 ἓξι,
408 5573 727 5651 ﬂuidam“
748 5578 1147 5651 σξηιεείὶίβνέιιξεβ
1168 5581 1278 5631 ﬁcta
1300 5595 1384 5651 τρε
1407 5592 1484 5634 est
1503 5573 1695 5651 ι’ίιῐ-άιίῐ
1713 5573 1915 5651 genia:

336 5636 723 5705 tiam'l‘urpilius
745 5636 1002 5705 eﬂ’uderitg
1015 5636 1168 5696 Nobis
1190 5656 1310 5693 vero
1331 5641 1478 5705 longe
1500 5636 1916 5700 verosimilliuium

338 5703 429 5757 est,
454 5700 691 5751 idem'sibi
715 5701 927 5761 voluisse
948 5701 1331 5765 Hieronymum,
1357 5700 1476 5755 ac'si
1499 5707 1706 5760 dixisset
1727 5711 1800 5760 rei
1821 5724 1916 5762 non

336 5769 611 5832 rerwhcum
644 5765 923 5832 praesentia,
962 5777 1111 5827 quam
1131 5764 1353 5828 (Epistulae
1373 5766 1665 5832 conciliant,
1707 5785 1825 5828 vera
1856 5787 1921 5824 ac

336 5824 527 5897 propria
549 5837 646 5875 non
668 5824 747 5875 sit.

3127 440 3154 455 .
3361 447 3365 452 .
3503 389 3611 447 342

2028 474 2134 579 des
2151 477 2226 579 illi
2260 478 2440 579 Italiae
2464 483 2712 579 homines
2731 531 2747 558 ,
2778 477 3005 565 (n'quos
3031 495 3231 556 Cascos
3260 501 3461 562 Ennius
3507 522 3609 579 ap-

2031 568 2212 670 pellat,
2243 573 2332 670 qui
2378 574 2481 632 sibi
2519 576 2604 648 (ut
2648 579 2702 635 in
2754 581 3054 644 Rhetoricis
3104 591 3295 650 Cicero
3350 598 3446 670 ait)
3498 568 3605 656 ritu

2032 658 2202 717 ferino
2221 664 2418 723 victum
2443 672 2774 742 quarrebant,
2812 687 2935 735 ante
2958 680 3157 739 chartae
3177 695 3231 745 et
3257 658 3601 750 membrana-

2029 757 2358 841 rum‘usum,
2384 763 2476 808 aut
2502 754 2555 809 in
2580 754 2841 816 dedolatis
2875 776 2908 819 e
2945 763 3088 836 ligno
3117 769 3395 841 codicillis,
3431 784 3522 832 aut
3551 778 3604 834 in

2029 837 2318 936 corticibus
2341 843 2591 903 arborum
2616 857 2803 906 mutuo
2829 854 3174 924 epistolarum
3203 837 3429 936 alioquin
3468 871 3604 926 mis-

2028 925 2280 1027 sitabant.
2310 931 2465 990 Unde
2508 945 2561 993 et
2596 941 2882 1009 portitores
2919 960 3102 1002 earum
3145 925 3508 1027 Tabellarios,
3552 925 3610 1017 et

2031 1018 2319 1088 scriptorcs
2377 1039 2407 1080 a
2466 1027 2615 1083 libris
2665 1032 2916 1091 arborum
2985 1037 3257 1099 Librarios
3323 1018 3602 1106 vocavere.

2029 1110 2237 1207 Quanto
2257 1119 2424 1207 magis
2445 1120 2603 1190 igitur
2624 1139 2720 1179 nos
2738 1166 2756 1193 ,
2781 1130 3016 1199 expolito
3031 1131 3141 1202 jam
3161 1135 3364 1192 artibus
3384 1141 3606 1207 mundo,

2029 1200 2081 1256 id
2109 1219 2213 1299 non
2241 1205 2498 1264 debemus
2527 1214 2791 1281 omittere,
2819 1219 2961 1289 quod
2993 1200 3074 1278 illi
3096 1224 3196 1280 sibi
3224 1200 3605 1299 praestiterunt,

2027 1292 2166 1361 apud
2193 1310 2328 1365 quos
2353 1308 2466 1353 erat
2492 1303 2653 1357 cruda
2691 1308 2981 1378 rusticitas,
3008 1322 3062 1368 et
3089 1316 3180 1384 qui
3222 1292 3605 1380 humanitatem

2028 1384 2420 1454 quodammodo
2460 1394 2804 1453 nesciebant?
2849 1400 2991 1459 Ecce
3035 1404 3224 1463 beatus
3269 1408 3609 1472 Chromatius

2027 1492 2150 1534 cum
2193 1494 2379 1541 sancto
2423 1488 2657 1549 Eusebio
2683 1511 2787 1553 non
2815 1498 2936 1568 plus
2979 1510 3168 1559 natura
3197 1521 3356 1577 quam
3397 1524 3610 1567 morum

2027 1577 2334 1668 aequalitate
2356 1580 2725 1654 (t)germauo,
2754 1591 3016 1650 litterario
3042 1611 3130 1653 me
3151 1602 3460 1668 provocavit
3485 1602 3609 1659 offi-

2027 1666 2133 1722 cio.
2171 1668 2249 1725 Tu
2291 1673 2450 1731 modo
2478 1690 2510 1732 a
2557 1679 2713 1737 nobis
2746 1683 2954 1754 abiens,
3009 1666 3277 1748 recentem
3321 1696 3608 1752 amicitiam

2027 1756 2226 1858 scindis
2251 1763 2447 1858 potius,
2461 1781 2619 1858 quam
2641 1769 2857 1840 dissuis,
2879 1776 3020 1845 quod
3045 1780 3333 1847 prudenter
3355 1785 3493 1855 apud
3528 1786 3605 1858 (g)

2027 1849 2340 1908 Ciceronem
2368 1854 2564 1916 Laelius
2598 1869 2772 1929 ,vetat.
2800 1863 2913 1922 Nisi
2937 1865 3077 1923 forte
3098 1869 3168 1924 ita
3194 1871 3284 1927 tibi
3307 1849 3502 1937 exosus

2027 1939 2239 2010 Oriens,
2268 1952 2327 1999 ut
2354 1945 2561 2004 litteras
2633 1955 2739 2028 22
2809 1971 3021 2028 quoque
3044 1968 3158 2018 tuas
3175 1962 3278 2019 huc
3297 1966 3483 2023 venire
3501 1966 3612 2024 for-

2027 2031 2220 2089 mides.
2255 2032 2654 2113 Expergiscere,
2682 2047 3070 2119 expergiscere,
3097 2053 3284 2123 evigila
3307 2055 3375 2111 de
3394 2070 3608 2125 somno,

2027 2134 2222 2192 prmsta
2236 2142 2393 2184 unam
2420 2132 2621 2187 chartae
2641 2132 2947 2198 schedulam
2978 2142 3204 2201 Caritati.
3222 2144 3364 2202 Inter
3390 2146 3608 2204 delicias

2027 2219 2231 2287 patriae,
2260 2232 2635 2281 etcommnnes
2671 2244 2804 2299 quas
2831 2230 3116 2290 habuimus
3131 2238 3607 2309 peregrinationes,

2027 2309 2313 2378 aliquando
2329 2315 2553 2385 suspira.
2582 2317 2640 2374 Si
2664 2333 2833 2386 amas,
2861 2323 3039 2381 scribe
3066 2325 3369 2383 obsecranti
3398 2330 3475 2385 :si
3498 2331 3610 2386 ira-

2027 2399 2216 2468 sceris,
2237 2400 2401 2458 iratus
2423 2404 2545 2461 licet
2559 2408 3001 2483 scribeJlagnum
3018 2425 3071 2471 et
3089 2414 3190 2473 hoc
3201 2417 3450 2475 desiderii
3469 2422 3609 2477 δοιδ-

2027 2505 2154 2550 men
2177 2491 2372 2564 habeo,
2390 2495 2434 2551 si
2453 2497 2611 2560 amici
2634 2499 2856 2567 litteras,
2884 2504 2969 2560 vel
2988 2505 3310 2578 indignantis
3325 2511 3606 2584 accipiam.

2520 2608 2850 2668 EPISTULA
2892 2613 2964 2669 ιχ
3008 2614 3109 2688 (Ιι).

2169 2712 2237 2753 an
2295 2697 2359 2771 (ὅ)
2403 2714 2778 2758 cunvsocouuu
2828 2720 3120 2763 IONACIIUI
3176 2724 3462 2775 Αοωιευς.

2033 2802 2334 2874 Expostulat
2357 2825 2469 2864 cum
2490 2810 2818 2885 Chrysogono
2842 2816 3088 2883 Aquileia
3117 2817 3391 2888 Monacko,
3419 2825 3612 2881 recenti

2308 2901 2474 2956 amico
2495 2943 2510 2968 ,
2545 2905 2681 2975 tptod
2707 2906 2838 2960 nihil
2861 2908 2935 2961 ad
2952 2924 3007 2963 se
3035 2910 3315 2980 scripserit.

2096 3009 2194 3079 Qui
2224 3012 2364 3068 circa
2390 3024 2442 3070 te
2464 3015 2685 3072 aﬂ'ectus
2709 3032 2860 3075 meus
2890 3020 2980 3085 sit,
3010 3023 3316 3080 carissimus
3340 3025 3603 3083 ambobus

2026 3099 2342 3158 Heliodorus
2382 3104 2479 3160 tibi
2522 3108 2695 3177 potuit
2739 3108 2966 3167 fideliter
3012 3112 3295 3183 nuntiare;
3351 3117 3441 3187 qui
3493 3132 3603 3173 non

2024 3192 2234 3249 minore
2275 3201 2327 3249 te
2356 3196 2525 3268 diligit
2573 3213 2792 3268 amore,
2835 3217 2993 3272 quam
3036 3219 3135 3275 ego
3166 3204 3326 3279 diligo
3359 3224 3374 3262 :
3405 3217 3464 3263 ut
3499 3223 3602 3280 ego

2022 3297 2237 3355 semper
2263 3284 2316 3340 in
2346 3301 2442 3343 ore
2472 3303 2595 3344 meo
2625 3306 2817 3347 nomen
2845 3300 2990 3348 tuum
3028 3309 3217 3351 sonem
3254 3315 3268 3351 :
3301 3306 3358 3354 ut
3398 3299 3463 3354 ad
3496 3301 3608 3372 pri-

2022 3390 2163 3430 mam
2182 3392 2447 3448 quamque
2468 3381 2956 3442 confabulationcm
2982 3387 3355 3459 jucundissimi
3384 3392 3510 3447 mihi
3538 3393 3604 3469 (ἢ

2023 3471 2281 3526 consortii
2312 3475 2565 3531 recorder
2587 3517 2604 3541 ,
2644 3488 2703 3533 ut
2743 3478 3093 3545 humilitatem
3139 3485 3372 3543 admirer
3392 3530 3407 3556 ,
3439 3489 3607 3546 virtu-

2027 3569 2132 3615 tem
2162 3561 2379 3618 efferam
2400 3604 2414 3628 ,
2441 3566 2729 3637 prredicem
2777 3572 3075 3629 caritatem.
3114 3574 3309 3632 Verum
3344 3587 3398 3637 tu
3422 3619 3437 3645 ,
3464 3580 3609 3651 quod

2023 3662 2212 3707 natura
2253 3654 2462 3726 Lynces
2500 3658 2714 3715 insitum
2760 3661 2954 3720 habent
2980 3707 2996 3732 ,
3029 3666 3111 3738 (2)
3141 3682 3209 3724 ne
3237 3680 3356 3739 post
3397 3680 3603 3741 tergum

2026 3745 2376 3816 respicientes
2412 3751 2753 3807 meminerint
2806 3756 3075 3823 priorum,
3118 3767 3173 3814 et
3220 3776 3372 3815 mens
3401 3761 3594 3831 perdat

2025 3839 2166 3908 quod
2196 3840 2335 3895 oculi
2367 3842 2544 3898 videre
2572 3843 2827 3900 desierint
2853 3887 2867 3912 ,
2900 3848 2971 3901 ita
3003 3857 3200 3905 nostra:
3223 3867 3278 3905 es
3309 3854 3605 3908 necessitu-

2024 3930 2164 3985 dinis
2195 3932 2408 4003 penitus
2442 3933 2638 3989 oblitus
2662 3977 2678 4001 ,
2728 3946 2786 3991 ut
2815 3938 2962 3993 illam
3003 3941 3282 4011 epistulam
3303 3983 3319 4009 ,
3346 3957 3504 4013 quam
3551 3944 3608 4002 in

2025 4023 2187 4078 corde
2235 4023 2661 4081 Christianorum
2711 4029 2963 4100 scriptam
3017 4032 3307 4102 Apostolus
3353 4033 3444 4105 (l.
3481 4035 3605 4091 Cor.

2025 4117 2078 4172 3.
2127 4115 2187 4187 2)
2230 4116 2416 4183 refert,
2445 4133 2549 4174 nou
2592 4135 2752 4191 parva
2789 4122 2944 4177 litura
2970 4166 2985 4190 ,
3013 4124 3109 4181 sed
3141 4127 3261 4180 imis
3283 4169 3297 4194 ,
3331 4136 3389 4183 ut
3433 4129 3605 4198 aiunt,

2024 4212 2163 4267 ceris
2195 4213 2447 4269 eraseris.
2488 4214 2556 4272 Et
2590 4215 2693 4270 illa:
2717 4216 2930 4287 quidem
2961 4259 2975 4283 ,
3001 4234 3134 4293 quas
3158 4220 3389 4276 diximus
3410 4263 3426 4288 ,
3454 4222 3609 4292 ferar,

2025 4305 2126 4361 sub
2148 4304 2428 4363 frondente
2444 4316 2723 4379 captantes
2739 4310 2947 4366 arboris
2964 4326 3112 4367 ramo
3129 4310 3345 4384 fugaces
3361 4330 3606 4385 capreas,

2023 4407 2113 4451 aut
2134 4397 2399 4466 timidum,
2416 4414 2622 4466 cervos,
2647 4402 2842 4456 animal
2864 4403 3325 4473 comprehendunt
3354 4421 3609 4461 :curren-

2025 4500 2238 4564 temque
2253 4491 2446 4549 frustra
2473 4495 2728 4566 prmdam,
2748 4495 2874 4550 dum
2896 4495 3104 4550 hostem
3127 4510 3278 4551 suum
3296 4512 3477 4553 secum
3508 4513 3606 4553 vc-

2023 4584 2211 4639 rabido
2254 4583 2487 4654 desuper
2514 4602 2608 4642 ore
2647 4585 3022 4651 dilaniant;et
3060 4587 3259 4643 tamdiu
3309 4590 3613 4651 meminere.

2025 4676 2340 4746 praedandi,
2416 4679 2522 4750 23
2595 4679 2847 4748 quamdiu
2902 4688 3092 4736 venter
3157 4696 3356 4737 vacuus
3402 4685 3603 4740 siccum

2023 4772 2164 4828 fame
2184 4782 2366 4844 guttur
2393 4784 2695 4845 exasperat.
2731 4773 2830 4831 Ubi
2861 4791 2991 4832 vero
3021 4778 3276 4850 sanguine
3301 4788 3448 4850 pasta
3479 4777 3619 4861 feri-4

2094 4906 2149 4972 (fl
2187 4907 2373 4972 Ennius
2395 4921 2459 4972 es
2483 4908 2525 4958 I.
2548 4908 2720 4958 Annal.
2742 4908 3036 4972 fragmento.

2177 4979 2298 5046 quos
2319 4969 2535 5040 [lentim
2553 4972 2795 5046 quondam
2818 4969 3063 5046 intuentis
3083 4979 3215 5024 terra
3237 4974 3418 5046 reg-epit
3435 5008 3449 5035 ,

2176 5040 2329 5098 ortam
2349 5032 2748 5098 pt'immn_‘_('ascei
2771 5032 2962 5098 populei
2982 5042 3174 5087 tenuere
3198 5032 3392 5098 Latinéi.

2023 5092 2102 5143 De
2124 5092 2470 5158 bisCiceroin
2492 5094 2531 5144 Ι.
2556 5092 2817 5146 'l‘usculan.
2831 5092 3012 5158 'Itaque
3034 5110 3181 5147 unum
3201 5096 3324 5148 illud
3354 5103 3460 5148 erat
3480 5096 3602 5148 insi.

2022 5160 2124 5226 trait
2337 5156 2453 5230 illis,
2478 5171 2595 5230 φιρε
2616 5168 2795 5230 caseos
2812 5155 3033 5230 appellat
3041 5160 3222 5230 ignitius
3240 5198 3252 5219 ,
3265 5159 3500 5230 _etc._Hos
3522 5159 3608 5208 Li-

2023 5219 2131 5293 vius
2265 5215 2517 5293 [.lpriscos
2535 5215 2900 5293 Latinosilicit',
2941 5230 2993 5271 et
3014 5215 3247 5283 Virgilius
3265 5222 3312 5271 5.
3338 5228 3393 5271 Et
3414 5220 3604 5293 miseos

2023 5276 2187 5345 docuit
2208 5276 2450 5331 celebrare
2490 5281 2694 5345 Latinos.
2736 5276 2913 5332 Festus
2952 5296 3081 5345 vero"
3100 5276 3312 5345 ‘brtst‘um
3348 5276 3605 5345 antiquum

2022 5341 2401 5416 interpretatm',
2427 5345 2654 5417 et-Vtart'o
2676 5344 2711 5393 l.
2736 5347 2784 5395 4.
2809 5346 2873 5395 de
2890 5345 3031 5409 Ling.
3059 5344 3213 5393 Latin.
3239 5341 3609 5394 Sabiuaut'esse

2023 5406 2154 5455 vocis
2176 5406 2417 5466 originem
2442 5406 2605 5456 tradit.
2992 5406 3005 5409 '
3327 5464 3337 5474 .

2091 5463 2161 5531 lg)
2196 5466 2305 5531 Vid.
2329 5465 2577 5531 Ciceronis
2601 5466 2794 5529 librum,
2818 5468 2902 5531 qui
2926 5469 3038 5516 insct
3054 5467 3200 5515 ibitur
3224 5464 3413 5531 Lartius.

2110 5525 2163 5601 ξι)
2192 5527 2326 5601 ﬁlias
2447 5528 2635 5601 scripta
2654 5525 3168 5601 eodem'temporequ
3188 5525 3439 5601 superior.
3474 5542 3479 5549 ’

2108 5587 2153 5645 il
2192 5591 2305 5642 Mss.
2329 5591 2410 5642 alii
2432 5587 2757 5643 Gisoéltomam
2784 5587 2966 5645 vocant.
2992 5587 3070 5638 alii
3092 5587 3460 5638 (lii-immittam.

2112 5648 2163 5713 ἢ.
2185 5654 2280 5703 Pro
2303 5655 2374 5704 tui
2395 5653 2703 5703 Martiauaaus
2891 5651 3135 5701 Victorius
3157 5655 3420 5711 utrumque
3458 5648 3600 5711 ιυέξισ

2118 5714 2162 5786 1)
2192 5716 2402 5786 Emi"?
2422 5714 2695 5786 ωηασιξιαέρ
2715 5714 2807 5786 δίίῖί
2825 5725 3102 5786 gemmas.
3240 5783 3267 5786 -_
3312 5785 3343 5786 η
3412 5774 3424 5784 .
3458 5774 3471 5786 .

2056 5806 2061 5809 -
2086 5777 2161 5839 (2)
2192 5777 2491 5840 Exautiquo
2511 5777 2618 5840 cod.
2645 5777 2863 5837 Gravius,
2887 5779 2941 5823 ut
2956 5779 3066 5837 post
3084 5777 3270 5836 tergum
3291 5777 3608 5838 respicientes

2026 5837 2120 5891 min
2144 5837 2441 5891 meminerint
2464 5850 2511 5903 pi
2524 5837 2696 5893 iurum.
