4136 6332
471 375 571 433 bi?

472 493 646 566 (Psal.
675 490 730 545 4.
867 485 981 541 lloc
1011 482 1134 555 quid
1161 482 1283 538 velit
1316 481 1534 552 intelligi
1560 522 1575 559 ,
1616 480 1901 550 Apostolus
1933 479 2042 547 ple-

471 586 593 639 nius
617 584 998 648 interpretatur
1023 575 1162 632 :‘Sol
1187 592 1286 629 non
1314 574 1512 628 occidat
1552 589 1703 642 super
1732 570 2050 624 iracundiam

469 683 685 728 uestram
711 670 928 742 (Ephes.
958 669 1011 724 4.
1033 665 1150 738 εὑ).
1176 665 1312 734 Quid
1339 679 1558 736 agemus
1585 677 1682 717 nos
1711 663 1763 716 in
1790 662 1877 717 die
1902 660 2048 730 judi-

469 766 558 829 cii,
591 779 752 834 super
777 777 1002 833 quorum
1031 762 1165 817 iram
1194 776 1297 814 non
1322 759 1478 813 unius
1503 756 1633 821 diei,
1661 754 1754 810 sed
1779 765 2048 809 lautorum

468 872 734 913 annorum
781 857 859 910 sol
907 855 1055 910 testis
1098 852 1386 908 occubuit?
1435 849 1690 904 Dominus
1729 847 1965 917 loquitur
1996 845 2048 899 in

470 953 794 1022 Evangelio:
826 949 888 1005 Si
917 947 1072 1014 olfers
1103 963 1282 1000 munus
1309 955 1450 998 tuttm
1475 945 1542 996 ad
1567 942 1749 1006 altare,
1777 940 1941 1008 ibique
1967 954 2049 991 re-

472 1046 712 1100 cordatus
734 1043 909 1112 fueris,
939 1041 1056 1110 quia
1083 1043 1239 1110 frater
1257 1047 1372 1090 tuus
1399 1036 1542 1088 habet
1563 1032 1757 1102 aliquid
1785 1033 2052 1084 adversum

473 1147 539 1199 te;
573 1133 650 1205 (a)
679 1133 905 1202 relinque
929 1131 994 1184 ibi
1025 1146 1205 1183 munus
1232 1139 1373 1180 tuum
1397 1135 1516 1178 ante
1542 1126 1725 1187 altare,
1756 1134 1800 1176 et
1827 1121 1951 1175 vade
1974 1138 2054 1174 re-

471 1225 732 1278 conciliari
763 1224 903 1293 prius
923 1221 1072 1290 fratri
1102 1229 1208 1281 tuo,
1232 1228 1277 1270 et
1301 1228 1420 1270 tunc
1442 1216 1638 1269 veniens
1663 1212 1842 1280 o/Ieres
1870 1227 2052 1264 munus

475 1325 617 1370 tuum
647 1312 858 1382 (Matth.
885 1312 938 1366 5.
966 1311 1076 1380 23).
1112 1307 1203 1362 Va:
1245 1307 1373 1360 mibi
1419 1305 1644 1370 misero,
1680 1319 1746 1358 ne
1787 1303 1960 1357 dicam
1998 1312 2054 1355 et

477 1407 608 1472 tibi,
640 1407 730 1475 qui
776 1414 920 1463 tanto
949 1413 1212 1470 tempore,
1255 1407 1346 1452 aut
1389 1414 1496 1452 non
1539 1397 1828 1450 obtulimus
1860 1410 2054 1449 munus

477 1497 543 1552 ad
572 1497 739 1555 altare
759 1539 775 1562 ,
803 1504 913 1560 aut,
947 1496 1022 1548 ira
1053 1501 1396 1562 permanente
1427 1489 1500 1559 (b)
1535 1489 1651 1541 siue
1679 1501 1862 1549 causa,
1894 1484 2055 1538 obtu-

478 1591 659 1646 limus.
692 1588 970 1658 Quomodo
1012 1587 1067 1640 itt
1094 1583 1402 1653 quotidiana
1443 1595 1601 1651 prece
1643 1593 1873 1648 unquan
1913 1577 2056 1631 dixi-

478 1700 634 1740 mus:
665 1681 875 1736 Dimitte
900 1679 1041 1732 nobis
1067 1677 1232 1730 debita
1261 1684 1451 1739 nostra,
1483 1675 1610 1726 sicut
1642 1681 1688 1724 et
1718 1686 1808 1723 nos
1838 1668 2054 1720 dimitti-

477 1792 588 1828 ntus
616 1773 920 1827 debitoribus
947 1770 1131 1824 nostris
1164 1766 1376 1840 (Matth.
1411 1767 1465 1820 6.
1500 1763 1608 1833 12),
1641 1763 1820 1816 animo
1851 1761 2055 1815 discre-

479 1873 637 1933 pante
674 1880 794 1918 cum
828 1861 1040 1927 verbis,
1077 1861 1323 1914 oratione
1363 1857 1660 1912 dissideute
1702 1870 1823 1909 cum
1867 1852 2019 1908 factis
2035 1853 2062 1906 ?~

479 1955 675 2010 Precor
702 1954 900 2024 itaque,
933 1951 1073 2023 quod
1100 1961 1154 2006 et
1183 1961 1307 2003 ante
1335 1964 1534 2004 annum
1567 1947 1836 2018 prioribus
1870 1946 2060 1999 litteris

480 2060 790 2114 rogaveram
821 2043 919 2115 (l),
950 2053 1006 2096 ut
1036 2057 1241 2112 pacem,
1269 2057 1426 2110 quam
1457 2040 1612 2095 nobis
1637 2038 1856 2108 reliquit
1883 2037 2058 2090 Domi-

479 2150 582 2188 nus
601 2176 616 2202 ,
647 2135 940 2192 habeamus
969 2131 1146 2202 (Joau.
1181 2134 1306 2202 14);
1336 2143 1391 2186 et
1415 2147 1591 2186 meum
1615 2129 1975 2192 desiderium,
2006 2135 2063 2183 et

481 2238 625 2284 tuam
667 2235 902 2280 mentem
946 2223 1194 2280 Christus
1223 2225 1510 2278 intueatur.
1539 2220 1595 2276 lu
1627 2220 1773 2276 brevi
1804 2230 1929 2273 ante
1961 2219 2062 2274 tri-

479 2319 641 2374 buual
685 2317 801 2388 ejus
839 2317 1216 2381 reconciliata,
1271 2330 1366 2369 seu
1411 2315 1577 2370 scissa
1619 2311 1942 2379 concordia,
1971 2319 2064 2365 aut

479 2411 759 2481 pra-miunt
790 2407 1146 2478 recuperabit,
1177 2418 1263 2461 aut
1295 2422 1526 2476 ptenam.
1556 2404 1706 2472 Quod
1737 2404 1779 2458 si
1815 2414 1889 2468 tu,
1919 2403 2066 2472 quod

479 2502 668 2570 procul
695 2499 872 2564 absit,
921 2499 1156 2553 nolueris
1188 2517 1202 2552 :
1235 2514 1335 2568 ego
1377 2499 1511 2552 liber
1553 2512 1666 2552 ero.
1710 2496 1945 2566 Epistula
1977 2509 2066 2550 me

482 2592 598 2648 haec
624 2607 761 2660 mea,
783 2607 903 2647 eum
936 2591 1068 2645 lecta
1098 2589 1288 2657 fuerit,
1321 2590 1584 2646 absolvet.

967 2744 1296 2804 EPISTOLA
1338 2745 1453 2803 le
1482 2744 1577 2816 (c).

830 2879 912 2934 An
936 2878 1284 2934 Hectoooauu
1310 2878 1391 2948 (ά)
1424 2877 1743 2933 Monaeses.

488 2993 820 3049 Heliodorum
849 2992 1266 3063 peregrinationis
1293 3005 1399 3044 sua:
1425 2990 1672 3052 comitem,
1705 3005 1847 3060 quem
1876 2992 2066 3060 [rustra

555 3099 764 3142 conatus
789 3097 893 3141 erat
917 3085 1056 3154 apud
1090 3102 1143 3138 se
1171 3086 1223 3138 in
1254 3083 1437 3137 Eremo
1471 3084 1690 3137 detinere
1713 3084 1955 3153 propositi
1983 3101 2067 3138 so-

555 3182 707 3244 cium,
729 3179 861 3231 datis
875 3178 1071 3238 litteris,
1089 3175 1508 3247 quemadmodum
1531 3175 1803 3228 discedenti
1823 3178 2069 3244 promise-

558 3281 656 3332 rat,
683 3271 750 3323 ad
770 3286 822 3324 se
842 3269 1035 3333 invitat,
1065 3279 1111 3322 et
1133 3269 1247 3322 vitta
1270 3267 1539 3323 eremiticae
1559 3267 1914 3322 beatitudinem
1936 3284 2070 3338 prte-

559 3365 715 3416 dicat.

562 3479 616 3532 1.
645 3476 853 3544 Quanto
878 3471 1059 3528 am‘bre
1080 3483 1132 3528 et
1159 3472 1335 3528 studio
1358 3471 1751 3539 contenderim,
1783 3482 1837 3527 ut
1869 3474 2070 3543 pariter

490 3569 546 3625 in
578 3581 761 3624 eremo
787 3580 1139 3627 moraremur,
1166 3563 1440 3619 conscium
1485 3575 1684 3617 mutua:
1709 3565 1948 3618 caritatis
1980 3579 2072 3634 pe-

489 3670 610 3716 etus
667 3659 775 3731 29
827 3657 1084 3725 agnoscit.
1105 3657 1716 3726 Quibuslamentis,quo
1737 3656 1946 3720 dolore,
1965 3670 2072 3726 quo

489 3752 714 3823 gemitu,
743 3760 793 3804 te
839 3748 1124 3804 abeuntem
1163 3757 1474 3818 prosecutus
1528 3747 1653 3814 sim,
1703 3747 1818 3801 ista:
1861 3761 2073 3817 quoque

491 3847 688 3901 littera:
714 3853 878 3898 teSIes
903 3851 1056 3907 sunt,
1104 3857 1237 3912 quas
1279 3841 1528 3912 lacrymis
1569 3841 1748 3896 cernis
1791 3841 2064 3895 interlitas.

492 3938 689 3993 Verum
721 3945 775 3992 tu
804 3937 953 4008 quasi
986 3936 1239 4008 parvulus
1280 3935 1565 3999 delicatus,
1595 3943 1957 4003 contemptum
1988 3949 2075 3988 ro-

491 4033 668 4098 gantis
695 4046 788 4100 per
819 4030 1182 4085 blandimenta
1215 4029 1412 4091 fovisti,
1443 4037 1497 4082 et
1525 4045 1623 4098 ego
1653 4029 1915 4092 incautus,
1948 4025 2076 4096 quid

493 4135 617 4178 tunc
639 4137 876 4193 agerem,
908 4121 1230 4176 nesciebam.
1261 4121 1558 4176 Tacerem?
1587 4120 1680 4176 sed
1713 4118 1855 4189 quod
1883 4117 2076 4173 arden-

564 4275 627 4340 (ιι)
659 4275 857 4384 ἑυεηιιι
899 4287 926 4322 a
972 4276 1148 4323 nostris
1194 4274 1308 4325 Mss.
1365 4273 1578 4335 relinque
1615 4271 1684 4325 ibi
1730 4286 1901 4323 munus
1945 4279 2080 4324 tuum

564 4346 603 4384 te
627 4350 657 4384 a
696 4349 796 4384 are.
1401 4353 1404 4356 ~

492 4346 603 4388 ante
627 4342 796 4386 altare.
1401 4353 1404 4356 ’

563 4398 628 4509 [Ἢ
657 4398 874 4460 ReSpicit
897 4409 1078 4446 comma
1102 4394 1219 4462 illud
1241 4395 1343 4446 sine
1367 4410 1531 4452 causa,
1548 4395 1675 4458 quod
1697 4395 1888 4444 Domini
1912 4396 2081 4446 verbis

563 4476 591 4509 u
659 4460 826 4509 Matth.
851 4473 894 4509 c.
920 4459 952 4507 5
969 4493 984 4509 .
1008 4473 1054 4507 v.
1080 4456 1152 4505 22.
1183 4458 1334 4507 anatis
1357 4456 1440 4509 aui
1470 4456 1697 4506 irascitur
1721 4457 1863 4509 fratri
1888 4471 2000 4509 suo.
2030 4459 2080 4506 iu

493 4456 626 4523 apud
659 4456 826 4510 Matth.
851 4473 894 4523 e.
920 4459 952 4507 5
969 4493 984 4516 ,
1008 4473 1054 4507 v.
1080 4456 1152 4523 2'2:
1183 4458 1334 4523 omnis
1357 4456 1440 4521 qui
1470 4456 1697 4523 irascitur
1720 4457 1863 4522 fratri
1885 4471 2000 4523 suo,
2030 4459 2080 4506 iu

493 4519 781 4585 quibusdam
797 4521 1042 4585 codicibus
1063 4519 1329 4585 addebatur
1347 4519 1412 4585 ;_'a
1433 4520 1611 4581 quibus
1627 4519 2081 4585 tamen-radendum

498 4580 670 4647 postea
694 4583 945 4647 contendit
968 4584 1072 4647 ipse
1092 4581 1230 4647 iiier.
1263 4582 1317 4647 in
1341 4580 1663 4647 commentar.
1691 4585 1738 4629 in
1771 4580 2076 4647 Maitbteum,

503 4640 557 4693 et
581 4643 667 4692 hb.
692 4647 738 4691 5.
762 4646 807 4691 in
835 4640 1061 4706 epistfad
1095 4642 1346 4706 Ephesios:
1375 4643 1626 4706 Legerunt
1650 4654 1767 4692 vero
1793 4640 1916 4706 _0lim
1955 4642 2082 4706 haud

501 4706 643 4768 pauci
667 4705 842 4768 Patres
865 4703 966 4753 tum
991 4703 1161 4768 Latini,
1189 4711 1291 4768 tum
1317 4703 1489 4759 Graeci,
1515 4715 1638 4768 quos
1673 4715 1763 4752 suo
1793 4703 1898 4768 loco
1930 4703 2080 4768 addu-

495 4764 694 4828 cemus;
717 4766 834 4828 quin
858 4767 1001 4814 etiam
1024 4767 1382 4828 antiquissimus
1403 4764 1566 4828 noster
1584 4764 1884 4813 Veronensis
1904 4765 2079 4828 codex,

495 4829 582 4888 qui
611 4825 821 4875 Italicam
851 4825 1152 4888 versionem
1173 4826 1315 4885 vulgo
1350 4827 1563 4888 creditur
1588 4827 1841 4874 continere
1860 4859 1891 4888 ,ί
1913 4825 2082 4888 hodie-

499 4886 616 4936 tium
638 4888 861 4938 exhibet.
888 4887 1070 4935 Iterqu
1091 4895 1254 4935 uoster
1275 4888 1480 4936 Hieron.
1505 4886 1589 4935 lib.
1608 4889 1656 4934 2.
1675 4895 1840 4936 contra
1865 4887 2084 4945 Pelagia.

499 4963 607 5008 nos,
635 4963 756 5012 quos
793 4947 1064 5012 lil)ros__su_b
1090 4949 1202 5012 vitae
1225 4962 1326 4998 sua:
1346 4950 1495 5012 tinem
1533 4951 1756 5012 scripsit,
1788 4959 1838 4997 In
1877 4949 2044 4999 eodem
2065 4986 2080 5007 ,

503 5007 699 5073 inquit,
736 5007 987 5073 Evangelia
1026 5008 1267 5073 legimus;
1306 5013 1394 5073 qui
1429 5007 1648 5073 irascitur
1681 5009 1814 5073 fratri
1849 5025 1938 5059 suo
1974 5013 2081 5060 sine

503 5070 666 5128 causa,
687 5070 816 5120 reus
834 5073 929 5119 erit
949 5071 1134 5132 judicio
1159 5084 1171 5118 :
1206 5089 1228 5116 α
1247 5070 1363 5119 licet
1387 5072 1433 5118 in
1459 5070 1705 5132 plerisque
1729 5072 1974 5121 codicibus
1993 5086 2081 5121 au-

502 5134 654 5194 tiquis
677 5133 780 5182 sine
801 5146 949 5181 causa
972 5131 1182 5180 additum
1208 5145 1302 5180 non
1324 5134 1413 5189 sit,
1441 5131 1494 5181 ut
1511 5131 1695 5181 scilicet
1719 5146 1784 5182 ne
1807 5147 1918 5182 cunt
1939 5148 2082 5186 causa

500 5196 702 5254 quidem
721 5195 992 5244 debeamus
1013 5194 1167 5241 irasci.
1191 5210 1224 5254 _s

591 5255 633 5366 tl)
679 5255 804 5305 .tlias
831 5257 874 5304 1.
901 5254 1088 5316 scripta
1109 5252 1274 5304 eodem
1307 5262 1516 5314 tempore
1540 5253 1636 5304 sive
1659 5267 1741 5304 an.
1767 5257 1876 5305 375.

636 5318 645 5366 l
675 5317 792 5366 Haec
808 5329 903 5365 una
924 5329 1154 5366 germana
1167 5325 1243 5365 est
1265 5318 1637 5366 iuserinti0.nou
1655 5331 1770 5366 vero
1791 5333 1876 5366 uua

635 5318 645 5382 )
675 5317 792 5382 Haec
808 5329 903 5382 una
924 5325 1243 5382 germanaest
1265 5318 1530 5382 inscriptio,
1542 5330 1637 5382 non
1655 5331 1770 5366 vero
1791 5333 1933 5381 quant
1959 5332 2082 5381 prm-

510 5377 675 5428 fet‘unt
697 5377 778 5426 alii
799 5377 995 5428 codices
1032 5377 1367 5488 l’resbpterum
1393 5377 1470 5427 vel
1506 5377 1819 5442 Episcopum,
1855 5387 1937 5429 aut
1960 5377 2083 5442 'quze

510 5438 782 5488 Martianteo
818 5438 976 5488 placet
1021 5447 1183 5488 Nonae
1200 5454 1298 5488 tum
1317 5476 1332 5488 .
1377 5447 1538 5488 postea
1580 5439 1878 5488 Euiscomnn.
1928 5443 2083 5488 Vetus

503 5438 782 5504 Martianteo
817 5438 976 5504 placet
1012 5438 1298 5504 monachum
1317 5476 1332 5497 ,
1377 5438 1553 5504 postea
1580 5438 1878 5504 ιξρὶεεοριιηι.
1928 5438 2084 5504 Vetus

505 5501 623 5549 edit.
649 5501 798 5566 habet
818 5499 895 5566 ad
934 5499 1243 5566 Heliodorum
1275 5499 1504 5566 nondumi
1520 5499 1822 5566 Episcopum.
1849 5502 2047 5554 Scilicet
2064 5540 2080 5563 ,

504 5574 615 5626 gout
632 5576 695 5626 ex
715 5563 1017 5626 Aquileiensi
1043 5563 1274 5613 Monacho
1296 5565 1444 5614 Altini
1469 5563 1736 5626 EpiSCOpllS
1751 5567 1914 5626 jussus
1937 5567 2085 5614 fuerit

504 5621 830 5689 Heliodorus,
855 5638 1010 5689 seque
1034 5627 1081 5673 in
1107 5639 1164 5674 ea
1188 5627 1421 5689 dignitate
1444 5621 1677 5689 praeclare
1701 5621 1953 5689 admodum
1971 5639 2084 5687 ges-

505 5685 647 5746 serit,
673 5684 941 5750 clarior‘em‘
962 5687 1186 5750 EplseOpi
1221 5684 1408 5737 titulum
1444 5684 1747 5750 suffecerunt
1779 5684 2085 5750 libi'arii'pto

506 5758 770 5812 eo,_qtt_t:tn
795 5747 1119 5812 Hieronymus
1141 5747 1255 5812 itum
1294 5753 1528 5812 temporis
1562 5749 1821 5810 scripserat
1845 5747 2080 5796 Mouachi.

572 5806 653 5869 (l)
678 5807 812 5860 lianc
831 5806 1043 5873 priorum
1067 5809 1329 5874 Epistulam
1354 5806 1616 5860 amisimus.

1759 362 1997 418 SANCTI
2040 359 2417 418 lllERONYMl

3263 269 3288 290 Ι

3629 364 3734 420 548

2152 484 2236 532 ιρι·
2281 475 2562 538 volebam,
2612 474 2881 528 moderate
2923 473 3266 530 dissimulare
3313 489 3418 528 non
3470 485 3732 544 poterant.

2153 566 2450 636 Impensius
2475 565 2852 619 obsecrareut?
2881 564 2974 619 sed
3014 564 3201 620 audire
3227 565 3445 620 nolebas
3464 607 3480 633 ,
3512 569 3633 636 quia
3663 570 3736 622 sia

2154 657 2353 712 militer
2374 671 2478 711 non
2501 657 2737 711 amabas.
2762 657 2912 722 Quod
2939 673 3099 711 unum
3120 657 3314 726 potuit,
3337 668 3514 729 Spreta
3539 661 3737 715 caritas

2155 747 2299 802 fecit.
2346 748 2515 816 Quem
2561 759 2881 818 praesentem
2928 750 3162 806 retinere
3207 765 3313 803 non
3344 751 3544 818 valuit,
3595 769 3738 808 nunc

2153 842 2346 908 qumrit
2369 840 2667 893 absentem.
2701 839 2961 906 Quoniam
3006 838 3166 909 igitur
3206 849 3262 894 et
3290 851 3344 894 tu
3391 840 3506 910 ipse
3549 841 3738 898 abiens

2156 931 2490 1000 postularas,
2533 939 2588 982 ιιι
2618 939 2798 998 postea
2830 945 2988 1000 quain
3030 929 3096 984 ad
3137 929 3351 985 deserta
3390 931 3736 1000 migrassem,

2158 1024 2459 1082 invitatoria
2507 1022 2572 1075 ad
2623 1032 2675 1076 te
2704 1023 2900 1092 scripta
2944 1024 3390 1088 transmitterem,
3423 1034 3476 1077 et
3519 1039 3620 1094 ego
3651 1040 3740 1080 me

2159 1115 2420 1168 iacturum
2452 1113 2800 1182 promiseram
2826 1129 2839 1164 :
2869 1113 2947 1182 (1)
2977 1112 3169 1178 Invito,
3194 1113 3302 1183 jam
3331 1129 3578 1182 propera.
3602 1114 3738 1168 Nolo

2159 1206 2499 1274 pristinarum
2555 1208 2929 1259 necessitatum
2993 1204 3313 1259 recorderis.
3365 1203 3543 1260 Nouos
3592 1222 3736 1261 AIAT

2158 1312 2386 1351 annuus.
2429 1297 2564 1351 Nolo
2593 1307 2642 1351 te
2671 1297 2904 1366 antiqua:
2933 1297 3376 1366 peregrinationis
3406 1305 3605 1352 terreat
3632 1297 3738 1351 dil-

2160 1390 2383 1443 licultas.
2415 1389 2513 1456 Qui
2543 1387 2592 1442 in
2615 1388 2883 1444 Christum
2905 1389 3103 1452 credis,
3132 1397 3186 1441 et
3211 1387 3324 1458 ejus
3350 1389 3510 1442 crede
3536 1403 3740 1443 sermo-

2159 1481 2335 1534 nibus.
2372 1480 2593 1546 Quwrite
2622 1480 2836 1548 primum
2860 1495 3066 1546 regnum
3097 1480 3211 1542 Dei,
3241 1490 3285 1532 et
3311 1481 3418 1532 ha’c
3445 1481 3613 1532 omnia
3640 1495 3737 1547 ap-

2163 1583 2411 1638 ponentur
2432 1570 2566 1623 vobis
2596 1569 2809 1639 (Matth.
2835 1569 2886 1623 6.
2916 1571 3029 1638 5'5).
3061 1569 3172 1623 Non
3198 1585 3319 1638 pera
3345 1569 3435 1623 tibi
3458 1571 3736 1635 sumenda,

2161 1679 2267 1716 non
2298 1665 2440 1732 virga
2488 1671 2589 1719 est.
2638 1662 2852 1717 All'atim
2897 1662 3051 1718 dives
3096 1673 3213 1729 est,
3243 1663 3481 1732 quicum
3523 1662 3746 1717 Christo

2164 1769 2362 1822 pauper
2387 1763 2486 1808 est.
3667 1783 3670 1785 λ
3738 1787 3743 1807 ;

2232 1845 2286 1899 2.
2314 1845 2416 1898 Sed
2449 1843 2573 1914 quid
2597 1843 2738 1914 ago?
2765 1844 2969 1898 Rursus
2996 1843 3322 1913 improvidus
3343 1843 3565 1899 obsecro
3585 1845 3610 1896 ?
3631 1844 3741 1899 Ab~

2164 1948 2286 1992 eant
2312 1953 2512 2006 preces,
2536 1937 2891 1992 blandimenta
2907 1936 3202 1991 discedant.
3230 1937 3396 1992 Debet
3415 1953 3562 1992 amor
3587 1937 3744 1993 laesus

2167 2027 2342 2082 ἰιτιηςὶ.
2385 2027 2482 2093 Qui
2525 2037 2799 2096 rogantem
2842 2038 3267 2097 contempseras,
3299 2027 3518 2082 forsitan
3559 2028 3744 2084 audies

2165 2117 2550 2186 obiurgantem.
2582 2117 2715 2184 Quid
2744 2117 2870 2172 facis
2899 2118 2950 2171 in
2977 2128 3191 2188 paterna
3212 2117 3372 2172 domo
3391 2118 3614 2172 delicate
3644 2119 3745 2174 mi.-

2167 2208 2283 2265 lcs?
2312 2209 2414 2266 Ubi
2446 2211 2681 2264 vallum?
2711 2210 2796 2265 ubi
2824 2209 2963 2264 fossa
2984 2251 3000 2277 ,
3042 2211 3130 2266 ubi
3158 2210 3342 2283 Ityetns
3365 2221 3478 2265 acta
3507 2213 3606 2266 sub
3632 2213 3745 2281 pel-

2167 2300 2342 2354 libus?
2367 2301 2500 2355 Ecce
2537 2301 2603 2355 de
2645 2301 2784 2356 cmlo
2825 2301 2946 2355 tuba
2983 2303 3126 2356 cauit
3157 2319 3171 2356 :
3203 2319 3328 2357 ecce
3356 2319 3476 2357 cum
3519 2305 3753 2360 nubibus

2167 2390 2525 2446 debellaturus
2573 2391 2788 2457 orbem,
2831 2393 3116 2462 imperator
3157 2405 3390 2447 armatus
3432 2395 3743 2464 egreditur:

2167 2499 2293 2536 ecce
2319 2483 2398 2536 bis
2425 2492 2612 2536 acutus
2636 2482 2840 2551 gladius
2869 2498 2933 2537 cx
2960 2483 3098 2550 regis
3122 2498 3215 2537 ore
3244 2485 3535 2553 procedens
3560 2486 3746 2554 (Apoc.

2170 2573 2356 2639 1.16),
2388 2574 2539 2627 obvia
2570 2589 2794 2643 qumque
2823 2575 3004 2639 metit;
3049 2583 3104 2628 et
3135 2585 3186 2628 tu
3219 2575 3346 2629 tnihi
3375 2575 3477 2646 (2)
3516 2576 3583 2630 de
3604 2577 3760 2631 cubiq

2168 2666 2290 2720 culo
2315 2665 2380 2719 ad
2404 2666 2592 2730 aciem,
2619 2675 2674 2719 tu
2698 2664 2764 2720 de
2787 2665 2970 2720 umbra
2996 2665 3264 2736 egrederis
3292 2667 3358 2720 ad
3389 2667 3595 2720 solum?
3617 2668 3749 2722 Cor-

2169 2772 2270 2826 pus
2309 2766 2580 2814 assuetum
2624 2757 2797 2810 tunica
2824 2799 2838 2822 ,
2884 2757 3064 2812 lorica:
3095 2773 3229 2813 onus
3270 2773 3373 2812 non
3417 2760 3536 2814 lert.
3581 2760 3756 2827 Caput

2177 2856 2421 2915 opertum
2451 2848 2635 2911 linteo,
2659 2847 2862 2916 galeam
2889 2857 3118 2902 recusat.
3150 2847 3354 2902 Mollem
3384 2847 3492 2902 otio
3511 2864 3752 2916 manum,

2175 2937 2339 2992 durus
2367 2947 2647 3006 exastierat
2675 2939 2917 3008 capulus.
2951 2938 3089 2992 Audi
3117 2938 3347 2992 edictum
3371 2937 3446 3010 (e)
3460 2939 3601 3009 regis
3629 2940 3701 2994 tui
3736 2957 3751 2992 :

2180 3028 2280 3095 Qui
2305 3046 2404 3084 non
2428 3038 2501 3082 est
2531 3044 2722 3082 mecum
2743 3069 2759 3094 ,
2805 3037 2981 3082 contra
3003 3045 3082 3080 me
3109 3038 3180 3082 est
3197 3045 3215 3081 :
3237 3037 3282 3081 et
3311 3029 3401 3098 qui
3425 3045 3616 3082 mecum
3653 3043 3756 3082 non

2174 3121 2406 3192 colligit,
2435 3122 2630 3192 spargit
2661 3119 2810 3192 (Luc.
2844 3122 2931 3175 ll.
2953 3121 3058 3186 23;
3091 3120 3276 3174 Matth.
3307 3119 3390 3175 12.
3421 3120 3531 3190 50).
3554 3121 3756 3178 Recor-

2176 3211 2305 3267 dare
2351 3212 2596 3282 tyrocinii
2631 3211 2703 3266 tui
2730 3211 2872 3266 diem
2903 3253 2920 3278 ,
2963 3228 3068 3281 quo
3107 3209 3320 3267 Christo
3357 3212 3410 3266 in
3441 3213 3758 3282 baptismate

2177 3303 2542 3372 consepultus,
2577 3304 2628 3356 in
2661 3304 2983 3358 sacramenti
3014 3303 3172 3357 verba
3198 3303 3389 3372 jurasti
3421 3320 3436 3356 :
3467 3319 3563 3372 pro
3593 3305 3757 3358 nomi-

2179 3408 2248 3448 ne
2265 3393 2380 3462 ejus
2400 3407 2503 3446 non
2523 3403 2574 3447 te
2611 3392 2769 3445 matri
2789 3392 3117 3462 parciturum
3147 3407 3293 3456 esse,
3311 3407 3414 3447 non
3436 3393 3589 3462 patri.
3620 3393 3760 3449 Ecce

2180 3483 2518 3538 adversarius
2559 3481 2610 3536 in
2643 3491 2856 3550 pectore
2891 3492 2980 3536 tuo
3053 3482 3161 3553 30
3232 3481 3502 3537 Christum
3535 3493 3761 3539 conatur

2179 3575 2444 3629 occidere.
2474 3573 2610 3627 Ecce
2644 3573 2988 3637 donativum,
3015 3573 3154 3640 quod
3186 3572 3504 3629 militaturus
3533 3587 3761 3643 accepec

2180 3682 2287 3728 ras,
2324 3665 2534 3719 hostilia
2562 3674 2734 3718 castra
2757 3665 3044 3734 suspirant.
3076 3663 3222 3719 Licet
3250 3663 3500 3735 parvulus
3521 3679 3584 3719 ex
3617 3667 3760 3721 collo

2182 3759 2410 3829 pendeat
2437 3773 2601 3828 nepos
2629 3759 2734 3826 (5),
2773 3759 2894 3812 licet
2921 3773 3105 3828 sparso
3126 3761 3274 3813 crine
3303 3767 3354 3812 et
3383 3758 3561 3812 scissis
3591 3759 3758 3814 vesti-

2181 3849 2298 3914 bus,
2329 3851 2489 3903 ubera
2521 3848 2715 3918 quibus
2747 3858 2797 3902 te
2827 3849 3106 3915 nutrierat,
3132 3856 3302 3903 mater
3329 3848 3607 3915 ostendat,
3637 3848 3764 3904 licet

2184 3943 2234 3996 itt
2276 3943 2457 3998 limine
2493 3952 2643 4011 pater
2665 3940 2841 4010 jaceat
2866 3983 2880 4007 ,
2912 3957 3004 4011 per
3039 3942 3294 3996 calcatum
3325 3956 3482 4012 perge
3511 3949 3712 4010 patrem
3743 3981 3759 4007 ,

2181 4035 2338 4090 siccis
2365 4035 2532 4089 oculis
2557 4033 2622 4088 ad
2651 4033 2896 4088 vexillum
2919 4035 3094 4088 crucis
3115 4035 3288 4110 evola.
3313 4033 3490 4089 Setun
3515 4050 3770 4096 PIETATII,

2181 4142 2350 4196 genus
2377 4136 2477 4187 est,
2509 4126 2560 4179 in
2589 4125 2688 4180 nae
2715 4141 2772 4180 re
2801 4140 2921 4180 esse
2951 4125 3245 4179 crudelem.

2253 4217 2305 4271 5.
2331 4215 2506 4269 Oratio
2532 4225 2822 4268 sanctorum
2844 4216 2893 4268 in
2917 4215 3042 4269 cwlo
3069 4231 3159 4282 pro
3182 4215 3761 4282 viatoribus.—Veniet,

2183 4308 2360 4361 veniet
2387 4315 2568 4376 postea
2598 4307 2712 4362 dies
2733 4349 2748 4372 ,
2768 4322 2872 4377 quo
2906 4307 3079 4362 vietor
3105 4309 3390 4363 revertaris
3417 4309 3467 4362 in
3499 4311 3721 4376 patriam
3747 4327 3763 4376 ;

2183 4413 2286 4468 quo
2315 4396 2382 4468 (f)
2403 4413 2496 4466 per
2511 4396 2901 4468 Jerosolymam
2921 4398 3198 4453 cmlcstem
3221 4399 3298 4451 vir
3315 4397 3466 4452 fortis
3481 4407 3768 4454 coronatus

2185 4487 2422 4542 incedas.
2441 4487 2592 4544 Tunc
2613 4487 2991 4556 municipatum
3015 4502 3134 4540 eum
3155 4487 3318 4545 Paulo
3331 4487 3531 4558 capies.
3550 4487 3700 4547 Tunc
3715 4497 3771 4544 et

2187 4577 2490 4647 parentibus
2519 4579 2620 4631 luis
2651 4577 2889 4646 ejusdem
2918 4578 3146 4633 civitatis
3175 4579 3264 4648 jus
3310 4588 3480 4648 petes.
3521 4578 3668 4632 Tunc
3697 4589 3756 4634 et

2185 4684 2280 4740 pro
2311 4685 2396 4724 me
2437 4669 2650 4739 regabis
2674 4710 2688 4735 ,
2721 4670 2808 4738 qui
2834 4679 2884 4724 te
2912 4677 2967 4724 ut
2992 4669 3236 4725 vinceres
3264 4710 3279 4733 ,
3313 4669 3550 4726 incitavi.
3581 4668 3770 4740 Neque

2185 4775 2312 4813 vero
2339 4763 2521 4814 nescio
2544 4800 2558 4824 ,
2603 4775 2704 4828 qua
2748 4768 2800 4813 te
2827 4759 2976 4814 dicas
3006 4775 3147 4814 nunc
3172 4761 3433 4831 compede
3460 4759 3764 4831 prtepediri.

2184 4849 2299 4905 Non
2342 4860 2425 4904 est
2465 4851 2619 4908 nobis
2644 4850 2876 4908 ferreum
2908 4862 3091 4919 pectus
3111 4891 3127 4916 ,
3163 4868 3263 4908 nec
3289 4853 3421 4908 dura
3450 4853 3767 4923 praecordia.

2185 4944 2299 4999 Non
2342 4961 2408 5000 ev
2454 4945 2605 4999 silice
2648 4953 2800 4999 natos
2842 4944 3102 5016 Hyrcana:
3143 4946 3380 5000 nutriere
3425 4947 3664 5016 tigrides.
3706 4946 3774 5001 Et

2186 5053 2285 5092 nos
2318 5053 2411 5105 per
2444 5037 2541 5090 ista
2563 5035 2924 5090 transivimus.
2963 5035 3115 5092 Nunc
3146 5036 3238 5090 tibi
3269 5036 3475 5092 blandis
3499 5037 3654 5092 vidua
3681 5053 3774 5091 so-

2185 5144 2276 5183 ror
2297 5126 2465 5181 haeret
2483 5126 2696 5180 lacertis
2720 5167 2735 5190 ,
2771 5141 2911 5180 nunc
2945 5127 3044 5193 illi,
3077 5141 3198 5180 cum
3229 5127 3426 5197 quibus
3445 5127 3726 5184 adolevisd
3754 5169 3770 5194 ,

2255 5253 2317 5320 (ρ)
2352 5256 2473 5320 Mss.
2488 5255 2708 5320 quidam,
2724 5254 2939 5320 edictum
2971 5254 3169 5320 Domini
3187 5256 3274 5305 tui.

2275 5272 2298 5305 e
2358 5257 2473 5306 Mss.
2497 5257 2708 5318 quidam,
2724 5257 2939 5305 edictum
2971 5257 3158 5306 nomini
3187 5257 3274 5305 tui.

2273 5257 2317 5382 fi
2350 5317 2580 5382 {oculum
2603 5329 2690 5376 per
2715 5332 2791 5382 exi
2815 5317 3030 5382 \jictorio
3054 5328 3106 5367 et
3130 5319 3242 5382 Mss.
3270 5319 3596 5382 restituimus.

2283 5378 2323 5448 ι’)
2363 5379 2477 5448 Cod.
2513 5391 2641 5426 unus
2670 5378 3048 5448 apuduGravium
3083 5379 3218 5429 mitto
3240 5393 3329 5448 pro
3359 5379 3521 5430 inrito.
3548 5380 3779 5432 Fortasse

2188 5441 2370 5493 veritis.
2399 5441 2509 5488 Mox
2532 5441 2937 5490 necessitudinum
2973 5455 3059 5493 nro
3082 5443 3431 5490 necessitatum.

2251 5503 2324 5565 ('2)
2361 5502 2436 5550 Ex
2459 5499 2874 5565 'l'_ertul_liaui__lib.
2919 5499 2984 5551 ad
3017 5502 3291 5565 Martyres,
3335 5510 3535 5553 notante
3576 5504 3775 5555 Gravio.

2196 5582 2218 5610 α
2242 5561 2398 5612 Nemo
2420 5561 2564 5610 miles
2586 5561 2643 5608 ad
2674 5561 2859 5611 bellum
2891 5576 3004 5612 cum
3025 5561 3218 5612 deliciis
3241 5565 3376 5612 venit
3393 5601 3407 5618 ,
3434 5577 3528 5614 nec
3549 5566 3615 5613 de
3639 5569 3783 5615 cubi-

2187 5623 2378 5696 cuioad
2414 5624 2583 5696 aciem.
2608 5624 2851 5696 procedit,
2875 5625 3070 5696 _de
3097 5623 3438 5696 papilionibus
3444 5627 3705 5696 ‘eitpeditis
3731 5636 3782 5696 et

2189 5685 2494 5742 substrictis,
2537 5685 2620 5732 tibi
2659 5686 2816 5733 omnis
2857 5685 3034 5735 duritia
3061 5685 3158 5734 etc.
3175 5685 3208 5728 ’u
3232 5685 3343 5732 Mox
3368 5703 3390 5730 ι
3420 5686 3498 5735 De
3523 5685 3695 5739 umbra
3721 5691 3780 5740 ad

2191 5745 2442 5802 solem,de
2461 5743 2566 5794 sole
2584 5745 2642 5792 ad
2667 5745 2860 5805 emlum,
2885 5747 3134 5805 de_tuniea
3153 5746 3209 5805 ad
3236 5745 3447 5804 loricam,
3473 5757 3568 5797 etc.
3596 5767 3618 5795 ι

2259 5807 2332 5870 (3)
2352 5798 2664 5870 Nepotianus
2685 5808 2742 5856 ad
2765 5798 2914 5870 quem
2931 5798 3048 5860 alias
3073 5815 3148 5859 est
3171 5804 3370 5858 llierou.
3400 5798 3552 5872 Epist.
