4136 6332
359 372 461 430 559

358 480 625 543 vernaculi
655 477 800 536 aiunt
830 496 843 531 :
874 471 972 533 Cui
1002 486 1096 527 nos
1122 470 1411 527 servituros
1431 467 1691 538 relinquis
1716 468 1740 520 ‘t
1778 466 1930 521 Nune

354 552 410 636 et
431 560 608 648 gerula
635 570 926 643 quondam,
953 558 1061 638 jam
1087 578 1241 630 anus,
1264 568 1318 618 et
1345 561 1604 616 nutricius
1625 602 1639 624 ,
1664 557 1931 615 secundus

358 677 475 740 post
498 664 795 723 naturalem
823 660 1072 731 pietatem
1105 665 1276 726 pater,
1300 657 1377 724 (ιι)
1405 653 1673 707 clamitat:
1700 649 1929 705 Moritu-

356 774 444 831 ros
478 762 729 826 exspecta
759 750 1063 823 paulisper,
1095 756 1149 803 et
1189 747 1375 815 sepeli.
1410 743 1656 799 Forsitan
1700 750 1755 798 et
1794 742 1930 796 laxis

356 854 574 921 uberum
602 837 826 921 pellibus
855 848 1024 901 mater
1046 885 1061 910 ,
1083 852 1229 898 arata
1257 839 1403 911 rugis
1429 838 1617 901 fronte,
1654 838 1930 905 antiquum

357 942 592 999 referens
621 954 866 995 mammae
896 937 1120 1000 lallare,
1148 931 1506 1003 congeminet.
1544 930 1726 982 Dieant
1760 927 1805 981 si
1832 940 1927 980 vo-

357 1035 469 1088 lunt
493 1042 547 1087 et
569 1027 914 1087 Grammatici
940 1042 952 1079 :
981 1025 1048 1080 In
1075 1034 1122 1080 te
1145 1024 1309 1077 omnis
1338 1018 1519 1075 domus
1559 1018 1804 1073 inclinata
1837 1032 1928 1071 re-

357 1123 540 1179 cumbit
562 1119 799 1192 (AEueid.
823 1118 936 1188 12).
964 1115 1145 1172 Facile
1173 1112 1369 1195 rumpit
1398 1111 1512 1166 haec
1542 1110 1751 1164 vincula
1775 1122 1929 1163 amor

353 1205 470 1287 Dei,
503 1221 557 1268 et
577 1213 734 1266 timor
756 1211 1039 1281 gehennm.
1071 1197 1139 1261 At
1164 1204 1350 1261 contra
1374 1200 1656 1271 Scriptura
1683 1197 1928 1269 praecipit

355 1304 663 1372 parentibus
714 1292 1115 1369 obsequendum
1149 1314 1164 1350 :
1193 1288 1290 1351 Sed
1335 1294 1653 1363 quicumque
1689 1303 1784 1344 eos
1838 1303 1929 1341 su-

345 1410 445 1469 pra
481 1392 752 1448 Christum
784 1400 926 1445 amat
951 1429 966 1453 ,
1003 1383 1176 1459 perdit
1201 1380 1434 1440 animam
1476 1397 1647 1437 suam.
1678 1379 1926 1436 Gladium

354 1495 499 1542 tenet
528 1478 719 1550 hostis,
748 1491 807 1536 ut
835 1496 920 1535 tne
951 1478 1198 1550 perimat,
1229 1485 1283 1531 et
1311 1490 1409 1545 ego
1434 1473 1503 1529 de
1531 1471 1717 1527 matris
1744 1471 1920 1542 lac'ry-

346 1554 453 1631 mis
481 1571 764 1644 cogitabo?
798 1571 1024 1639 Propter
1060 1574 1268 1639 patrem
1310 1563 1554 1620 militiam
1594 1559 1794 1617 Christi
1825 1559 1924 1615 de-

350 1680 525 1720 seram
559 1704 574 1728 ,
618 1662 701 1716 cui
748 1661 1071 1730 sepulturam
1110 1649 1310 1711 Christi
1358 1668 1513 1708 causa
1546 1666 1649 1706 non
1704 1650 1877 1704 debeo
1906 1691 1922 1714 ,

352 1768 509 1823 quam
568 1752 729 1807 etiam
777 1747 1025 1803 omnibus
1068 1745 1185 1815 cjus
1227 1758 1389 1798 causa
1432 1740 1640 1795 debeo?
1696 1738 1924 1792 Domino

351 1860 573 1917 passuro
623 1842 806 1897 timide
862 1840 1051 1895 Petrus
1116 1838 1407 1892 consulens
1461 1833 1767 1890 scandalum
1828 1829 1927 1885 fuit

351 1928 562 2008 (Matth.
590 1935 701 2005 l6).
732 1929 928 1988 Paulus
957 1920 1308 1986 retinentibus
1334 1943 1392 1982 se
1420 1926 1668 1980 fratribus
1691 1964 1709 1991 ,
1737 1939 1803 1978 ne
1831 1919 1925 1978 Je-

351 2020 672 2103 ‘rosolymam
704 2031 969 2094 pergeret,
998 2018 1274 2092 respondit
1307 2035 1322 2070 ε
1358 2014 1492 2083 Quid
1514 2015 1681 2083 facitis
1712 2013 1924 2083 ploran-

351 2127 441 2181 tes,
470 2125 517 2171 et
542 2112 897 2169 conturbantes
916 2128 1003 2166 cor
1029 2126 1192 2164 nteant
1206 2105 1235 2163 ’1’
1261 2107 1371 2178 Ego
1393 2107 1525 2161 enim
1551 2122 1652 2159 non
1673 2103 1837 2158 solum
1862 2103 1926 2157 li-

349 2206 480 2276 gari,
508 2205 598 2260 sed
618 2214 664 2260 et
686 2204 816 2257 mori
840 2204 891 2256 in
913 2197 1205 2256 Jerusalem
1232 2209 1440 2270 paratus
1469 2208 1580 2250 sum
1608 2212 1700 2264 pro
1725 2195 1926 2248 nomine

347 2288 700 2351 DominiJesu
721 2290 909 2349 Christi
937 2291 1071 2366 (Act.
1100 2288 1191 2345 2|.
1216 2290 1330 2360 15).
1367 2289 1520 2345 Aries
1544 2289 1645 2343 iste
1672 2288 1887 2357 pietatis
1907 2328 1921 2352 ,

332 2403 453 2459 quo
475 2387 608 2444 ﬁdes
636 2387 892 2458 quatitur,
924 2380 1195 2453 Evangelii
1269 2378 1374 2453 31
1449 2378 1819 2436 retundendus
1844 2385 1926 2434 est

344 2492 521 2536 muro.
555 2478 721 2535 Mater
743 2495 874 2543 mea,
890 2485 934 2530 et
960 2471 1143 2546 fratres
1172 2474 1268 2527 mei
1295 2474 1345 2527 hi
1358 2480 1495 2539 sunt,
1522 2488 1819 2543 quacumque
1841 2471 1926 2532 fa-

343 2572 482 2625 ciunt
506 2570 813 2625 voluntatem
829 2557 1001 2619 Patris
1019 2564 1133 2628 mei,
1149 2558 1296 2634 quiin
1319 2563 1456 2619 caelis
1481 2572 1553 2618 est
1576 2559 1725 2631 (Luc.
1754 2561 1805 2617 ὃ.
1829 2563 1922 2625 2i;

341 2658 540 2719 Hatth.
577 2661 661 2717 12.
688 2658 802 2737 '50).
829 2657 888 2715 Si
906 2657 1132 2714 credunt
1158 2658 1208 2709 in
1238 2652 1528 2718 Christum,
1555 2654 1766 2709 faveant
1794 2648 1924 2707 mihi

342 2770 446 2826 pro
479 2754 599 2824 ejus
628 2752 845 2808 nomine
872 2759 1191 2822 pugnaturo.
1226 2745 1282 2802 Si
1312 2761 1419 2802 non
1444 2745 1697 2810 credunt,
1723 2743 1922 2798 mortui

327 2837 611 2917 sepeliant
640 2850 882 2898 mortuos
906 2856 1033 2898 suos
1066 2833 1276 2912 (Matth.
1304 2839 1359 2895 8.
1389 2834 1501 2909 Ἡ).
1532 2833 1636 2893 Sed
1665 2830 1787 2904 hoc,
1819 2837 1919 2904 ais,

346 2940 400 2995 in
427 2938 697 3009 Martyrio.
1217 2965 1221 2970 ε
1878 2994 1888 3003 _

418 3032 473 3084 4.
506 3026 689 3091 Erras,
711 3024 894 3092 frater,
922 3034 1106 3091 erras,
1133 3015 1179 3095 si
1213 3030 1371 3095 putas
1394 3034 1629 3092 unquam
1662 3012 1921 3076 Christia-

347 3135 473 3181 num
515 3121 943 3194 persecutionem
984 3134 1093 3173 non
1138 3118 1245 3189 pati
1277 3135 1291 3173 :
1320 3134 1390 3173 ετ
1422 3131 1557 3171 TUNC
1588 3130 1792 3170 IAXIIIE
1821 3129 1920 3184 op-

348 3218 618 3287 pugnaris,
642 3213 687 3268 si
718 3201 770 3268 te
799 3210 1093 3281 oppugnari
1118 3208 1309 3264 nescis.
1335 3205 1685 3263 Adversarius
1715 3214 1920 3273 noster,

350 3314 598 3377 tanquam
627 3304 711 3358 leo
754 3302 1006 3373 rugiens,
1050 3300 1280 3371 aliquem
1324 3298 1585 3354 devorare
1628 3310 1876 3368 quzerens
1904 3334 1920 3363 ,

350 3397 442 3472 [aL
471 3394 721 3470 cupiens],
750 3395 992 3451 circumit
1021 3393 1098 3467 (l.
1131 3391 1273 3449 Petr.
1300 3392 1446 3462 5.8),
1468 3400 1523 3447 et
1541 3403 1592 3446 tu
1616 3404 1798 3461 pacem
1826 3398 1924 3459 pu-

351 3489 473 3544 tas?
501 3488 653 3544 Sedet
677 3487 730 3541 in
750 3485 949 3541 insidiis
965 3501 1078 3540 cum
1097 3480 1354 3549 divitibus,
1382 3493 1429 3537 et
1456 3485 1507 3537 in
1529 3483 1738 3537 occultis
1762 3483 1921 3535 inter-

352 3583 488 3652 ficiat
518 3583 850 3635 innocentem.
885 3576 1037 3635 Oculi
1079 3578 1189 3649 ejus
1221 3577 1272 3631 in
1310 3591 1584 3646 pauperem
1621 3575 1921 3651 respiciunt.

308 3744 313 3749 ο
351 3674 634 3738 Insidiatur
672 3674 726 3727 in
758 3671 954 3727 occulto
974 3710 990 3738 ,
1018 3671 1148 3725 sicut
1174 3670 1250 3723 leo
1280 3670 1332 3722 in
1356 3666 1598 3737 spelunca
1624 3684 1715 3721 sua
1744 3682 1763 3721 :
1792 3667 1922 3721 insi—

353 3768 519 3823 diatur
545 3776 597 3821 ut
622 3766 788 3836 rapiat
813 3780 1088 3837 pauperem
1121 3763 1139 3832 (
1166 3754 1312 3817 Psal.
1344 3761 1398 3816 9.
1424 3760 1494 3816 '50
1520 3762 1537 3829 )
1563 3775 1578 3825 ;
1611 3769 1664 3815 et
1694 3768 1749 3813 tu
1772 3759 1921 3813 fron-

348 3861 493 3934 dosa:
529 3857 735 3914 arboris
781 3866 957 3912 tectus
1006 3852 1319 3908 umbraculo
1346 3890 1362 3916 ,
1404 3851 1597 3906 molles
1653 3865 1873 3904 somnos
1905 3888 1922 3915 ,

354 3951 526 4006 futura
560 3949 668 4022 [ιιι.
700 3944 936 4021 futurus]
966 3945 1141 4017 praeda
1162 3986 1178 4011 ,
1222 3942 1441 4013 carpis?
1467 3942 1594 3997 lude
1620 3956 1707 3997 me
1737 3950 1923 4009 perse-

355 4042 531 4114 quitur
584 4041 795 4097 luxuria
828 4056 843 4095 :
875 4038 1001 4094 inde
1044 4035 1266 4090 avaritia
1311 4042 1535 4089 conatur
1580 4033 1878 4101 irrumpere
1905 4045 1925 4086 :

356 4132 479 4188 inde
505 4138 693 4187 venter
722 4143 874 4185 meus
900 4129 1016 4183 vult
1062 4126 1190 4182 mihi
1227 4127 1372 4181 Deus
1406 4138 1526 4180 esse
1553 4139 1651 4194 pro
1680 4122 1918 4178 Christo.

354 4219 626 4293 compellit
650 4220 837 4288 libido,
869 4230 925 4274 ut
945 4218 1277 4274 habitantem
1308 4216 1361 4271 in
1392 4230 1479 4271 me
1499 4214 1757 4285 Spiritum
1785 4212 1923 4269 San-

355 4320 496 4368 ctum
524 4311 699 4384 fugem
731 4353 746 4380 ,
780 4320 838 4365 ttt
865 4308 1118 4379 templum
1145 4307 1261 4378 ejus
1285 4305 1503 4362 violem.
1531 4305 1876 4376 Persequitur
1908 4345 1923 4369 ,

356 4402 568 4475 inquam
590 4443 603 4467 ,
630 4416 719 4457 me
749 4399 920 4456 hostis
942 4440 958 4466 ,
988 4399 1071 4453 cui
1096 4399 1303 4453 nomina
1328 4396 1471 4452 mille
1490 4437 1506 4464 ,
1538 4394 1684 4451 Mille
1711 4394 1925 4450 nocendi

346 4504 486 4559 artes
524 4489 779 4567 (zEneid.
809 4493 877 4548 lib
915 4486 1021 4547 VII
1043 4493 1063 4564 )
1090 4509 1104 4546 :
1132 4501 1185 4548 et
1213 4501 1315 4563 ego
1345 4490 1525 4546 infelix
1555 4490 1811 4545 victorem
1841 4502 1927 4544 me

336 4581 571 4656 putabo,
595 4585 719 4639 dum
749 4583 971 4653 capior?

424 4677 478 4732 5.
509 4674 666 4743 Nolo,
694 4675 858 4731 frater
881 4673 1177 4740 carissime,
1205 4672 1506 4730 examinato
1529 4671 1763 4744 pondere
1791 4671 1928 4739 deli-

366 4776 601 4830 ctorum,
647 4767 855 4822 minora
897 4764 1173 4819 arbitreris
1225 4760 1335 4836 [ιιι.
1389 4760 1507 4817 nolo
1554 4772 1601 4816 te
1651 4760 1924 4834 arbitrari]

358 4854 665 4913 idololatriae
694 4857 916 4912 crimine
944 4852 1038 4927 [aL
1069 4852 1302 4929 crimina]
1329 4870 1450 4910 esse
1473 4896 1488 4920 ,
1516 4871 1634 4925 qua:
1663 4855 1915 4911 diximus.

358 4948 467 5005 lino
486 4950 720 5022 Apostoli
738 4950 882 5006 disce
894 4948 1232 5015 sententiam,
1259 4948 1347 5018 qui
1367 4942 1442 5001 ait
1462 4965 1475 5001 :
1495 4949 1589 5001 hoc
1609 4947 1739 5000 enim
1757 4947 1932 5000 scitote

358 5040 711 5113 intelligentes,
732 5041 851 5112 quia
871 5042 1033 5095 omnis
1055 5036 1354 5108 fornicator,
1386 5047 1472 5091 aut
1498 5037 1787 5090 immundus
1828 5036 1926 5108 (b),

360 5142 445 5187 aut
469 5150 669 5199 auarus,
719 5142 807 5187 aut
842 5122 1127 5203 fraudator,
1146 5128 1281 5202 quod
1308 5137 1378 5184 est
1407 5124 1658 5183 idolorum
1694 5129 1927 5195 servitus,

425 5263 492 5334 la)
527 5267 675 5317 Plura
690 5266 945 5337 interserit
956 5271 1102 5317 vetus
1123 5264 1243 5336 edit.
1257 5275 1337 5312 an.
1363 5261 1502 5335 ubi}.
1518 5261 1663 5334 Etad
1681 5262 1810 5311 hunc
1830 5275 1930 5312 mo-

359 5327 491 5377 dum.
522 5347 546 5377 ι
565 5329 842 5377 clamitant.
866 5340 945 5377 cut
967 5338 1057 5376 nos
1087 5332 1346 5374 morituros
1382 5323 1655 5377 relinquis,
1697 5330 1930 5377 exspecta

392 5329 491 5389 um,
522 5347 546 5377 ι
565 5329 842 5388 clamitant,
866 5329 945 5378 cui
967 5338 1057 5376 nos
1087 5329 1346 5374 morituros
1382 5329 1655 5387 relinquis.
1697 5330 1932 5384 eXSpeeta

392 5391 631 5462 διειίερςετν
649 5387 911 5462 emere":
944 5400 1057 5462 stes
1081 5384 1297 5462 fonti".
1321 5386 1605 5462 stetisses:
1623 5386 1935 5462 Εοῖεξφειξξξ

408 5444 657 5512 xis,'ete.'s
686 5444 906 5512 Manimae'
935 5455 1098 5512 autem
1134 5444 1302 5512 lallare
1332 5446 1565 5512 solemnis
1587 5454 1663 5496 est
1692 5446 1934 5512 nutricum

360 5506 530 5563 naenia.
564 5512 804 5563 Cornutus
837 5511 895 5559 ad
938 5509 1161 5558 Persium
1196 5507 1296 5556 Sat.
1331 5506 1381 5555 3.
1412 5524 1435 5552 κ
1455 5506 1556 5557 Aut
1578 5520 1663 5556 cur
1683 5521 1711 5557 a
1744 5507 1935 5557 nutrice

380 5587 522 5639 assus
532 5574 774 5639 dormire,
798 5570 958 5639 ploras
977 5581 1125 5639 ;_q_ute
1157 5568 1449 5639 infantibus,
1481 5573 1535 5639 ut
1564 5568 1938 5639 dprmiattt,ﬂso-

382 5642 467 5686 ent
493 5627 1170 5703 dicme_smp_e_hlm,;hlla.r
1200 5627 1393 5703 aliis
1591 5630 1781 5703 invenit
1819 5628 1937 5703 Gra-

361 5703 468 5749 vius
482 5703 619 5754 pater
637 5688 847 5745 clamitat
865 5688 1134 5754 moriturus
1146 5694 1348 5754 aspecta
1368 5688 1629 5751 paulisper,
1652 5696 1698 5740 et
1719 5691 1935 5754 sepelies.

430 5752 497 5822 (ὁ)
534 5758 633 5807 Pro
654 5756 842 5805 duobus
856 5755 989 5804 hisce
1012 5752 1282 5801 nominibus
1299 5755 1381 5800 aut
1402 5760 1580 5801 avarus
1595 5788 1609 5813 ,
1630 5756 1711 5803 aut
1732 5752 1936 5815 frauda-

1724 350 2051 408 EPlSTOLl
2097 351 2164 406 XI
2177 350 2232 405 ν.

2039 464 2304 557 nonlmbet
2327 467 2664 525 hereditatem
2693 473 2744 528 in
2775 492 2928 557 regno
2950 477 3158 544 Christi,
3180 491 3227 536 et
3258 483 3347 538 Dei
3371 483 3589 557 (Ephes;

2036 545 2090 609 Β.
2132 555 2207 625 5).
2242 548 2310 611 Et
2350 564 2645 630 quanquam
2677 545 2997 632 generaliter
3028 571 3284 628 adversus
3316 545 3477 630 Deum
3507 594 3598 631 sa-

2037 646 2167 715 piat,
2196 647 2450 719 quidquid
2477 650 2673 706 diaboli
2701 663 2812 718 est;
2838 667 2890 710 et
2912 660 3052 726 quod
3075 661 3272 717 diaboli
3300 672 3405 731 est,
3436 666 3600 721 idolo-

2033 733 2187 789 latria
2224 737 2314 802 sit,
2344 740 2426 793 cui
2451 740 2628 794 omnia
2652 741 2791 796 idola
2823 746 3188 815 mancipantur
3217 768 3230 803 :
3260 762 3435 807 tamen
3468 765 3522 809 et
3552 756 3603 809 in

2033 825 2139 878 alio
2158 826 2273 882 loco
2286 830 3010 906 speciatitn,nominatimque
3026 838 3368 909 determinat,
3383 842 3564 900 dicens
3586 849 3600 899 Ξ

2033 915 2339 988 Mortiﬁcate
2356 922 2573 976 membra
2596 933 2779 991 vestra,
2797 942 2910 997 quae
2923 935 3038 981 sunt
3054 945 3206 998 super
3225 941 3428 998 terram,
3449 936 3605 1003 depo-

2032 1019 2202 1062 neules
2273 1010 2380 1083 32
2450 1012 2858 1083 fornicationem,
2904 1016 3297 1086 immunditiam,
3340 1032 3386 1075 et
3415 1038 3602 1077 concu-

2031 1097 2325 1167 piscentiam
2368 1102 2576 1169 malum,
2606 1113 2652 1157 et
2673 1106 2999 1175 cupiditatem
3023 1148 3038 1174 ,
3069 1125 3183 1177 qua!
3207 1121 3321 1163 sunt
3349 1111 3605 1166 idolorun‘t

2030 1190 2258 1255 servitus,
2275 1201 2479 1261 prapter
2497 1209 2611 1262 qua:
2633 1197 2760 1249 venit
2787 1197 2865 1249 ira
2893 1196 3005 1251 Dei.
3027 1198 3101 1271 (l.
3121 1198 3314 1253 Coloss.
3336 1200 3390 1254 5.
3410 1202 3443 1255 5
3464 1211 3506 1255 et
3525 1201 3602 1272 6),

2034 1284 2041 1289 '
2101 1276 2332 1334 Servitus
2349 1281 2599 1335 idolorum
2621 1284 2674 1337 in
2700 1285 2833 1339 vitiis
2859 1297 2906 1341 et
2927 1288 3355 1357 peccatis.——Non
3382 1302 3462 1344 est
3484 1296 3602 1345 tan-

2031 1375 2141 1422 tum
2167 1369 2219 1424 in
2250 1385 2315 1426 eo
2345 1373 2574 1428 servitus
2603 1374 2726 1428 idoli
2753 1416 2767 1441 ,
2797 1377 2842 1431 si
2872 1378 2990 1447 quis
3011 1378 3220 1433 duobus
3244 1379 3498 1450 digitulis,
3529 1380 3600 1451 (c)

2031 1458 2185 1514 thura
2216 1463 2266 1515 in
2290 1462 2501 1518 bustum
2520 1478 2635 1518 ara:
2656 1465 2850 1536 jaciat,
2893 1478 2985 1522 aut
3013 1469 3258 1524 haustum
3283 1476 3477 1539 paterae
3507 1476 3605 1539 pb-

2029 1550 2149 1603 culo
2169 1550 2351 1605 fundat
2368 1562 2593 1607 merum.
2613 1549 2777 1625 Neget
2795 1557 3074 1611 avaritiam
3091 1567 3210 1614 esse
3228 1556 3600 1627 idololatriatn,

2028 1645 2118 1714 qui
2148 1653 2322 1713 potest
2354 1645 2565 1715 triginta
2595 1645 2865 1716 argenteis
2890 1648 3171 1703 Dominum
3201 1648 3475 1704 venditum
3505 1665 3602 1719 ap-

2030 1734 2226 1822 pellare
2242 1730 2521 1804 justitiam.
2540 1734 2704 1805 Neget
2721 1737 3055 1807 sacrilegium
3082 1738 3133 1794 in
3158 1738 3485 1811 libidine,(d)
3504 1742 3600 1796 sed

2029 1825 2096 1912 is,
2123 1824 2215 1895 qui
2239 1825 2478 1880 membra
2506 1826 2727 1894 Christi,
2759 1838 2815 1883 et
2843 1827 3069 1885 hostiam
3097 1826 3272 1884 vittam
3305 1830 3601 1900 placentem

2032 1916 2141 1971 Deo
2168 1914 2267 1987 (l),
2292 1932 2413 1972 cum
2440 1917 2772 1988 publicarum
2797 1918 3075 1973 libidinum
3097 1919 3329 1975 victimis
3352 1960 3368 1987 ,
3398 1921 3602 1976 nefaria

2028 2008 2329 2064 colluvione
2368 2008 2603 2066 violavit.
2644 2009 2761 2065 Non
2812 2008 3041 2066 fateatur
3085 2009 3327 2066 fraudem
3377 2010 3604 2067 idolola-

2031 2100 2183 2153 ll‘latli
2207 2114 2326 2154 e5se
2350 2139 2367 2166 ,
2395 2100 2489 2154 sed
2524 2090 2715 2155 similh
2745 2116 2928 2157 eorum
2960 2142 2975 2166 ,
3007 2103 3098 2172 qui
3126 2103 3180 2158 in
3209 2104 3430 2159 Actibus
3456 2105 3598 2175 Rpo-

2029 2189 2291 2244 stolorhm
2319 2205 2385 2244 ex
2416 2192 2735 2260 patrimonio
2760 2204 2856 2245 suo
2886 2198 3091 2261 partem
3116 2195 3270 2263 pretii
3312 2208 3602 2250 reservan-

2030 2282 2131 2343 tes,
2164 2280 2410 2348 prtesenti
2436 2280 2642 2349 periere
2671 2281 2901 2336 vindicta
2927 2281 3064 2352 (Act.
3094 2283 3168 2353 5).
3202 2283 3598 2353 Animadverte,

2031 2369 2211 2435 frater,
2244 2382 2348 2424 non
2380 2370 2475 2425 tibi
2506 2370 2666 2426 licere
2702 2370 2811 2444 [αι.
2845 2372 3021 2445 licet.]
3055 2371 3123 2428 de
3164 2373 3268 2430 tuis
3307 2375 3594 2446 quidquam
3684 2370 3689 2373 ⁷

2030 2459 2227 2514 habere
2251 2459 2429 2516 rebus.
2456 2459 2654 2528 Omnis,
2684 2463 2852 2532 inquit
2885 2463 3155 2530 Dominus,
3185 2466 3272 2535 qui
3297 2483 3398 2520 non
3424 2477 3604 2522 renuit-

2029 2550 2225 2604 tiarcrit
2251 2551 2443 2605 cunctis
2462 2593 2475 2617 ,
2503 2568 2615 2618 qua:
2640 2554 2893 2622 possidet,
2924 2570 3024 2608 non
3047 2564 3207 2624 potest
3233 2573 3373 2612 meus
3392 2576 3496 2612 esse
3516 2558 3597 2612 tli-

2026 2641 2256 2713 scipulus
2281 2640 2433 2713 (Luc.
2468 2644 2552 2698 14.
2585 2644 2699 2715 ‘55).
2740 2645 2847 2700 Cur
2894 2645 3078 2701 timido
3125 2647 3304 2704 animo
3340 2647 3602 2706 Christia-

2027 2749 2130 2789 nus
2154 2734 2256 2789 es?

2097 2826 2151 2879 6.
2188 2823 2419 2893 Respice
2460 2824 2619 2880 Petro
2661 2824 2750 2898 [aL
2779 2842 2895 2880 cum
2923 2826 3103 2901 Petro]
3145 2824 3391 2885 relictum
3435 2837 3551 2887 rete
3586 2839 3600 2889 ἑ

2025 2917 2233 2986 respice
2276 2926 2579 2988 surgentem
2627 2917 2695 2972 de
2746 2917 2944 2973 telonlo
2990 2918 3376 2989 Publicanum,
3423 2923 3601 2977 statim

2025 3005 2363 3074 Apostolum.
2387 3004 2555 3062 Filius
2586 3006 2818 3062 hominis
2844 3025 2949 3063 non
2980 3009 3167 3073 habet,
3205 3010 3295 3065 ubi
3322 3020 3480 3080 caput
3509 2994 3597 3067 re-l

2022 3097 2191 3152 clinet
2219 3113 2234 3152 :
2267 3106 2322 3153 et
2350 3107 2402 3153 tu
2430 3098 2635 3167 amplas
2661 3100 2896 3170 porticus
2922 3141 2937 3166 ,
2983 3109 3038 3155 et
3067 3101 3297 3171 ingentia
3328 3111 3589 3158 tectorum

2026 3192 2194 3259 Spatia
2222 3190 2468 3245 metiris?
2491 3191 2559 3263 (ε)
2582 3191 2982 3246 ΙΙΕΒΕΒΙΤΔΤΕΙ
3017 3204 3345 3248 EXSPEC‘I'ANS
3369 3194 3546 3249 smculi
3584 3234 3599 3259 ,

2025 3282 2266 3338 Cohaeres
2294 3281 2491 3337 Christi
2523 3296 2645 3338 esse
2673 3298 2778 3337 non
2812 3284 3029 3354 poteris.
3062 3284 3421 3354 interpretare
3447 3286 3603 3341 voca;

2026 3372 2209 3426 bulum
2237 3370 2501 3436 Mouaclti,
2533 3372 2634 3426 huc
2661 3381 2744 3427 est
2771 3388 2964 3427 nutuen
2993 3383 3165 3430 tuum.
3211 3373 3346 3440 Quid
3377 3374 3507 3431 facis
3544 3377 3597 3430 in

2027 3466 2179 3518 turba
2204 3465 2294 3535 qui
2316 3463 2460 3519 solus
2489 3477 2548 3519 cs
2567 3464 2589 3517 ?
2610 3462 2679 3518 Et
2708 3463 2809 3518 hoc
2828 3478 2946 3537 ego,
2976 3481 3082 3520 non
3115 3465 3333 3536 integris
3361 3475 3494 3533 rate,
3519 3468 3602 3523 vel

2026 3554 2331 3617 mercibus.
2381 3569 2480 3609 nec
2528 3554 2679 3624 quasi
2724 3554 2939 3625 ignarus
2993 3555 3245 3636 [litetutitn
3292 3557 3371 3632 (2)
3414 3558 3604 3614 doetus

2027 3655 2187 3702 nauta
2217 3660 2557 3715 praemoneo;
2588 3645 2683 3700 sed
2716 3642 2865 3715 quasi
2898 3661 3066 3715 nuper
3096 3647 3371 3718 naufragio
3398 3650 3604 3718 ejectus

2026 3738 2081 3793 in
2110 3738 2291 3805 littus,
2322 3736 2506 3792 timida
2547 3736 2875 3806 navigaturis
2923 3748 3054 3792 voce
3098 3737 3376 3794 denuntio.
3412 3739 3466 3793 In
3510 3741 3604 3795 lllo

2027 3839 2160 3887 astu
2183 3829 2481 3902 Charybdis
2508 3828 2731 3885 luxuriae
2754 3871 2771 3897 ,
2803 3828 3030 3884 salutem
3062 3839 3233 3885 vorat.
3263 3830 3339 3887 lbi
3363 3846 3456 3887 ore
3493 3832 3603 3887 vir-‘-

2027 4058 2119 4113 tor,
2133 4051 2447 4115 unnmghabet
2474 4044 2676 4115 Graecus
2699 4056 2869 4100 textus
2878 4062 3117 4115 navum;
3137 4058 3286 4115 atque
3308 4051 3411 4115 ipsa
3433 4053 3603 4106 Latina

2030 4111 2330 4178 exemplaria
2354 4111 2614 4178 non_sitpul
2637 4118 2896 4173 utrumque
2918 4112 3103 4162 habent
3120 4147 3135 4173 ,
3159 4111 3246 4162 sed
3271 4111 3352 4163 vel
3377 4116 3601 4178 primum,

2027 4171 2358 4242 uthodierna,
2391 4172 2474 4242 vel
2504 4171 2712 4242 alterum
2734 4171 2949 4242 tantum,
2974 4180 3030 4224 ut
3056 4171 3227 4224 vetera
3245 4210 3259 4234 ,
3276 4181 3341 4242 _e_t_.
3372 4171 3480 4238 quae
3515 4171 3606 4242 Cyl

2028 4239 2183 4349 priaui
2207 4236 2505 4309 temporibus
2526 4235 2829 4309 obtinebant.
2854 4234 3061 4307 Videtur
3087 4242 3251 4307 autem
3276 4234 3603 4303 Hieronymus

2045 4314 2122 4349 lOC
2145 4298 2248 4348 loco
2268 4294 2410 4346 Simul
2447 4304 2707 4349 utrumque
2740 4308 2981 4349 iussisse.
3006 4298 3061 4345 ut
3090 4296 3334 4349 duplicem
3358 4292 3603 4349 exorime-

2045 4314 2122 4349 lOC
2145 4298 2248 4361 loco
2268 4292 2410 4361 simul
2429 4304 2707 4361 (utrumque
2739 4297 2981 4361 iunxisse,
3006 4298 3061 4345 ut
3090 4296 3338 4361 daplicem
3358 4292 3607 4361 exprime-

2029 4370 2107 4428 r_et
2131 4357 2528 4428 Grtec_i__vocabuli
2560 4357 3032 4428 interpretationem,
3061 4357 3220 4428 eaque
3245 4359 3398 4410 vellet
3418 4357 3606 4428 alludes

2026 4422 2153 4485 dere
2180 4418 2475 4485 LAThessal.
2502 4419 2551 4467 4.
2576 4418 2625 4485 _6.
2664 4418 2724 4485 ne
2745 4420 2851 4482 quis
2874 4418 3272 4482 supergrediatm
3291 4455 3305 4476 ,
3338 4433 3489 4482 neque
3508 4424 3606 4472 cir-

2031 4481 2295 4552 tittmveniut
2335 4482 2387 4532 in
2430 4481 2857 4552 negotioﬂfratrem
2896 4481 3079 4552 suum,
3118 4492 3229 4552 quae
3270 4494 3334 4530 ex
3379 4485 3604 4552 Veterum

2031 4545 2227 4614 Patrum
2272 4557 2439 4614 sensu_
2611 4539 2751 4614 Hier.
2798 4539 3101 4614 explicat‘in
3136 4539 3511 4614 Wteumriis
3545 4546 3602 4614 ad

2031 4607 2271 4670 Ephesios
2292 4605 2356 4670 de
2394 4601 2693 4670 libidinosis._
2713 4601 3011 4670 impurisque
3033 4601 3310 4670 hominibus
3322 4606 3444 4670 ,__qui
3483 4605 3607 4670 dolis

2031 4661 2088 4718 ac
2109 4666 2355 4717 blanditiis
2388 4665 2453 4727 ad
2471 4661 2983 4727 impudicitige'sordes
3013 4661 3214 4727 aliorum
3245 4661 3480 4727 muliéres
3513 4667 3606 4717 illi-

2032 4732 2182 4780 ciunt.
2208 4728 2326 4777 Nam
2354 4734 2407 4777 et
2433 4722 2590 4789 ipsein
2611 4722 2863 4776 auaritiam
2888 4736 2978 4788 pro
2997 4722 3239 4776 adulterio
3276 4725 3479 4790 positam
3511 4729 3602 4779 ibi.

2032 4792 2147 4852 dem
2174 4793 2276 4852 ipse
2298 4793 2521 4852 testatur.
2787 4844 2800 4852 ι
2854 4847 2863 4852 _
2947 4851 2950 4852 ν
3147 4846 3162 4852 _
3393 4843 3403 4852 ί.

2102 4844 2489 4918 (ολᾉιὶδξμιιινιξ
2498 4859 2769 4918 compressa
2778 4844 2831 4918 in
2848 4847 3052 4918 bustum,
3070 4854 3131 4918 ut
3147 4846 3322 4918 legunt
3338 4844 3484 4918 etiam
3500 4854 3607 4918 qui-

2034 4907 2283 4964 dam'Mss.
2306 4910 2432 4975 [line
2447 4908 2590 4975 forte
2605 4907 2946 4975 emendandus
2966 4907 3261 4975 Lactantitis,
3285 4913 3368 4975 qui
3389 4911 3423 4961 |,
3449 4926 3497 4963 ν,
3519 4907 3603 4964 ’,9,

2038 4982 2294 5042 ρχλιηθςῃθ
2316 4969 2598 5042 Gentilium,
2629 4987 2653 5017 ι
2673 4969 2813 5042 riam,
2845 4971 3017 5042 inquit,
3039 4969 3261 5030 cruciari,
3278 4969 3432 5042 atque
3454 4976 3607 5042 inter

2023 5036 2112 5099 (fici
2136 5034 2280 5084 malle
2298 5070 2327 5107 ,‘
2346 5045 2496 5107 quam
2510 5026 2651 5104 thura
2691 5026 2844 5107 tribus
2878 5026 3046 5107 digitis
3083 5026 3431 5107 comprehensa
3468 5026 3608 5107 (lege.

2035 5112 2140 5149 com
2179 5091 2334 5158 ressa)
2364 5091 2417 5145 in
2440 5091 2598 5143 focum
2628 5093 2814 5155 jactare
2835 5126 2851 5150 ,
2892 5091 2990 5142 tam
3012 5091 3233 5156 ineptum
3273 5091 3485 5156 videtur,
3509 5091 3606 5149 υἷε.

2098 5112 2175 5225 (αἵ
2196 5159 2502 5225 Cisterctens.
2517 5150 2747 5206 Cod.esse
2763 5154 2807 5225 is
2824 5154 3024 5225 pro-sed
3035 5155 3115 5225 is:
3136 5161 3280 5225 vetus
3300 5164 3466 5225 autem
3488 5161 3606 5211 edit.

2098 5154 2167 5225 id)
2196 5154 2502 5210 Cistercrens.
2517 5154 2747 5206 Cod.esse
2763 5154 2807 5204 is
2824 5168 2916 5225 pro
2937 5154 3023 5206 sed
3040 5154 3115 5206 is}
3136 5161 3280 5213 vetus
3300 5154 3477 5206 autem
3488 5161 3607 5211 edit.

2037 5228 2178 5287 negat
2212 5217 2523 5283 sacrilegium
2550 5229 2671 5277 esse,
2703 5216 2787 5280 qui
2817 5229 2868 5267 in
2906 5214 3104 5268 libidine
3139 5215 3294 5279 sedet,
3338 5219 3421 5282 qui
3463 5232 3612 5270 mein-

2040 5280 2153 5414 ’Ϊῗῖἱ
2367 5341 2480 5414 quid
2503 5341 2658 5414 "esis
2673 5339 3104 5414 ῌΞβηοηῖωίθηιιηῑ
3123 5340 3361 5414 whims
3384 5309 3612 5414 φιφτυωέ

2038 5399 2150 5457 dum
2183 5400 2298 5455 Mss.
2333 5399 2499 5464 lectio,
2536 5399 2876 5452 Ilt'nreditateni
2908 5407 3161 5464 exspectas
3180 5399 3358 5452 ’διεσαιί
3396 5399 3611 5453 coluere:

2038 5464 2261 5533 chi-isti}
2293 5468 2628 5533 Interpretare,
2655 5471 2779 5533 etc..
2984 5530 2993 5533 _
3111 5515 3152 5533 ί-
3214 5529 3223 5533 Α
3382 5521 3392 5531 _
3432 5519 3465 5533 _,

2103 5515 2451 5593 (ljivjiaaternih
2474 5515 2905 5593 expressus‘loens
2924 5530 3006 5593 est
3024 5515 3395 5593 exfertullilani
3432 5519 3528 5593 lib...
3545 5523 3612 5572 de

2039 5580 2172 5644 cultu
2183 5580 2719 5654 feminarﬁujdiminus
2734 5584 2905 5654 habent
2926 5582 3262 5654 infelicissima:
3282 5580 3383 5631 illa:
3397 5580 3609 5644 publica-

2041 5667 2152 5706 rum
2176 5644 2655 5704 libidmum'rictimre
2677 5660 2695 5706 .7
2719 5651 2921 5696 notante
2943 5644 3132 5694 Gravia.

2014 5747 2021 5755 ι
2042 5702 2053 5706 ⁷
2074 5702 2178 5778 C(32)
2193 5702 2363 5778 maluit
2380 5705 2581 5763 Gravius
2600 5715 2650 5760 et
2670 5702 2887 5760 indoctus
2907 5713 3069 5767 nauta,
3096 5703 3368 5755 rectissime
3389 5714 3402 5752 :
3428 5710 3479 5754 at
3496 5704 3613 5758 Mss.

2042 5773 2137 5829 non
2158 5773 2495 5837 Sull‘ragantur.
