4136 6332
514 503 704 574 ginec,
733 498 798 555 ad
831 496 1094 568 pudicitiae
1137 495 1491 567 perpetranda
1531 492 1822 566 naufragia,
1850 495 2095 568 (a)Scyl—-

513 595 674 651 imum
703 589 955 646 renidens
983 588 1144 642 libido
1177 587 1581 642 blanditur.‘llic
1612 587 1891 640 barbarm‘n
1921 585 2091 654 littus,

515 684 605 739 hic
621 681 870 736 diabolus
893 681 1084 750 pirata,
1109 693 1227 734 cum
1251 678 1411 732 Sociis
1437 687 1612 748 portat
1633 677 1844 731 vincula
1873 679 2091 747 capien-

514 777 620 833 dis.
637 770 810 831 Νι)ιίιο
832 757 1077 838 credere,
1153 771 1258 843 33
1335 773 1499 825 nolite
1515 785 1634 824 esse
1650 769 1842 824 securi.
1866 770 2011 823 Licet
2039 770 2088 822 in

513 859 732 923 modum
759 866 928 936 stagni
956 863 1134 917 fusum
1161 877 1344 932 aequor
1377 860 1607 915 arrideat
1633 877 1648 913 :
1685 863 1806 915 licet
1833 859 1921 914 vix
1949 865 2093 914 suni-

513 975 600 1015 ma
623 957 849 1029 jacentis
870 954 1116 1010 elementi
1143 953 1332 1022 spiritu
1362 962 1505 1021 terga
1532 951 1849 1020 crispentur,
1873 952 2094 1020 magnos

516 1049 606 1107 hic
635 1063 860 1118 campus
890 1046 961 1117 (ὑ)
983 1047 1188 1098 m’Ontcs
1210 1043 1391 1098 habet.
1423 1041 1568 1096 Intus
1596 1042 1856 1096 in'cluSum
1889 1051 1970 1096 est
1995 1056 2090 1111 pe-

513 1140 761 1204 riculum,
794 1139 936 1192 intus
958 1144 1040 1191 est
1067 1135 1251 1188 hostis.
1278 1132 1536 1202 Expedite
1559 1132 1830 1196 rudentes,
1863 1133 1975 1185 vela
2000 1140 2091 1186 su-

512 1230 780 1300 spcndite.
831 1228 900 1298 (c)
956 1225 1143 1282 Crucis
1183 1228 1413 1308 antenna
1462 1223 1649 1292 ﬁgatur
1693 1220 1746 1274 in
1805 1221 2091 1275 frontibus.

515 1319 897 1392 Tranquillitas
920 1317 1020 1373 ista
1053 1323 1342 1385 tempestas
1373 1321 1476 1369 est.
1514 1313 1620 1368 Sed
1661 1312 1885 1367 forsitan
1915 1313 2092 1367 dictu-

513 1427 606 1468 rus
661 1425 720 1466 cs
751 1428 766 1464 :
796 1408 931 1478 Quid
968 1407 1142 1478 ergo?
1195 1406 1522 1476 quicumque
1567 1405 1618 1458 in
1667 1404 1880 1458 civitate
1925 1412 2092 1470 sunt,

510 1501 804 1557 Christiani
837 1514 948 1560 non
969 1497 1137 1552 sunt?
1165 1512 1270 1550 non
1303 1495 1502 1551 esttibi
1535 1493 1724 1549 eadem
1771 1507 1932 1548 causa
1975 1508 2094 1563 qua:

455 1600 460 1628 έ
513 1593 751 1648 caeteris.
778 1591 1060 1646 Dominum
1090 1586 1331 1642 ausculta
1361 1585 1629 1639 dicentem
1663 1601 1676 1636 :
1713 1583 1774 1638 Si
1812 1586 1884 1637 vis
1929 1583 2094 1651 perfe-

511 1693 620 1738 ctus
645 1698 752 1736 esse
777 1697 797 1735 :
825 1679 968 1746 vade,
999 1678 1154 1732 vende
1171 1677 1340 1730 omnia
1367 1687 1473 1740 tua,
1502 1683 1549 1728 et
1580 1674 1646 1726 da
1679 1675 2017 1746 pauperibus;
2044 1683 2094 1727 et

511 1775 652 1840 veni,
694 1787 899 1841 sequere
947 1785 1025 1824 me
1063 1767 1284 1839 (Matth.
1323 1765 1408 1820 19.
1441 1763 1568 1838 21).
1603 1755 1682 1818 Tu
1711 1774 1889 1819 autem
1918 1763 2095 1834 perfe-

509 1877 656 1921 ctum
680 1875 730 1919 te
760 1877 880 1918 esse
907 1861 1178 1932 pollicitus
1207 1873 1287 1914 es.
1320 1857 1450 1912 Nam
1475 1872 1638 1928 quum
1665 1856 1921 1912 derelicta
1953 1855 2094 1910 milis

511 1958 583 2012 tia
609 1954 705 2029 (al.
731 1953 971 2008 derelicta
1009 1951 1160 2005 domo
1183 1987 1197 2017 ,
1221 1947 1428 2021 militia]
1452 1990 1466 2015 ,
1509 1957 1562 2004 te
1583 1947 1829 2002 'castrasti
1877 1954 2094 2016 propter

511 2049 675 2116 regna
704 2043 982 2107 cznlorum,
1012 2039 1138 2111 quid
1168 2037 1308 2093 aliud
1336 2054 1493 2114 quyn
1524 2036 1812 2106 perfectam
1835 2044 2092 2106 sequutus

509 2151 574 2194 es
600 2131 806 2191 vitam?
836 2134 1152 2188 PBRFEGTDS
1205 2135 1382 2184 animi
1439 2143 1628 2184 servus
1679 2125 1915 2190 Christi,
1959 2126 2092 2181 nihil

510 2236 709 2297 printer
733 2225 1003 2280 Christum
1035 2222 1216 2276 habet.
1252 2223 1358 2275 Aut
1380 2221 1421 2274 si
1445 2219 1571 2289 quid
1602 2229 1795 2290 przeter
1819 2217 2091 2273 Christum

510 2308 693 2388 habet,
718 2320 985 2390 perlectus
1032 2330 1136 2370 non
1191 2323 1291 2368 est.
1331 2313 1399 2368 Et
1444 2313 1488 2368 si
1536 2314 1800 2383 perfectus
1839 2319 2086 2374 nonest,

507 2421 631 2468 cum
677 2425 736 2465 se
786 2407 1075 2479 perfectum
1139 2405 1254 2461 fore
1300 2405 1411 2459 Deo
1479 2404 1746 2475 pollicitus
1792 2408 1903 2467 sit,
1965 2410 2089 2458 ante

510 2501 770 2557 mentitus
791 2508 892 2553 est.
936 2497 1006 2552 οε
1041 2506 1207 2549 autem
1231 2536 1244 2560 ,
1275 2494 1410 2565 quod
1453 2496 1726 2562 mentitur,
1759 2493 1942 2548 occidit
1968 2493 2084 2546 ani-

509 2609 644 2648 mam
673 2590 850 2662 (Sap.
885 2590 935 2645 l.
967 2589 1024 2643 ll
1052 2587 1071 2659 )
1130 2587 1292 2657 Igitur
1312 2628 1328 2654 ,
1361 2597 1414 2642 ut
1443 2587 1758 2641 concludam
1795 2605 1810 2640 :
1839 2588 1882 2640 si
1912 2583 2083 2655 perfe-

507 2693 627 2741 ctus
653 2698 712 2738 es
737 2723 750 2746 ,
785 2697 878 2736 cur
920 2680 1058 2734 bona
1104 2688 1324 2747 paterna
1371 2677 1695 2732 desideras?
1724 2677 1777 2732 Si
1820 2677 2088 2746 perlectus

511 2792 617 2838 non
643 2787 704 2831 es
731 2817 747 2842 ,
783 2773 1066 2828 D'Ominum
1091 2771 1347 2827 fefellisti.
1384 2771 1586 2826 Divinis
1612 2771 1964 2842 Evangelium
1997 2783 2092 2826 vo-

509 2867 662 2924 cibus
692 2875 948 2921 contonat
981 2883 993 2919 :
1037 2863 1156 2918 Non
1197 2864 1400 2934 potestis
1439 2862 1632 2917 duobus
1661 2863 1879 2917 dominis
1909 2863 2095 2918 servire

510 2960 679 3030 (Luc.
713 2961 800 3017 i6.
835 2963 902 3016 15
925 2960 977 3032 );
1006 2969 1060 3016 et
1085 2960 1246 3016 audet
1285 2961 1563 3030 quisquam
1592 2957 1904 3014 mendacem
1938 2957 2096 3013 Chri-

509 3061 650 3107 stum
682 3051 887 3119 facere,
917 3053 1232 3108 Mammomc
1251 3094 1264 3118 ,
1290 3061 1344 3106 et
1376 3051 1599 3106 Domino
1628 3045 1953 3107 serviendo?
1985 3051 2094 3106 Vo-

509 3145 760 3199 ciferatur
786 3144 877 3199 ille
901 3158 1044 3214 smpe
1075 3163 1089 3199 :
1117 3143 1179 3200 Si
1199 3145 1311 3213 quis
1339 3144 1443 3198 vult
1471 3154 1582 3212 post
1616 3161 1694 3198 me
1717 3145 1886 3198 venire
1907 3186 1922 3212 ,
1949 3145 2098 3199 abne-

509 3243 589 3303 get
614 3234 936 3303 semetipsum
957 3233 1072 3300 sibi,
1108 3243 1154 3287 et
1183 3234 1328 3286 tollat
1354 3249 1552 3288 crucem
1578 3250 1722 3288 suam
1751 3259 1768 3300 δ
1796 3243 1841 3287 et
1861 3246 2097 3304 sequatur

509 3335 591 3378 me
626 3322 810 3393 (Ibid.
854 3324 907 3379 9.
940 3323 1010 3380 25
1034 3325 1074 3395 ).
1117 3325 1183 3379 Ει
1210 3340 1309 3394 ego
1334 3335 1559 3380 onustus
1585 3341 1718 3380 auro
1747 3326 1984 3382 arbitror
2010 3343 2095 3383 me

508 3413 778 3469 Christum
810 3415 1002 3486 sequi?
1033 3433 1051 3466 ι
1082 3414 1182 3484 Qui
1210 3415 1340 3469 dicit
1375 3429 1433 3470 se
1465 3420 1516 3470 in
1545 3417 1818 3471 Christum
1850 3417 2091 3482 credere,

511 3506 672 3562 debet
715 3507 982 3576 quomodo
1027 3507 1116 3564 ille
1157 3507 1448 3563 ambulaiit
1476 3537 1493 3577 δ
1525 3516 1578 3564 et
1609 3509 1721 3579 ipse
1748 3509 2040 3564 ambulare.
2067 3524 2087 3562 ι

509 3599 589 3669 (1.
621 3597 777 3653 Joan.
801 3599 856 3654 2.
888 3599 964 3673 6).

582 3692 634 3746 7.
659 3691 810 3760 Quod
835 3692 879 3746 si
902 3692 1032 3746 nihil
1050 3692 1212 3748 habes
1239 3692 1320 3774 (ut
1339 3704 1387 3748 te
1413 3709 1794 3764 resyousurum
1823 3695 1956 3766 scio)
1975 3711 2091 3761 cur,

511 3791 618 3836 tam
649 3781 786 3838 bene
813 3793 1030 3852 paratus
1061 3785 1126 3837 ad
1159 3785 1316 3851 bella,
1347 3803 1448 3838 non
1481 3785 1716 3840 utilitas?
1744 3786 1852 3840 Nisi
1884 3785 2018 3842 forte
2040 3787 2092 3842 in

510 3874 677 3942 patria
711 3882 796 3928 tua
830 3883 881 3928 te
916 3874 1194 3928 arbitraris
1225 3876 1326 3930 hoc
1358 3875 1553 3939 facere,
1593 3891 1714 3930 eum
1769 3877 1820 3931 in
1863 3894 1956 3933 sua
1986 3878 2094 3931 θυι

509 3965 687 4018 minus
716 3965 867 4035 signa
900 3981 1006 4020 non
1042 3967 1246 4021 fecerit.
1278 3967 1346 4021 Et
1372 3983 1468 4022 cur
1496 3968 1588 4022 id?
1613 3969 1744 4023 Cum
1776 3972 2094 4026 auctoritate

508 4070 658 4110 sume
685 4059 969 4113 rationem.
1010 4057 1170 4113 Nemo
1193 4059 1454 4129 Propheta
1476 4061 1525 4113 in
1549 4063 1715 4132 patria
1741 4079 1829 4116 sua
1845 4063 2090 4116 honorent

509 4149 654 4202 habet
685 4147 814 4218 (bne
851 4151 928 4220 ιι).
948 4149 1060 4204 Non
1081 4167 1281 4216 «unum,
1307 4152 1533 4220 inquies,
1560 4152 1816 4208 honorem
1846 4169 1860 4206 ι
1890 4155 2086 4209 sufficit

509 4238 638 4293 mihi
689 4240 1013 4295 conscientia
1057 4257 1202 4296 mea.
1265 4241 1446 4312 Neque
1498 4243 1750 4299 Dominus
1799 4246 2090 4315 qnmrebat,

481 4333 706 4403 'quippe
733 4334 820 4403 qui
852 4349 918 4388 ne
962 4348 991 4386 a
1025 4334 1196 4388 turbis
1236 4346 1335 4389 rex
1365 4336 1782 4392 constitueretur
1805 4378 1819 4399 ,
1869 4337 2089 4408 aufugit.

507 4425 613 4480 Sed
647 4425 734 4480 ubi
765 4425 935 4480 honor
960 4441 1065 4481 non
1097 4435 1200 4488 est,
1227 4427 1296 4482 ibi
1331 4436 1670 4497 Contemptus
1699 4438 1800 4483 est.
1834 4429 1932 4485 Ubi
1959 4445 2092 4484 (ειιιιὁ

508 4519 766 4587 temptas,
791 4519 862 4574 ibi
885 4519 1135 4590 frequens
1163 4517 1354 4588 injuria
1387 4534 1401 4572 :
1433 4519 1518 4572 ubi
1547 4529 1727 4574 autem
1757 4520 1944 4590 injuria
1971 4561 1984 4586 ,
2020 4522 2092 4576 ibi

510 4617 562 4664 et
589 4609 919 4680 indignatio:
952 4611 1036 4666 ubi
1112 4607 1222 4683 35
1293 4610 1606 4683 indignatio,
1635 4612 1704 4667 ibi
1729 4613 1878 4685 quies
1907 4613 2046 4668 nulla
2074 4631 2088 4667 ε

577 4780 643 4856 (α)
686 4781 924 4832 Victorius
948 4783 1318 4856 etMartianaaus
1330 4786 1485 4856 scylla
1501 4800 1589 4836 ceu
1606 4787 1846 4856 renidens,
1864 4803 1957 4856 nec
1975 4794 2093 4856 satis

509 4849 766 4918 concinne,
802 4858 896 4894 nec
919 4859 1057 4918 vere.
1077 4849 1406 4918 Nobisstatun
1438 4851 1656 4918 occurrit
1680 4863 1776 4899 uno
1796 4849 1965 4918 _verbo
1987 4853 2070 4918 leg

509 4904 858 4968 Scyllaceum,
891 4911 1020 4972 quod
1052 4917 1097 4960 et
1137 4909 1439 4972 navifragum
1469 4909 1592 4958 dixit
1615 4911 1763 4960 Maro.
1789 4904 2093 4965 Commodith

510 4973 675 5038 tamen
718 4971 1017 5038 vetustiores
1056 4973 1208 5038 editos
1233 5002 1248 5026 ,
1291 4971 1343 5038 et
1393 4972 1826 5038 manuscriptornm
1851 4989 2092 5038 (magnam

509 5031 789 5101 run-sequi
815 5030 992 5101 placuit
1009 5067 1022 5089 ,
1049 5045 1078 5078 e
1099 5030 1279 5090 quibus
1300 5031 1530 5101 duonsed
1554 5030 1888 5101 eglossatoris
1910 5030 2053 5086 manu
2074 5064 2090 5098 ,

477 5129 492 5140 .
513 5099 568 5159 l‘n
589 5089 676 5140 illo
697 5089 849 5142 maris
873 5089 1252 5159 {crvorerorago
1285 5089 1529 5159 quadam,
1542 5099 1598 5159 _e_t
1611 5089 1942 5159 “praecipitium
1965 5089 2090 5150 mter

507 5149 684 5260 gustus
721 5159 791 5201 est
829 5149 1096 5214 charybdis
1129 5149 1359 5209 iniuriis,
1399 5162 1494 5202 etc;
1520 5149 1799 5218 Charybdis
1835 5165 1998 5207 autem
2039 5149 2092 5212 et

529 5213 545 5228 ‘
579 5211 689 5260 ulla:
714 5213 959 5260 notissima
981 5212 1182 5260 historia
1206 5220 1308 5260 est.
1332 5214 1499 5260 decue
1521 5215 1693 5260 iisdem
1716 5216 1888 5260 fabula».
1920 5220 2092 5260 Ρηρω.

510 5211 689 5320 aqua
714 5211 1182 5262 notissima—historia
1206 5220 1308 5273 est,
1332 5214 1499 5277 deque
1521 5211 1693 5265 iisdem
1716 5216 1888 5268 fabula:
1918 5211 2092 5273 Poeta4

573 5286 640 5319 In.

573 5286 640 5319 111.

581 5329 644 5398 (b)
672 5332 987 5398 Antiquiores
998 5334 1116 5398 editi
1136 5343 1317 5398 montes
1339 5335 1478 5387 habet
1495 5335 1619 5389 intus
1636 5338 1859 5392 inclusos.
1877 5351 2007 5396 Intus
2021 5350 2092 5396 est

511 5393 817 5469 periculum,
837 5402 932 5444 etc.
959 5395 1064 5444 Alia
1096 5396 1219 5469 infra
1242 5397 1535 5469 glossemata
1552 5433 1567 5460 ,
1603 5415 1713 5464 (tua:
1735 5403 1853 5452 olim
1876 5393 2092 5469 irrepse;

512 5455 636 5528 rant,
656 5455 893 5528 adnotare
918 5470 1013 5528 non
1035 5466 1112 5528 est
1135 5455 1299 5528 operae
1323 5455 1563 5522 pretium;
1593 5455 1633 5528 λ’
1692 5513 1705 5528 ί

570 5515 632 5589 (6)
652 5517 1004 5589 Cistercie-nsis,
1025 5515 1204 5589 aliique
1223 5515 1336 5568 Mss:
1353 5535 1446 5570 non
1469 5525 1622 5589 pauci,
1636 5515 1783 5589 atque
1797 5527 1933 5586 editi,
1956 5537 2092 5579 (rum

513 5579 750 5652 anteante.
778 5579 980 5652 Scilicet
1002 5579 1138 5652 navis
1171 5590 1426 5652 anteanam
1461 5579 1618 5635 Cruci
1640 5579 1933 5652 comparare
1959 5590 2092 5639 sole-

513 5636 631 5710 bant
651 5647 880 5710 veteres._
900 5640 1026 5692 Hinc
1047 5643 1241 5710 Pseudo
1261 5644 1586 5710 Hieronymus
1605 5636 1822 5710 sermoni.—
1838 5636 1917 5700 de
1927 5636 2090 5700 Nati—7.

514 5707 741 5774 intrante
761 5702 1001 5774 luat-inin,
1031 5710 1086 5774 et
1126 5703 1341 5774 velarunt
1373 5702 1680 5774 σοιῇιηιι-ξιιὸ
1709 5709 1873 5774 figura
1914 5717 2094 5760 nostrae

513 5762 681 5834 "crucis
699 5762 908 5812 volitant.
929 5765 1108 5834 Similia
1131 5766 1540 5834 apudMinncium
1569 5762 1800 5834 Felici-iit,
1829 5771 2092 5821 Maximum

513 5812 888 5886 'l'auriuensem,
911 5812 1592 5890 aliosquevpa—ssiu—tinvenies.

1813 355 2054 440 sits‘cri
2097 357 2468 438 itt'lsnoxim

3677 393 3782 449 552

2203 497 2290 550 ubi
2323 499 2473 566 quies
2500 513 2604 553 non
2623 506 2724 564 est,
2756 497 2827 554 ibi
2855 495 3051 556 mensa
3079 487 3358 571 proposito
3388 499 3532 572 saepe
3559 501 3782 559 deduci-

2203 597 2309 641 tur.
2345 587 2442 642 Ubi
2487 599 2665 644 autem
2696 606 2790 658 per
2828 590 3251 660 inquietudinem
3297 591 3496 661 aliqUid
3541 593 3782 654 aufertur

2201 679 2268 732 ex
2294 677 2492 745 studio,
2528 680 2703 734 minus
2731 680 2789 734 fit
2815 681 2884 736 ab
2908 698 2994 747 eo,
3018 681 3156 752 quod
3194 681 3396 735 tollitur
3424 698 3437 735 :
3469 692 3522 738 et
3559 683 3644 738 ubi
3675 685 3780 738 mi-

2203 772 2304 823 nus
2328 780 2427 832 est.
2465 756 2758 840 perfectura
2787 788 2890 828 non
2916 777 3090 844 potest
3117 774 3242 828 dici.
3274 775 3351 828 Ex
3383 775 3482 829 hac
3519 773 3781 846 supputa.

2197 855 2346 914 tione
2368 866 2572 917 summa
2599 863 2686 917 illa
2717 865 2989 929 nascitur,
3018 865 3338 920 Monachum
3381 866 3434 921 in
3476 869 3644 936 patria
3683 865 3780 924 sua

2199 951 2495 1021 perfectura
2549 967 2670 1009 esse
2710 967 2814 1009 nun
2858 963 3034 1026 p‘osse.
3081 957 3386 1014 Perfectum
3438 969 3617 1015 autem
3660 964 3783 1018 esse

2197 1042 2360 1109 nolle,
2395 1043 2709 1116 delinquere
2736 1057 2837 1102 est.

2272 1133 2326 1188 8.
2344 1133 2658 1204 -—Dignitas
2675 1135 3004 1192 Clericorum.
3032 1129 3140 1194 Sed
3168 1139 3234 1195 de
3265 1140 3364 1196 hac
3382 1139 3548 1212 gradu
3575 1136 3777 1214 pulsus;

2199 1223 2516 1292 provocabis
2564 1227 2630 1280 ad
2662 1229 2923 1284 Clericos.
2959 1233 3038 1285 An
3083 1232 3150 1286 de
3196 1233 3279 1288 his
3305 1232 3506 1305 aliquid
3552 1237 3779 1292 audeant

2198 1314 2397 1380 dicere,
2432 1319 2520 1387 qui
2545 1329 2690 1375 certe
2719 1321 2770 1374 in
2788 1322 2898 1376 suis
2926 1323 3146 1378 urbibus
3167 1327 3604 1381 commorantur?
3630 1318 3786 1384 Absit

2198 1406 2341 1462 utde
2365 1408 2446 1463 his
2471 1411 2760 1481 quidquam
2785 1413 3059 1468 sinistrum
3086 1414 3293 1485 loquar,
3322 1418 3443 1486 quia
3471 1415 3782 1488 Apo'st'oli'c'o

2198 1497 2383 1568 gradui
2413 1502 2763 1558 succedentes
2784 1545 2798 1568 ,
2842 1519 3049 1558 cnInS'rt
3077 1489 3274 1560 conrus
3300 1523 3452 1562 sacro
3493 1523 3588 1563 ore
3612 1510 3784 1565 coan

2197 1591 2377 1658 ciunt;
2407 1607 2501 1662 per
2539 1609 2674 1664 quos
2715 1603 2770 1649 et
2800 1611 2898 1649 nos
2925 1595 3216 1650 Christiani
3247 1611 3452 1652 sumus.
3473 1598 3572 1667 Qui
3601 1600 3781 1658 claves

2197 1681 2345 1750 regni
2400 1682 2657 1738 caelorum
2713 1683 2989 1750 habentes,
3020 1685 3414 1755 quodammodo
3440 1699 3563 1743 ante
3593 1685 3778 1758 judicii

2197 1770 2340 1825 diem
2367 1771 2612 1841 judicant
2636 1790 2649 1826 :
2677 1773 2765 1842 qui
2789 1789 3042 1846 sponsam
3075 1775 3286 1830 Domini
3319 1777 3496 1831 solii-ia
3535 1781 3780 1836 castitate

2197 1872 2536 1918 conservant.
2566 1863 2670 1919 Sed
2693 1863 2819 1930 alia,
2845 1875 2901 1919 ut
2925 1873 3048 1920 ante
3067 1865 3376 1936 perstrinxi,
3403 1867 3779 1924 Monaehornm

2197 1964 2280 2009 eat
2312 1969 2505 2021 causa,
2551 1955 3060 2011 alia-Clerieorum.
3094 1941 3288 2011 Clerici
3341 1958 3563 2025 pascunt
3607 1962 3775 2014 Oves:

2195 2061 2296 2117 ego
2339 2060 2550 2116 pascor.
2595 2047 2672 2100 llli
2703 2047 2770 2102 de
2793 2049 2987 2101 altario
3020 2048 3234 2102 vitiant:
3269 2049 3396 2103 mihi
3424 2050 3572 2119 quasi
3602 2048 3778 2105 infru-

2195 2145 2395 2190 ctuosa:
2421 2136 2622 2202 arbori,
2647 2138 2851 2190 securis
2880 2139 3094 2207 ponitur
3124 2139 3189 2191 ad
3221 2139 3472 2205 radicem,
3505 2143 3547 2193 si
3582 2157 3776 2195 munus

2194 2225 2259 2279 ad
2281 2226 2452 2281 altare
2499 2242 2604 2280 non
2645 2225 2852 2281 defero.
2908 2226 3019 2281 Nec
3042 2244 3261 2297 possunt
3310 2229 3602 2285 obtendere
3643 2248 3777 2299 pan-

2195 2326 2652 2388 pertatem,cum
2703 2319 2757 2372 in
2797 2317 3090 2388 Evangelio
3144 2334 3306 2373 anum
3354 2319 3600 2384 viduam,
3647 2321 3774 2387 duo,

2191 2427 2310 2480 qua:
2328 2411 2442 2466 sola
2465 2411 2567 2467 sibi
2595 2420 2933 2481 supererant,
2962 2427 3068 2466 (era
3098 2413 3397 2467 mittentem
3427 2413 3478 2468 in
3504 2412 3743 2483 gazOpliy
3761 2441 3777 2452 -

2191 2501 2409 2567 iaciunt,
2445 2501 2746 2557 laudaverit
2784 2503 3038 2558 Dominus
3066 2501 3216 2570 (Luc.
3243 2503 3333 2559 2i.
3361 2503 3477 2574 24).
3505 2503 3628 2558 Mihi
3649 2510 3778 2559 ante

2192 2593 2566 2664 presbyterum
2597 2593 2791 2649 sedere
2831 2609 2936 2648 non
2971 2595 3128 2648 licet:
3163 2593 3261 2660 illi,
3295 2595 3338 2648 si
3370 2609 3680 2666 peccavero,
3713 2594 3776 2648 li-

2191 2692 2280 2738 cet
2307 2683 2515 2738 tradere
2533 2700 2619 2739 me
2639 2685 2850 2739 Satana:
2875 2685 2929 2738 in
2953 2685 3225 2739 interitum
3253 2687 3450 2750 carnis,
3479 2697 3534 2740 ut
3556 2687 3776 2755 spiritus

2193 2777 2368 2830 salvus
2399 2777 2468 2829 sit
2499 2775 2574 2844 (1.
2605 2777 2724 2831 Cor.
2757 2778 2810 2833 5.
2835 2778 2915 2848 5).
2949 2777 3018 2832 Et
3042 2777 3094 2832 itt
3133 2780 3298 2833 veteri
3329 2779 3540 2849 quidem
3589 2779 3772 2850 Lege,

2194 2870 2514 2940 quicumque
2581 2870 2962 2926 Sacerdotibus
3029 2886 3134 2925 non
3177 2872 3622 2941 obtemperasset,
3681 2880 3779 2926 aut

2197 2971 2347 3014 extra
2368 2968 2542 3014 castra
2575 2961 2797 3029 pesitus,
2823 2953 3156 3030 lapidabatur
3175 2977 3202 3014 a
3237 2962 3462 3032 pepnlo;
3492 2963 3777 3032 autgladio

2197 3054 2402 3108 cervice
2429 3051 2689 3121 subjecta,
2720 3062 3088 3121 contemptum
3118 3053 3364 3122 expiabat
3383 3069 3573 3108 cruore
3592 3052 3772 3124 (Deut.

2199 3146 2287 3198 17.
2335 3144 2449 3214 12).
2497 3143 2649 3198 Nunc
2699 3158 2826 3198 vero
2873 3143 3184 3198 inobediens
3223 3144 3480 3212 spirituali
3520 3151 3776 3199 mucrone

2197 3245 2508 3291 truncatur:
2538 3243 2630 3288 aut
2650 3235 2853 3304 ejectus
2876 3235 2943 3290 de
2974 3236 3207 3290 Ecclesia
3238 3235 3423 3289 rabido
3470 3235 3774 3290 dicmOinmt

2197 3345 2290 3384 ore
2317 3327 2657 3396 discet-pitur.
2691 3326 2842 3394 Quiut
2871 3327 2914 3380 si
2948 3337 2998 3381 te
3029 3332 3238 3398 quoque
3265 3326 3329 3380 ad
3355 3327 3600 3382 cUmdem
3622 3327 3777 3382 Ordi-

2197 3436 2317 3475 nem
2349 3420 2434 3490 pia
2477 3420 2702 3472 fratrum
2753 3417 3114 3471 blandimenta
3162 3418 3476 3481 sollicitant,
3532 3418 3776 3488 gaudebo

2195 3512 2263 3568 de
2286 3526 2532 3572 ascensu,
2577 3509 2671 3564 Sed
2702 3508 2900 3562 titnebo
2947 3508 3013 3563 de
3060 3509 3228 3578 lapsu.
3256 3509 3358 3576 Qui
3411 3508 3776 3580 Episcopatuut

2196 3602 2484 3666 desiderat,
2518 3603 2700 3654 bonum
2747 3617 2874 3670 opus
2922 3600 3195 3654 desiderat.
3244 3601 3453 3655 Scimus
3504 3602 3600 3654 ista
3635 3617 3649 3654 :
3680 3601 3775 3655 sed

2191 3696 2356 3766 junge
2393 3693 2534 3763 quod
2566 3693 2808 3762 sequitur
2836 3708 2849 3745 :
2886 3692 3096 3764 Oportet
3117 3703 3281 3747 autem
3311 3693 3600 3762 huiusmodi
3643 3693 3775 3746 irre3

2197 3782 2580 3856 prehensibilem
2609 3799 2731 3845 esse,
2759 3787 2908 3836 unius
2935 3784 3110 3840 uxoris
3142 3787 3321 3848 virum,
3351 3781 3588 3848 sobritnu,
3614 3785 3774 3852 pudi-

2195 3893 2331 3941 cum,
2367 3874 2685 3941 prudentem,
2711 3883 2964 3939 ornatum,
2989 3873 3310 3942 hospitalem,
3337 3873 3637 3939 docibilem,
3674 3882 3775 3927 neri

2195 3967 2518 4028 vinolentum,
2540 3981 2638 4017 non
2657 3979 3021 4034 percussorem,
3035 3964 3124 4017 sed
3135 3964 3411 4018 modestum
3442 3965 3489 4034 (1
3506 4006 3519 4021 .
3539 3963 3668 4019 Tim.
3692 3967 3774 4037 5).

2198 4059 2263 4114 Ει
2315 4058 2548 4125 emtcris,
2624 4055 2729 4127 35
2803 4071 2922 4127 qua:
2955 4056 3022 4112 de
3050 4073 3115 4112 eo
3144 4068 3455 4128 sequuntur,
3487 4057 3772 4127 explicitis,

2195 4166 2300 4206 non
2326 4152 2584 4205 minorem
2606 4151 2683 4220 (ά)
2712 4153 2762 4205 in
2785 4153 2941 4207 tertio
2971 4153 3134 4221 gradu
3153 4153 3390 4208 adhibuit
3422 4152 3774 4222 diligentiam,

2195 4241 2381 4295 dicens
2412 4259 2426 4296 :
2459 4239 2719 4294 Diaconos
2747 4241 2976 4295 similiter
2998 4243 3241 4312 pudicos:
3263 4259 3362 4295 non
3385 4241 3652 4313 bilingues,
3677 4251 3779 4296 non

2196 4332 2354 4384 multo
2381 4332 2492 4384 vino
2511 4331 2725 4397 deditos,
2751 4348 2850 4386 non
2883 4334 3191 4404 turpilucros
3214 4332 3319 4406 [ιιι.
3348 4335 3508 4404 turpis
3527 4332 3654 4386 lucri
3679 4349 3776 4403 ap-

2195 4420 2469 4494 petitores]
2501 4440 2513 4473 :
2546 4422 2782 4477 habentes
2814 4423 2889 4494 (l)
2923 4426 3253 4479 ministerium
3279 4425 3401 4495 fidei
3433 4426 3483 4478 in
3513 4425 3778 4479 consciens

2196 4516 2266 4567 tia
2296 4531 2444 4584 pura.
2480 4514 2543 4567 Et
2590 4515 2640 4568 hi
2683 4526 2848 4569 autem
2877 4517 3151 4585 probentur
3179 4519 3436 4588 primum:
3464 4527 3511 4572 et
3530 4520 3601 4572 sic
3626 4519 3781 4571 minii

2195 4615 2349 4660 strent
2376 4646 2390 4670 ,
2422 4605 2619 4660 nullum
2646 4608 2834 4660 crimen
2864 4608 3120 4662 habentes.
3158 4609 3250 4664 Va:
3305 4611 3381 4664 illi
3431 4609 3654 4675 homini,
3687 4611 3779 4678 qui

2195 4712 2398 4756 vestem
2425 4719 2530 4756 non
2560 4703 2764 4756 habens
2792 4703 3106 4773 nuptialem,
3138 4703 3432 4774 ingreditur
3451 4703 3516 4757 ad
3543 4717 3777 4757 canam.

2195 4793 2335 4847 Nihil
2364 4803 2633 4864 superest,
2665 4794 2767 4847 nisi
2797 4805 2853 4848 ut
2881 4795 3060 4848 statim
3093 4797 3271 4850 audiat
3299 4813 3312 4849 :
3342 4797 3510 4850 Amice
3526 4795 3780 4865 quomodo

2194 4885 2290 4937 huc
2311 4885 2546 4939 intrasti?
2574 4884 2641 4938 Et
2670 4884 2759 4938 illo
2801 4885 3203 4941 obmutescente
3233 4887 3440 4941 dicatur
3473 4887 3733 4941 ministris
3779 4902 3793 4940 :

2196 4974 2379 5029 Tollite
2399 4974 2567 5043 illum,
2597 4974 2768 5044 ligatis
2788 4975 3016 5031 manibus
3034 4987 3080 5029 et
3103 4977 3332 5046 pedibus,
3377 4985 3424 5030 et
3455 4976 3631 5030 mittite
3667 4987 3782 5030 eum

2191 5067 2245 5119 in
2276 5073 2504 5120 tenebras
2527 5067 2818 5129 exteriores,
2850 5067 2936 5119 ubi
2962 5067 3056 5120 erit
3083 5068 3232 5137 fletus
3261 5077 3308 5122 et
3331 5066 3522 5122 stridor
3554 5067 3783 5120 dentium

2195 5156 2523 5228 (Matth.22.
2552 5157 2774 5224 12.15).
2811 5156 2900 5210 Va:
2924 5157 3000 5211 illi
3054 5160 3142 5229 qui
3197 5167 3474 5228 acceptum
3521 5158 3782 5212 talentum

2194 5249 2247 5304 in
2280 5248 2496 5304 sudario
2524 5247 2716 5318 ligans,
2741 5249 2949 5304 caeteris
2971 5249 3115 5305 lucra
3139 5251 3477 5315 facientibus,
3498 5250 3550 5305 id
3574 5259 3782 5305 tantum

2195 5341 2336 5410 quod
2357 5349 2658 5410 acceperat,
2682 5342 2995 5396 reservavit.
3027 5343 3176 5400 illico
3207 5343 3532 5416 indignantis
3568 5343 3784 5399 Domini

2181 5467 2207 5550 ’.
2247 5472 2318 5550 ll!)
2343 5472 2460 5550 9W,"
2475 5474 2891 5550 crusmatade
2909 5478 3169 5550 "istan!!!"
3185 5480 3334 5550 dicat,
3351 5479 3469 5550 νξρο
3488 5492 3631 5550 quem
3645 5491 3788 5550 ἑψέτ-

2195 5535 2614 5596 ιὰΕμιεοοιιονυηι
2640 5535 3058 5602 priceminentiain
3079 5540 3219 5594 hinc,
3241 5547 3294 5589 et
3320 5535 3693 5602 aPreshyteris
3715 5539 3791 5588 fae-

2195 5603 2374 5656 teatur,
2396 5603 2563 5656 contra
2583 5608 2726 5656 quam
2750 5600 2967 5648 sensisse
2990 5600 3124 5649 illum
3156 5603 3302 5649 toties
3323 5599 3568 5648 blateran't
3593 5601 3793 5650 hetero-

2195 5658 2332 5722 doxi.
2354 5654 2633 5716 Diligenter
2655 5657 2964 5722 adoptandus
2998 5669 3075 5710 est
3111 5663 3259 5710 etiam
3295 5661 3521 5722 superior
3548 5660 3687 5722 locus
3723 5664 3792 5712 de

2195 5715 2599 5778 Presbyteriuum
2639 5717 2876 5778 dignitate
2913 5729 3079 5770 contra
3117 5715 3458 5771 haereticorum
3496 5721 3783 5772 calumnias.

2259 5776 2332 5837 (l)
2361 5776 2514 5824 'Grav.
2538 5776 2736 5839 corrigit
2754 5813 2769 5840 ,
2794 5782 3157 5849 mysteriumlex
3188 5782 3332 5832 Grec.
3357 5792 3505 5845 ιχηηις
3527 5796 3792 5850 suum?!”

2197 5853 2262 5894 τῆς
2287 5851 2449 5895 πίστεως.
