4136 6332
303 417 405 475 35⁸1

377 532 429 586 ι.
461 527 587 582 Tres
615 527 910 596 hypostases
938 519 1102 574 dicere
1127 532 1214 570 cur
1243 531 1344 568 non
1372 512 1538 567 liceat.
1565 510 1722 566 Solus
1745 507 1878 563 Deus

309 633 378 678 est
403 636 421 685 ;
447 593 695 673 creaturte
716 631 816 668 non
855 619 990 666 sunt.
1027 607 1143 664 Una
1196 619 1379 660 natura
1405 602 1595 657 Deitati
1634 603 1686 656 in
1727 601 1884 653 tribus

309 711 558 784 personis.
579 737 650 748 —
673 703 952 760 Decernite
969 741 988 769 ,
1013 698 1240 755 obsecro
1259 737 1274 762 ,
1297 695 1342 750 si
1372 695 1582 765 placet,
1609 699 1664 747 et
1689 705 1794 745 non
1821 688 1888 743 ti-

313 782 470 860 mebo
516 809 628 856 tres
668 797 981 868 hypostases
1019 791 1220 846 dicere.
1263 787 1320 844 Si
1361 785 1595 856 jubetis,
1627 782 1888 838 condatur

313 912 447 952 nova
474 902 597 965 post
623 891 890 946 Nicasuam
931 885 1062 940 ﬁdes
1087 925 1102 948 ,
1141 892 1196 938 et
1223 879 1486 936 similibus
1520 875 1734 940 verbis,
1762 887 1886 928 cum

314 985 522 1044 Arianis
547 983 897 1038 eonﬁteamur
911 974 1217 1032 orthodoxi.
1233 972 1373 1052 Tota,
1388 968 1722 1024 saecularium
1746 965 1890 1018 litte-

314 1091 492 1132 rarum
533 1072 720 1130 schola
766 1069 898 1126 nihil
940 1065 1083 1122 aliud
1128 1063 1478 1135 [typostasim,
1511 1059 1611 1114 nisi
1637 1054 1714 1130 (α)
1742 1055 1890 1109 usian

315 1169 485 1226 novit.
517 1166 584 1222 Et
607 1165 910 1235 quisquam,
943 1175 1094 1229 rogo,
1122 1171 1216 1212 ore
1241 1153 1504 1223 sacrilego
1525 1160 1632 1206 tres
1654 1148 1891 1202 subsfan-

317 1260 413 1314 tias
433 1254 783 1329 praedicabit?
812 1251 928 1308 Una
955 1258 1038 1305 est
1062 1248 1154 1303 Dei
1180 1255 1235 1302 et
1260 1244 1370 1301 sola
1393 1251 1600 1306 natura,
1624 1253 1745 1310 qua:
1767 1249 1893 1329 vere

316 1361 420 1408 est.
436 1326 508 1404 ἰςι
537 1349 678 1404 enim
709 1344 852 1416 quod
879 1341 1120 1399 subsiStit
1144 1382 1158 1404 ,
1187 1353 1295 1393 non
1325 1336 1487 1391 habet
1514 1330 1729 1388 aliunde
1749 1371 1764 1395 ,
1795 1326 1892 1383 sed

319 1457 472 1499 suum
498 1449 601 1497 est.
627 1439 835 1495 Caetera
863 1451 982 1507 qua:
1008 1441 1186 1489 creata
1213 1439 1337 1486 sunt
1360 1470 1376 1496 ,
1407 1425 1618 1484 etiamsi
1647 1423 1894 1478 videnlur

318 1550 460 1600 esse,
489 1548 593 1588 non
620 1539 748 1587 sunt
767 1548 781 1584 :
798 1529 920 1600 quia
943 1522 1226 1596 aliquando
1247 1537 1352 1577 non
1374 1519 1621 1581 fuerunt;
1646 1523 1701 1571 et
1721 1519 1897 1583 potest

319 1640 528 1682 rursum
555 1637 661 1677 non
684 1635 825 1686 esse,
848 1617 989 1689 quod
1015 1613 1258 1670 nonfuit.
1285 1613 1425 1667 Deus
1448 1610 1596 1665 solus
1620 1607 1710 1678 qui
1736 1612 1896 1660 teter—

322 1733 422 1771 nus
446 1725 562 1780 est,
593 1712 694 1767 hoc
722 1719 805 1766 est
824 1750 840 1776 ,
867 1709 956 1779 qui
983 1705 1263 1762 exordium
1299 1717 1406 1758 non
1440 1700 1617 1765 habet,
1649 1695 1898 1753 essentia:

324 1822 517 1873 nomen
548 1819 673 1860 vere
701 1810 866 1858 tenet.
907 1799 1110 1854 Idcirco
1137 1805 1191 1851 et
1215 1795 1282 1850 ad
1311 1793 1527 1864 Moysen
1558 1789 1627 1844 de
1655 1787 1788 1843 rubo
1823 1785 1900 1840 lo-

323 1897 502 1967 quitur
527 1913 540 1948 :
570 1894 676 1965 Ego
713 1908 824 1946 sum
857 1892 942 1960 qui
979 1904 1093 1942 sum
1118 1901 1137 1940 :
1161 1895 1215 1941 et
1250 1898 1462 1939 rursum
1489 1900 1502 1936 :
1533 1879 1632 1946 Qui
1666 1885 1779 1940 est,
1823 1889 1900 1928 me

326 1988 460 2042 misit
484 1985 674 2057 (Exod.
705 1984 758 2038 ‘5.
786 1983 892 2052 M).
912 1981 1081 2035 Erant
1101 1977 1285 2045 utique
1308 1985 1430 2028 tunc
1454 1970 1666 2040 Angeli,
1684 1967 1900 2057 coelum,

328 2055 499 2146 terra,
517 2077 684 2132 maria
706 2095 720 2130 :
741 2083 796 2130 et
818 2069 1086 2143 quomodo
1107 2080 1390 2124 commune
1411 2078 1605 2118 nomen
1628 2055 1900 2121 essentite,

329 2171 404 2242 (ὁ)
434 2169 644 2241 proprie
682 2167 782 2221 sibi
814 2163 1046 2218 vindicat
1073 2159 1247 2215 Deus?
1275 2156 1378 2212 Sed
1402 2154 1521 2225 quia
1550 2152 1635 2206 illa
1663 2150 1776 2204 sola
1804 2161 1903 2242 ria-

277 2294 280 2296 η
463 2235 547 2315 est
561 2257 876 2330 perfecta,et
897 2254 951 2309 in
977 2253 1145 2307 tribus
1165 2247 1406 2319 personis
1425 2244 1604 2298 Deitas
1618 2254 1721 2294 una
1741 2235 1902 2292 subsi-

331 2355 424 2412 stit
453 2353 545 2426 [aL
586 2347 992 2422 persistit],qure
1024 2352 1270 2405 estvere,
1344 2331 1452 2408 ἀι
1528 2342 1701 2426 etuna
1719 2339 1907 2384 natura

327 2454 416 2503 est
439 2423 713 2516 {quisquis
741 2440 839 2494 tria
857 2451 996 2500 esse,
1014 2435 1118 2489 hoc
1143 2439 1246 2496 est,
1277 2438 1390 2483 tres
1418 2439 1538 2481 esse
1567 2423 1906 2494 hypostases,

333 2537 404 2608 (c)
454 2515 507 2590 id
537 2543 621 2589 est
648 2531 822 2595 usias,
851 2527 1012 2592 dicit,
1042 2523 1143 2578 sub
1169 2519 1384 2576 nomine
1415 2515 1648 2587 pietatis,
1678 2520 1784 2567 tres
1812 2523 1910 2608 na-

331 2598 485 2684 turas
511 2632 737 2681 conatur
766 2632 1030 2675 asserere.
1063 2616 1126 2669 Et
1150 2615 1196 2668 si
1223 2612 1296 2667 ita
1325 2618 1425 2675 est,
1455 2623 1552 2663 cur
1575 2605 1642 2660 ab
1665 2605 1792 2658 Ario
1813 2598 1909 2673 [ιιι.

327 2714 574 2788 Arionis]
626 2713 917 2784 parietibus
962 2719 1311 2778 separamur,
1357 2699 1580 2771 perﬁdia
1635 2693 1911 2767 copulati?

329 2810 596 2878 Juugatur
619 2819 740 2859 cum
763 2797 1099 2856 Beatitudine
1130 2806 1216 2850 tua
1239 2793 1317 2864 (ά)
1344 2791 1607 2853 Ursinus;
1641 2803 1760 2842 cum
1782 2788 1911 2878 Am-

333 2876 515 2955 brosio
544 2895 781 2950 societur
805 2889 1118 2945 Auxentius.
1141 2884 1294 2940 Absit
1322 2883 1423 2938 hoc
1447 2898 1477 2936 a
1502 2879 1741 2934 Romana
1771 2876 1908 2933 title:

336 2988 673 3057 sacrilegium
717 2993 921 3038 tantum
961 2979 1207 3048 religiosa
1253 2976 1569 3047 populorum
1603 2969 1765 3026 corda
1805 2983 1912 3024 non

338 3081 604 3134 hauriant.
645 3073 888 3131 Sufﬁciat
928 3071 1080 3126 nobis
1109 3069 1291 3125 dicere
1318 3081 1476 3121 unam
1519 3063 1868 3119 substantiam
1895 3103 1912 3129 ,

343 3180 452 3224 tres
481 3180 743 3238 personas
773 3162 1145 3226 subsistentes,
1175 3156 1462 3230 perfectas,
1491 3153 1746 3225 aequales,
1772 3167 1914 3208 coae-

347 3269 543 3314 ternas.
575 3257 876 3312 Taceantur
901 3263 1006 3309 tres
1033 3251 1348 3324 hypostases
1372 3289 1388 3317 ,
1419 3247 1464 3302 si
1490 3247 1700 3319 placet,
1729 3254 1784 3301 et
1814 3260 1916 3300 una

347 3360 607 3407 teneatur.
650 3348 764 3403 Non
804 3347 959 3402 bona:
995 3343 1314 3413 suspicionis
1353 3349 1454 3406 est,
1495 3354 1616 3394 eum
1647 3339 1699 3392 iu
1729 3335 1917 3392 eodem

344 3455 500 3495 sensu
521 3437 678 3493 verba
693 3435 1034 3492 dissentiunt.
1055 3431 1296 3488 Sufﬁciat
1313 3430 1466 3486 nobis
1493 3437 1785 3484 memorata
1801 3440 1920 3481 cre-

345 3531 556 3584 dulitas.
587 3531 692 3584 Aut
730 3527 774 3581 si
819 3535 1024 3581 rectum
1066 3524 1262 3594 putatis
1302 3531 1412 3578 tres
1450 3521 1766 3593 hypostases
1797 3532 1918 3573 cum

347 3622 456 3676 suis
485 3617 1016 3690 interpretationibus
1044 3615 1241 3670 debere
1270 3628 1368 3668 nos
1391 3612 1592 3674 dicere,
1623 3625 1729 3666 uon
1756 3623 1922 3678 nega-

349 3727 482 3766 mus.
520 3710 624 3766 Sed
656 3709 786 3764 mibi
826 3707 1028 3764 credite
1051 3747 1066 3771 ,
1101 3721 1362 3762 venenum
1404 3705 1505 3760 sub
1548 3703 1708 3759 melle
1748 3703 1920 3767 latet;

349 3803 740 3873 transiiguravit
782 3817 841 3856 se
883 3800 1106 3871 angelus
1144 3799 1356 3854 Satanae
1399 3799 1453 3852 in
1495 3797 1741 3866 angelum
1792 3793 1924 3849 lucis

351 3895 425 3964 (Ξ.
457 3895 572 3948 Cor.
601 3893 690 3948 11.
720 3891 832 3963 14).
867 3893 1010 3946 Bene
1040 3892 1458 3960 interpretantur
1487 3887 1836 3960 hypostasim,
1870 3893 1926 3940 et

349 4001 467 4040 cum
495 3985 548 4039 id
576 3983 718 4053 quod
747 3983 846 4053 ipsi
871 3990 1166 4053 exponunt,
1194 3980 1393 4036 habere
1420 3970 1728 4043 medicam,
1753 3977 1925 4033 hazreo

356 4077 489 4130 ticus
513 4075 747 4145 judicor.
777 4073 912 4140 Quid
947 4082 1052 4126 tam
1079 4071 1235 4126 anxie
1262 4085 1427 4125 unum
1456 4070 1682 4125 verbum
1707 4071 1925 4124 tenent?

355 4167 478 4236 quid
507 4167 605 4220 sub
634 4165 886 4234 ambiguo
912 4178 1161 4219 sermone
1191 4161 1446 4216 latitant?
1480 4161 1535 4217 Si
1563 4161 1642 4216 sic
1669 4159 1922 4225 credunt,

355 4256 422 4328 (ε)
456 4265 512 4312 ut
539 4259 990 4328 interpretantur,
1024 4270 1130 4309 non
1169 4253 1364 4310 danmo
1405 4253 1550 4324 quod
1585 4254 1840 4309 retinent.
1872 4253 1929 4308 Si

418 4453 483 4520 (α)
524 4455 588 4504 lis
606 4467 725 4520 sane
743 4490 758 4515 ,
787 4461 838 4504 et
859 4460 994 4504 retro
1019 4453 1319 4520 temporibus
1347 4452 1622 4520 _hypoqasis
1641 4451 1932 4520 vocabulum

356 4511 481 4568 sui};
496 4517 619 4577 apud
639 4511 832 4566 Graecos
854 4523 906 4565 et
928 4515 1052 4577 apud
1068 4511 1266 4564 Latinos
1283 4511 1592 4564 substantiam
1611 4512 1930 4577 signiﬁcabat,

357 4580 483 4628 unde
525 4575 647 4628 haud
686 4589 797 4626 raro
816 4575 1029 4626 occurrit
1050 4591 1189 4635 ουσίαν,
1212 4582 1265 4625 et
1285 4588 1483 4637 δεπάων
1507 4587 1595 4637 pro
1616 4588 1709 4623 una
1734 4575 1933 4624 eadem-

356 4654 453 4702 que
487 4653 544 4689 re
567 4639 692 4688 sumi
715 4639 841 4700 apud
868 4647 1081 4702 veteres.
1108 4637 1291 4702 Verum
1311 4649 1422 4685 cum
1445 4635 1600 4702 Graeci
1620 4637 1766 4702 trium
1790 4637 1934 4702 hypo-

356 4697 1091 4768 s'unseonassertoresjngenue
1114 4699 1438 4768 aperuissent,
1463 4697 1576 4768 quid
1613 4698 1726 4768 sibi_
1750 4697 1933 4749 vellent

356 4775 417 4812 eo
437 4761 669 4812 vocabulo
690 4797 706 4820 ,
742 4761 872 4823 quod
896 4759 982 4823 pro
1004 4762 1317 4810 subsistentia
1338 4759 1761 4823 accipi_comm_o_d_e
1798 4767 1937 4823 pote-

356 4833 447 4884 rat,
474 4823 631 4874 Latiui
653 4819 873 4885 persona;
893 4819 1070 4871 nomen
1092 4819 1462 4885 substituerunt.
1491 4819 1706 4885 Yidendi
1728 4821 1778 4869 in
1800 4819 1938 4885 hanc

356 4879 462 4947 rem
501 4879 742 4947 praecipue
759 4883 816 4947 _S.
843 4882 1109 4947 Gregorius
1128 4882 1457 4947 Nazianzenus
1491 4879 1626 4930 Orat.
1651 4881 1731 4947 332,
1771 4882 1935 4947 etBa-

357 4941 661 5010 silius'epistI
689 4945 800 4994 549.
841 4941 1238 5010 εόᾼΤειυεοιίυω.
1264 4941 1415 4992 Paulo
1457 4947 1568 5004 post
1601 4942 1794 5005 quidam
1818 4943 1934 4993 Mss.

356 5007 442 5057 sed
485 5007 626 5058 suum
655 5013 724 5057 est
738 5043 763 5067 _,
799 5007 924 5067 quod
956 5013 1042 5056 est.

428 5067 491 5134 ιδ)
529 5064 867 5134 Verior-facile
889 5067 1108 5134 videatur
1131 5064 1756 5134 Ambrosiauiexemplaris
1788 5064 1938 5116 lectio

367 5145 390 5191 ii
414 5123 659 5191 proprium
692 5130 784 5178 sibi
810 5129 1022 5179 vindieat
1053 5129 1192 5178 Deus
1215 5129 1227 5178 ε
1257 5127 1357 5191 Sed
1373 5127 1485 5191 quia
1508 5123 1586 5191 illa
1612 5123 1719 5175 sola
1742 5134 1850 5184 est,
1886 5134 1940 5177 et

360 5187 540 5240 inlecta
562 5196 750 5252 natura,
774 5197 825 5238 et
847 5191 895 5238 in
913 5192 1068 5238 u'ibus
1091 5190 1312 5252 personis
1332 5187 1570 5252 subsistit,
1586 5200 1681 5250 qua
1707 5201 1822 5252 vera
1845 5202 1941 5237 una

362 5258 531 5300 natura
559 5258 652 5300 est.
673 5265 696 5294 ι
726 5251 876 5313 Suum
899 5259 1062 5300 tamen
1087 5248 1236 5300 etiam
1256 5251 1492 5311 impressa
1515 5248 1672 5299 locum
1698 5250 1827 5299 tueri
1853 5263 1940 5313 po-

365 5317 464 5375 test
479 5325 499 5375 _;
519 5317 683 5375 atque
695 5312 820 5375 adeo
844 5325 939 5375 non
966 5314 1288 5361 immutamus.

431 5369 494 5440 lc)
515 5369 770 5440 lu_'eodem
780 5373 1098 5440 Ambrosiam
1121 5385 1266 5440 voces
1285 5370 1338 5440 id
1350 5376 1420 5440 est
1431 5370 1562 5440 asins
1576 5371 1939 5440 desiderantur.

365 5431 677 5504 Mdﬁpodem
698 5447 850 5484 sensu
868 5473 883 5492 ,
906 5435 994 5484 sed
1009 5436 1250 5504 brevius:
1283 5439 1340 5484 Et
1353 5431 1405 5504 _si
1423 5432 1495 5483 ita
1506 5438 1612 5504 _est,
1652 5433 1738 5496 qui
1757 5433 1817 5482 ab
1839 5431 1946 5483 .trii

366 5494 582 5559 partibus
604 5508 891 5559 separantur
911 5493 1121 5559 perﬁdia
1141 5496 1166 5559 ?_
1187 5500 1446 5557 Jtmgatur,
1470 5501 1568 5559 e_tc_.

433 5552 668 5667 (dLHunc
693 5552 968 5607 Ursicinum
981 5552 1477 5614 recentiores'vocant,
1493 5554 1699 5617 fuitque,
1713 5562 1944 5606 utnotum

433 5626 461 5667 ι.
531 5631 693 5667 amaso
715 5619 765 5666 in
789 5616 1070 5666 Pontilicatu
1093 5617 1400 5667 competitor.
1419 5623 1471 5664 et
1491 5617 1681 5663 Ariauas
1697 5617 1944 5667 haereseos

369 5616 461 5678 est,
485 5616 693 5668 Damaso
715 5619 765 5666 in
789 5616 1070 5666 Pontilicatu
1093 5617 1400 5678 competitor,
1419 5623 1471 5664 et
1491 5616 1681 5678 Arianae
1697 5617 1947 5667 haereseos

367 5676 639 5741 suspectus.
664 5680 943 5729 Auxentius
959 5690 1077 5725 vero
1100 5676 1386 5741 Arianorum
1407 5677 1691 5741 acerrimus,
1714 5679 1947 5741 adversus

369 5735 516 5802 quem
539 5740 592 5789 S.
613 5740 860 5789 Ambrosii
884 5751 1046 5802 sermo
1069 5744 1205 5802 extat
1226 5735 1295 5802 de
1308 5748 1401 5784 non
1430 5735 1686 5788 tradendis
1708 5738 1942 5791 Basilicas.

437 5798 497 5868 (ε)
526 5802 852 5858 Ambrosiau.;
883 5797 1017 5848 sisic
1039 5799 1260 5857 credunt,
1279 5795 1664 5861 interpretentur.

608 5882 672 5944 S.
718 5883 1086 5941 HIERONYMI
1133 5881 1174 5940 Ι.

1675 387 2003 447 EPISTOLA
2043 386 2180 444 XVI.
2243 448 2246 450 γ

3469 389 3574 444 558

1995 504 2075 560 sic
2097 501 2262 560 credo
2284 543 2300 570 ,
2333 509 2389 557 ut
2416 499 2517 571 ipsi
2543 499 2830 557 sentirem
2852 499 3104 556 simulant
3123 541 3138 566 ,
3180 501 3494 572 permittant
3521 512 3577 560 et

1993 595 2125 650 mihi
2151 594 2287 650 meis
2314 591 2494 648 verbis
2521 607 2676 649 suum
2708 606 2924 648 sensum
2950 591 3114 663 loqui.

2063 685 2118 741 5.
2147 684 2504 751 Quamobrem
2525 682 2763 738 obtestor
2775 682 3164 736 Bcatitudinem
3182 690 3326 737 tuam
3347 674 3443 752 per
3463 697 3581 737 eru-

1994 774 2202 830 ciiixam
2233 774 2305 846 (ί)
2344 772 2526 828 mundi
2571 772 2797 827 salutem
2821 812 2838 834 ,
2869 787 2963 841 per
2991 771 3304 828 homousian
3342 775 3578 830 Trinita-

1997 873 2135 930 tem,
2184 874 2244 920 ut
2288 864 2418 919 mihi
2468 863 2707 934 epistolis
2746 862 2871 928 tuis,
2900 863 3014 919 sive
3061 864 3436 932 tacendarum,
3467 867 3582 922 sive

1996 956 2340 1012 dicendarum
2368 957 2722 1027 hypostaseon
2747 953 2904 1010 detur
2924 954 3232 1018 auctoritas.
3257 955 3324 1009 Et
3351 970 3420 1011 ne
3447 955 3582 1012 forte

1998 1047 2298 1102 obscuritas
2322 1047 2446 1110 loci,
2475 1047 2525 1100 in
2553 1060 2660 1116 quo
2681 1045 2841 1114 dego,
2861 1043 3008 1098 fallat
3025 1044 3234 1114 baiulos
3260 1044 3580 1110 litterarum.

1997 1139 2064 1194 ad
2093 1140 2376 1210 Evagrium
2407 1139 2807 1210 Presbyterum,
2847 1152 3004 1207 quem
3034 1139 3237 1207 optime
3285 1138 3456 1203 nosti,
3499 1137 3583 1192 di-

1999 1245 2162 1301 gnare
2186 1229 2383 1301 scripta
2427 1229 2807 1283 transmittere.
2847 1226 3016 1283 Simul
3058 1228 3256 1293 etiam,
3306 1227 3393 1282 cui
3430 1227 3584 1298 apud

2001 1321 2344 1378 Antiochiam
2383 1320 2606 1378 debeam
2659 1321 3058 1376 communicare
3097 1318 3364 1390 significes
3410 1337 3425 1376 :
3463 1322 3587 1390 quia

2004 1416 2327 1485 Campenses
2354 1429 2474 1469 cum
2503 1411 2580 1486 (g)
2614 1411 3004 1467 Tharsensibus
3031 1409 3296 1466 haereticis
3319 1410 3586 1480 copulati,

2005 1508 2135 1564 nihil
2159 1506 2301 1562 aliud
2331 1505 2594 1569 ambiunt,
2629 1519 2790 1574 quam
2817 1512 2876 1557 ut
2911 1502 3228 1557 auctoritate
3254 1500 3590 1556 communio-

2006 1599 2088 1654 nis
2125 1605 2316 1652 vestra:
2346 1595 2464 1651 t‘ulti
2485 1635 2500 1663 ,
2537 1607 2644 1649 tres
2686 1594 3000 1664 bypostases
3034 1606 3157 1648 cum
3182 1592 3403 1664 antiquo
3429 1606 3602 1648 sensu:

2006 1687 2315 1759 praedicent.

2393 1795 2502 1870 42
2578 1793 2908 1850 EPISTOLA
2952 1791 3071 1848 xvr
3096 1792 3203 1867 (It).

2507 1944 2575 1983 AD
2613 1940 2858 1982 ολιιλευιι
2896 1939 3089 1982 ΡΔΡΔΙΙ.

2013 2061 2166 2132 Apud
2187 2076 2334 2131 quem
2357 2076 2421 2115 ea:
2444 2060 2622 2123 tribus,
2654 2059 2740 2129 qui
2761 2059 3124 2114 Antiochenam
3152 2057 3432 2114 Ecclesium
3457 2059 3594 2112 scin-

2084 2153 2208 2206 dunt
2227 2194 2241 2217 ,
2263 2151 2438 2206 debeat
2477 2152 2876 2217 communicare,
2910 2160 2964 2204 ut
2989 2149 3086 2204 sibi
3106 2149 3382 2221 signiﬁcet,
3413 2151 3614 2204 itermn'

2087 2243 2380 2298 obtestatur.

2089 2379 2141 2434 1.
2167 2377 2472 2448 lmportuna
2501 2377 2556 2433 in
2587 2377 2875 2450 Evangelio
2903 2377 3099 2434 mulier
3145 2377 3362 2434 tandem
3407 2379 3602 2435 meruit

2016 2469 2188 2526 audiri
2238 2468 2464 2540 (Matth.
2495 2471 2584 2526 15.
2609 2469 2714 2542 28)
2744 2489 2758 2525 :
2785 2479 2838 2526 et
2863 2470 3050 2526 clauso
3073 2485 3194 2526 cum
3223 2471 3400 2526 servis
3428 2472 3598 2536 ostio,

2017 2563 2191 2618 media
2236 2563 2362 2618 licet
2401 2575 2578 2629 nocte,
2625 2563 2695 2617 ab
2741 2563 2914 2618 amico
2953 2578 3117 2633 panes
3157 2563 3362 2620 amicus
3397 2564 3604 2634 accepit

2019 2652 2182 2726 (Luc.
2212 2653 2299 2708 11.
2329 2652 2424 2724 8).
2458 2653 2598 2708 Deus
2628 2653 2759 2722 ipse,
2791 2653 2880 2722 qui
2916 2653 3076 2708 nullis
3103 2663 3290 2708 contra
3315 2654 3604 2710 se‘viribus

2017 2743 2259 2814 superari
2309 2751 2505 2814 potest,
2551 2744 2818 2814 publicani
2859 2743 3108 2813 precibus
3131 2743 3382 2800 vincitur.
3413 2744 3605 2802 Ninive

2019 2837 2227 2902 civitas,
2251 2851 2367 2907 quae
2390 2845 2606 2907 peccato
2627 2836 2803 2906 periit,
2820 2835 3031 2893 ﬂetibus
3050 2836 3369 2908 stetit(Jon.
3393 2838 3448 2893 3.
3476 2838 3603 2908 1ο).

2020 2927 2282 2998 Quorsum
2309 2927 2407 2982 ista
2440 2935 2546 2982 tam
2575 2927 2734 2998 longo
2755 2928 2976 2998 repetita
3006 2928 3303 3000 principio?
3326 2928 3604 2996 Videlicet,

2022 3027 2082 3073 ut
2107 3032 2330 3090 parvum
2366 3032 2592 3087 magnus
2633 3016 2892 3087 aspicias;
2926 3026 2984 3072 ut
3006 3016 3158 3073 dives
3187 3017 3374 3073 Pastor
3401 3019 3607 3074 morbi-

2021 3112 2145 3167 dam
2174 3125 2280 3165 non
2307 3116 2622 3164 contemnas
2649 3123 2825 3164 ovem.
2863 3107 3105 3166 Christus
3125 3109 3180 3164 in
3208 3110 3508 3181 paradisum
3539 3110 3609 3168 de

2024 3217 2184 3258 cruce
2212 3202 2475 3258 latronem
2501 3201 2678 3256 intulit
2697 3199 2715 3272 (
2737 3200 2861 3256 Luc.
2893 3202 2979 3257 11.
3007 3203 3117 3274 42)
3150 3219 3164 3258 :
3193 3212 3247 3258 et
3274 3219 3342 3259 ne
3361 3205 3481 3274 quis
3505 3204 3610 3260 ali-

2024 3292 2237 3363 quando
2257 3307 2432 3348 seram
2451 3292 2857 3348 conversionem
2885 3299 3116 3362 putaret,
3147 3292 3272 3350 fecit
3295 3291 3359 3366 (i)
3379 3293 3610 3352 homici-

2025 3385 2099 3440 dii
2153 3400 2308 3455 pcua
2356 3385 2688 3455 martyrium.
2738 3383 3014 3452 Christus,
3056 3385 3298 3456 inquam,
3331 3387 3612 3458 prodigum

2029 3477 2194 3532 tilium
2224 3485 2584 3531 revertentem
2628 3476 2782 3531 laatus
2827 3476 3168 3547 amplectitur
3193 3475 3343 3546 (Luc.
3371 3480 3464 3536 15.
3490 3478 3609 3549 20),

2027 3577 2081 3624 et
2107 3569 2390 3638 nonaginta
2418 3581 2608 3622 novem
2634 3566 2710 3640 (1)
2741 3567 3034 3636 pecudibus
3048 3567 3336 3636 derelictis,
3367 3585 3470 3625 una
3499 3571 3613 3626 ovi-

2029 3660 2172 3727 cula,
2201 3674 2322 3730 quae
2339 3667 2688 3723 remanserat,
2714 3657 2952 3714 humeris
2981 3658 3108 3715 boni
3131 3659 3370 3717 Pastoris
3391 3662 3614 3718 advehi-

2032 3759 2116 3806 tur
2141 3751 2158 3820 (
2183 3746 2312 3804 Luc.
2337 3749 2482 3817 i5,8
2505 3750 2544 3820 ).
2567 3749 2762 3804 Paulus
2787 3763 2851 3803 ex
2882 3760 3226 3819 persecutore
3259 3749 3320 3805 iit
3352 3751 3614 3822 praedica-

2033 3848 2154 3906 tor;
2208 3838 2379 3894 oculis
2425 3839 2728 3894 carnalibus
2783 3849 3117 3905 exerceatur,
3164 3850 3224 3894 ut
3270 3849 3449 3897 mente
3495 3842 3616 3912 plus

2033 3929 2210 3984 videat
2234 3937 2287 3984 et
2312 3928 2402 3998 qui
2442 3929 2648 3984 vinctos
2670 3928 2868 3984 Christi
2894 3929 3122 3984 famulos
3144 3929 3373 3986 ducebat
3393 3932 3460 3986 ad
3487 3947 3618 3988 con-

2032 4019 2216 4074 cilium
2243 4017 2572 4085 Judzcorum,
2600 4018 2716 4087 ipse
2737 4013 2920 4089 postea
2940 4018 3101 4074 etiam
3122 4018 3192 4075 de
3209 4019 3410 4077 Christi
3430 4023 3586 4079 vincu
3601 4055 3619 4070 ο

2035 4111 2102 4167 lis
2135 4111 2392 4182 gloriatur
2443 4109 2592 4181 (Aet.
2635 4108 2730 4182 9).

2105 4203 2162 4258 2.
2193 4203 2308 4274 Ego
2334 4201 2527 4272 igitur,
2555 4210 2615 4258 ut
2655 4210 2779 4257 ante
2801 4201 2912 4272 jam
2943 4201 3132 4274 scripsi
3161 4201 3266 4276 (2),
3295 4203 3494 4261 Christi
3522 4221 3620 4262 ve-

2036 4305 2172 4351 stem
2196 4297 2249 4349 in
2273 4293 2514 4350 Romana
2542 4293 2675 4349 urbe
2699 4294 3013 4364 suscipiens,
3035 4309 3176 4350 nunc
3195 4295 3423 4352 barbaro
3450 4295 3622 4369 Syrias

2039 4386 2208 4440 limite
2236 4394 2438 4440 teneor.
2465 4383 2532 4438 Et
2560 4399 2627 4438 ne
2649 4391 2803 4454 putes
2830 4383 3050 4439 alterius
3078 4383 3213 4438 hanc
3239 4384 3308 4440 de
3335 4399 3422 4440 me
3456 4385 3622 4440 fuisse

2038 4477 2381 4542 sententiam,
2407 4474 2536 4545 quid
2580 4489 2838 4542 mererer,
2870 4473 2984 4542 ipse
3005 4474 3279 4528 constitui.
3309 4473 3531 4542 Verum,
3564 4485 3622 4530 ut

2039 4568 2110 4622 ait
2127 4567 2352 4624 Gentilis
2374 4565 2536 4622 Poeta
2561 4582 2574 4619 :
2601 4563 2792 4620 Caelum
2812 4580 2912 4618 non
2937 4564 3163 4618 animum
3179 4573 3361 4631 mutat,
3378 4566 3464 4636 qui
3483 4575 3624 4620 trans

2108 4700 2167 4770 (Γ)
2216 4701 2520 4770 Reponimus
2541 4699 2677 4770 quod.
2694 4698 2961 4770 vetustiora
2980 4695 3278 4770 exemplaria
3299 4711 3494 4770 “magno
3533 4714 3621 4750 ιω-

2041 4758 2197 4826 nisis,
2226 4770 2277 4812 et
2294 4758 2583 4826 concinuius
2603 4761 2804 4826 habent,
2827 4758 3330 4826 antea_enim'vu_lgati
3347 4797 3362 4822 ,
3387 4758 3475 4826 ﬁer
3509 4775 3622 4812 cru-

2041 4819 2247 4881 ciﬁxum
2269 4821 2437 4873 mundi
2458 4820 2677 4878 salutem,
2706 4827 2750 4881 et
2773 4819 3047 4870 Itomousion

2116 4885 2180 4950 (g)
2204 4886 2298 4943 Qui
2315 4892 2599 4950 Campenses
2614 4880 2922 4950 intelligendi
2937 4881 3055 4941 sint,
3065 4883 3435 4950 supradiximus
3452 4884 3628 4950 ;'l‘l_tar-

2044 4943 2219 4998 sensus
2241 4959 2361 5008 vero
2384 4943 2607 5008 haeretici
2639 4943 2797 5008 eraut'
2817 4943 3106 5008 Tharsensis
3142 4943 3365 5008 Episcopi
3387 4943 3590 5008 asseclte
3612 4987 3626 5005 ,

2045 5011 2152 5058 sive
2175 5007 2366 5065 quidam
2407 5006 2712 5062 Semiariaui,
2737 5012 2821 5054 aut
2855 5004 3209 5065 Macedoniam,
3231 5004 3448 5065 quicum
3470 5004 3628 5058 Silva;

2047 5083 2161 5119 num
2185 5065 2360 5120 'l‘harsi
2382 5067 2441 5116 ad
2465 5065 2714 5116 Liberium
2736 5067 2984 5115 misissent
3003 5077 3082 5125 an,
3106 5067 3219 5119 366.
3247 5065 3302 5117 ln
3327 5070 3626 5120 communio-

2047 5144 2161 5193 nem
2203 5131 2393 5193 recepti
2431 5134 2563 5193 sunt,
2590 5133 2643 5193 et
2663 5126 2807 5193 paulo
2829 5133 2939 5191 post
2961 5127 3110 5193 etiam
3132 5130 3182 5178 iu
3201 5125 3478 5193 Tyannensi
3503 5129 3629 5193 Con-

2047 5192 2175 5248 cilio,
2201 5187 2398 5240 cum'ab
2434 5187 2613 5239 haresi
2646 5187 2892 5239 recedere
2931 5187 3262 5240 simulassenti
3304 5188 3395 5240 Alii
3419 5190 3631 5240 asseclas

2048 5251 2264 5315 Diodori,
2297 5265 2445 5315 quem
2487 5249 2719 5315 Meletius
2757 5249 3041 5315 ab__exsilio
3082 5251 3241 5315 redux
3263 5250 3630 5315 _Tharsensium

2049 5310 2335 5376 Episcopum
2377 5315 2660 5371 constituit,
2698 5310 3008 5374 intelligunt;
3051 5311 3140 5376 sed
3183 5310 3313 5376 male
3349 5312 3632 5375 Hieronymi

2049 5373 2266 5436 mentem
2302 5385 2624 5436 assequuntur
2650 5381 2702 5423 et
2725 5373 2997 5436 temporum
3017 5373 3234 5423 rationes
3255 5373 3442 5436 ineunt.

2139 5435 2212 5502 [t)_
2228 5436 2355 5502 Atius
2476 5434 2666 5502 _s_cripta
2683 5437 2788 5502 post
2809 5433 2988 5502 aliquot
3005 5446 3189 5484 menses
3205 5447 3237 5483 a
3257 5433 3522 5502 superiore.

2117 5491 2247 5563 (i)'[n
2272 5497 2452 5606 aliquot
2475 5491 2595 5546 Mss:
2614 5491 2863 5547 Itoinicidii
2887 5491 3077 5558 poenam
3099 5507 3201 5546 esse
3221 5491 3528 5556 martyrium,
3555 5491 3632 5540 le-

2050 5560 2214 5608 ctione
2239 5558 2332 5607 hau
2387 5559 2583 5606 omnino
2626 5559 2891 5620 incongrua
2929 5557 3191 5606 invenitur.
3235 5554 3477 5604 Victorius
3514 5565 3634 5602 vero

2051 5632 2258 5684 pruriant
2267 5620 2434 5684 maluit
2457 5632 2542 5680 pro
2565 5630 2723 5682 paena.

2115 5680 2430 5744 (1)V_Gravius
2457 5675 2490 5728 ὲ
2514 5675 2708 5730 vetusto
2735 5678 2904 5729 codice
2933 5683 2980 5728 et
3002 5675 3261 5740 nonaginta
3301 5687 3468 5726 novem
3503 5675 3635 5728 sanis

2056 5741 2334 5806 νειῗτέαὶρυδν
2362 5749 2457 5806 θεο-

2130 5801 2194 5870 (2)
2231 5803 2496 5864 Superiorc
2522 5801 2725 5864 epistola
2747 5815 2793 5851 n.
2824 5802 2866 5850 1.

3048 5885 3334 5966 (Dousa)
