4136 6332
509 543 648 585 mare
675 523 827 580 currit
854 520 1138 596 (Horatius
1157 519 1245 575 lib.
1276 519 1329 586 Ι,
1365 517 1512 589 epist.
1540 517 1599 572 ll
1623 516 1666 589 ),
1693 516 1762 572 ita
1793 531 1880 573 me
1915 531 2087 572 Inces-

507 619 688 675 sabilis
726 615 972 674 inimicus
999 620 1118 684 post
1145 619 1349 682 tergum
1393 617 1649 680 sequutus
1671 618 1772 674 est,
1805 618 1862 664 ut
1885 608 2086 680 majora

505 710 560 765 in
585 706 871 763 solitudine
907 705 1045 767 bella
1072 717 1218 758 nunc
1246 701 1436 773 patiar.
1469 699 1604 754 llinc
1628 699 1770 756 enim
1799 700 1874 768 (α)
1902 699 2088 768 praesi-

504 800 608 856 diis
634 797 764 864 fulta
801 795 983 852 mundi
1009 794 1203 850 Ariana
1274 790 1382 865 43
1452 789 1628 846 rabies
1652 788 1846 846 fremit.
1874 788 2010 844 Hinc
2030 788 2084 842 in

503 899 614 947 tres
638 897 817 961 partes
841 887 1009 942 scissa
1053 883 1291 941 Ecclesia
1336 881 1404 938 ad
1438 896 1498 937 se
1523 895 1713 951 rapere
1739 895 1827 935 me
1844 876 2083 934 festinat.

503 979 580 1054 (b)
597 979 979 1036 Monachorum
993 976 1138 1032 circa
1153 973 1478 1030 manentium
1504 971 1717 1041 antiqua
1735 970 1788 1024 in
1805 983 1892 1024 me
1917 968 2087 1039 surgit

501 1072 814 1129 auctoritas.
843 1070 956 1139 Ego
985 1066 1192 1124 interim
1219 1065 1454 1130 clamito,
1483 1064 1530 1119 si
1551 1064 1670 1134 quis
1695 1060 1962 1118 cathedrae
1987 1059 2086 1115 Pe-

502 1167 573 1222 tri
595 1165 856 1238 jungitur,
881 1176 1032 1218 meus
1057 1169 1158 1216 est.
1195 1157 1268 1230 (c)
1314 1154 1592 1221 Meletius,
1647 1153 1873 1220 Vitalis,
1923 1161 2084 1221 atque

499 1255 759 1312 Paulinus
786 1255 876 1310 tibi
899 1253 1106 1309 haerere
1123 1267 1182 1307 se
1204 1250 1408 1314 dicunt,
1434 1261 1645 1318 possem
1667 1245 1887 1302 credere
1906 1245 1950 1300 si
1981 1243 2084 1298 hoc

499 1362 639 1403 unus
665 1352 949 1402 assereret.
977 1343 1128 1398 Nunc
1154 1351 1246 1396 aut
1258 1341 1364 1395 duo
1380 1339 1726 1401 mentiuntur,
1759 1344 1850 1390 aut
1872 1348 2082 1390 omnes.

499 1436 703 1494 Idcirco
729 1435 970 1492 obtestor
999 1431 1386 1488 Beatitudinem
1417 1437 1585 1494 tuam,
1631 1441 1728 1496 per
1750 1439 1964 1480 crucem
1990 1424 2085 1478 Do-

499 1529 655 1596 mini,
686 1541 780 1598 per
804 1527 884 1598 (d)
915 1523 1272 1580 necessarium
1301 1520 1424 1575 ﬁdei
1454 1525 1650 1573 nostra:
1674 1516 1860 1582 decus,
1880 1515 2085 1585 passio-

499 1634 622 1675 nem
649 1618 865 1689 Christi,
899 1625 958 1672 ut
1000 1616 1090 1684 qui
1133 1612 1420 1683 Apostolus
1460 1609 1664 1664 honore
1707 1608 1970 1678 sequeris,
1996 1619 2084 1661 se.

498 1709 678 1779 quaris
689 1717 744 1763 et
759 1707 950 1762 merito
966 1723 980 1760 :
999 1706 1067 1758 ita
1091 1703 1143 1758 in
1161 1702 1297 1758 solio
1317 1716 1435 1756 cum
1451 1697 1733 1754 duodecim
1749 1695 2084 1767 iudicaturus

497 1799 724 1856 sedeas:
749 1798 822 1852 ita
859 1806 913 1852 te
939 1795 1074 1851 alius
1099 1808 1286 1850 senem
1322 1806 1442 1848 cum
1468 1789 1630 1846 Petro
1658 1787 1732 1860 (ε)
1755 1787 1932 1858 cingat
1959 1803 1973 1839 :
2007 1785 2078 1840 ita

498 1888 881 1960 municipatum
909 1886 1032 1943 curii
1077 1900 1198 1939 cum
1231 1883 1395 1940 Paulo
1424 1880 1768 1952 consequaris
1789 1920 1806 1946 ,
1855 1887 1915 1934 ut
1952 1877 2084 1934 mihi

499 1982 687 2038 litteris
715 1980 844 2045 tuis,
879 1978 945 2050 (ι’)
977 1976 1114 2048 apud
1145 1991 1300 2046 quem
1330 1975 1381 2029 in
1410 1972 1562 2044 Syria
1593 1972 1817 2027 debeam
1838 1983 2082 2026 commu-

499 2075 700 2142 nicare,
739 2071 1025 2143 signiﬁces.
1075 2068 1193 2124 Noli
1237 2067 1514 2136 despicere
1555 2063 1824 2128 animam,
1856 2075 1954 2132 pro
1979 2074 2083 2132 qua

502 2161 740 2218 Christus
789 2170 1032 2218 mortuus
1059 2168 1162 2216 est.

970 2268 1296 2327 EPISTOLA
1339 2266 1477 2322 XVII
1524 2266 1619 2336 (g).

854 2381 921 2420 sn
963 2364 1038 2436 (Ιι)
1076 2377 1288 2418 usucuu
1327 2373 1725 2415 esssav'rsnuu.

504 2479 675 2533 Marco
704 2477 824 2547 ﬁdei
844 2492 951 2532 suta
977 2476 1038 2530 de
1056 2473 1306 2528 Trinitate
1326 2471 1688 2541 profusionem
1709 2483 1824 2522 cum
1849 2465 2083 2521 Romana

567 2581 610 2624 et
641 2569 990 2624 Alexandrina
1025 2565 1266 2620 Ecclesiis
1293 2575 1647 2634 congruentem
1667 2560 1891 2629 exponit,
1924 2559 2085 2612 dolet-

566 2680 662 2734 que
703 2663 1019 2732 plurimum,
1058 2659 1192 2729 quod
1233 2657 1542 2710 Arianorum
1571 2653 1789 2724 factione
1831 2651 1981 2704 amici
2005 2650 2084 2703 sui

569 2753 829 2810 discedere
857 2767 920 2806 ea:
947 2749 1134 2804 Eremo
1161 2746 1411 2815 compulsi
1435 2746 1558 2812 sint,
1585 2744 1794 2814 ipseque
1811 2741 1878 2795 ad
1923 2741 2081 2795 relin-

566 2842 770 2914 quenda
793 2857 851 2897 ea
879 2841 992 2895 loca
1009 2839 1230 2910 quotidie
1261 2844 1546 2907 expetatur.

573 2961 628 3012 l.
657 2957 1018 3012 Decreveram
1065 2951 1277 3022 quidem
1327 2948 1580 3003 utendum
1628 2946 1756 3024 mihi
1788 2945 2085 3001 Psalmistzc

503 3066 630 3106 voce
678 3047 906 3106 dicentis
939 3063 954 3101 :
983 3044 1111 3100 Cum
1149 3042 1440 3096 consisteret
1475 3039 1738 3094 aduersum
1785 3054 1864 3092 me
1905 3051 2085 3106 pecca-

504 3155 614 3208 tor,
673 3138 931 3204 obmutui,
985 3146 1034 3192 et
1077 3133 1372 3190 humiliatus
1415 3149 1553 3196 sum,
1603 3141 1650 3185 et
1701 3131 1818 3186 silui
1868 3147 1901 3184 a
1943 3129 2086 3184 bonis

503 3232 631 3303 (Ps.
661 3229 789 3300 58).
821 3230 889 3284 Et
927 3229 1117 3283 iterum
1153 3223 1300 3295 :Ego
1347 3238 1464 3277 vero
1497 3231 1736 3290 tanquam
1773 3220 1959 3276 surdus
1985 3237 2086 3274 non

502 3322 780 3386 audiebam,
813 3329 860 3374 et
885 3327 1124 3389 tanquam
1143 3323 1309 3369 mutus
1341 3328 1442 3367 non
1459 3313 1691 3382 aperiens
1728 3328 1784 3366 os
1827 3328 1992 3377 suum,
2039 3321 2087 3366 et

504 3423 668 3489 [actus
694 3431 807 3470 sum
831 3421 887 3468 ut
915 3414 1063 3468 homo
1089 3427 1194 3465 non
1217 3408 1428 3463 audiens
1472 3405 1599 3479 (Ps.
1649 3406 1717 3460 37
1738 3405 1780 3476 ).
1819 3403 1924 3461 Sed
1963 3404 2085 3476 quia

502 3510 697 3566 caritas
716 3507 894 3563 omnia
922 3513 1160 3574 superat,
1187 3510 1242 3557 et
1263 3500 1593 3572 propositum
1632 3498 1796 3554 vincit
1819 3497 2040 3554 ail‘cctus
2073 3516 2084 3552 :

503 3617 609 3656 non
642 3608 751 3654 tam
777 3597 1022 3668 injuriam
1048 3591 1362 3648 facientibus
1386 3590 1552 3647 reddo
1577 3590 1768 3656 vicem,
1810 3605 1967 3660 quam
1995 3589 2088 3644 tibi

504 3689 805 3762 respondeo
824 3685 1132 3760 postulanti.
1153 3682 1306 3754 Apud
1325 3681 1662 3739 Christianos
1681 3681 1844 3747 enim,
1865 3697 1969 3735 non
1998 3679 2088 3750 qui

504 3785 733 3856 patitur,
760 3790 819 3837 ut
845 3780 921 3836 ait
945 3778 1009 3853 (i)
1031 3776 1269 3850 quidam,
1293 3775 1390 3832 sed
1413 3777 1501 3846 qui
1543 3776 1666 3832 facit
1691 3775 2086 3842 contumeliam,

503 3875 668 3930 miser
689 3881 791 3929 est.

575 3964 686 4039 46
753 3963 809 4021 2.
835 3963 1075 4030 Queritur
1092 3977 1236 4016 suam
1258 3959 1451 4028 offendi
1465 3959 1633 4028 ﬁdem,
1649 3974 1761 4031 qua
1774 3958 1945 4014 eadem
1967 3970 2090 4013 esset

506 4075 622 4112 eum
639 4057 732 4112 illa
760 4054 970 4110 Damasi
985 4064 1030 4109 et
1053 4052 1196 4108 Petri
1217 4053 1507 4107 Alcm—Et
1523 4053 1694 4122 primo
1714 4051 1925 4122 quidem
1943 4063 2093 4106 ante-

507 4164 666 4220 quam
693 4146 762 4204 de
786 4146 890 4204 ﬁde
911 4161 1052 4212 mea,
1081 4160 1238 4216 quam
1266 4145 1467 4215 optime
1490 4144 1652 4210 nosti,
1675 4154 1846 4200 tecum
1884 4143 2090 4214 loquar,

509 4239 768 4293 adversus
803 4227 1100 4290 barbariem
1141 4234 1293 4289 istius
1329 4233 1456 4301 loci,
1471 4249 1626 4289 versu
1665 4249 1829 4305 Cogor
1860 4227 2092 4289 clamare

509 4331 721 4387 vulgato
751 4345 766 4382 :

585 4347 721 4401 Igato
751 4347 766 4382 :

585 4420 734 4490 Quod
754 4435 910 4491 genus
944 4418 1036 4472 hoc
1059 4416 1354 4469 hominum?
1383 4431 1551 4484 qua've
1579 4415 1709 4467 hunc
1753 4427 1852 4468 tam
1883 4403 2094 4469 barbara

651 4528 839 4567 morem

593 4604 843 4658 Permittit
871 4601 1080 4672 patria?
1105 4598 1327 4672 hospitio
1352 4597 1671 4669 prohibemur
1695 4611 1880 4651 arente.

582 4739 660 4812 (α)
678 4736 917 4812 Nimirum
935 4735 1186 4812 Metus
1194 4735 1291 4812 at}!
1303 4733 1528 4812 Ereti?!“
1543 4731 1764 4812 395919.!
1771 4733 2101 4812 Esuriem:

512 4793 652 4864 gistri
694 4798 900 4847 militum
937 4796 1120 4860 judicio
1159 4793 1493 4845 controversas
1530 4795 1816 4843 Arianorum
1849 4793 2100 4845 'Ecclesias

514 4860 757 4906 obtinuit.
783 4862 989 4906 eiusque
1028 4856 1180 4906 fultus
1219 4856 1440 4906 praesidio
1466 4858 1608 4906 trium
1633 4855 1954 4906 bvuostasium
1993 4869 2100 4906 nro-

514 4863 726 4932 cbtinuit
742 4895 757 4918 ,
783 4863 989 4967 ejusque
1028 4863 1190 4929 fultus
1218 4863 1440 4918 praesidio
1466 4863 1608 4928 trium
1633 4863 1954 4920 hypostasium
1993 4869 2102 4920 [.1'0-

515 4926 781 4992 ἐξξιρειρῖη
805 4918 900 4992 3..“
924 4931 1154 4992 θνρέιῐηιο
1177 4924 1453 4992 ιιξιίιξοειειηε
1479 4918 1764 4992 εὶῖυεκθκιὲἒῖεμ
1979 4978 2017 4992 ..
2062 4991 2069 4992 ,

579 4982 653 5043 (b)
665 4981 929 5043 Vetustior
938 4980 1014 5029 edi
1021 4977 1105 5036 tio,
1119 4992 1174 5028 ac
1184 4977 1532 5043 MSS._n0llll_l_llli
1552 4977 1966 5043 eommanentium.
1979 4978 2099 5043 Por-

518 5038 859 5094 ro'llonachos
879 5041 993 5090 illos
1014 5042 1063 5091 in
1084 5041 1314 5102 sequenti
1336 5038 1395 5088 ad
1433 5038 1645 5088 Marcum
1669 5040 1872 5101 epistola
1897 5054 2028 5089 num.
2052 5040 2100 5089 2.

519 5105 1053 5168 pluribusjnsectatur.

586 5167 656 5229 (c)
671 5163 904 5229 Helenus
920 5163 1118 5229 quidem
1140 5173 1290 5229 sensu
1312 5173 1420 5229 cum
1435 5159 1644 5229 Damasi)
1663 5160 2000 5220 concordabat,
2015 5162 2104 5212 sed

521 5220 618 5278 non
638 5220 839 5291 quibus,
859 5239 917 5291 se
938 5220 1261 5291 "exprimebat
1279 5222 1464 5291 verbis.
1488 5220 1720 5271 Paulinus
1744 5235 1862 5272 vero
1884 5237 1977 5274 nec
1991 5237 2105 5274 sen-

519 5303 596 5350 su,
621 5283 720 5350 nec
741 5289 907 5350 verbis
925 5287 990 5336 ab
1008 5283 1077 5350 eo
1092 5283 1377 5350 dissidebat.

584 5342 978 5415 '(d)Vetust_iores
1002 5346 1123 5415 editi
1140 5357 1226 5415 per
1247 5342 1572 5414 necessitatem
1585 5343 1771 5415 decoris
1779 5343 2104 5415 fideinostrte,

524 5407 782 5480 tur'n'cum
805 5409 990 5474 aliquot
1022 5407 1209 5480 Μρδίρι
1232 5407 1526 5480 passionem,
1550 5411 1603 5456 ut
1638 5417 1720 5468 qut
1749 5407 1862 5470 (alii
1898 5407 1967 5458 ita
1988 5407 2108 5473 qui)

521 5471 782 5538 Aposwlqs,
807 5469 903 5538 etei
925 5484 1043 5538 mox
1051 5469 1370 5538 judicaturis.

590 5537 659 5602 (ε)
693 5527 836 5602 Hand
858 5527 1211 5602 dubium',_qui_n
1236 5528 1384 5578 verba
1409 5527 1608 5602 aliudat,
1625 5529 1802 5601 quibus
1817 5530 1968 5602 Petro
1985 5545 2108 5602 mar.

524 5592 698 5660 tyriu'm
720 5594 939 5660 Christus
961 5592 1203 5660 praedixit,
1244 5602 1357 5639 cum
1371 5594 1531 5639 autem
1555 5592 1787 5660 semteris,
1812 5592 1936 5660 alius
1955 5594 2111 5656 cinget

526 5653 571 5708 ti:
590 5695 606 5718 ,
630 5664 675 5728 et
714 5655 858 5728 ducet
880 5653 976 5728 quo
1009 5667 1105 5728 non
1119 5653 1227 5728 Ovis,
1241 5727 1255 5728 η
1264 5663 1441 5728 quare
1448 5663 1556 5728 pou
1560 5653 1798 5728 probatur
1820 5655 1962 5706 nobis
1983 5653 2108 5718 quo-

527 5717 745 5782 ruindarn
781 5717 1077 5782 Mssilectio
1100 5717 1279 5782 jungat
1311 5723 1397 5782 pro
1416 5717 1593 5782 cingat.

615 5781 658 5847 ι)
693 5781 801 5847 Duo
825 5781 988 5847 mbae
1008 5775 1138 5847 notia
1160 5775 1277 5847 liss-
1293 5775 1392 5847 ,a,l}',
1408 5775 1539 5837 apu'd
1564 5775 1754 5847 suum
1776 5777 1993 5839 debeam,
2013 5783 2108 5829 etc.

614 5837 666 5903 'g')
705 5837 836 5892 Alias"
853 5843 931 5891 77.
957 5840 1142 5905 scripta
1180 5837 1268 5892 sul.‘
1285 5837 1471 5888 initium
1495 5837 1613 5888 anni
1629 5838 1739 5887 579.

1806 398 2051 454 SANCTI
2088 392 2463 452 llIERONYMl

3673 416 3776 476 560

2268 516 2411 573 Bella
2462 531 2626 585 cient;
2666 520 2921 594 primaque
2972 531 3136 577 vetant
3172 524 3442 580 consistere
3491 534 3645 584 terra.

2194 597 2299 644 etc.
2842 593 2845 594 ⁷
3183 593 3437 665 (ΑΞηεὶά.
3466 597 3552 652 lib.
3577 599 3601 654 l
3629 600 3669 669 ).

2264 698 2394 770 Qua:
2467 699 2665 756 idcirco
2723 699 2791 757 de
2832 701 3031 758 Gentili
3087 701 3250 759 Poeta
3310 705 3658 777 sumpsimus,
3723 721 3778 765 ut

2193 793 2281 863 qui
2330 792 2526 848 Christi
2581 807 2763 862 pacem
2805 808 2911 849 non
2967 805 3178 861 servat,
3222 811 3407 866 pacem
3459 798 3650 854 saltem
3690 799 3776 857 di-

2192 889 2308 936 scat
2344 883 2412 938 ab
2448 881 2696 937 Ethnico.
2737 883 3028 941 [hereticus
3066 900 3249 953 vocor,
3294 886 3608 946 homousian
3641 907 3778 962 prm-

2193 971 2380 1027 dicans
2430 971 2768 1029 Trinitatem.
2837 973 3158 1031 Sabelliana:
3211 977 3498 1047 impietatis
3545 994 3774 1052 arguor,

2192 1070 2304 1119 tres
2340 1063 2707 1132 subsistentes,
2754 1077 2931 1134 veras,
2977 1065 3229 1138 integras,
3260 1068 3626 1142 perfectasque
3652 1087 3777 1142 per-

2191 1167 2383 1218 sonas,
2435 1154 2700 1211 indefessa
2748 1169 2880 1212 voce
2930 1159 3298 1227 pronuntians.
3343 1157 3398 1216 Si
3429 1160 3497 1216 ab
3525 1161 3773 1233 Arianis,

2191 1246 2385 1302 merito
2431 1263 2447 1302 :
2484 1247 2530 1304 si
2574 1246 2643 1303 ab
2691 1247 3032 1316 Orthodoxis,
3077 1249 3168 1321 qui
3214 1249 3513 1323 huiusmodi
3549 1265 3778 1325 arguunt

2192 1336 2381 1405 ﬁdem,
2433 1338 2726 1395 Orthodoxi
2780 1354 2900 1396 esse
2944 1339 3248 1410 desierunt,
3291 1353 3384 1405 aut
3435 1344 3483 1400 si
3530 1345 3610 1401 eis
3656 1347 3777 1418 pla-

2189 1437 2295 1495 cet,
2341 1430 2648 1486 lmreticum
2675 1445 2762 1487 me
2798 1444 2920 1487 cum
2957 1431 3266 1503 Occidente,
3297 1435 3608 1493 haereticum
3655 1453 3777 1493 cum

2190 1518 2462 1592 Egypto,
2512 1522 2614 1577 hoc
2660 1531 2775 1588 est,
2830 1537 2951 1579 cum
3002 1523 3233 1580 Damaso
3258 1566 3274 1592 ,
3325 1523 3592 1599 Petroque
3645 1543 3776 1584 ccu-

2190 1611 2462 1669 demnent.
2490 1613 2628 1682 Quid
2658 1630 2823 1670 utinm
2866 1615 3136 1672 hominem
3166 1617 3404 1690 exceptis
3439 1619 3622 1686 sociis,
3665 1621 3772 1676 cri-

2191 1703 2498 1760 minantur?
2519 1706 2564 1760 si
2592 1706 2734 1762 rivus
2761 1707 2992 1762 tenuiter
3019 1706 3154 1776 ﬂuit,
3186 1723 3290 1762 non
3320 1717 3404 1764 est
3429 1709 3566 1766 alvei
3594 1709 3775 1781 culpa,

2189 1793 2282 1849 sed
2329 1793 2510 1848 fontis.
2567 1794 2736 1852 Pudet
2782 1795 3002 1852 dicere:
3043 1795 3112 1852 de
3163 1797 3410 1853 cavernis
3459 1797 3772 1855 cellularum

2189 1884 2501 1940 damnamus
2530 1886 2736 1942 orbem.
2767 1886 2823 1942 in
2870 1901 3027 1943 sacco
3069 1897 3123 1944 et
3175 1888 3360 1945 cinere
3411 1889 3655 1958 volutati,
3704 1891 3778 1948 de

2190 1975 2470 2049 Episcopis
2516 1979 2832 2034 sententiam
2862 1978 3100 2034 ferimus.
3131 1980 3266 2046 Quid
3295 1980 3418 2036 facit
3457 1981 3556 2038 sub
3597 1982 3774 2038 tunica

2191 2068 2498 2136 pmnitentis
2528 2069 2709 2138 regius
2737 2069 2985 2124 animus?
3024 2070 3257 2134 Catena},
3287 2069 3497 2139 sordes,
3523 2080 3578 2126 et
3603 2086 3776 2127 comas

2190 2173 2295 2213 non
2317 2166 2443 2213 sunt
2468 2157 2785 2214 diadematis
2804 2159 2970 2232 signa,
2999 2159 3091 2216 sed
3123 2159 3296 2216 ﬂetus.
3325 2161 3640 2218 Permittant
3664 2179 3771 2232 me,

2189 2265 2392 2320 quaeso,
2425 2251 2555 2306 nihil
2584 2251 2749 2323 loqui.
2781 2251 2890 2307 Cur
2916 2267 3038 2308 eum
3058 2253 3320 2319 lacerant,
3352 2253 3441 2324 qui
3469 2269 3572 2309 non
3601 2269 3772 2310 mere-

2193 2353 2278 2395 tur
2305 2341 2597 2396 imidiam?
2623 2342 2918 2398 llaeretieus
2957 2358 3106 2411 sum,
3135 2343 3259 2414 quid
3290 2343 3355 2398 ad
3385 2344 3474 2398 te?
3519 2344 3766 2415 quiesce,

2184 2433 2294 2502 jam
2320 2433 2519 2489 dictum
2555 2442 2656 2490 est.
2684 2434 2849 2490 Plane
2881 2434 3057 2501 times,
3079 2449 3147 2490 ne
3177 2434 3644 2505 eloquentissimus
3671 2435 3773 2491 ho-

2190 2540 2277 2578 mo
2304 2525 2356 2579 in
2375 2524 2512 2598 Syro
2532 2539 2799 2592 sermone,
2825 2526 2908 2582 vel
2933 2524 3121 2583 Graeco
3143 2526 3410 2582 Ecclesias
3425 2527 3774 2592 circumeam,

2191 2617 2414 2686 populos
2458 2615 2734 2682 scducam,
2783 2616 3017 2672 schisma
3066 2616 3365 2672 conﬁciam.
3423 2615 3566 2670 Nihil
3609 2615 3776 2671 alicui

2191 2707 2436 2778 pra-ripui
2457 2749 2474 2776 ,
2495 2707 2629 2763 nihil
2659 2708 2865 2763 otiosus
2883 2707 3106 2777 accipio.
3127 2706 3282 2762 Manu
3301 2707 3538 2778 quotidie
3561 2715 3617 2762 et
3644 2721 3772 2777 pro-

2191 2798 2308 2868 prio
2335 2796 2531 2854 sudore
2561 2798 2850 2869 quzerimus
2879 2797 3079 2865 cibum,
3129 2797 3358 2852 scientes
3401 2796 3470 2852 ab
3513 2795 3778 2867 Apostolo

2189 2889 2444 2960 scriptum
2475 2902 2596 2945 esse
2623 2905 2638 2942 :
2672 2887 2770 2955 Qui
2794 2896 2962 2942 autem
2982 2905 3084 2943 non
3130 2897 3383 2959 operatur,
3423 2903 3513 2942 nec
3549 2887 3771 2941 mandu-

2190 2989 2265 3034 cct
2298 2978 2393 3050 (Ξ.
2428 2977 2610 3035 Thess.
2639 2978 2736 3050 5).

2262 3073 2319 3128 5.
2346 3071 2492 3139 llzec,
2524 3069 2847 3126 venerabilis
2874 3078 2928 3126 et
2951 3077 3136 3125 sancte
3156 3068 3333 3136 Pater,
3363 3081 3487 3124 cum
3511 3067 3652 3138 quali
3683 3081 3775 3138 ge-

2192 3166 2347 3234 mitu,
2373 3179 2494 3220 cum
2514 3165 2656 3236 quali
2672 3164 2857 3220 dolore
2871 3163 3302 3235 conscripserim,
3326 3163 3478 3219 testis
3497 3171 3578 3218 est
3593 3161 3772 3217 Jesus.

2193 3258 2383 3324 Tacui,
2414 3256 2641 3327 nunquid
2711 3255 2818 3329 ιδ
2892 3272 3083 3327 semper
3131 3256 3322 3321 tacebo,
3353 3256 3474 3310 dicit
3521 3253 3773 3308 Dominus

2193 3348 2449 3420 (Psal.49
2469 3365 2484 3415 ;
2502 3357 2548 3402 et
2573 3346 2701 3403 lsai.
2731 3348 2821 3404 42.
2847 3349 2982 3418 li)?
3009 3347 3125 3404 Non
3154 3347 3285 3403 mihi
3304 3335 3614 3403 conceditur
3635 3361 3774 3401 unus

2191 3441 2416 3511 angulus
2430 3439 2616 3495 eremi.
2631 3439 2880 3506 Quotidie
2895 3453 3155 3509 exposcor
3175 3439 3354 3506 ﬁdem,
3371 3437 3525 3509 quasi
3539 3438 3654 3494 sine
3671 3436 3773 3492 fide

2193 3543 2409 3589 renatus
2431 3533 2553 3588 sim.
2571 3531 2865 3599 Conﬁteor,
2881 3543 2942 3588 ut
2969 3531 3172 3598 volunt,
3193 3547 3298 3587 non
3319 3533 3508 3602 placet.
3529 3529 3776 3587 Subscri-

2192 3627 2283 3694 bo,
2314 3642 2420 3682 non
2440 3625 2686 3682 credunt.
2717 3625 2893 3682 Unum
2917 3633 3119 3680 tantum
3159 3625 3350 3696 placet,
3379 3631 3437 3678 ut
3463 3622 3588 3678 hinc
3625 3637 3782 3678 rece-

2194 3722 2336 3774 dam.
2374 3717 2598 3789 Jamjam
2625 3717 2761 3774 cedo
2789 3735 2802 3773 :
2832 3718 3158 3789 abruperant
3184 3733 3214 3773 a
3243 3732 3328 3773 me
3353 3725 3555 3787 partem
3579 3716 3776 3771 anima:

2194 3825 2350 3878 mete,
2379 3809 2686 3865 carissimos
2702 3808 2892 3864 fratres
2911 3828 2926 3864 :
2947 3824 3071 3865 ecce
3097 3807 3372 3865 discedere
3397 3806 3636 3878 cupiunt,
3665 3805 3817 3863 imo’

2192 3899 2494 3966 discedunt,
2525 3901 2714 3960 melius
2742 3915 2863 3957 esse
2897 3901 3152 3967 dicentes,
3186 3901 3325 3956 inter
3345 3900 3484 3956 feras
3514 3899 3774 3966 habitare,

2194 4006 2352 4063 quam
2378 4006 2499 4046 cum
2525 3990 2720 4046 talibus
2741 3990 3056 4047 Christianis
3083 4008 3096 4045 :
3127 4001 3182 4047 et
3228 4006 3336 4062 ego
3354 3992 3490 4061 ipse,
3541 3989 3645 4047 nisi
3692 4007 3783 4046 me

2196 4094 2251 4141 et
2272 4083 2514 4155 corporis
2534 4085 2889 4153 imbecillitas,
2916 4094 2971 4140 et
2991 4084 3198 4156 hyemis
3215 4085 3471 4140 retineret
3496 4081 3778 4155 asperitas,

2192 4175 2301 4245 jam
2323 4175 2485 4230 modo
2499 4173 2762 4245 fugerem.
2782 4174 3162 4231 Verumtamen
3183 4174 3307 4230 dum
3332 4190 3553 4230 vernum
3572 4184 3788 4246 tempus

2197 4265 2466 4330 adveniat,
2521 4261 2748 4320 obsecro
2792 4274 2850 4321 nt
2895 4265 3080 4336 paucis
3117 4264 3248 4320 mihi
3290 4265 3568 4321 mensibus
3616 4264 3785 4319 eremi

2198 4357 2524 4412 concedatur
2553 4355 2841 4425 hospitium
2867 4365 2991 4411 :aut
3014 4355 3059 4411 si
3086 4364 3142 4410 et
3170 4356 3272 4410 hoc
3297 4355 3505 4410 tardum
3534 4353 3747 4410 videtur
3765 4394 3782 4416 ,

2199 4445 2452 4501 abscedo.
2483 4444 2690 4499 Domini
2714 4454 2786 4500 est
2807 4456 2959 4512 terra,
2978 4456 3024 4500 et
3049 4445 3309 4518 plenitudo
3350 4446 3457 4518 ejus
3474 4443 3642 4515 (Psal.
3664 4443 3781 4516 25).

2203 4536 2508 4592 Ascendant
2531 4537 2630 4592 soli
2675 4536 2890 4604 cadum,
2920 4545 3139 4608 propter
3167 4537 3290 4592 illos
3317 4545 3521 4593 tantum
3544 4536 3786 4593 Christus

2202 4636 2441 4682 mortuus
2479 4627 2571 4692 sit,
2619 4626 2872 4691 habeant,
2927 4627 3251 4697 possideant,
3277 4628 3610 4700 glorientur.
3653 4626 3791 4682 Mihi

2201 4730 2367 4775 autem
2395 4721 2522 4775 absit
2550 4721 2779 4792 gloriari,
2820 4721 2920 4774 nisi
2951 4721 3005 4774 in
3046 4737 3195 4775 cruce
3234 4720 3440 4776 Domini
3478 4720 3631 4775 nostri
3659 4719 3790 4774 .lcsu

2203 4811 2428 4878 Christi,
2461 4829 2550 4880 per
2573 4829 2718 4882 quem
2762 4813 2885 4865 mihi
2925 4812 3140 4866 mundus
3169 4813 3444 4882 cruciﬁxus
3475 4821 3570 4880 est,
3615 4821 3660 4866 et
3698 4827 3792 4881 ego

2203 4903 2390 4957 mundo
2414 4901 2565 4974 (Gal.
2593 4901 2626 4956 6
2649 4901 2689 4971 ).

2278 4993 2332 5046 «ι.
2369 4993 2442 5047 De
2467 4991 2571 5046 ﬁde
2589 4999 2764 5046 autem
2791 4990 2930 5061 quod
2961 4989 3054 5062 [εἰ.
3083 4990 3256 5064 quam]
3285 4991 3532 5063 dignatus
3559 5007 3618 5047 cs
3643 4991 3781 5047 scri-

2272 5168 2347 5232 (h)
2381 5167 2596 5232 veteres
2620 5166 2740 5216 edit.
2752 5167 2883 5232 hunc
2904 5166 3117 5215 Marcum
3133 5163 3476 5232 Presbyterum
3488 5165 3795 5232 Celedcnsem

2210 5225 2405 5281 faciunt.
2582 5235 2747 5299 autem
2782 5227 3076 5299 plerumque
3092 5225 3474 5299 _t_’resby'terum_,
3497 5234 3582 5299 aut
3601 5226 3797 5299 Episco-

2211 5306 2328 5357 pum
2347 5287 2578 5341 Calcidw.
2602 5288 2690 5357 Est
2713 5287 2858 5357 porro
2876 5287 3646 5357 verosimillimumJegideherg'
3658 5287 3795 5357 fele-

2213 5347 2407 5404 densent
2423 5386 2439 5410 ,
2461 5358 2516 5400 ut
2552 5349 2690 5400 ctxid.
2713 5347 2806 5398 'alii
2830 5350 3049 5410 habent;
3071 5350 3254 5410 quippe
3276 5347 3502 5399 Teledan
3521 5347 3796 5410 infulcidtn

2212 5411 3328 5519 ῐῗιξὲἓθῗΐὲἓιὲί⁰ῗιξῖξὲ¹σὲξῖέιξιειῗαίὲξὲιὲ⁰ἒι
3343 5409 3796 5519 ΰίῖῗεὲειᾚῗῗὲῒ

2216 5470 2342 5525 rium
2363 5474 2417 5523 S.
2445 5470 2654 5524 Eusebii
2677 5470 2828 5522 fuisse
2853 5485 2918 5520 ex
2939 5470 3254 5521 Theodereto
3277 5472 3328 5519 in
3343 5470 3669 5522 VitfPatrum
3689 5483 3798 5533 cap.

2213 5536 2264 5609 4..
2287 5537 2514 5609 discimus
2527 5533 2795 5609 _;_adeoque
2817 5534 2976 5596 potuit
3012 5533 3122 5594 ejus
3142 5530 3235 5581 loci
3257 5533 3526 5596 Presbyter
3549 5531 3800 5583 Calciden-

2213 5600 2340 5666 siu‘rn
2356 5596 2502 5666 fidem
2523 5606 2809 5666 agnoscere:

2279 5657 2339 5720 (i)
2358 5656 2410 5706 S.
2435 5653 2918 5725 Cyprianusepistoi.
2943 5654 3045 5725 LV_.
3069 5664 3181 5725 qua;
3205 5660 3283 5703 est
3302 5653 3363 5724 ad
3373 5653 3686 5724 Cornelium,
3713 5661 3803 5725 Ne-

2251 5717 2563 5789 ué'emntqui
2595 5717 2796 5786 patitur,
2831 5719 2919 5768 sed
2943 5717 3028 5781 qui
3043 5717 3178 5829 {adt
3199 5717 3470 5766 convicium
3488 5753 3505 5786 ._
3526 5717 3678 5767 miser
3711 5720 3800 5765 est.

2251 5780 2317 5828 icd
2342 5777 2589 5829 etCrcero
2618 5777 2702 5824 ιιι).
2742 5777 2790 5826 5.
2832 5786 3009 5829 quaest.
3070 5774 3353 5827 ‘usculanar.
3393 5787 3624 5829 Acerer
3657 5788 3800 5829 quam

2219 5774 2317 5828 Sed
2342 5786 2394 5828 et
2416 5774 2702 5846 Cic‘ero'ljb,
2742 5774 2790 5847 5_;
2832 5774 3009 5840 quaest.
3043 5774 3353 5829 Tusculanar.
3393 5777 3624 5839 Accipere
3657 5788 3804 5840 quam

2219 5841 2382 5902 facere
2405 5844 2600 5903 prastat
2620 5850 2868 5898 injurtam.
