4136 6332
329 378 444 440 861

330 497 477 555 bere
516 493 597 568 (α)
625 500 809 551 sancto
834 491 1036 567 Cyrillo
1061 492 1184 550 dedi
1210 493 1569 566 conscriptam
1599 491 1786 551 ﬁdem.
1819 493 1922 564 Qui

332 588 422 672 sic
455 601 560 642 non
587 584 782 655 credit,
813 586 1022 643 alienus
1061 600 1091 641 a
1133 584 1350 642 Christo
1393 596 1498 642 est.
1527 585 1795 642 Caeterum
1824 601 1926 658 ego

331 676 627 734 ﬁdeimete
652 685 820 734 testes
847 677 1018 734 habeo
1065 693 1223 734 aures
1271 686 1410 743 tuas,
1456 685 1513 734 ct
1557 677 1698 733 beati
1745 677 1925 733 fratris

330 769 581 836 Zenobii,
599 785 757 842 quem
777 778 949 826 tecum
965 784 1172 836 omnes,
1193 770 1282 842 qui
1304 769 1391 825 hic
1405 783 1611 838 sumus,
1634 769 1922 841 plurimum

331 861 660 917 salutamus.

796 993 1128 1051 EPlS’l‘OLA
1167 991 1334 1048 xvnt
1375 991 1470 1065 (ι).

847 1140 917 1180 ΔΙ)
946 1139 1190 1180 DAIASUI
1215 1139 1407 1179 ΡΛΡΔΙ.

734 1256 813 1314 De
863 1256 1149 1328 Seraphim
1199 1265 1256 1313 et
1302 1255 1528 1312 calculo.

329 1391 566 1467 Exponit
597 1392 852 1450 Visionem
877 1394 1007 1450 sexti
1051 1392 1278 1464 Capituli
1323 1393 1477 1448 Isaia:
1522 1390 1827 1462 PrOphetaz;
1874 1400 1923 1447 et

406 1497 521 1558 post
565 1487 813 1541 nonnulla
855 1487 921 1542 de
960 1485 1177 1541 historia
1215 1495 1261 1540 et
1304 1496 1462 1540 morte
1488 1485 1642 1556 Regis
1669 1483 1828 1549 Ozite,
1860 1485 1924 1540 de

407 1580 682 1651 Seraphim
728 1596 788 1634 ac
835 1578 1068 1652 Trisagio
1116 1579 1309 1634 erudite
1334 1594 1426 1635 suo
1457 1595 1598 1634 more
1622 1586 1918 1650 pertractat.

409 1716 478 1768 Et
497 1720 688 1786 factum
703 1724 774 1770 est
792 1715 848 1770 in
863 1730 1016 1781 anno,
1037 1730 1136 1784 quo
1155 1722 1382 1769 mortuus
1403 1724 1476 1768 est
1498 1730 1590 1770 rea:
1607 1712 1763 1769 Ozias
1779 1729 1799 1767 :
1819 1712 1922 1767 vidi

329 1805 614 1862 Dominum
652 1810 904 1864 sedentem
948 1824 1104 1879 super
1130 1807 1366 1863 thronum
1391 1807 1644 1862 excelsum
1679 1815 1729 1862 et
1759 1806 1922 1861 eleva-

325 1907 463 1966 tmn,
534 1896 646 1971 ω
715 1908 821 1954 etc.
851 1897 1026 1969 (Isai.
1047 1898 1102 1954 6.
1135 1897 1171 1952 2
1199 1897 1243 1954 ‘t.
1274 1897 1576 1966 Antequam
1602 1896 1672 1952 de
1701 1895 1921 1951 Visione

327 1990 600 2057 dicamus,
635 1990 1065 2060 pertractandum
1096 1988 1310 2046 videtur
1338 1989 1460 2059 quis
1485 1988 1556 2044 sit
1579 1987 1758 2054 Ozias,
1790 1995 1921 2056 quot

324 2082 489 2134 annis
514 2081 834 2151 regnaverit,
851 2080 939 2151 qui
959 2082 1006 2136 ei
1028 2079 1080 2135 in
1101 2080 1314 2136 caeteris
1333 2080 1582 2150 gentibus
1605 2077 1914 2134 sintcomvi.

327 2171 400 2226 Et
447 2173 516 2228 de
556 2187 782 2241 persona
811 2172 1049 2243 quidem,
1081 2172 1220 2228 sicut
1245 2171 1297 2226 in
1323 2171 1656 2241 Regnorum,
1686 2179 1742 2225 et
1769 2169 1919 2223 Prm-

328 2263 613 2316 teritorum
637 2261 788 2317 libris
813 2262 1040 2333 legimus
1068 2262 1147 2331 (4.
1175 2261 1306 2332 Reg.
1339 2261 1428 2324 45;
1453 2270 1500 2314 et
1525 2259 1582 2312 2.
1613 2257 1794 2314 Paral.
1825 2258 1917 2314 26.

327 2351 447 2416 I8),
481 2351 579 2407 fuit
607 2353 689 2407 vir
714 2353 913 2422 justus,
945 2361 996 2407 et
1026 2351 1151 2407 fecit
1174 2361 1382 2407 rectum
1408 2352 1462 2405 in
1489 2359 1783 2419 conspectu
1809 2349 1920 2404 Do-

323 2443 485 2510 mini,
535 2443 812 2500 mdilicans
857 2442 1167 2513 Templum,
1212 2440 1587 2511 aquaeductum
1631 2439 1918 2506 fabricans,

322 2533 566 2590 offerens
608 2547 768 2598 vasa,
799 2541 855 2588 et
884 2547 981 2602 pro
1011 2532 1136 2600 hoc,
1168 2531 1364 2586 merito
1392 2531 1729 2586 adversarios
1756 2543 1918 2601 supe-

319 2641 459 2680 rans
492 2643 506 2677 :
557 2623 808 2693 quodque
837 2624 1129 2678 maximum
1161 2623 1372 2692 pietatis
1403 2622 1656 2677 indiciutn
1686 2631 1790 2688 est,
1819 2622 1918 2677 ha-

319 2717 471 2771 bens
491 2715 688 2770 multos
717 2714 769 2769 in
795 2729 894 2768 suo
923 2714 1147 2784 imperio
1174 2713 1489 2784 Prophetas.
1521 2713 1638 2780 llic,
1663 2713 1916 2783 quamdiu

320 2808 464 2862 vixit
527 2805 814 2861 Zacharias
857 2805 1133 2872 sacerdos,
1180 2816 1542 2876 cognomento
1585 2807 1913 2876 intelligens,

324 2898 528 2968 placuit
561 2897 691 2962 Deo,
730 2905 787 2953 et
823 2912 943 2951 cum
965 2897 1112 2952 omni
1134 2897 1477 2953 veneratione
1501 2896 1780 2953 delubrum
1801 2898 1917 2966 ejus

324 2990 606 3060 ingressus
634 2997 736 3045 est.
770 2988 1059 3059 Postquam
1087 3003 1216 3044 vero
1236 2987 1526 3044 Zacharias
1547 2989 1701 3053 obiit,
1725 2989 1916 3046 volens

324 3095 428 3150 per
467 3094 528 3135 se
571 3079 766 3135 oll'erre
809 3077 1052 3143 donaria,
1105 3077 1494 3134 sacerdotalem
1532 3077 1775 3134 ordinem
1808 3094 1914 3134 non

327 3182 440 3226 tam
482 3171 589 3241 pie,
636 3185 798 3242 quam
844 3169 1100 3226 audacter
1138 3169 1330 3226 invasit
1369 3189 1383 3226 :
1415 3180 1470 3226 et
1498 3171 1914 3228 reclamantibus

327 3261 533 3318 Levitis
578 3269 634 3317 et
678 3261 1057 3318 Sacerdotibus
1103 3262 1316 3318 caeteris
1362 3279 1376 3318 :
1427 3261 1614 3318 Nonne
1659 3273 1712 3318 tu
1741 3281 1794 3318 es
1823 3280 1916 3318 res;

331 3351 510 3419 Ozias,
540 3339 737 3407 ἐιήοη
763 3352 1000 3407 sacerdos
1020 3352 1048 3406 ἲ
1073 3352 1260 3407 audire
1297 3353 1490 3420 noluit,
1523 3355 1811 3423 statimque
1835 3355 1914 3409 le-

328 3457 427 3514 pra
457 3442 527 3515 (c)
555 3443 808 3514 perfusus
835 3444 888 3498 in
910 3443 1088 3499 fronte
1109 3454 1210 3510 est,
1229 3443 1380 3515 juxta
1400 3445 1684 3516 Propheta:
1705 3461 1911 3512 vocem,

328 3535 594 3594 dicentis:
623 3535 814 3607 Imple,
846 3535 1084 3604 Domine,
1112 3538 1269 3607 facies
1294 3554 1467 3592 eorum
1491 3540 1771 3610 ignominia
1792 3539 1910 3610 (Ps.

329 3627 423 3682 82.
457 3629 568 3699 l7).
595 3629 764 3698 Quam
793 3629 1040 3701 corporis
1069 3638 1274 3700 partem
1296 3631 1550 3688 sacerdos
1575 3633 1688 3688 auri
1717 3633 1913 3688 lamina

331 3721 665 3791 protegebat,
703 3737 864 3792 quam
910 3721 964 3777 in
1007 3721 1255 3778 Ezechiel
1299 3724 1554 3779 Dominus
1588 3724 1740 3795 jubet
1773 3741 1913 3781 THAU

336 3811 524 3865 litterze
553 3811 905 3882 impressione
931 3812 1130 3882 signari
1162 3812 1373 3882 (Eucti.
1404 3812 1483 3882 9),
1512 3813 1581 3868 de
1605 3830 1706 3884 qua
1748 3815 1912 3870 David

332 3901 553 3968 exultat,
587 3901 772 3957 dicens
801 3921 815 3957 :
849 3902 1122 3976 Signalum
1151 3913 1223 3958 est
1249 3920 1402 3973 super
1430 3921 1520 3958 nos
1554 3905 1723 3959 lumen
1746 3905 1913 3961 vultus

399 4089 476 4161 (c).
503 4088 641 4161 Haud
667 4088 951 4161 espeditum
974 4095 1053 4161 est
1081 4087 1298 4161 divinare
1317 4086 1684 4161 ex_Hier_-onymi
1709 4088 1874 4161 verbis
1895 4124 1910 4148 ,

332 4148 556 4258 quis'iste
579 4148 795 4223 Cyrinus.
807 4149 973 4200 fuerit.
999 4149 1140 4224 Innui
1163 4155 1414 4220 autumant
1435 4148 1629 4220 quidam
1656 4148 1912 4198 celebrem

333 4227 350 4258 ι
371 4210 466 4258 lum
509 4209 966 4258 Jerosolvmltanum
987 4248 1000 4258 .
1039 4225 1124 4258 mu
1146 4211 1209 4258 ab
1245 4208 1515 4258 Emsconalt
1549 4210 1672 4258 sede
1709 4209 1874 4258 pulsus
1895 4247 1909 4258 .

333 4208 466 4259 illum
509 4208 966 4274 Jerosolymitanum
987 4213 1124 4274 ,_qni
1146 4211 1209 4259 ab
1245 4208 1515 4272 EpiscOpali
1549 4210 1672 4258 sede
1709 4209 1874 4274 pulsus
1895 4247 1909 4272 ,

335 4280 434 4321 ttnn
459 4271 803 4336 temporisper
825 4273 980 4336 Syriae
1001 4271 1198 4322 deserta
1221 4271 1508 4333 vagaretur;
1528 4284 1644 4336 qua:
1667 4272 1914 4333 conjectu-

334 4344 386 4381 ra
409 4332 603 4396 nimiuin
627 4332 829 4396 inﬁrmis
851 4332 1018 4396 nititur
1041 4332 1376 4396 argumentis,
1394 4332 1638 4394 praecipue
1663 4332 1772 4396 cum
1795 4347 1912 4382 con-

332 4401 452 4456 stet,
465 4395 570 4456 ejus
583 4395 762 4443 nomini
778 4393 885 4443 fere
901 4391 1142 4444 infensum
1150 4391 1302 4443 fuisse
1317 4391 1681 4456 Hieronymum.
1701 4392 1818 4443 Utut
1831 4397 1910 4453 sit,

335 4452 468 4506 locus
485 4452 576 4505 iste
592 4467 757 4504 ansam
775 4455 1021 4524 impostori
1042 4458 1264 4518 praebuit,
1282 4462 1338 4504 ut
1351 4452 1636 4564 opusculum
1655 4452 1910 4517 quoddam,

335 4517 458 4564 quod
475 4517 734 4564 inscripsit.
755 4514 1043 4564 Exulanatto
1057 4516 1173 4564 ﬁdei
1188 4518 1253 4564 ad
1269 4516 1383 4564 cari
1405 4514 1521 4564 lum.
1534 4515 1690 4564 subS.
1704 4519 1910 4564 Doctoris

333 4517 458 4590 quod
475 4517 734 4590 inscripsit,
755 4514 1173 4590 Igmﬁlanatio'ﬁdei
1188 4514 1521 4590 adcyrillum,
1534 4514 1690 4590 sub‘S'.
1704 4519 1914 4590 Doctoris

333 4580 528 4688 mine
567 4578 879 4638 mentiretur,
906 4578 1034 4640 quod
1057 4578 1105 4628 in
1127 4578 1374 4640 postremo
1391 4589 1596 4640 operum
1621 4584 1750 4628 torno
1774 4579 1913 4627 exhi-

370 4652 397 4688 e
436 4652 574 4688 Imus.

370 4652 640 4771 ῗῖῗῗῗῗιξαε
660 4698 712 4750 in
735 4701 859 4771 quas
883 4699 1145 4771 diuisa-sub
1168 4699 1518 4771 numerata;
1533 4699 1707 4771 4145.
1731 4699 1914 4771 scripta

332 4760 607 4823 cichnted.
633 4775 714 4811 an.
739 4761 1161 4812 ὅθι-νεῦσαι).
1191 4762 1306 4823 215.
1336 4760 1450 4823 olim
1481 4760 1715 4823 lit-Ense,
1745 4760 1914 4823 Incipit

334 4821 786 4894 una.qu
795 4829 1040 4894 τναεξαειιδ
1056 4831 1111 4871 B-
1140 4820 1419 4894 θέενρηνηιί
1437 4823 1499 4894 4.9
1516 4820 1784 4894 δένίςριιίξει»
1804 4820 1914 4894 (the

332 4882 380 4933 in
389 4882 584 4954 _Visione
596 4882 752 4954 ascite
769 4883 1006 4954 leguntur,
1023 4895 1163 4954 quem
1183 4882 1648 4954 ingonstaruinopoli
1663 4882 1826 4954 adhuc
1840 4883 1916 4954 di-

332 4945 545 5016 scipulus
561 4943 932 5016 eloquentissimi
953 4943 1044 4996 viri
1055 4943 1272 5016 Gregorii
1288 4943 1572 5016 tyaziartzeni
1583 4943 1915 5016 experimento

331 5004 412 5074 sui
423 5020 608 5074 seruus,
630 5004 676 5057 et
692 5008 964 5074 ganearum
999 5004 1168 5074 rogatu
1205 5005 1378 5066 edidit,
1399 5004 1676 5074 enititulum
1691 5006 1915 5068 imposuit

335 5068 394 5131 de
410 5067 675 5131 serapltim.
692 5067 851 5131 Porro
867 5068 996 5131 hunc
1017 5066 1246 5131 libellum,
1258 5074 1310 5131 ut
1323 5066 1710 5131 experimentum,
1723 5066 1915 5126 caperet

332 5127 556 5203 nam
570 5128 664 5203 εω.
686 5128 922 5203 and?“
941 5127 1490 5203 meaemeae,
1512 5127 1666 5180 αιωιο
1685 5130 1912 5203 dictasse:

333 5189 440 5254 ipée
460 5197 667 5240 testatur
700 5191 840 5240 Hier.
865 5193 914 5240 in
938 5204 1044 5254 esp.
1068 5191 1206 5240 Isaia:
1227 5191 1273 5241 6.
1300 5192 1406 5240 imt.
1427 5189 1547 5242 Cum
1570 5205 1688 5241 vero
1709 5190 1845 5241 nullo
1867 5189 1916 5242 in

335 5249 441 5324 loco
479 5251 733 5324 Tractatus
776 5253 870 5324 iste
897 5251 1128 5324 Epistolas
1146 5253 1400 5324 ingenium
1422 5259 1472 5324 et
1494 5260 1690 5324 gustum
1712 5253 1914 5324 referat,

335 5312 453 5364 falso
471 5314 530 5363 ad
554 5311 810 5362 Damasum
831 5311 1029 5362 inscribi
1051 5311 1301 5362 contendit
1331 5311 1520 5362 Sixtus'
1535 5313 1786 5363 Senensis.
1815 5311 1914 5363 No;

334 5374 409 5450 bis
431 5374 904 5450 amnem???“
925 5376 979 5450 te
1003 5372 1307 5450 69W“???
1320 5373 1552 5450 Ερίξιρὲειξ
1568 5388 1750 5450 ίιξοιιιεη
1771 5378 1915 5450 ,ρβιὲη

337 5434 502 5486 nuerit
522 5436 584 5484 ad
607 5434 867 5484 Damasum
885 5473 899 5493 ,
924 5435 970 5484 id
986 5472 1000 5494 ,
1026 5447 1117 5484 seu
1140 5434 1378 5485 veterum'
1387 5434 1690 5486 librariorum
1714 5439 1914 5489 arbitrio

337 5497 510 5561 factum
542 5498 624 5556 sit,
649 5510 740 5546 seu
761 5497 907 5561 quod
916 5495 1308 5561 explanationem
1333 5497 1485 5561 ipsam
1507 5497 1716 5561 Damaso
1739 5498 1914 5561 legen-

333 5557 447 5632 ω
466 5555 1030 5632 “immisse.de
1046 5570 1162 5632 ριξω
1182 5555 1478 5632 Romaein
1503 5559 1710 5630 eiusque
1733 5555 1915 5632 ηοῑιιίςιί

399 5629 503 5671 stea
526 5616 844 5681 inscripserit,
867 5621 1126 5681 immutare
1165 5631 1264 5681 non
1289 5616 1474 5681 licuit,
1498 5616 1710 5681 maxime
1733 5634 1842 5670 cum
1867 5622 1916 5672 in

383 5694 552 5742 perum
570 5677 1019 5744 suorumgcatalogp
1041 5678 1185 5728 alteri
1223 5679 1366 5744 epist.
1401 5678 1465 5729 de
1489 5678 1699 5744 Osanna,
1724 5695 1832 5744 qua:
1856 5684 1916 5732 ad

619 5741 802 5803 est,gab
819 5741 930 5803 ipso
955 5737 1097 5789 Hier.
1119 5737 1390 5802 comicum
1584 5742 1606 5752 “
1638 5747 1647 5754 ’

399 5803 475 5864 (c)
505 5803 696 5867 Sepias
719 5801 1127 5866 lssfpercussus.

321 5904 348 5919 ον

1717 373 2048 433 EPISTOLA
2088 376 2275 436 XVIII.

3511 389 3621 445 36?.

2035 503 2111 558 tui
2135 501 2306 571 (Psat.
2335 505 2385 560 4.
2419 505 2492 575 7),
2516 504 2735 562 Domine
2757 527 2776 562 .-
2800 507 2855 563 in
2874 523 2979 579 qua
2999 508 3298 582 allophylus
3318 525 3514 581 procax
3538 510 3616 578 (rt)

2032 592 2210 648 funda:
2253 595 2429 664 lapide
2471 597 2608 652 ictus
2655 597 2876 653 interiit.
2932 601 3186 668 Regnavit
3231 611 3409 658 antem
3455 601 3615 656 Ozias

2031 683 2184 738 annis
2212 687 2590 756 quinquaginta
2620 686 2827 743 duobus
2850 687 2925 756 (2.
2957 688 3084 760 Reg.
3109 690 3220 760 Π),
3242 706 3347 761 quo
3371 700 3616 761 tempore

2030 774 2170 843 apud
2201 773 2425 831 Latinos
2444 776 2711 842 Amulius,
2741 775 2882 846 apud
2908 775 3266 834 Athenienses
3291 782 3616 850 Agamestor

2031 863 2343 922 undecimus
2369 865 2690 936 imperabat.
2723 867 2851 922 Post
2877 867 3030 937 cujus
3051 880 3276 925 mortem
3298 869 3460 927 Isaias
3481 872 3614 928 Pro-

2029 953 2190 1026 pheta
2238 955 2375 1012 hanc
2419 957 2712 1026 Visionem,
2759 973 2919 1029 quam
2966 945 3260 1028 esplanare
3296 977 3438 1018 nunc
3483 963 3610 1018 niti-

2030 1061 2170 1113 mur,
2220 1047 2374 1116 vidit,
2421 1046 2476 1104 id
2517 1055 2621 1113 est,
2667 1063 2733 1104 eo
2775 1063 2917 1104 anno
2945 1064 3053 1119 quo
3097 1049 3355 1107 Romulus
3384 1052 3614 1108 Romani

2027 1136 2240 1208 imperii
2287 1139 2539 1194 conditor
2576 1147 2735 1195 natus
2779 1147 2862 1196 est
2895 1157 2910 1195 :
2941 1141 3083 1196 sicut
3125 1140 3464 1196 manifestum
3493 1157 3616 1199 esse

2029 1228 2227 1297 poterit
2273 1228 2381 1294 his,
2407 1230 2500 1301 qui
2533 1230 2800 1287 voluerint
2831 1231 3012 1303 legere
3039 1233 3362 1303 Temporum
3393 1232 3610 1301 librum,

2024 1335 2184 1390 quem
2234 1336 2334 1376 nos
2372 1322 2426 1376 in
2469 1322 2714 1379 Latinam
2761 1323 3017 1394 linguam,
3046 1341 3112 1381 ex
3146 1325 3336 1380 Graeco
3361 1340 3614 1381 sermone

2031 1411 2400 1468 transtulimus
2427 1412 2523 1484 (ε).
2559 1413 2625 1468 Et
2664 1416 2861 1484 factum
2890 1427 2963 1470 est
2989 1417 3044 1470 in
3069 1433 3226 1480 anno,
3256 1435 3355 1489 quo
3383 1429 3612 1474 mortuas

2025 1511 2097 1557 est
2132 1501 2284 1558 Ozias
2311 1520 2401 1559 rea:
2427 1520 2446 1558 :
2487 1505 2590 1559 ridi
2614 1505 2891 1562 Dominum
2920 1507 3172 1563 sedentem
3199 1525 3353 1579 super
3374 1510 3614 1565 thronum

2025 1594 2280 1648 excelsum
2321 1605 2367 1649 et
2408 1596 2657 1651 eleuatum
2705 1595 2861 1668 (Isai.
2907 1599 2986 1670 6).
3037 1599 3320 1656 Prtemissa
3365 1601 3610 1670 historia,

2025 1686 2282 1755 spiritalis
2326 1689 2567 1758 sequitur
2610 1690 2942 1758 intellectus,
2976 1693 3130 1762 cujus
3184 1708 3346 1749 causa
3387 1693 3612 1750 historia

2025 1778 2140 1850 ipsa
2211 1777 2320 1852 47
2393 1780 2460 1853 (ι’)
2495 1781 2744 1852 replicata
2765 1783 3100 1839 est.Vivcntc
3131 1785 3344 1854 leproso
3365 1784 3609 1856 rege,(g)

2024 1878 2078 1923 et
2102 1879 2358 1939 quantum
2391 1873 2442 1926 in
2471 1886 2531 1927 se
2562 1880 2666 1940 est,
2694 1872 3054 1928 sacerdotium
3103 1873 3414 1944 dissipante,
3445 1875 3610 1931 Isaias

2025 1959 2297 2018 ViSiOnem
2338 1963 2518 2020 videre
2564 1980 2671 2020 non
2719 1966 2909 2036 potuit.
2957 1966 3219 2035 Quamdiu
3247 1966 3340 2039 ille
3383 1982 3608 2036 regnum

2025 2055 2194 2109 tenuit
2224 2055 2273 2128 in
2300 2055 2506 2122 Judaaa,
2535 2057 2802 2126 Propheta
2830 2059 3017 2114 oculos
3043 2075 3148 2114 non
3176 2059 3376 2114 levavit
3401 2059 3468 2114 ad
3499 2074 3610 2116 ca:-

2023 2143 2134 2197 lum
2154 2143 2305 2214 (lsai.
2328 2145 2387 2216 6)
2413 2163 2426 2199 :
2461 2163 2566 2201 non
2591 2148 2641 2202 ei
2671 2157 2798 2203 sunt
2825 2161 3062 2205 reserata
3087 2150 3348 2217 caelestia,
3377 2166 3484 2206 non
3512 2165 3610 2221 ap-

2025 2234 2200 2301 paruit
2228 2235 2486 2292 Dominus
2511 2238 2768 2303 Sabaoth,
2804 2255 2905 2295 nec
2935 2241 2986 2294 in
3032 2241 3290 2312 mysterio
3333 2241 3478 2309 ﬁdei,
3526 2253 3609 2298 ter

2023 2323 2206 2379 Sancti
2235 2341 2432 2382 nomen
2459 2329 2699 2383 auditum
2731 2338 2829 2384 est.
2856 2330 3082 2398 Quando
3103 2347 3230 2386 vero
3251 2331 3340 2387 ille
3362 2343 3606 2388 mortuus

2021 2423 2126 2482 est,
2177 2417 2423 2472 universa
2473 2434 2595 2489 quae
2645 2421 2979 2490 subsequens
3027 2438 3206 2477 sermo
3258 2425 3603 2492 monstrabit,

2020 2517 2208 2578 aperto
2254 2523 2372 2564 sese
2400 2510 2600 2566 lumine
2629 2511 2993 2581 prodiderunt.
3027 2513 3155 2568 Tale
3185 2513 3439 2584 quiddam
3470 2525 3526 2571 et
3552 2516 3605 2572 in

2023 2601 2208 2656 Exodo
2241 2601 2392 2672 (Cap.
2421 2602 2478 2664 2)
2505 2604 2762 2673 scriptum
2795 2615 2896 2672 est,
2928 2605 3052 2660 dum
3086 2607 3294 2662 Pharao
3318 2607 3470 2676 vixit,
3503 2624 3603 2680 po-

2023 2692 2180 2760 pulus
2222 2692 2385 2748 Israel
2431 2710 2494 2747 ex
2546 2694 2641 2748 luti
2690 2703 2747 2749 et
2789 2694 2970 2750 lateris
3018 2697 3398 2768 palearumque
3441 2713 3604 2768 opere

2022 2797 2258 2851 pressus,
2293 2799 2398 2838 non
2429 2786 2718 2854 suspiravit
2759 2785 2828 2840 ad
2875 2787 3158 2843 Dominum
3191 2805 3205 2843 :
3238 2789 3364 2844 dum
3395 2789 3485 2846 ille
3515 2805 3604 2844 re-

2017 2875 2220 2942 gnavit,
2249 2889 2407 2929 nemo
2425 2876 2672 2946 qua-sivit
2695 2876 2861 2931 Deum
2883 2887 3114 2947 patrum,
3140 2879 3431 2946 Abraham,
3455 2879 3605 2934 lsaac

2017 2974 2074 3019 et
2118 2963 2304 3020 Jacob.
2353 2966 2579 3034 Quando
2605 2983 2735 3022 vero
2761 2968 2849 3024 ille
2878 2981 3123 3024 mortuus
3149 2980 3256 3036 est,
3289 2972 3602 3040 suspiravc-

2019 3067 2142 3112 runt
2193 3059 2285 3112 lilii
2315 3057 2499 3124 lsrael,
2533 3066 2592 3113 ut
2619 3058 2896 3130 Scriptura
2923 3061 3053 3115 dicit
3096 3078 3110 3115 :
3147 3061 3211 3115 Et
3238 3061 3465 3116 ascendit
3495 3062 3604 3115 cla-

2018 3163 2128 3201 mor
2155 3163 2331 3201 eorum
2373 3148 2441 3202 ad
2471 3148 2749 3204 Dominum
2777 3149 2972 3222 (Exod.
3002 3151 3056 3205 2.
3090 3151 3180 3222 25)
3207 3167 3227 3206 :
3247 3164 3367 3206 cum
3419 3153 3605 3224 utique

2012 3237 2164 3307 juxta
2211 3237 2513 3305 historiam,
2565 3249 2692 3295 tunc
2735 3241 2906 3312 magis
2946 3242 3184 3311 gaudere
3211 3242 3516 3310 debuerint,
3549 3255 3606 3300 et

2017 3339 2139 3384 ante
2168 3331 2437 3400 suspirare
2464 3331 2590 3387 dum
2617 3334 2819 3389 viveret
2844 3333 2945 3404 (lt).
2979 3334 3223 3390 Ezechiel
3250 3351 3464 3408 quoque
3488 3354 3606 3408 pro-

2020 3422 2292 3492 phetante,
2345 3425 2580 3480 Phaltias
2626 3425 2769 3480 [ilius
2817 3426 3032 3482 Banaia:
3077 3429 3348 3496 occubuit,
3399 3441 3452 3486 et
3484 3441 3604 3500 post

2019 3515 2235 3582 pessimi
2265 3515 2418 3571 ducis
2445 3516 2746 3582 interitum,
2777 3517 2968 3581 Cecidi,
3010 3517 3204 3589 inquit,
3231 3535 3388 3589 super
3416 3522 3604 3590 facient

2017 3623 2198 3671 meam,
2240 3616 2288 3661 et
2325 3607 2537 3662 clamaui
2565 3624 2682 3663 voce
2706 3625 2909 3678 magna,
2939 3619 2987 3663 et
3011 3609 3119 3663 disi
3140 3626 3159 3664 :
3188 3609 3304 3664 Heu
3331 3611 3476 3678 mihi,
3505 3613 3604 3665 lien

2016 3698 2161 3765 mihi,
2205 3698 2404 3752 Adonai
2434 3697 2674 3766 Domine,
2707 3699 2760 3752 in
2785 3701 3216 3755 consummatione
3244 3700 3334 3774 [aL
3359 3718 3603 3756 consum-

2017 3789 2307 3862 mationem]
2337 3801 2389 3843 tu
2418 3792 2546 3862 facis
2575 3790 2816 3860 reliquias
2845 3789 3012 3845 Israel
3053 3791 3230 3862 (Ezec.
3277 3792 3366 3846 il.
3400 3792 3513 3863 15).
3545 3792 3602 3848 Si

2015 3896 2146 3950 ergo
2192 3882 2457 3952 intelligas
2500 3883 2554 3936 in
2598 3882 2747 3948 Ozia,
2797 3891 2852 3937 et
2879 3881 3179 3950 Pharaone,
3212 3893 3268 3938 et
3291 3883 3518 3951 Phaltia,
3548 3895 3604 3941 et

2015 3973 2224 4028 caeteris
2263 3972 2567 4026 istiusmodi
2615 3972 2915 4028 contrarias
2958 3973 3302 4028 fortitudines
3329 4015 3346 4038 ,
3394 3973 3604 4031 videbis

2015 4061 2284 4132 quomodo
2333 4062 2440 4117 illis
2481 4063 2786 4118 viventibus
2828 4062 3007 4118 nullus
3037 4072 3278 4120 nostrum
3309 4063 3507 4131 videat,
3540 4081 3604 4122 ac

2015 4156 2271 4226 suSpiret,
2302 4164 2353 4210 et
2386 4156 2438 4210 in
2468 4155 2838 4224 paenitentiam
2868 4166 3106 4212 corruat.
3137 4155 3254 4212 Non
3281 4165 3490 4228 regnet,
3528 4160 3606 4214 ait

2016 4247 2305 4317 Apostolus
2331 4247 2504 4317 (Rom.
2535 4247 2612 4320 6),
2648 4256 2924 4316 peccatum
2950 4247 3004 4302 in
3033 4249 3244 4305 mortali
3275 4260 3458 4306 vestro
3482 4266 3606 4308 cor-

2017 4355 2168 4411 pore.
2188 4340 2468 4411 chnante
2495 4349 2736 4410 peccato,
2766 4341 3032 4413 Egyptiis
3062 4345 3388 4400 cxstruimus
3414 4345 3604 4402 civita-

2018 4443 2130 4498 tes;
2184 4432 2236 4487 in
2277 4433 2461 4488 cinere
2487 4447 2764 4488 versamur
2805 4442 2860 4487 et
2889 4432 3171 4498 sordibus;
3202 4450 3299 4502 pro
3327 4433 3603 4492 frumento

2016 4526 2216 4596 paleas,
2250 4539 2345 4594 pro
2373 4523 2543 4580 solida
2575 4532 2745 4592 petra,
2778 4524 2873 4578 luti
2903 4538 3067 4593 opera
3096 4534 3382 4582 sectamur.

2084 4616 2137 4670 5.
2179 4614 2432 4684 Sequitur
2472 4631 2485 4668 :
2541 4612 2964 4675 VidLDominum
2991 4613 3247 4669 sedentem
3275 4633 3429 4686 super
3456 4619 3602 4674 thro-

2015 4722 2137 4758 num
2170 4705 2422 4759 ea'eelsum
2449 4714 2496 4759 et
2523 4704 2768 4758 eleuatum
2810 4702 2970 4773 (Dan.
3005 4703 3082 4774 7).
3133 4705 3276 4760 Vidit
3318 4717 3372 4763 et
3415 4708 3602 4766 Daniel

2015 4798 2290 4854 sedentem
2338 4797 2642 4861 Dominum,
2672 4794 2770 4850 sed
2811 4809 2918 4850 non
2955 4810 3118 4867 super
3142 4796 3392 4854 thronum
3423 4803 3604 4858 excel-

2016 4904 2132 4944 sum
2161 4897 2214 4942 et
2243 4887 2533 4942 elevatum.
2576 4885 2869 4940 Pollicetur
2911 4894 2967 4940 et
2995 4886 3123 4942 alibi
3152 4902 3256 4943 vox
3286 4888 3488 4958 divina,
3515 4891 3603 4947 di-

2016 4997 2145 5039 cens
2173 4998 2187 5036 :
2229 4979 2456 5046 Veniant,
2488 4989 2534 5032 et
2562 4978 2761 5043 sedebo,
2795 4988 2841 5032 et
2860 4979 3106 5049 judicabo
3131 4980 3377 5052 populum
3397 4983 3450 5037 in
3471 4985 3604 5038 valle

2014 5071 2288 5143 Josapltut,
2319 5069 2462 5141 quod
2487 5070 2888 5140 interpretatur,
2919 5067 3129 5124 Domini
3144 5071 3404 5143 judicium
3433 5072 3610 5146 (laet-
3657 5097 3663 5114 ι

2085 5251 2154 5317 (d)
2171 5251 2356 5302 Vitiose
2373 5257 2517 5300 antea
2527 5249 2785 5313 legebatur
2795 5247 2961 5310 funda:
2978 5244 3156 5309 lapidis
3170 5249 3284 5310 ictu,
3298 5251 3425 5314 quod
3437 5265 3605 5302 emen-

2017 5316 2237 5364 davimus
2259 5326 2288 5362 e
2309 5313 2423 5362 Mss.

2113 5326 2237 5362 unus
2259 5326 2288 5362 Θ
2311 5326 2423 5362 ωδε.

2051 5330 2237 5364 avtmus
2259 5330 2288 5362 8
2311 5330 2423 5362 MSS.

2086 5373 2146 5441 (ε)
2184 5375 2522 5436 Expunximus
2559 5369 3038 5441 verbumusequitur,
3077 5372 3204 5434 quod
3226 5373 3339 5423 huic
3361 5372 3604 5423 version

2018 5432 2588 5508 ηοὶιζτεμεέριτωροιιιιηι
2611 5434 2728 5508 editi
2754 5432 2885 5508 "eo;

2088 5497 2146 5564 υ)
2193 5499 2247 5548 lu
2265 5491 2466 5564 Cisterc.
2488 5496 2578 5546 Ms.
2604 5493 2887 5564 replicando
2909 5497 2998 5555 est,
3019 5493 3310 5554 invenimus,
3327 5505 3438 5558 quae
3453 5491 3603 5543 lectio

2019 5559 2285 5624 incongrua
2311 5559 2412 5621 ipsa
2431 5571 2631 5624 quoque
2647 5571 2742 5624 non
2768 5562 2860 5604 est.

2089 5613 2532 5688 (9)1ddit'vetu'sta
2547 5613 2723 5676 "editio,
2741 5621 2972 5688 quantum
2992 5614 3137 5688 datur
3156 5613 3443 5688 iate_l_ligi,_et
3460 5613 3603 5688 paulo

2020 5668 2245 5734 iati-Z'ter’
2259 5668 2593 5742 sanctumpro
2615 5668 2775 5742 sancti
2795 5690 2906 5726 cum
2927 5676 3223 5742 quibusdam
3239 5668 3514 5742 Μδέέιθείι.

2091 5744 2156 5811 (h)
2199 5743 2490 5811 Inconcinne
2508 5735 2521 5742 “
2536 5741 2856 5811 stamen-ws
2872 5735 3077 5811 repetit
3089 5736 3201 5811 hoc
3210 5735 3316 5786 loco
3337 5735 3604 5788 Pharaonis

2023 5795 2218 5867 nomen,
2245 5805 2372 5867 quod
2395 5816 2490 5854 nec
2515 5802 2649 5861 editi,
2665 5801 2746 5849 alii
2768 5809 2863 5848 nec
2882 5795 2996 5846 llis.
3011 5795 3208 5847 habent
