4136 6332
508 387 611 445 367

506 517 628 559 rum
653 497 1010 556 introduxerit
1034 513 1048 552 :
1071 498 1211 554 sicut
1237 494 1332 552 Dei
1361 491 1597 552 Ecclesia
1620 500 1807 564 postea
1837 490 2074 547 introdu-

505 605 590 648 cta
635 600 720 649 est
759 591 988 648 dicens:
1021 587 1371 646 «Introduxit
1414 602 1500 643 me
1540 601 1633 642 rex
1681 585 1734 640 in
1773 583 2082 640 cubiculum

505 700 659 742 suum
691 704 711 738 ι
747 683 920 755 (Cant.
953 685 1005 739 i.
1039 683 1116 755 ὅ).
1161 681 1388 750 Quando
1425 694 1554 751 ergo
1599 677 1856 733 Dominus
1899 687 2084 732 noster

505 779 784 838 descendit
811 779 877 835 ad
902 788 1094 844 terras,
1122 775 1530 847 superliminare
1558 771 1708 836 illud,
1734 770 1784 826 id
1806 777 1909 836 est,
1931 767 2085 840 quasi

506 872 776 943 quoddam
819 871 1154 929 obstaculuns
1199 870 1400 926 intrare
1439 865 1777 936 cupientibus
1817 863 2084 919 sublatum

505 974 589 1022 est
618 983 632 1020 :
660 974 716 1022 et
740 963 1020 1020 universus
1050 962 1140 1018 hic
1169 960 1400 1018 mundus
1427 959 1572 1014 fumo
1601 957 1851 1027 impletus
1886 963 2000 1017 est,
2029 952 2082 1009 id

497 1066 585 1115 est
633 1057 803 1127 gloria
825 1055 939 1112 Dei.
963 1054 1063 1112 Ubi
1087 1063 1265 1109 autem
1289 1052 1340 1107 in
1362 1050 1550 1106 Latino
1571 1048 1814 1104 eleuatum
1837 1046 2081 1117 legimus.

507 1152 563 1204 in
592 1149 782 1204 Grmco
803 1153 1005 1218 ἐπήρθη,
1034 1146 1288 1202 sublatum
1307 1186 1322 1211 ,
1357 1144 1588 1215 ponitur.
1635 1141 1742 1198 Sed
1782 1143 1903 1212 quia
1933 1141 2084 1198 verbi

507 1240 830 1312 ambiguitas
854 1249 1083 1311 utroque
1113 1238 1274 1294 modo
1311 1236 1650 1308 interpretari
1678 1242 1886 1306 potest,
1917 1231 2087 1288 nostri

508 1332 777 1388 elevatum
817 1330 1153 1401 interpretati
1193 1337 1318 1384 sunt
1355 1343 1455 1400 pro
1495 1328 1692 1383 ablato.
1745 1345 1765 1378 ι
1795 1327 1860 1381 Ει
1897 1324 2088 1380 domus

509 1423 729 1492 impleta
770 1428 856 1477 est
900 1420 1066 1476 fumo.
1100 1439 1120 1472 ›
1167 1420 1328 1486 Deus,
1357 1429 1416 1474 ut
1460 1432 1624 1489 supra
1669 1417 1922 1482 diximus,
1952 1414 2088 1486 ignis

507 1522 589 1570 est
615 1532 630 1566 :
655 1513 740 1568 hic
766 1527 887 1568 cum
914 1511 967 1567 in
995 1511 1122 1568 Sina
1161 1519 1341 1566 monte
1367 1508 1730 1565 descendisset
1755 1507 1825 1562 ad
1845 1507 2084 1577 Moysen,

507 1605 572 1661 ad
649 1606 757 1680 53
829 1604 1117 1661 adventum
1169 1604 1288 1675 ejus
1326 1601 1643 1658 videbantur
1690 1599 1964 1670 lampades
2002 1597 2088 1652 di-

507 1705 841 1762 scurrentes,
860 1705 909 1752 et
930 1695 1122 1766 plenus
1140 1694 1317 1750 omnis
1339 1708 1491 1750 mons
1512 1691 1678 1746 fumo.
1698 1690 1916 1748 Undein
1938 1687 2088 1744 Psal-

511 1787 613 1842 mis
643 1787 871 1843 dicitur:
907 1805 929 1840 ο
949 1786 1050 1854 Qui
1077 1786 1247 1857 tangit
1268 1794 1500 1852 montes,
1530 1793 1586 1840 et
1622 1783 1882 1852 {umigant
1911 1800 1932 1834 ι
1968 1779 2088 1852 (Ps.

508 1879 636 1935 £05.
667 1878 782 1951 δε).
815 1879 894 1934 Ex
924 1879 1046 1950 igne
1084 1893 1244 1949 ergo,
1269 1877 1521 1949 quoniam
1548 1883 1712 1931 totam
1738 1872 2089 1930 substantiam

507 1985 703 2042 capere
729 1985 835 2026 non
858 1985 1162 2042 pessumus,
1193 1969 1384 2026 laevior
1409 1966 1655 2040 quaedam
1691 1966 1746 2020 in
1782 1964 2088 2019 universum

506 2061 791 2130 mundum,
813 2072 866 2117 ct
883 2062 967 2132 (ut
991 2062 1062 2116 ita
1078 2060 1279 2130 dicam)
1303 2059 1480 2114 rarior
1501 2057 1631 2113 fumi
1661 2065 1850 2111 natura
1875 2054 2088 2123 disper-

507 2156 674 2227 gitur,
697 2169 860 2226 quam
887 2166 986 2208 nos
1011 2152 1285 2222 capientes
1303 2191 1322 2218 ,
1350 2149 1590 2206 dicamus
1621 2166 1635 2202 :
1671 2165 1691 2200 ‹
1713 2147 1790 2201 Ex
1820 2155 1972 2216 parte
1997 2158 2090 2200 co-

508 2245 840 2318 gnoscimus,
863 2252 919 2301 et
944 2259 1012 2300 ex
1040 2252 1191 2314 parte
1211 2241 1593 2313 prophetamus
1617 2257 1636 2292 s
1660 2239 1736 2308 (l.
1758 2237 1879 2293 Cor.
1905 2235 1990 2292 t3.
2011 2235 2088 2306 9).

509 2339 582 2395 Et
611 2354 626 2394 :
657 2355 677 2391 ι
705 2337 857 2393 Nunc
898 2335 1143 2392 videmus
1189 2348 1288 2404 per
1331 2332 1611 2404 speculum
1656 2330 1710 2386 in
1755 2330 2038 2398 aenigmate
2066 2346 2086 2380 ι

513 2431 679 2504 (Ibid.
713 2429 826 2500 is).

579 2523 636 2578 9.
666 2522 734 2577 Et
757 2562 772 2588 ,
803 2520 1079 2589 Seraphin:
1106 2519 1306 2574 stabant
1335 2518 1387 2571 in
1419 2515 1632 2571 tircuitu
1670 2515 1781 2585 ejus
1819 2528 1838 2569 :
1876 2527 1966 2568 sea:
1990 2511 2094 2566 ala!

510 2614 623 2680 sini,
643 2623 689 2667 et
712 2628 801 2667 sea:
827 2612 925 2666 alte
947 2611 1116 2665 alteri.
1135 2608 1360 2677 Quidam
1384 2607 1690 2665 Graecorum
1718 2605 1771 2660 in
1799 2602 2092 2674 Scripturis

509 2703 755 2774 apprime
776 2700 1018 2757 eruditus
1049 2699 1146 2772 (1),
1189 2698 1468 2768 Seraphim
1494 2697 1722 2751 virtutes
1750 2693 2010 2766 quasdam
2036 2692 2092 2747 in

509 2793 665 2851 ctelis
684 2807 803 2848 esse
827 2791 1093 2862 exposuit,
1117 2806 1236 2862 qua:
1257 2797 1381 2844 ante
1405 2786 1633 2844 tribunal
1660 2786 1754 2841 Dei
1779 2786 2094 2841 assistentes

509 2884 731 2941 laudent
775 2898 937 2950 eum,
985 2892 1041 2939 et
1082 2882 1134 2937 in
1189 2881 1399 2937 diversa
1441 2877 1736 2934 ministeria
1787 2877 2090 2943 mittantur,

509 2977 847 3048 maximeque
878 2975 946 3032 ad
987 2989 1084 3032 eos
1122 2976 1211 3046 qui
1241 2973 1552 3045 purgatione
1595 2971 1869 3040 indigent,
1920 2977 1977 3027 et
2022 2969 2094 3025 ob

508 3069 738 3140 pristina
766 3076 981 3139 peccata
1003 3109 1019 3131 ,
1052 3066 1229 3136 aliqua
1259 3080 1327 3121 ex
1357 3073 1507 3135 parte
1536 3062 1812 3133 suppliciis
1842 3061 1918 3131 (a)
1961 3075 2091 3130 pur-

508 3163 624 3234 gari
664 3170 960 3217 merentur.
1004 3158 1158 3226 Quod
1200 3168 1376 3214 autem
1406 3157 1671 3212 sublatum
1714 3165 1838 3224 est,
1881 3155 2090 3224 inquit,

509 3253 922 3325 superliminare
943 3293 962 3320 ,
1002 3260 1058 3306 et
1085 3251 1276 3305 domus
1305 3249 1517 3320 impleta
1548 3257 1632 3304 est
1658 3247 1808 3304 fumo
1831 3288 1848 3313 ,
1880 3247 2090 3317 signum

509 3354 599 3402 est
621 3345 828 3415 Templi
855 3343 1062 3400 Judaici
1085 3342 1397 3398 destruendi
1425 3383 1441 3408 ,
1483 3350 1540 3398 et
1577 3340 1924 3397 incendendae
1967 3339 2091 3393 uni-

507 3449 683 3491 versa:
711 3433 1005 3490 Jerusalem
1030 3476 1047 3502 ,
1077 3449 1237 3505 quam
1278 3431 1520 3488 videmus
1559 3445 1700 3486 nunc
1738 3430 2087 3486 destructam.

507 3523 763 3580 Nonnulli
795 3538 926 3580 vero
956 3525 1008 3578 in
1038 3523 1406 3594 superioribus
1443 3522 1841 3577 consentientes
1863 3561 1878 3585 ,
1909 3520 1960 3573 in
1991 3533 2090 3575 ex-

510 3625 680 3671 trema
721 3623 870 3685 parte
898 3613 1238 3670 dissentiunt.
1276 3612 1407 3670 Nam
1454 3612 1863 3684 superliminare
1905 3609 2089 3665 subla-

509 3718 624 3763 tum
664 3707 757 3762 illo
792 3715 1030 3776 tempore
1059 3705 1353 3776 pradicant
1379 3747 1395 3774 ,
1441 3704 1655 3776 quando
1684 3705 1858 3760 velum
1905 3701 2090 3773 templi

508 3799 739 3854 scissum
781 3806 864 3854 est
887 3839 904 3865 ,
934 3808 988 3853 et
1014 3798 1258 3853 universa
1289 3797 1481 3853 domus
1519 3793 1683 3852 lsrael
1710 3795 1908 3852 erroris
1946 3793 2092 3851 nube

509 3886 727 3943 confusa
785 3886 998 3958 (Matth.
1055 3888 1156 3952 l7;
1207 3895 1256 3942 et
1307 3885 1477 3940 Marc.
1511 3885 1609 3950 15;
1663 3894 1710 3941 et
1758 3884 1889 3940 Luc.
1941 3884 2086 3952 23):

508 3978 722 4050 quando
751 3976 828 4052 (ὁ)
852 3978 1118 4049 Josephus
1147 3976 1312 4034 refert
1333 3977 1642 4034 sacerdotes
1665 3991 1734 4033 ex
1753 3976 1928 4048 adytis
1953 3984 2090 4032 tem-

505 4069 603 4140 pli,
633 4070 887 4125 virtutum
929 4070 1228 4128 cmiestium
1253 4069 1472 4127 audisse
1494 4066 1721 4136 vocem,
1749 4068 2092 4124 Transeamus

507 4178 573 4217 ea:
596 4163 676 4218 Itis
701 4161 919 4218 sedibus.

581 4253 670 4310 10.
701 4253 798 4309 Est
819 4254 900 4308 vir
924 4253 1070 4326 (Mss.
1091 4254 1228 4324 vero)
1255 4253 1640 4324 quidamaquo
1667 4267 1768 4324 ego
1806 4251 1960 4323 plura
2002 4251 2088 4307 di-

577 4413 640 4486 ta)
657 4413 847 4486 Αιξεηοι
860 4427 886 4463 a
902 4413 1109 4475 Resina
1131 4413 1456 4486 manuscripts
1474 4411 1572 4486 εξειο
1592 4412 1741 4486 verba
1769 4412 1979 4486 ριιερατέ
1994 4425 2092 4486 ηις-

505 4465 694 4533 rentt'tr.
718 4479 914 4538 integro
951 4465 1127 4538 sEnsu.
1151 4465 1608 4538 liancgsehtentiam
1629 4472 1743 4522 alibi
1767 4465 1816 4523 iu
1838 4465 2088 4538 Ezechiel,

507 4551 614 4602 esp.
742 4535 1284 4602 Hieronymusvidetur
1299 4535 1592 4602 improbare,
1613 4547 1742 4593 cum,
1770 4543 1923 4602 neque
1943 4536 2086 4602 enim,

508 4595 686 4662 inquit,
711 4599 849 4662 boni.
874 4595 960 4650 sed
982 4596 1098 4662 mali
1122 4597 1284 4659 Angeti
1302 4595 1550 4662 tormean
1573 4595 1820 4662 praepositi
1840 4595 1964 4662 stout.
1990 4597 2090 4662 Sed

507 4656 602 4708 haé
621 4656 685 4710 de
708 4672 771 4721 re
791 4659 927 4721 plura
948 4661 1168 4709 dicemus
1190 4656 1279 4721 Suo
1301 4657 1481 4721 loco‘iu
1502 4656 1694 4708 Daniel.
1720 4670 1825 4720 cap.
1850 4658 2089 4721 7.7Etiam

509 4721 653 4781 paulo
682 4717 823 4782 infra
864 4722 1042 4770 absunt
1079 4721 1144 4768 ab
1184 4719 1358 4769 eodem
1383 4717 1474 4782 his.
1500 4721 1649 4782 verba
1692 4717 2090 4782 quamividemus

508 4779 641 4843 nunc
655 4781 962 4843 destructum.
988 4793 1096 4843 qua:
1121 4783 1302 4843 pariter
1323 4779 2088 4843 in_Cisterciensi'desiderantur;

509 4842 600 4911 sed
631 4842 711 4911 hic
735 4843 874 4911 modo
898 4839 1090 4911 legerat
1110 4839 1157 4891 et
1175 4839 1406 4911 incendii
1427 4839 1668 4891 subversa
1689 4841 1972 4903 Jerusalem,
2004 4839 2090 4904 pro

506 4902 828 4964 incendenda
849 4902 1112 4964 universae,
1138 4909 1233 4951 etc.

579 4961 642 5029 (ὁ)
666 4963 772 5029 Hoc
793 4977 858 5013 ex
881 4961 1402 5029 J_ose_ph(1miraculu_t_n
1427 4962 1644 5029 etiamin
1657 4961 1814 5029 Epist.
1828 4963 1888 5029 ad
1907 4963 2089 5013 Hedib.

509 5021 684 5087 quiest.
716 5027 764 5074 8.
813 5032 866 5074 et
905 5025 967 5087 in,
977 5021 1057 5087 illa
1079 5021 1242 5072 Paule
1267 5031 1319 5073 et
1340 5022 1604 5087 Eustachii
1613 5027 1672 5075 ad
1695 5021 2089 5087 Marcellam,rat-

509 5085 759 5148 quealibi
794 5098 929 5148 saepe
953 5085 1279 5148 Hieronymus
1299 5091 1552 5148 memorati.
1577 5085 1822 5147 Iosephus
1843 5099 1960 5148 vero
2001 5086 2086 5136 lib.

509 5144 578 5196 VI
600 5147 806 5208 degBell.
831 5144 944 5195 Jud.
970 5160 1074 5208 cap.
1099 5144 1159 5188 Vl
1186 5158 1281 5208 non
1302 5144 1548 5208 adChristi
1580 5144 1804 5208 mortem,
1823 5160 1930 5195 cum
1949 5147 2092 5196 Tem-

510 5209 580 5270 pli
605 5206 765 5257 velum
790 5205 1110 5270 scissumest,
1133 5205 1316 5267 refert,
1331 5206 1433 5270 sed
1451 5207 1784 5270 quinquennio
1806 5213 1920 5256 ante
1940 5208 2089 5257 'l‘em-

511 5264 580 5332 ἱιιί
607 5270 832 5331 ejusdem
855 5264 1102 5318 excidium
1118 5302 1134 5326 ,
1157 5273 1209 5316 et
1231 5264 1370 5332 annis
1409 5264 1520 5332 fere
1540 5264 1624 5332 βξ.
1647 5267 1690 5315 Α
1712 5266 1885 5318 Christi
1911 5271 2090 5332 passio-

510 5325 578 5382 iic
623 5325 752 5380 i'uter
806 5338 1015 5379 monstra
1043 5367 1056 5390 ,
1101 5325 1210 5391 Quae
1253 5329 1408 5391 urbis
1430 5325 1659 5391 _cladem_
1683 5325 2086 5391 antecesserunt,

513 5400 786 5454 enumerat.
816 5388 1049 5454 Imposuit
1069 5388 1252 5454 autem,
1285 5397 1345 5454 _u_t
1368 5388 1559 5454 videtur
1575 5424 1590 5448 ,
1614 5389 1909 5454 Hieronymo
1930 5388 2090 5442 Euse;

509 5455 624 5506 hius
646 5456 696 5504 in
719 5447 943 5507 Chronic.
965 5453 1155 5516 quiaut
1178 5453 1228 5500 iu
1253 5451 1444 5516 vitiatas
1465 5447 1884 5516 Iosephigcoqﬁzes
1903 5453 2088 5516 incidit,

509 5525 596 5568 aut
617 5531 683 5568 ex
705 5516 802 5566 alio
821 5511 1023 5566 auctore
1046 5513 1251 5562 fortasse
1288 5511 1449 5574 hausit
1467 5543 1482 5569 ,
1507 5511 1720 5574 certein
1758 5511 1970 5574 Iosepho
1993 5511 2089 5564 non

507 5578 654 5643 legit.
677 5575 1116 5643 Utriusqueyerba
1136 5573 1250 5643 alibi
1270 5571 1522 5643 dabimus,
1547 5574 1627 5643 ubi
1652 5573 1762 5643 haec
1777 5571 1916 5632 paulo
1936 5572 2108 5643 fusius'

545 5630 1178 5706 r'agequemqr‘.___hlonenius
1220 5633 1418 5706 interim
1455 5634 1536 5706 ab_
1564 5635 1667 5706 ipso
1703 5630 1998 5706 Hieronymo
2037 5638 2086 5685 in

533 5707 620 5753 sai.
649 5693 756 5768 cap.
787 5701 865 5753 66.
893 5699 1023 5768 illam
1058 5708 1227 5749 vocem
1264 5696 1316 5744 in
1347 5693 1763 5757 Jerosolymitaute
1795 5693 1941 5746 cladis
1963 5705 2086 5748 tem-

510 5778 603 5827 pus
633 5763 773 5816 recte
811 5763 1039 5813 conferri.

576 5830 648 5890 (t)
697 5833 831 5878 Forte
855 5824 1105 5888 Gregorius
1130 5831 1470 5873 Nazianzenus.

1797 367 2041 430 SANCTI
2077 365 2450 428 HIERONYMI

2189 481 2384 538 dieisse
2409 497 2496 538 me
2521 483 2728 554 gaudeo
2749 525 2764 550 ,
2793 493 2848 540 et
2872 485 2963 556 qui
2989 485 3334 541 Hebraeorum
3364 501 3672 545 sermonem
3701 492 3770 546 ita

2191 574 2450 638 elimarit,
2483 583 2542 629 ut
2588 575 2726 632 inter
2769 576 2985 634 Scribas
3025 593 3214 634 eorum
3259 576 3543 635 Chaldaeus
3588 582 3774 636 existi-

2191 673 2384 719 metur.
2414 665 2463 720 ls
2495 665 2650 736 longe
2687 667 2790 722 alia
2818 667 2905 722 via
2933 669 3207 739 ingressus
3230 677 3314 725 est
3337 686 3352 736 ;
3378 670 3454 724 ait
3481 671 3624 726 enim
3656 672 3774 727 nul-

2190 755 2300 811 lum
2353 755 2740 826 Prophetarum
2785 768 2944 814 extra
2993 761 3184 815 lsaiam
3236 759 3436 816 vidisse
3487 760 3772 832 Seraphim

2190 847 2328 901 circa
2352 848 2517 902 Deum
2544 849 2760 917 stantia,
2782 859 2836 905 et
2857 865 2924 906 ne
2950 850 3060 919 ipsa
3085 851 3302 921 quidem
3330 850 3616 922 Serapliim
3641 852 3772 909 alibi
3848 867 3853 872 '

2191 937 2439 992 lectitari.
2466 937 2670 994 Dehinc
2692 941 3168 996 consummationis
3193 949 3250 996 et
3276 941 3598 1010 captivitatis
3619 942 3773 998 leru-

2189 1028 2378 1094 Salem,
2414 1044 2536 1100 quae
2567 1030 2669 1084 sub
2695 1029 3188 1088 Nabuchodonosor
3211 1031 3350 1088 facta
3391 1042 3475 1089 est
3495 1074 3513 1100 ,
3560 1033 3770 1103 signum

2191 1135 2311 1176 esse
2337 1121 2690 1191 praemissum.
2719 1123 2802 1177 Ab
2829 1122 2960 1178 Ozia
2998 1124 3214 1193 quippe.
3245 1123 3346 1179 sub
3366 1137 3473 1194 quo
3499 1138 3659 1179 orsus
3689 1131 3773 1178 est

2192 1211 2531 1282 prophetare,
2559 1227 2727 1284 usque
2754 1213 2820 1268 ad
2845 1213 3149 1281 Sedeciam,
3172 1215 3262 1284 qui
3281 1224 3561 1270 extremus
3583 1231 3774 1287 regna-

2193 1303 2290 1372 vit,
2318 1311 2373 1361 et
2409 1305 2502 1375 qui
2542 1319 2717 1360 czecus
2789 1303 2900 1379 55
2969 1305 3023 1360 in
3051 1305 3377 1377 Babylonem
3427 1306 3616 1360 ductus
3665 1315 3771 1372 est,

2192 1393 2358 1451 fuisse
2407 1410 2563 1466 reges
2610 1395 2899 1459 undecim,
2935 1404 2990 1452 et
3036 1395 3409 1451 duodecimum
3457 1395 3770 1463 Godoliam,

2191 1501 2349 1556 quem
2370 1487 2723 1542 constituerat
2741 1503 2840 1542 rex
2863 1487 3153 1558 Babylonis
3180 1502 3341 1558 super
3367 1499 3583 1554 terram,
3613 1504 3771 1558 quem

2193 1575 2462 1633 interfecit
2509 1575 2699 1632 lsmael
2764 1577 2900 1632 illius
2949 1576 3021 1653 (ε)
3063 1576 3340 1632 Nathaniae
3385 1577 3524 1633 inter
3569 1578 3772 1634 medias

2193 1668 2378 1738 epulas
2399 1708 2412 1733 ,
2435 1668 2782 1740 reliquiarum
2813 1670 2998 1740 patria:
3027 1669 3290 1739 parricida
3311 1672 3330 1741 (
3353 1672 3408 1726 4.
3440 1671 3572 1742 Reg.
3595 1671 3698 1740 25;
3721 1682 3768 1727 et

2191 1758 2248 1812 2.
2289 1757 2470 1814 Pnral.
2521 1760 2656 1826 ult.;
2697 1769 2743 1815 et
2787 1759 2899 1815 Jer.
2947 1761 3160 1832 4|);et
3186 1759 3284 1816 has
3325 1775 3446 1818 esse
3489 1762 3772 1818 duodecim

2193 1851 2328 1915 alas,
2358 1865 2390 1906 e
2433 1851 2625 1920 quibus
2648 1861 2879 1921 quatuor
2905 1851 3095 1909 faciem
3125 1867 3276 1908 suam
3314 1852 3516 1919 velent,
3551 1854 3692 1908 sicut
3717 1855 3770 1908 in

2195 1941 2469 1997 nonnullis
2509 1943 2910 2014 exemplaribus
2958 1945 3266 2013 invenitur,
3306 1955 3538 2016 quatuor
3567 1948 3770 2011 volent,

2195 2042 2423 2105 quatuor
2471 2033 2637 2104 pedes
2676 2043 2985 2106 contegant.
3026 2036 3106 2091 Ex
3131 2034 3215 2092 his
3257 2040 3454 2108 quippe
3491 2037 3773 2094 duodecim

2195 2127 2410 2196 regibus
2437 2135 2640 2182 tantum
2676 2137 2906 2198 quatuor
2933 2127 3109 2198 iustos
3155 2127 3354 2194 fuisse,
3383 2129 3563 2185 Oxiam
3588 2169 3604 2195 ,
3645 2129 3774 2185 δοθ-

2199 2217 2366 2285 tham,
2390 2217 2694 2283 Ezechiam,
2715 2227 2771 2275 et
2796 2219 3021 2286 Josiam,
3043 2220 3134 2290 qui
3154 2219 3413 2276 sublimes
3429 2236 3523 2291 per
3537 2221 3776 2292 singulas

2198 2309 2530 2380 captivuates
2555 2309 2785 2366 audeant
2809 2310 3110 2381 gloriﬁcare
3139 2311 3328 2380 Deum,
3363 2310 3606 2379 Sanctus,
3635 2311 3776 2367 San-

2195 2410 2308 2454 ctus
2331 2441 2346 2466 ,
2379 2400 2602 2456 Sanctus
2631 2401 2878 2456 Dominus
2906 2401 3046 2456 Deus
3080 2401 3329 2458 Sabaoth.
3367 2401 3620 2474 Reliquos
3645 2417 3778 2457 vero

2197 2501 2417 2563 propter
2454 2502 2674 2564 peccata
2705 2507 2800 2549 sua
2841 2493 3020 2550 velare
3058 2493 3251 2551 faciem
3281 2513 3295 2548 :
3325 2504 3382 2551 et
3406 2496 3542 2551 alios
3580 2495 3672 2566 qui
3721 2495 3776 2550 in

2199 2585 2559 2656 captivitatem
2587 2585 2735 2642 ducti
2777 2595 2944 2655 sunt,
2971 2586 3164 2658 pedum
3191 2587 3374 2644 velare
3399 2589 3642 2658 vestigia.
3670 2588 3775 2643 Su-

2198 2678 2540 2750 pcrliminare
2587 2692 2716 2735 vero
2768 2679 3036 2736 sublatum
3060 2721 3078 2748 ,
3135 2689 3190 2736 et
3240 2680 3454 2736 domum
3503 2680 3777 2750 impletam

2199 2769 2365 2837 fumo,
2390 2771 2530 2826 sicut
2548 2785 2709 2842 supra
2737 2769 2989 2839 diximus,
3025 2771 3360 2829 eversionem
3395 2771 3690 2830 Jemsakm
3722 2781 3777 2827 ct

2200 2865 2502 2924 incendium
2529 2866 2709 2937 templi
2733 2865 3006 2938 exposuit.

2272 2959 2360 3014 ll.
2402 2958 2470 3013 Et
2510 2959 2632 3028 quia
2671 2959 2837 3014 semel
2867 2958 2984 3029 ejus
3009 2957 3151 3028 capi
3188 2956 3389 3014 referre
3417 2958 3776 3022 sententiam,

2199 3053 2361 3109 etiam
2387 3067 2454 3108 ea
2482 3065 2601 3122 qua:
2622 3051 2850 3108 necdum
2877 3068 2907 3107 a
2932 3067 3018 3108 me
3036 3059 3161 3108 sunt
3189 3059 3350 3118 tacta,
3381 3051 3774 3120 contingamus.

2199 3147 2478 3217 Forcipem
2505 3145 2573 3201 de
2598 3161 2700 3217 qua
2739 3145 2922 3200 altaris
2951 3144 3112 3200 carbo
3149 3142 3568 3213 comprehensus
3593 3150 3692 3205 est,
3721 3149 3778 3196 et

2199 3239 2339 3295 labia
2365 3245 2604 3309 purgata,
2637 3236 2906 3308 propriam
2938 3235 3087 3290 Isaia:
3116 3235 3346 3291 asseruit
3369 3234 3692 3304 passionem,
3722 3242 3778 3287 et

2198 3346 2304 3402 qua
2341 3331 2443 3386 sub
2469 3329 2712 3385 Manasse
2750 3327 3060 3383 interfectus
3088 3335 3170 3382 est
3195 3341 3324 3396 rege
3347 3365 3364 3392 ,
3407 3333 3462 3380 et
3491 3333 3614 3379 tunc
3641 3337 3773 3378 vero

2198 3426 2435 3497 purgatis
2453 3424 2606 3480 labiis
2634 3423 2767 3478 dixit
2787 3423 2854 3478 ad
2878 3422 3158 3478 Dominum
3188 3437 3205 3475 :
3231 3419 3366 3475 Ecce
3381 3436 3493 3491 ego,
3515 3419 3656 3474 mitte
3674 3435 3774 3482 me,

2195 3527 2246 3573 et
2295 3517 2404 3571 dixi
2461 3531 2481 3570 :
2536 3515 2581 3568 0
2625 3515 2778 3569 miser
2826 3529 2938 3586 ego,
2997 3513 3238 3584 quoniam
3286 3520 3612 3578 comminans
3662 3525 3778 3562 sum

2197 3608 2385 3680 (Juxta
2427 3604 2644 3678 LXX)!
2688 3607 2866 3660 Donec
2909 3603 3066 3660 Ozias
3105 3603 3235 3659 vivit
3276 3617 3382 3656 non
3425 3599 3715 3669 intelligis,
3743 3613 3781 3653 o

2198 3699 2355 3765 lsaia,
2391 3707 2447 3754 te
2483 3713 2603 3754 esse
2632 3697 2909 3758 miserum.
2942 3711 3050 3751 non
3076 3691 3445 3764 compungeris
3466 3730 3484 3757 ,
3517 3704 3623 3745 non
3654 3704 3777 3744 mo-

2195 3790 2377 3847 veris:
2403 3787 2501 3846 sed
2527 3787 2742 3859 quando
2771 3787 2859 3843 ille
2889 3793 3131 3841 mortuus
3159 3793 3260 3848 est,
3285 3791 3410 3838 tunc
3433 3779 3777 3836 animadver-

2195 3880 2265 3936 tis
2291 3920 2309 3947 ,
2362 3894 2470 3936 non
2524 3877 2724 3933 munda
2775 3875 2974 3931 habere
3012 3884 3067 3930 te
3105 3873 3246 3929 labia
3274 3913 3291 3940 ,
3334 3880 3460 3927 tunc
3497 3869 3776 3940 indignum
3849 3940 3852 3944 t

2195 3972 2478 4044 cognoscis
2501 3979 2554 4030 te
2591 3985 2712 4027 esse
2738 3969 2943 4024 visione
2971 3966 3090 4024 Dei.
3127 3966 3336 4023 Utinam
3365 3971 3545 4019 autem
3586 3970 3643 4018 et
3677 3975 3779 4031 ego

2195 4081 2542 4138 compungar,
2572 4074 2626 4121 et
2656 4070 2775 4134 post
2801 4059 3261 4132 compunctionem
3289 4055 3371 4130 (ά)
3395 4095 3412 4122 ,
3442 4054 3536 4110 Dei
3563 4054 3771 4109 visione

2195 4159 2388 4231 dignus
2415 4156 2638 4222 el‘ticiar,
2670 4169 2792 4210 cum
2840 4152 2940 4208 sim
2987 4151 3170 4216 homo,
3197 4157 3253 4205 et
3280 4161 3390 4204 non
3414 4143 3609 4202 munda
3638 4141 3779 4197 labia

2196 4248 2448 4314 habeam,
2475 4255 2529 4302 et
2552 4246 2606 4302 in
2631 4243 2817 4301 medio
2857 4256 3070 4314 quoque
3096 4239 3282 4312 populi
3322 4235 3598 4294 immunda
3639 4233 3776 4290 labia

2194 4337 2441 4393 habentis
2463 4335 2718 4391 habitem.
2741 4334 2906 4390 Isaias
2931 4340 2991 4388 ut
3007 4332 3181 4403 justus
3208 4338 3412 4386 tantum
3448 4328 3500 4384 in
3530 4339 3780 4382 sermone

2194 4437 2507 4504 peccaverat
2537 4447 2551 4484 :
2582 4427 2705 4484 ideo
2730 4426 2840 4483 sola
2869 4425 3008 4482 labia
3055 4422 3285 4480 habebat
3330 4419 3600 4476 immunda
3627 4460 3640 4483 ,
3670 4431 3779 4472 non

2194 4521 2600 4580 conscientiam.
2627 4518 2744 4590 Ego
2770 4532 2901 4574 vero
2941 4515 3064 4587 quia
3095 4523 3150 4569 et
3174 4512 3346 4570 oculis
3370 4511 3528 4568 video
3555 4509 3623 4565 ad
3652 4524 3782 4564 con-

2193 4612 2594 4686 cupiscendum,
2621 4620 2676 4667 et
2696 4623 2858 4665 manu
2877 4605 3209 4663 scandalizor
3223 4612 3279 4661 et
3293 4601 3450 4673 pede,
3472 4608 3527 4656 et
3539 4598 3779 4655 omnium

2193 4706 2557 4764 membrorum
2631 4703 2738 4777 55
2808 4707 2960 4771 parte
2979 4696 3255 4766 delinquo,
3275 4693 3450 4749 habeo
3471 4689 3644 4748 omnia
3675 4688 3777 4741 im.

2193 4797 2429 4855 munda:
2458 4806 2512 4853 et
2535 4795 2658 4867 quia
2685 4793 2852 4850 semel
2878 4789 3067 4862 spiritu
3096 4787 3417 4859 baptizatus,
3448 4796 3662 4838 rursum
3691 4788 3780 4833 tu—

2195 4890 2369 4943 nicam
2399 4886 2583 4957 pollui,
2615 4883 2838 4941 secundi
2863 4880 3200 4951 baptismatis
3229 4875 3566 4950 purgatione,
3597 4873 3648 4926 id
3673 4878 3780 4935 est,

2195 4977 2332 5048 ignis
2359 4975 2568 5046 indigeo
2595 4974 2805 5047 (Matth.
2833 4973 2886 5028 ὅ.
2912 4969 3023 5042 Η).

2265 5065 2353 5122 12.
2384 5065 2452 5121 In
2483 5065 2764 5134 Scripturis
2805 5079 2906 5117 non
2934 5069 3053 5116 sunt
3081 5059 3338 5128 simplicia
3364 5057 3536 5111 verba.
3565 5083 3640 5096 -—
3662 5051 3778 5107 Non

2193 5165 2339 5220 sunt.
2365 5164 2424 5210 ut
2445 5155 2658 5228 quidam
2680 5161 2887 5224 putant,
2917 5153 2972 5206 in
2999 5149 3292 5219 Scripturis
3311 5147 3473 5203 verba
3495 5144 3780 5215 simplicia,

2192 5249 2481 5320 plurimum
2508 5245 2563 5301 in
2595 5243 2679 5298 his
2707 5242 3079 5299 absconditum
3105 5247 3206 5296 est.
3239 5238 3396 5294 Aliud
3423 5239 3621 5300 littera,
3639 5233 3783 5290 aliud

2193 5342 2453 5412 mysticus
2489 5349 2668 5394 sermo
2705 5333 2986 5406 signiﬁcat.
3037 5332 3174 5386 Ecce
3224 5329 3484 5385 Dominus
3524 5328 3575 5381 in
3606 5326 3786 5381 Evan-

2264 5510 2328 5622 Ὠ
2360 5513 2455 5561 Pro
2479 5509 2749 5570 Natham'az,
2773 5517 2828 5561 ut
2852 5524 2882 5560 e
2905 5509 3020 5560 Mss.
3047 5506 3380 5566 emendamus,
3398 5511 3505 5554 erat
3527 5499 3792 5554 Nullumne!

2333 5575 2412 5622 itis
2432 5573 2660 5621 omnibus
2679 5610 2694 5622 .
2717 5573 2845 5622 quod
2868 5571 3070 5621 alterius
3109 5580 3333 5622 personae
3358 5573 3436 5617 est
3457 5578 3634 5614 nomen
3656 5597 3671 5622 ,
3695 5574 3792 5610 non

2194 5589 2242 5624 in
2268 5571 2412 5634 editis
2432 5573 2660 5621 omnibus
2679 5610 2694 5629 ,
2717 5573 2845 5634 quod
2868 5571 3070 5621 alterius
3108 5580 3333 5631 personae
3358 5573 3436 5617 est
3457 5578 3634 5614 nomen
3656 5597 3671 5622 ,
3695 5574 3792 5610 non

2194 5635 2343 5698 patris
2361 5633 2568 5698 lsmael,
2595 5632 3264 5698 quemiﬂieronymushotat.

2257 5687 2700 5756 (d)‘Cistercien'ses
2715 5694 2914 5756 charta,
2929 5687 3028 5744 D'eo
3051 5691 3226 5756 dignus
3241 5687 3456 5756 eﬂiciar;
3473 5691 3618 5756 vetus
3628 5692 3794 5756 autem

2195 5743 2479 5824 editioibei
2501 5743 2847 5824 praedicatione
2865 5768 2881 5814 ;
2901 5743 2960 5806 et
2980 5743 3095 5804 mox
3104 5743 3235 5816 "quia
3400 5743 3493 5801 sint
3515 5748 3673 5808 homo,
3701 5743 3781 5809 vel

2198 5827 2250 5867 ut
2272 5817 2362 5866 Ms.
2388 5814 2472 5880 qui
2495 5814 2604 5866 cum
2625 5814 2714 5865 sint
2728 5851 2744 5877 ,
2769 5823 2868 5866 etc.
