4136 6332
362 372 481 433 (509

381 486 522 560 gelio
574 480 804 552 cingitur
855 477 1020 533 linteo
1044 512 1059 539 ,
1102 470 1298 537 pelvim
1338 466 1405 560 ad
1434 462 1688 560 lavandos
1720 462 1957 560 discipu-

382 553 556 637 larum
613 572 783 646 pedes
838 574 1101 641 praeparat
1128 606 1143 629 ,
1184 561 1324 619 servi
1377 557 1613 629 fungitur
1663 553 1957 610 ministerio

384 668 584 743 (Joatt.
614 662 724 734 l5)
757 680 770 717 :
814 658 892 730 (a)
923 666 1039 715 esto
1061 697 1078 722 ,
1122 664 1181 710 ut
1226 653 1427 743 doceat,
1464 647 1816 703 humilitatem
1840 683 1857 709 ,
1902 651 1960 699 ut

381 742 537 817 nobis
568 755 801 814 invicem
822 750 1186 807 ministremus
1216 763 1230 799 :
1258 759 1363 799 non
1382 742 1577 805 abnuo,
1609 754 1715 793 non
1744 748 1954 791 recuso.

379 852 518 923 Quid
543 859 629 908 est
672 846 818 920 quod
860 846 1025 903 Petro
1073 838 1342 898 recusanti
1386 836 1516 892 dicit
1562 845 1577 887 :
1630 831 1749 887 Nisi
1792 829 1959 884 lavero

382 948 531 1017 pedes
559 954 692 1009 tuos,
720 957 823 997 non
842 937 1046 994 habebis
1074 943 1267 1004 partem
1289 928 1522 984 mecum?
1538 925 1607 982 Et
1627 924 1714 980 ille
1736 936 1961 992 respon-

375 1038 457 1093 dit
485 1053 501 1091 :
528 1033 773 1099 Domine,
800 1047 904 1087 non
946 1029 1111 1084 solum
1136 1024 1316 1095 pedes,
1344 1020 1433 1076 sed
1460 1027 1508 1075 et
1532 1032 1713 1071 manus
1735 1022 1782 1069 et
1809 1020 1960 1083 caput

373 1126 430 1199 (l
439 1128 544 1183 bid.
570 1142 622 1181 υ.
646 1124 702 1180 8.
726 1122 843 1194 9-).
873 1123 1213 1176 Ascensurus
1237 1127 1367 1184 ergo
1395 1110 1651 1168 Dominus
1676 1107 1743 1163 ad

378 1196 529 1290 (quia
573 1215 815 1287 Apostoli
845 1222 905 1269 ut
944 1210 1195 1267 homines
1223 1216 1384 1263 terra:
1412 1203 1721 1260 insistentes
1742 1239 1760 1265 ,
1786 1196 1961 1290 adhuc

353 1286 646 1369 habebant
694 1313 1038 1377 peccatorum
1082 1294 1518 1367 serdibus'pedes
1560 1288 1815 1362 pollutos)
1847 1286 1961 1342 vult

372 1417 475 1458 eos
500 1415 532 1457 tt
555 1399 769 1457 delictis
797 1397 1006 1467 penitus
1028 1394 1264 1451 liberare
1286 1431 1303 1458 ,
1333 1397 1392 1445 ut
1416 1388 1495 1444 eis
1521 1384 1687 1456 possit
1717 1380 1958 1451 Prophe-

379 1494 503 1549 talis
527 1505 705 1547 sermo
742 1500 1044 1559 congruere
1077 1504 1092 1541 :
1123 1484 1288 1550 Quam
1315 1478 1528 1552 speciosi
1554 1476 1707 1547 pedes
1743 1488 1958 1543 euange-

375 1584 643 1639 lisantium
680 1597 856 1653 pacem
911 1578 1071 1651 (Isai.
1122 1576 1215 1634 52.
1269 1573 1358 1645 7);
1412 1581 1469 1628 et
1513 1566 1709 1625 imitari
1747 1565 1962 1620 valeant

381 1674 634 1731 Ecclesia:
664 1673 848 1737 verba,
881 1669 1112 1726 dicentis
1137 1685 1153 1721 :
1182 1665 1309 1721 Lavi
1336 1663 1485 1735 pedes
1524 1677 1680 1727 meos,
1711 1657 1960 1731 quomodo

393 1765 666 1833 inquinabo
696 1762 813 1818 illos
856 1761 1049 1833 (Cant.
1095 1760 1151 1815 5.
1179 1757 1284 1829 '5)?
1338 1765 1397 1811 ut
1434 1754 1594 1811 etiam
1623 1752 1667 1807 si
1696 1751 1815 1820 quis
1840 1755 1962 1820 post

381 1855 828 1912 resurrectionem
858 1862 1043 1924 postea
1070 1851 1157 1909 his
1204 1846 1491 1903 adhaeserit
1524 1843 1733 1915 pulvis,
1774 1842 1828 1896 in
1856 1840 1959 1894 im-

376 1946 521 2017 piam
547 1961 670 2001 eum
697 1944 969 2001 excutiant
990 1942 1260 1999 civitatem
1285 1979 1303 2006 ,
1331 1939 1385 1994 in
1414 1933 1776 1993 testimonium
1802 1931 1958 1987 labo-

372 2038 456 2094 ris
484 2055 498 2091 :
524 2038 667 2108 quod
691 2052 758 2093 eo
786 2050 956 2107 usque
983 2048 1082 2106 pro
1108 2032 1344 2089 omnium
1371 2029 1545 2085 salute
1564 2023 1956 2091 contenderim,

379 2130 504 2187 facti
529 2130 731 2187 Iudaeis
756 2127 1032 2201 υῌυάωε,
1058 2124 1306 2197 gentibus
1335 2132 1394 2179 ut
1417 2120 1681 2193 gentiles;
1713 2127 1771 2171 ut
1794 2116 1957 2172 etiam

381 2223 591 2293 propria
619 2222 840 2294 vestigia
861 2221 1037 2292 aliqua
1063 2235 1131 2275 ex
1151 2228 1304 2288 parte
1336 2215 1638 2286 polluerint.
1670 2210 1831 2281 Igitur
1853 2249 1868 2273 ,
1899 2215 1961 2262 ut

373 2314 446 2369 ad
476 2314 806 2385 propositum
833 2319 1187 2375 revertamur,
1216 2308 1355 2362 sicut
1380 2303 1618 2374 Apostoli
1646 2298 1960 2371 purgatione

367 2404 683 2476 indigebant
720 2403 918 2476 pedum
965 2418 980 2455 :
1024 2401 1104 2456 sic
1148 2398 1313 2452 Isaias
1349 2395 1441 2466 qui
1482 2401 1688 2449 tantum
1736 2390 1789 2445 in
1836 2404 1956 2442 scr-

375 2512 539 2553 mone
565 2504 913 2567 peccaverat,
940 2492 1082 2547 labia
1107 2488 1338 2545 habebat
1365 2483 1635 2541 immunda
1664 2500 1677 2537 :
1709 2490 1763 2537 et
1785 2495 1958 2551 quan-

376 2597 492 2644 tum
511 2604 611 2659 ego
628 2587 883 2654 arbitror,
905 2583 1029 2655 quia
1050 2582 1233 2639 Oziam
1263 2583 1316 2637 in
1343 2578 1622 2649 Templum
1643 2577 1954 2641 irruentem,

370 2696 486 2735 non
531 2677 907 2747 corripuerat,
951 2689 1052 2732 nec
1090 2674 1240 2745 juxta
1286 2672 1415 2728 Elite
1444 2668 1743 2739 exemplum
1791 2664 1956 2720 libera

374 2783 514 2823 voce
543 2768 763 2836 impium
790 2765 1114 2836 designarat,
1142 2762 1281 2817 labia
1312 2759 1546 2815 habebat
1570 2755 1863 2812 immunda.
1889 2751 1957 2807 In

376 2860 543 2913 medio
571 2848 973 2928 quoque‘populi
1000 2854 1262 2909 immunda
1289 2852 1428 2907 labia
1460 2849 1688 2903 habentis
1715 2847 1952 2900 habitem.

372 2952 537 3007 lsaias
557 2952 644 3021 qui
664 2958 1018 3021 compunctus
1043 2955 1146 3012 est,
1175 2956 1229 3003 et
1250 2961 1310 3001 se
1332 2944 1582 3000 miserum
1603 2947 1953 3004 contestatur,

379 3043 689 3113 purgatione
717 3040 911 3111 dignus
939 3039 1187 3095 efﬁcitur.
1220 3037 1458 3107 Populus
1489 3048 1618 3090 vero
1645 3047 1748 3087 non
1780 3031 1952 3087 solum

373 3148 482 3187 non
507 3145 672 3201 agens
700 3131 1098 3201 paenitentiam,
1140 3127 1234 3184 sed
1267 3143 1334 3182 ne
1374 3125 1549 3180 sciens
1578 3122 1790 3194 quidem
1830 3120 1953 3192 quia

374 3225 514 3280 labia
539 3222 771 3277 habebat
813 3220 1085 3277 immunda
1109 3262 1126 3287 ,
1155 3217 1487 3289 purgationis
1517 3213 1815 3271 remedium
1847 3226 1952 3266 non

379 3324 632 3371 meretur.
663 3313 1055 3370 Providendum
1087 3312 1245 3383 igitur
1273 3310 1373 3365 sub
1404 3309 1506 3364 hoc
1533 3307 1779 3377 exemplo
1801 3347 1815 3371 ,
1844 3319 1953 3359 non

380 3407 549 3461 solum
573 3415 631 3461 ut
658 3406 757 3476 ipsi
784 3405 953 3460 simus
974 3404 1103 3475 justi
1130 3442 1145 3467 ,
1191 3401 1286 3458 sed
1317 3416 1385 3456 ne
1421 3415 1544 3455 cum
1589 3396 1954 3468 peccatoribus

375 3512 646 3551 moremur
690 3513 704 3548 :
747 3496 873 3567 quia
908 3504 964 3550 et
1000 3494 1107 3548 hoc.
1135 3493 1187 3548 in
1217 3491 1421 3563 peccati
1457 3504 1520 3545 ac
1547 3489 1777 3545 miseriae
1804 3494 1954 3558 parte

376 3587 521 3643 ducit
542 3587 831 3658 Propheta.
1940 3603 1944 3606 ·

450 3679 539 3733 15.
568 3677 834 3746 Quomodo
874 3675 1009 3731 Deus
1039 3676 1253 3730 videtur.
1280 3704 1350 3714 -
1375 3671 1629 3743 Sequitur
1657 3688 1671 3724 :
1697 3668 1764 3724 Et
1789 3684 1954 3739 regem

380 3767 655 3823 Dotttinum
682 3768 892 3822 sabaoth
966 3766 1074 3838 56
1143 3781 1236 3836 ego
1258 3764 1381 3819 vidi.
1398 3762 1561 3817 Aiunt
1578 3759 1747 3815 Judaei
1763 3758 1952 3814 Isaiam

382 3873 410 3912 a
430 3859 717 3930 majoribus
745 3859 857 3915 suis
881 3856 1084 3914 idcirco
1102 3858 1500 3926 interemptum,
1524 3854 1643 3923 quia
1663 3868 1783 3907 cum
1805 3850 1955 3923 Moy-

382 3964 469 4004 ses
486 3951 780 4020 posteriora
803 3949 899 4006 Dei
925 3949 1138 4015 viderit,
1162 3946 1249 4002 hic
1278 3943 1556 4001 Dominum
1588 3941 1811 3998 sabaoth
1829 3954 1955 3996 ocu-

378 4042 447 4097 lis
467 4043 767 4098 carnalibus
791 4042 988 4097 vidisse
1013 4055 1073 4096 se
1093 4039 1310 4103 scribat,
1326 4051 1488 4108 super
1513 4034 1617 4090 ltoc
1642 4034 1751 4089 Deo
1774 4032 1958 4087 dicen-

378 4143 435 4187 te
465 4151 479 4189 :
511 4132 676 4188 Nemo
709 4134 891 4203 [aciem
937 4148 1100 4187 meam
1138 4130 1322 4185 uidebit
1343 4171 1361 4197 ,
1401 4136 1448 4182 et
1488 4128 1614 4182 vivet
1641 4125 1838 4197 (Exod.
1864 4124 1955 4181 35.

382 4221 498 4293 20).
525 4223 671 4290 Quos
694 4223 740 4279 si
763 4223 1170 4292 interrogemus,
1196 4218 1466 4291 quomodo
1490 4232 1549 4273 se
1572 4218 1712 4272 Deus
1737 4215 1789 4270 in
1816 4213 1958 4283 Lege

383 4315 501 4370 aliis
549 4314 829 4386 PrOphetis
868 4313 922 4368 in
958 4313 1162 4369 visione
1203 4320 1259 4367 et
1295 4324 1488 4367 somno
1534 4308 1677 4363 dicat
1722 4303 1952 4369 ostendi,

384 4404 551 4479 Moysi
594 4420 726 4462 vero
774 4405 910 4462 facie
954 4404 1020 4460 ad
1069 4403 1259 4460 faciem
1299 4401 1569 4472 colloqui;
1610 4407 1664 4455 et
1690 4393 1959 4468 quomodo

385 4503 491 4551 stet
537 4496 627 4551 illa
679 4496 943 4552 sententia
990 4512 1005 4549 :
1052 4493 1219 4548 Nemo
1251 4493 1435 4563 faciem
1474 4506 1639 4545 meam
1676 4487 1875 4552 uidebit,
1912 4495 1960 4541 et

384 4588 533 4654 vivet,
564 4602 684 4642 cum
715 4587 851 4643 facie
899 4586 966 4641 ad
1014 4584 1205 4641 faciem
1244 4599 1305 4639 se
1344 4583 1411 4638 ad
1458 4582 1675 4653 Moysen
1725 4580 1958 4635 locutum

381 4692 504 4734 esse
533 4678 758 4734 fateatur
786 4695 799 4731 :
831 4676 1228 4748 respondebunt
1255 4675 1434 4746 utique
1457 4715 1472 4741 ,
1514 4675 1661 4743 juxta
1690 4669 1961 4743 possibili-

387 4775 545 4824 tatem
578 4768 863 4825 humanam
884 4769 1051 4825 Deum
1081 4768 1252 4822 visum
1275 4806 1290 4831 ,
1312 4781 1418 4820 non
1451 4774 1507 4819 ut
1531 4772 1635 4830 est,
1664 4761 1759 4817 sed
1787 4769 1843 4816 ut
1870 4774 1964 4815 vo-

382 4862 485 4915 luit
509 4876 567 4917 se
591 4862 752 4917 videri
778 4880 791 4916 :
821 4862 1011 4933 quibus
1036 4870 1091 4916 et
1120 4874 1217 4915 nos
1240 4858 1467 4913 dicimus
1496 4855 1684 4912 eodem
1714 4854 1873 4909 modo
1896 4852 1963 4907 ab

388 4950 520 5006 lsaia
548 4967 667 5008 esse
696 4953 890 5018 visum,
916 4959 1150 5007 restante
1175 4963 1378 5004 summa
1403 4987 1418 5012 ,
1460 4956 1518 5002 ut
1556 4946 1767 5017 Moyses
1797 4943 1979 4999 Deum.

389 5052 479 5096 aut
507 5043 737 5110 viderit,
761 5052 856 5108 aut
882 5041 986 5098 non
1016 5042 1225 5098 viderit.
1274 5039 1330 5096 Si
1362 5039 1531 5106 vidit,
1569 5040 1701 5093 vidit
1737 5052 1871 5107 ergo
1910 5046 1965 5092 et

393 5131 552 5189 Isaias
575 5176 589 5201 ,
618 5137 705 5205 qui
734 5136 934 5191 vidisse
961 5150 1021 5190 se
1049 5135 1232 5190 dicens
1252 5175 1267 5200 ,
1300 5132 1463 5203 impie
1486 5140 1569 5187 est
1596 5129 1911 5186 interfectus
1932 5144 1963 5184 a

392 5222 542 5280 vobis
574 5240 586 5277 :
619 5226 741 5296 quia
771 5226 910 5280 Deus
935 5224 1102 5279 videri
1128 5232 1321 5295 potest.
1351 5223 1408 5279 Si
1436 5237 1541 5278 non
1570 5221 1723 5286 vidit,
1755 5219 1964 5275 interfi-

386 5313 494 5369 cite
529 5325 585 5371 et
624 5315 841 5387 Moysen
871 5330 993 5370 cum
1036 5315 1206 5381 lsaia,
1250 5314 1374 5384 quia
1416 5313 1656 5383 ejusdem
1704 5310 1965 5367 mendacii

393 5419 515 5462 reus
541 5414 643 5473 est,
677 5405 861 5461 dicens
899 5419 959 5460 se
985 5405 1183 5460 vidisse
1219 5418 1340 5459 eum
1363 5444 1378 5470 ,
1408 5404 1497 5474 qui
1522 5403 1688 5458 videri
1721 5417 1826 5455 non
1867 5416 1967 5471 po-

389 5505 514 5553 test.
540 5499 943 5568 Quemcumque
967 5495 990 5568 [
1016 5496 1086 5552 al.
1123 5495 1511 5568 quodcumque]
1541 5498 1593 5551 in
1637 5496 1969 5566 expositione

453 5652 524 5717 (a)
555 5654 667 5727 Duo
688 5653 804 5704 Mss.
823 5666 913 5727 pro
935 5657 1058 5711 Esto,
1075 5652 1250 5714 legunt
1260 5658 1357 5699 cur
1378 5652 1471 5700 ista
1490 5652 1514 5722 ξ
1532 5652 1660 5722 quod
1681 5652 1841 5723 minus
1862 5660 1969 5722 pro-

390 5712 531 5765 batur
548 5754 562 5775 ,
586 5715 731 5766 altam
755 5728 888 5765 emm
910 5715 975 5763 ob
996 5726 1187 5762 causam
1211 5710 1663 5775 quamhumdttatts
1708 5711 1754 5761 td
1791 5710 1969 5763 feetsse

389 5776 476 5829 ait.
499 5771 738 5830 Victorius
759 5783 1053 5842 sequentem
1094 5779 1144 5827 ut
1168 5771 1448 5836 particulam
1489 5772 1690 5825 omittit.

823 5666 913 5727 P“°
935 5657 1058 5727 ἔδων
1075 5650 1250 5727 ιβεειηξ
1260 5658 1357 5727 Ψέῗ
1376 5648 1660 5727 ἵξιέεἶίξ
1681 5651 1971 5727 Si“???

1759 346 2086 408 EPISTOLA
2128 346 2316 404 XVIII.

3541 361 3649 417 570

2066 458 2183 530 ejus
2212 459 2313 515 loci
2338 474 2499 532 super
2528 461 2745 534 Moysen
2776 465 3057 523 habuerint
3086 469 3411 533 intellectum
3437 513 3452 539 ,
3481 474 3643 530 etiam

2066 565 2164 606 nos
2185 550 2253 606 ad
2272 550 2423 607 Isaiae
2449 555 2863 624 temperauimus
2885 558 3161 615 visionem.

2136 644 2226 699 l4.
2255 643 2545 714 Sequitur:
2580 645 2648 699 Et
2678 647 2889 701 missum
2918 658 2990 704 est
3018 651 3086 703 ad
3107 669 3185 707 me
3209 670 3363 708 unum
3390 656 3455 710 de
3480 656 3646 713 Sera-

2066 734 2227 805 phim,
2258 748 2305 790 et
2334 737 2388 792 in
2416 754 2570 792 manu
2607 755 2700 792 sua
2728 740 2939 794 habebat
2968 742 3252 808 carbonem,
3280 764 3427 817 quem
3452 750 3650 821 forcipe

2064 835 2350 895 sumpserat
2375 826 2439 881 de
2457 828 2635 894 altari,
2661 838 2711 883 et
2737 830 2898 900 tetigit
2923 847 2979 885 os
3003 849 3169 887 meum
3188 876 3204 901 ,
3235 846 3281 889 et
3309 837 3436 893 dixit
3459 855 3480 893 .'
3511 838 3644 895 Ecce

2065 918 2223 989 tetigit
2255 919 2349 973 hoc
2377 917 2513 975 labia
2540 930 2628 974 tua
2648 963 2664 986 ,
2696 932 2743 975 et
2779 920 2854 991 (ὁ)
2895 923 3085 991 auferet
3110 925 3395 995 iniquitates
3417 941 3535 989 tuas
3554 972 3569 998 ,
3597 943 3647 986 et

2064 1018 2272 1078 peccata
2316 1018 2405 1066 tua
2450 1012 2701 1083 purgabit.
2757 1012 3060 1070 Secundum
3115 1031 3303 1074 omnes
3345 1021 3641 1088 Editiones,

2063 1114 2196 1169 quas
2222 1115 2385 1172 supra
2410 1104 2772 1173 exposuimus,
2801 1106 2913 1162 sive
2938 1106 3046 1163 duo
3078 1106 3421 1167 Testamenta
3449 1113 3648 1169 intelli—

2062 1204 2190 1259 gere
2215 1191 2472 1260 volueris,
2494 1193 2607 1249 sive
2633 1195 2838 1266 aliquas
2862 1198 3224 1267 apparatrices
3249 1200 3302 1255 in
3336 1204 3644 1260 cmleStibus

2065 1281 2307 1350 virtutes,
2333 1282 2447 1340 sive
2472 1283 2528 1340 in
2566 1288 2778 1355 signum
2815 1286 3140 1357 captivitatis
3178 1289 3370 1347 futura:
3397 1293 3640 1349 umbram

2063 1373 2347 1443 quamdam
2368 1376 2612 1432 veritatis
2636 1377 2825 1433 futurae
2857 1377 3268 1450 praefiguratam,
3299 1397 3441 1437 nunc
3463 1384 3644 1452 accipe

2066 1461 2367 1534 Seraphim.
2401 1466 2509 1523 Nos
2543 1468 2666 1537 quia
2710 1468 2939 1539 primam
2983 1472 3305 1529 sententiam
3346 1473 3640 1544 sequimur,

2066 1554 2442 1624 Evangelicum
2492 1557 2893 1615 Testamentum
2956 1562 3181 1618 missum
3235 1564 3527 1619 asserimus
3575 1566 3643 1620 ad

2066 1643 2386 1716 Prophetam
2418 1663 2432 1699 :
2462 1647 2602 1716 quod
2628 1648 2833 1705 habens
2857 1651 2908 1705 in
2934 1666 2995 1708 se
3023 1663 3247 1724 utraque
3274 1655 3523 1711 mandata
3542 1698 3560 1721 ,
3592 1657 3643 1712 id

2064 1744 2167 1804 est,
2191 1745 2246 1792 et
2270 1751 2366 1793 sua
2403 1746 2456 1793 et
2486 1741 2681 1795 veteris
2704 1740 3029 1798 Testamenti
3054 1785 3069 1810 ,
3100 1744 3319 1815 ignitum
3340 1763 3642 1805 sermonem

2068 1826 2196 1893 Dei,
2251 1827 2447 1898 duplici
2496 1839 2882 1902 praeceptorum
2929 1834 3045 1890 acie
3087 1837 3494 1906 comprehendit
3535 1857 3548 1892 :
3589 1851 3646 1896 et

2065 1919 2221 1974 tactis
2264 1920 2437 1989 labiis,
2465 1922 2725 1993 quidquid
2764 1922 2936 1980 fuerat
2976 1924 3310 1996 ignorantiae,
3339 1927 3442 1983 hoc
3474 1928 3644 1999 siqni-

2063 2010 2183 2066 dem
2228 2026 2327 2067 nos
2356 2012 2492 2068 labia
2522 2013 2940 2085 interpretamur
2967 2015 3243 2072 immunda
3265 2055 3283 2083 ,
3315 2018 3642 2088 purgationis

2063 2116 2175 2158 sua:
2205 2105 2407 2174 pepulit
2439 2107 2684 2161 veritate.
2732 2106 2881 2163 lianc
2909 2107 3165 2178 forcipem
3206 2108 3375 2165 Iacob
3403 2110 3455 2164 in
3498 2111 3641 2165 scala

2058 2196 2323 2264 conspicit
2356 2195 2706 2269 (Genes.28):
2726 2198 2813 2255 hic
2828 2208 2911 2255 est
2932 2199 3142 2270 gladius
3168 2200 3251 2257 bis
3275 2213 3495 2257 acutus:
3529 2202 3644 2256 hznc

2064 2286 2169 2341 duo
2198 2288 2439 2355 minuta,
2487 2303 2607 2359 quae
2635 2290 2828 2345 mulier
2858 2290 3014 2345 vidua
3058 2291 3223 2346 mittit
3267 2292 3319 2346 in
3365 2292 3505 2347 dona
3548 2292 3640 2346 Dei

2064 2376 2255 2447 (Marc.
2273 2378 2362 2449 12)
2383 2378 2499 2434 :hic
2516 2387 2681 2436 stater
2707 2379 2843 2436 duos
2866 2380 3115 2437 denarios
3132 2381 3353 2447 habens,
3368 2383 3457 2453 qui
3475 2383 3526 2437 in
3546 2398 3642 2439 ore

2064 2466 2227 2537 piscis
2254 2476 2519 2538 repertus,
2544 2484 2640 2539 pro
2658 2470 2884 2527 Domino
2908 2482 2964 2527 et
2981 2471 3140 2528 Petro
3166 2472 3406 2528 redditur
3424 2473 3636 2545 (Matth.

2064 2562 2191 2633 l7);
2224 2563 2322 2617 hac
2346 2563 2544 2633 duplici
2574 2564 2774 2635 forcipe
2846 2565 2953 2637 57
3025 2581 3144 2636 qua:
3194 2566 3407 2622 unionis
3444 2567 3640 2622 retine-

2060 2660 2151 2706 tur
2168 2652 2383 2720 virtute,
2411 2653 2571 2709 carbo
2600 2653 3028 2724 comprehensus
3057 2657 3286 2711 mittitur
3310 2655 3376 2711 ad
3402 2654 3643 2726 Prophe-

2063 2755 2191 2812 tam,
2214 2760 2370 2815 quem
2418 2746 2474 2800 in
2511 2746 2806 2801 centesimo
2829 2745 3040 2803 decimo
3066 2762 3209 2804 nono
3233 2747 3449 2804 Psalmo
3473 2790 3489 2813 ,
3516 2764 3636 2804 cum

2060 2836 2326 2906 Pmpheta
2376 2837 2549 2893 Deum
2595 2847 2806 2908 rogaret
2853 2838 3039 2895 dicens
3083 2856 3098 2893 :
3152 2857 3169 2892 ι
3203 2839 3448 2906 Domine,
3472 2840 3636 2896 libera

2058 2928 2290 2983 animam
2321 2943 2493 2985 meam
2521 2944 2551 2984 a
2574 2929 2727 2985 labiis
2753 2930 2985 3001 iniquis,
3010 2938 3071 2986 et
3096 2945 3126 2985 a
3156 2931 3331 3002 lingua
3357 2931 3541 2989 dolosa
3562 2972 3578 2997 ,
3615 2951 3634 2984 ι

2058 3027 2114 3075 et
2139 3028 2262 3089 post
2287 3020 2758 3091 interrogationem
2781 3020 3013 3091 Spiritus
3034 3020 3215 3076 Sancti
3239 3038 3252 3073 :
3279 3039 3297 3073 ι
3322 3021 3456 3088 Quid
3483 3020 3639 3075 detur

2062 3112 2191 3180 tibi,
2220 3119 2312 3166 aut
2332 3110 2463 3182 quid
2488 3121 2789 3181 apponatur
2814 3112 2909 3167 tibi
2938 3111 3006 3167 ad
3048 3112 3279 3182 linguam
3306 3111 3584 3166 dolosam?
3611 3130 3633 3162 ο

2057 3201 2257 3256 dictum
2289 3208 2374 3256 est
2398 3216 2412 3256 :
2456 3219 2475 3252 ι
2497 3201 2714 3271 Sagittae
2743 3202 2975 3271 potentis
2995 3210 3298 3257 acuteecum
3319 3200 3639 3256 carbonibus

2057 3292 2395 3349 desolatoriis
2420 3311 2439 3345 ι
2476 3291 2593 3363 (Ps.
2626 3293 2746 3349 ll9.
2767 3294 2821 3348 2.
2845 3303 2892 3348 et
2910 3294 3070 3365 seqq.)
3092 3334 3107 3358 ,
3130 3294 3328 3350 scimus
3354 3292 3634 3364 Propheta:

2058 3398 2178 3441 esse
2205 3397 2543 3440 concessum.
2577 3383 2716 3440 Vere
2738 3384 2935 3454 quippe
2953 3384 3311 3440 desolatorius
3340 3385 3521 3451 carbo,
3547 3384 3636 3454 qui

2059 3478 2292 3550 linguam
2316 3493 2501 3549 puram
2528 3477 2654 3534 facit
2672 3494 2702 3533 a
2726 3490 2967 3548 peccato,
2999 3494 3179 3534 sermo
3199 3478 3409 3534 divinus
3437 3489 3542 3545 est,
3569 3477 3637 3533 de

2054 3586 2167 3641 quo
2194 3571 2325 3628 etin
2347 3570 2482 3628 lsaia
2503 3571 2699 3627 dicitur
2728 3588 2741 3624 :
2771 3570 2977 3626 «Habes
3002 3571 3263 3626 carbones
3292 3571 3449 3642 ignis,
3478 3570 3637 3625 sede-

2058 3663 2143 3719 his
2173 3678 2332 3733 super
2350 3678 2467 3729 eos,
2497 3662 2731 3718 bierunt
2760 3661 2856 3718 tibi
2886 3662 2938 3715 in
2964 3662 3291 3731 adjutoriunt
3317 3680 3337 3714 ι
3369 3660 3521 3734 (lsai.
3545 3662 3634 3716 67.

2060 3756 2183 3812 με.
2209 3771 2310 3809 sec.
2343 3753 2537 3827 LXX).

2132 3846 2220 3902 l5.
2269 3844 2563 3915 Sequitur:
2608 3842 2680 3898 Et
2717 3842 2888 3897 audivi
2934 3858 3102 3898 vocem
3128 3840 3339 3896 Domini
3384 3842 3596 3896 dicentis
3623 3880 3636 3901 ,

2062 3938 2225 4004 Quem
2252 3935 2469 4002 mittam,
2495 3944 2545 3990 et
2569 3935 2680 4005 quis
2701 3933 2790 3987 ibit
2820 3933 2889 3987 ad
2918 3933 3162 4003 populant
3185 3934 3371 3987 istum?
3397 3931 3461 3985 Et
3489 3932 3598 3986 dixi
3619 3948 3638 3986 :

2062 4027 2195 4083 Ecce
2233 4043 2347 4099 ego,
2376 4028 2518 4081 mitte
2548 4041 2648 4079 me.
2678 4023 2746 4078 Et
2773 4023 2847 4077 ait
2873 4038 2893 4076 :
2927 4022 3068 4077 Vade
3091 4032 3139 4077 et
3168 4022 3249 4076 dic
3270 4022 3458 4093 populo
3484 4022 3599 4076 huic
3619 4039 3639 4077 :

2061 4118 2200 4174 Aure
2235 4118 2483 4184 audietis,
2532 4125 2579 4171 et
2624 4132 2723 4169 non
2751 4112 3062 4185 intelligetis.
3104 4112 3481 4184 lnterrogantis
3515 4120 3642 4168 sunt

2063 4208 2225 4265 verba
2251 4207 2485 4274 Domini,
2511 4222 2615 4262 non
2636 4205 2897 4277 jubentis,
2924 4219 3083 4277 quem
3108 4203 3302 4259 debeat
3330 4203 3562 4270 mittere,
3587 4212 3643 4258 et

2063 4301 2181 4373 quis
2225 4302 2395 4356 iturus
2421 4300 2491 4354 sit
2530 4298 2598 4353 ad
2626 4296 2881 4369 populum
2901 4336 2917 4366 ,
2948 4296 3035 4352 cui
3062 4294 3233 4351 facilis
3260 4294 3527 4367 Propheta
3557 4309 3643 4350 re-

2063 4391 2292 4464 spondet
2323 4408 2337 4446 :
2375 4390 2502 4445 Ecce
2532 4406 2643 4462 ego,
2676 4390 2817 4444 mitte
2841 4405 2939 4456 me,
2979 4396 3179 4458 etpost
3204 4386 3640 4457 pollicitationem

2059 4486 2311 4557 iubetur,
2338 4494 2398 4540 ut
2423 4484 2567 4541 dicat
2597 4501 2611 4537 :
2669 4482 2844 4547 Vade,
2884 4490 2931 4536 et
2975 4481 3057 4535 dic
3103 4479 3292 4549 papula
3318 4478 3433 4532 huic
3454 4494 3475 4532 :
3508 4478 3646 4532 Attre

2064 4577 2311 4643 audietis,
2352 4586 2400 4630 et
2424 4592 2525 4630 non
2561 4573 2851 4644 intelligetis
2881 4587 2900 4626 :
2930 4579 2975 4626 et
3002 4578 3256 4625 cernentes
3281 4568 3565 4640 aspiciett's,
3596 4579 3643 4625 et

2067 4684 2168 4722 non
2193 4665 2456 4729 uidebitis;
2483 4673 2536 4720 et
2562 4672 2759 4724 caetera
2785 4676 2906 4731 qua:
2926 4660 3091 4732 ipsius
3133 4659 3434 4731 Prophetiae
3459 4675 3642 4718 sermo

2062 4756 2323 4813 contexit.
2352 4754 2548 4809 Audivi
2575 4768 2674 4824 ego
2701 4753 2755 4807 in
2777 4751 2879 4807 hoc
2906 4752 3025 4806 loco
3052 4766 3158 4806 non
3181 4765 3399 4820 parvam
3432 4752 3644 4810 Hebraei

2069 4849 2173 4904 mei
2200 4846 2650 4919 disputationem,
2688 4844 2839 4915 cujus
2876 4858 3044 4915 pauca
3085 4860 3313 4915 ponam,
3344 4855 3402 4901 ut
3430 4860 3645 4902 sensum

2073 4939 2303 4994 hominis
2330 4937 2595 4993 advertas.
2643 4936 2864 5002 Aiebat,
2905 4936 2972 4992 de
3013 4936 3196 5007 Moyse
3220 4945 3277 4992 et
3304 4937 3437 4992 lsa’a
3462 4976 3477 5002 ,
3527 4936 3649 5008 quis

2072 5030 2264 5086 melius
2293 5029 2511 5094 fecerit,
2556 5028 2908 5099 requiramus.
2953 5028 3140 5084 Utrum
3182 5044 3250 5084 ne
3287 5028 3518 5101 Moyses,
3557 5028 3651 5099 qui

2071 5135 2192 5175 cum
2241 5134 2272 5173 a
2320 5118 2430 5173 Deo
2472 5118 2773 5173 mitteretur
2815 5117 2882 5172 ad
2933 5118 3221 5188 populum,
3270 5119 3390 5173 ait:
3434 5116 3648 5182 Precor,

2076 5210 2310 5276 Domine,
2343 5225 2444 5264 non
2473 5225 2584 5263 sum
2627 5208 2850 5279 dignus;
2894 5217 2950 5265 et
2989 5225 3219 5275 rursum,
3264 5209 3471 5281 provide
3494 5209 3651 5263 aliaat

2073 5320 2217 5373 quem
2246 5303 2416 5355 mittas
2444 5300 2640 5372 (Exod.
2670 5302 2723 5356 4.
2755 5302 2845 5373 15)
2878 5318 2892 5354 :
2926 5302 3009 5356 An
3035 5300 3217 5365 Isaias,
3243 5302 3334 5373 qui
3380 5316 3500 5356 cum
3546 5315 3652 5355 non

2078 5393 2263 5449 fuisset
2284 5392 2507 5457 electus,
2552 5391 2696 5447 ultro
2741 5406 2801 5446 se
2828 5391 3049 5457 obtulit,
3081 5390 3265 5447 dicens
3307 5408 3321 5446 :
3374 5389 3506 5443 Ecce
3534 5406 3646 5458 ego,

2076 5526 2210 5639 c08b)
2245 5525 2467 5598 Martiae.
2486 5523 2705 5597 abstulit,
2732 5530 2785 5574 et
2819 5522 3174 5597 mox
3190 5520 3658 5593 juxtalirasmianos

2170 5600 2271 5638 tces
2291 5587 2373 5636 hte
2393 5594 2541 5639 atque
2564 5587 2705 5634 infra.
2732 5585 2829 5635 Sed
2857 5599 3019 5636 verius
3046 5584 3269 5639 plertque
3293 5582 3394 5639 alti,
3420 5589 3473 5631 ut
3504 5583 3657 5639 edldl-

2170 5582 2271 5638 ices
2291 5587 2373 5636 hic
2393 5594 2541 5650 atque
2561 5582 2705 5650 infra.
2732 5585 2831 5650 Sed
2857 5582 3019 5636 verius
3046 5582 3269 5647 plerique
3293 5582 3394 5640 alii,
3420 5589 3473 5631 ut
3504 5583 3657 5650 edidi-

2078 5636 2435 5713 mus‘utroque
2461 5636 2524 5697 'in
2561 5646 2691 5713 loco,
2711 5660 2773 5713 ex
2799 5646 2967 5713 Grzecp
3132 5636 3204 5713 et'
3508 5636 3662 5713 Paulo

2078 5710 2201 5820 ilifl‘a
2219 5716 2341 5820 pol;i
2352 5703 2539 5761 'vocem
2563 5703 2850 5774 captivitatis
2868 5744 2883 5771 ,
2908 5703 3048 5757 abest
3068 5708 3247 5769 Iulum:
3267 5703 3297 5755 ξι
3319 5703 3477 5767 Regio
3500 5715 3556 5755 ac
3580 5704 3659 5757 Gl.
3722 5748 3725 5751 λ

2082 5789 2108 5820 S
2131 5784 2265 5820 CI'CIO
2343 5806 2359 5820 .

2082 5772 2359 5825 stercicnsi.
