4136 6332
533 359 635 416 367

529 489 651 530 rum
677 471 1033 531 introduxerit
1057 489 1072 528 :
1095 473 1235 529 sicut
1261 470 1356 528 Dei
1385 469 1621 529 Ecclesia
1644 479 1830 543 postea
1860 470 2097 528 introdu-

527 577 613 621 cta
659 573 742 622 est
781 564 1011 622 dicens:
1045 564 1394 621 «Introduxit
1437 579 1523 620 me
1563 579 1657 621 rex
1704 564 1757 619 in
1797 563 2104 621 cubiculum

527 673 682 714 suum
713 677 733 712 ι
769 657 943 729 (Cant.
977 659 1028 714 I.
1062 659 1138 730 ὃ).
1183 658 1411 726 Quando
1448 673 1578 728 ergo
1622 657 1879 713 Dominus
1922 668 2107 713 noster

526 753 806 811 descendit
832 753 898 809 ad
925 763 1116 820 terras,
1145 752 1552 823 superliminare
1581 749 1730 815 illud,
1756 749 1806 805 id
1828 757 1930 816 est,
1953 748 2107 821 quasi

527 845 797 916 quoddam
840 846 1176 904 obstacqum
1221 846 1422 902 intrare
1461 845 1798 914 cupientibus
1837 843 2105 899 sublatum

526 947 610 995 cst
639 955 653 993 :
681 947 737 994 et
761 937 1040 995 universus
1072 938 1162 994 hic
1190 937 1420 994 mundus
1447 936 1593 992 fumo
1623 936 1872 1006 impletus
1906 943 2020 998 est,
2050 933 2103 990 id

517 1039 605 1088 est
653 1030 822 1100 gloria
845 1029 960 1086 Dei.
984 1029 1084 1087 Ubi
1107 1039 1286 1085 autem
1309 1029 1360 1083 in
1383 1028 1571 1083 Latino
1591 1027 1834 1082 eleuatum
1858 1027 2102 1098 legimus,

526 1124 582 1176 in
611 1122 802 1177 Grch
824 1127 1024 1193 ἐπήρθη,
1054 1121 1307 1177 sublatum
1327 1162 1342 1188 ,
1377 1122 1608 1192 ponitur.
1655 1121 1762 1178 Sed
1802 1123 1922 1192 quia
1953 1122 2103 1178 verbi

526 1213 849 1285 ambiguitas
874 1223 1102 1286 utroque
1133 1214 1292 1271 modo
1331 1215 1669 1286 interpretari
1697 1222 1905 1285 potest,
1935 1212 2106 1268 nostri

527 1304 796 1360 elevatum
837 1305 1172 1376 interpretati
1212 1314 1337 1361 sunt
1374 1320 1474 1377 pro
1514 1305 1711 1362 ablato.
1763 1324 1782 1358 ι
1813 1306 1877 1360 Ει
1915 1305 2106 1361 domus

527 1395 747 1465 impleta
789 1402 874 1451 est
918 1394 1084 1451 fumo.
1118 1415 1138 1448 ι
1186 1395 1345 1463 Deus,
1376 1407 1434 1451 ut
1478 1410 1642 1466 supra
1687 1396 1938 1462 diximus,
1969 1395 2106 1467 ignis

525 1495 607 1542 est
633 1504 649 1538 :
673 1485 757 1542 hic
783 1500 905 1542 cum
932 1486 985 1541 in
1013 1486 1141 1543 Sina
1179 1496 1359 1542 monte
1384 1486 1747 1543 descendisset
1773 1487 1841 1542 ad
1861 1487 2100 1558 Moysen,

523 1577 590 1633 ad
667 1579 774 1652 53
846 1579 1134 1636 adventum
1187 1579 1306 1651 ejus
1343 1579 1659 1636 videbantur
1707 1579 1980 1650 lampades
2018 1578 2104 1633 di-

524 1679 858 1736 scurrentes,
877 1679 926 1726 et
947 1671 1138 1740 plenus
1157 1671 1334 1726 omnis
1355 1686 1507 1727 mons
1528 1669 1693 1725 fumo.
1714 1669 1864 1726 Unde
1879 1670 1932 1724 in
1953 1669 2104 1725 Psal-

527 1760 630 1814 mis
658 1760 887 1816 dicitur:
923 1780 944 1815 ι
965 1761 1066 1829 Qui
1093 1762 1263 1833 tangit
1284 1771 1516 1829 montes,
1546 1771 1601 1819 et
1637 1762 1897 1832 fumigant
1927 1781 1947 1814 ι
1983 1760 2104 1832 (Ps.

524 1852 652 1908 105.
683 1851 797 1924 δε).
831 1853 910 1908 Ex
940 1854 1062 1924 igne
1100 1869 1259 1925 ergo,
1285 1854 1536 1926 quoniam
1563 1862 1728 1909 totam
1752 1853 2104 1909 substantiam

522 1958 718 2015 capere
745 1958 850 1999 non
873 1959 1176 2016 possumus,
1209 1945 1399 2001 laevior
1424 1944 1669 2017 quaedam
1705 1944 1760 2000 in
1796 1944 2102 1999 universum

521 2034 806 2103 mundum,
828 2045 880 2091 ct
898 2036 982 2106 (ut
1006 2037 1076 2090 ita
1093 2035 1294 2106 dicam)
1319 2036 1494 2091 rarior
1515 2035 1644 2091 fumi
1675 2044 1863 2090 natura
1888 2034 2102 2103 disper-

522 2128 688 2199 gitur,
711 2142 874 2199 quam
901 2141 1000 2183 nos
1026 2127 1299 2198 capientes
1317 2167 1336 2194 ,
1364 2126 1604 2182 dicamus
1635 2144 1648 2180 :
1684 2145 1704 2178 ‹
1726 2125 1802 2180 Ex
1833 2135 1984 2195 parte
2010 2139 2104 2181 co-

521 2219 854 2290 gnoscimus,
876 2226 932 2275 et
957 2233 1025 2274 ex
1054 2227 1204 2289 parte
1225 2217 1606 2290 prophetamus
1630 2235 1650 2270 ι
1673 2217 1749 2287 (1.
1771 2215 1892 2272 Cor.
1917 2216 2003 2272 13.
2023 2216 2101 2287 9).

523 2310 638 2367 Et:
670 2328 690 2363 ι
718 2309 870 2367 Nunc
911 2309 1156 2366 videmus
1202 2324 1301 2380 per
1344 2309 1624 2380 speculum
1668 2309 1722 2364 in
1767 2309 2050 2378 aenigmate
2079 2327 2098 2361 ι

527 2404 692 2476 (me.
726 2403 839 2473 η).

592 2495 648 2551 9.
679 2495 746 2550 Et
769 2535 784 2561 ,
815 2495 1091 2564 Seraphin:
1118 2494 1318 2550 stabant
1347 2495 1399 2548 in
1430 2493 1643 2548 (ircuitu
1681 2494 1792 2564 ejus
1830 2508 1849 2548 :
1887 2508 1977 2548 sea:
2001 2492 2104 2547 alte

522 2587 635 2652 uni,
655 2596 701 2640 et
723 2602 813 2640 sea:
838 2587 937 2640 alte
959 2586 1127 2641 alteri.
1146 2584 1372 2653 Quidam
1395 2584 1701 2642 Graecorum
1729 2585 1782 2638 in
1810 2583 2103 2654 Scripturis

521 2676 766 2747 apprime
787 2674 1029 2731 eruditus
1059 2675 1156 2746 (ι),
1200 2675 1477 2744 Seraphim
1505 2675 1732 2729 virtutes
1760 2673 2020 2745 quasdam
2046 2673 2102 2728 in

520 2766 676 2823 cmlis
695 2780 814 2822 esse
837 2767 1104 2837 exposuit,
1127 2782 1246 2837 qum
1267 2774 1391 2821 ante
1415 2765 1642 2822 tribunal
1670 2765 1764 2820 Dei
1789 2766 2103 2821 assistentes

520 2857 741 2914 laudent
785 2872 948 2924 eum,
995 2867 1051 2913 et
1092 2858 1144 2912 in
1199 2857 1408 2914 diversa
1451 2856 1745 2913 ministeria
1797 2856 2100 2924 mittantur,

519 2950 857 3022 maximeque
887 2949 955 3006 ad
997 2965 1093 3006 eos
1131 2952 1220 3021 qui
1251 2951 1560 3022 purgatione
1603 2950 1878 3019 indigent,
1929 2958 1985 3008 et
2030 2950 2103 3006 ob

517 3041 748 3112 pristina
775 3050 990 3112 peccata
1012 3083 1028 3104 ,
1061 3041 1237 3112 aliqua
1267 3056 1336 3097 ex
1365 3050 1516 3111 parte
1544 3041 1820 3112 suppliciis
1850 3041 1926 3111 (a)
1969 3055 2099 3110 pur-

517 3135 632 3206 gari
673 3144 968 3190 merentur.
1012 3133 1166 3201 Quod
1207 3144 1384 3190 autem
1414 3134 1678 3190 sublatum
1721 3144 1846 3203 est,
1889 3135 2097 3205 inquit,

517 3225 930 3296 superliminare
949 3267 968 3294 ,
1009 3234 1066 3281 et
1092 3227 1284 3281 domus
1311 3226 1524 3297 impleta
1555 3235 1639 3282 est
1666 3225 1816 3281 fumo
1838 3267 1854 3292 ,
1887 3227 2096 3297 signum

517 3326 606 3374 est
629 3317 836 3388 Templi
861 3317 1068 3374 Iudaici
1092 3317 1404 3374 destruendi
1432 3360 1448 3385 ,
1490 3327 1546 3375 et
1585 3319 1930 3375 incendendae
1973 3320 2097 3373 uni-

515 3421 689 3463 versae
718 3406 1010 3464 Jerusalem
1036 3451 1052 3476 ,
1083 3424 1242 3480 quam
1283 3408 1526 3464 videmus
1565 3423 1706 3464 nunc
1744 3409 2094 3465 destructum.

513 3494 769 3552 Nonnulli
801 3512 932 3554 vero
962 3499 1013 3552 in
1044 3499 1411 3570 superioribus
1449 3501 1846 3556 consentientes
1869 3541 1884 3565 ,
1914 3500 1966 3554 in
1997 3514 2095 3555 ex-

516 3597 686 3643 trema
726 3597 875 3658 parte
903 3588 1242 3646 dissentiunt.
1281 3589 1412 3645 Nam
1458 3590 1868 3661 superliminare
1909 3589 2094 3646 subla-

514 3689 629 3734 tum
669 3679 761 3734 illo
797 3688 1034 3751 tempore
1063 3681 1398 3752 praedicant,
1445 3682 1659 3753 quando
1689 3683 1862 3738 velum
1909 3683 2093 3754 templi

512 3771 743 3828 scissum
785 3779 868 3828 est
890 3813 907 3839 ,
937 3782 992 3828 et
1018 3773 1261 3828 universa
1292 3773 1485 3829 domus
1523 3771 1687 3830 Israel
1714 3775 1911 3832 erroris
1951 3774 2096 3831 nube

511 3858 730 3916 confusa
788 3860 1001 3931 (Matth.
1057 3863 1160 3928 i7;
1210 3871 1259 3917 et
1310 3861 1480 3918 Marc.
1513 3863 1612 3928 i5;
1666 3872 1714 3919 et
1762 3863 1892 3920 Luc.
1945 3865 2089 3933 25):

511 3951 725 4021 quando
753 3949 831 4024 (ὁ)
855 3951 1121 4023 Iosephus
1149 3952 1314 4010 refert
1335 3954 1645 4010 sacerdotes
1669 3969 1737 4011 ex
1755 3955 1930 4028 adytis
1957 3964 2094 4012 tem-

508 4041 605 4112 pli,
635 4042 889 4098 virtutum
931 4044 1229 4102 ctelestium
1255 4044 1473 4104 audisse
1496 4061 1683 4103 vocem
1707 4089 1723 4114 ,
1752 4046 2094 4104 Transeamus

509 4149 575 4189 ea:
597 4135 677 4190 Itis
703 4135 920 4192 sedibus.

583 4225 670 4281 10.
702 4225 798 4281 Est
820 4227 901 4281 vir
925 4227 1071 4300 (Mss.
1091 4229 1228 4299 vero)
1255 4229 1470 4300 quidam
1488 4245 1640 4301 aquo
1668 4245 1769 4302 ego
1807 4230 1961 4302 plura
2003 4232 2090 4288 di-

577 4384 1108 4464 l9,l,;A'3§99£a.Bssi9?
1131 4388 1572 4464 αξξξιξιξεῖίρεεςειο
1591 4390 1741 4464 verba.
1769 4391 1979 4464 ρυεέιατέ
1994 4405 2092 4464 επρ-

505 4444 694 4512 τεήιίιῖ,
719 4451 914 4512 ιριεενο
950 4444 1126 4512 sénsu.
1150 4447 1294 4512 ΔΙίειηε
1304 4444 1608 4512 sententiam
1628 4449 1742 4500 alibi
1768 4444 1817 4501 iu
1840 4444 2088 4512 Ezechiel,

507 4521 614 4584 ξερ-
632 4511 727 4584 eo;
742 4509 1283 4584 Hismxmusﬁdemr.
1298 4511 1590 4584 improbare:
1613 4524 1741 4570 αιων
1769 4521 1923 4584 {Yqu

507 4579 684 4697 ἰιέίὲῗᾶἓ
699 4569 1102 4697 ⁸ξ’ἔῗὶξιὶιὲάαἷέἔὲέεῗ.
1108 4572 1282 4697 εἶξιηὲξὲ
1300 4577 1824 4697 333⁸³6⁵.ῧέθέἑῖ
1839 4577 2089 4686 δέἷηίέιὲιῗηδ

507 4691 652 4751 paulo
675 4690 822 4759 infra
859 4695 1040 4759 absunt
1077 4694 1142 4742 ab
1183 4694 1356 4759 eodem
1381 4693 1472 4759 his.
1497 4697 1647 4759 verba
1690 4690 2089 4759 quamvidemus

506 4752 959 4820 nuncdestruetam,
985 4767 1094 4816 quae
1118 4757 1300 4820 pariter
1321 4752 2086 4820 in__Cist_erciensi'desiderantur;

505 4813 597 4882 sed
629 4813 708 4884 hic
731 4815 872 4884 modo
896 4813 1087 4884 legerat
1107 4813 1154 4864 et
1171 4813 1404 4884 incendii
1424 4815 1665 4869 subversa
1687 4819 1969 4882 Jerusalem,
2001 4813 2088 4884 pro

503 4875 825 4935 incendenda
846 4875 1108 4935 universe,
1134 4881 1230 4924 etc.

576 4932 639 5000 (b)
663 4935 768 5000 Hoc
790 4949 853 4985 cx
877 4932 1103 5000 Josephg'
1114 4937 1397 5000 miraculum
1423 4939 1568 4987 etiam
1590 4941 1640 4989 in
1653 4939 1810 5000 Epist.
1825 4942 1883 4993 ad
1904 4943 2085 4993 Hedih.

505 4996 761 5062 quaeSt_.__8.
809 5004 862 5046 et
901 4996 1052 5062 in_i_lla
1074 4996 1239 5045 Paulae
1263 5006 1316 5048 et
1337 4997 1586 5049 Eustachii
1609 5004 1668 5052 ad
1692 4996 1988 5062 Marcellam,
2011 5013 2085 5056 at-

505 5055 924 5124 g_ue_ali_bi__s:epe
948 5059 1275 5124 Hieronymus
1295 5068 1548 5124 memorat.
1573 5061 1817 5124 Iosephus
1840 5078 1956 5114 vero
1975 5055 2082 5115 'lib.

505 5117 572 5167 VI
594 5118 802 5180 de_Bell.
825 5118 939 5167 Jud.
965 5133 1069 5180 cap.
1095 5117 1154 5162 VC
1182 5133 1276 5180 non
1297 5121 1357 5168 ad
1373 5119 1544 5170 Christi
1575 5117 1799 5178 mortem,
1818 5137 1926 5173 cum
1944 5126 2088 5176 Tent-

505 5180 573 5241 pli
599 5177 760 5228 velum
784 5181 984 5229 scissum
1010 5177 1104 5238 est,
1127 5179 1310 5240 refert,
1335 5181 1424 5241 sed
1446 5184 1778 5241 quinquennio
1792 5177 1915 5234 ante
1936 5187 2084 5236 'l‘em-

505 5239 574 5303 pli
601 5241 826 5309 ejusdem
849 5241 1093 5290 excidium
1113 5276 1128 5300 ,
1151 5248 1203 5289 et
1225 5239 1364 5309 annis
1403 5239 1514 5309 fere
1535 5239 1618 5309 δὲ.
1641 5245 1683 5292 Α
1706 5243 1880 5295 Christi
1906 5250 2085 5309 passio-

504 5300 571 5352 iie
616 5300 746 5352 inter
799 5311 1012 5369 monstra
1037 5339 1050 5362 ,
1095 5314 1204 5364 quas
1247 5300 1652 5369 urbis__claden_i_
1677 5300 2081 5369 antecesserunt,

507 5371 779 5428 enumerat.
809 5363 1042 5428 Imposuit
1063 5363 1245 5428 autem,
1278 5372 1338 5428 ut
1361 5363 1582 5428 videtur,
1608 5365 1903 5428 Hieronymo
1925 5363 2084 5420 Ense;

501 5425 616 5476 hius
640 5427 690 5475 in
712 5423 935 5493 Chronic.
958 5427 1148 5493 qui_aut
1171 5427 1220 5474 in
1246 5426 1437 5493 vitiatos
1458 5423 1878 5493 Iosepbicodices
1897 5431 2082 5493 incidit,

502 5488 793 5552 aut_ex_alio
814 5486 1016 5539 auctore
1039 5487 1243 5552 fortasse
1280 5486 1441 5552 hausit
1459 5519 1474 5545 ,
1499 5486 1712 5552 certe‘in
1750 5486 1964 5552 Josepho
1987 5486 2082 5543 non

499 5549 646 5614 legit.
669 5549 1108 5615 Utriusqueverba
1129 5549 1241 5615 alibi
1262 5547 1489 5615 dabimus
1499 5585 1513 5604 ,
1537 5550 1618 5615 ubi
1643 5549 1754 5615 haec
1769 5547 1908 5609 paulo
1930 5551 2100 5605 fusius'

537 5607 1169 5684 riis-equeniur'.___uonenius
1211 5608 1526 5684 interimas
1554 5611 1664 5684 ipso
1694 5607 1990 5684 Hieronymo
2030 5617 2080 5664 in

583 5678 612 5724 i.
640 5669 748 5739 cap.
777 5675 856 5726 66.
883 5673 1014 5739 illam
1050 5684 1218 5724 vocem
1255 5671 1305 5720 in
1338 5669 1754 5734 Jcrosolymitanze
1785 5669 1932 5724 cladis
1955 5683 2078 5726 tem-

502 5748 595 5797 pus
624 5736 764 5788 recte
803 5736 1030 5787 conferri.

569 5800 639 5860 (ι)
687 5807 821 5850 I-‘Ot‘ic
845 5799 1095 5863 Gregw'ius
1121 5806 1460 5848 Nazianzenus.

1821 348 2066 409 SANCTI
2102 347 2475 411 HIERONYMI

3687 367 3795 431 368

2212 463 2408 522 dicisse
2433 481 2520 522 me
2545 467 2752 538 gaudeo
2774 510 2788 535 ,
2817 477 2872 525 et
2896 471 2987 542 qui
3013 471 3358 529 Hebraeorum
3388 490 3696 535 sermonem
3725 483 3794 537 ita

2213 557 2472 621 elimarit,
2507 567 2565 614 ut
2611 560 2749 617 inter
2792 561 3008 620 Scribas
3048 580 3237 620 eorum
3282 565 3566 626 Chaldaeus
3612 573 3798 626 existi-

2213 655 2406 702 metur.
2437 648 2486 702 Is
2519 649 2672 720 longe
2709 652 2812 707 alia
2842 653 2928 708 via
2956 655 3230 726 ingressus
3253 665 3374 724 est;
3401 659 3476 714 ait
3503 661 3646 715 enim
3679 663 3798 718 nul-

2212 737 2322 794 lum
2375 739 2762 810 Prophetarum
2808 754 2966 800 extra
3015 747 3206 802 Isaiam
3259 748 3458 804 vidisse
3509 750 3795 822 Seraphin:

2211 829 2349 884 circa
2374 831 2538 886 Deum
2566 834 2782 902 stantia,
2803 845 2858 891 et
2878 851 2945 892 ne
2973 837 3082 906 ipsa
3107 838 3322 908 quidem
3352 839 3637 912 Serapltim
3662 843 3794 900 alibi
3872 860 3877 864 '

2213 919 2460 976 lectitari.
2488 921 2690 978 Dehinc
2713 928 3188 983 consummationis
3213 937 3271 984 et
3297 931 3619 999 captivitatis
3639 932 3794 988 Jeru-

2210 1011 2398 1076 salem,
2434 1027 2556 1083 qua:
2587 1015 2690 1070 sub
2715 1013 3208 1075 Nabuchodonosor
3230 1019 3370 1076 facta
3411 1031 3495 1078 est
3516 1063 3533 1090 ,
3580 1024 3791 1094 signum

2210 1117 2330 1158 esse
2357 1105 2710 1174 praemissum.
2739 1108 2822 1162 Ab
2849 1108 2979 1164 Ozia
3017 1111 3232 1181 quippe,
3265 1112 3366 1167 sub
3386 1127 3493 1183 quo
3519 1127 3679 1170 orsus
3709 1123 3794 1170 est

2211 1193 2550 1264 pr0phetare,
2578 1212 2746 1268 usque
2773 1199 2840 1254 ad
2863 1198 3168 1268 Sedeciam,
3191 1203 3281 1272 qui
3301 1213 3581 1260 extremus
3602 1221 3794 1278 regna-

2211 1285 2307 1354 vit,
2336 1294 2392 1343 et
2427 1288 2520 1358 qui
2561 1303 2735 1345 caecus
2807 1289 2918 1365 δᾶ,
2987 1292 3042 1347 in
3069 1293 3395 1365 Babylonem
3445 1295 3634 1351 ductus
3683 1307 3790 1364 est,

2209 1375 2375 1434 fuisse
2425 1393 2581 1449 reges
2628 1380 2916 1446 undecim,
2953 1390 3008 1438 et
3054 1382 3427 1440 duodecimum
3475 1385 3789 1455 Godoliam,

2207 1483 2366 1538 quem
2387 1471 2739 1528 constituerat
2758 1488 2856 1528 rex
2880 1473 3170 1546 Babylonis
3197 1490 3359 1547 super
3385 1488 3601 1544 terram,
3630 1495 3790 1550 quem

2209 1558 2479 1616 interfecit
2526 1559 2716 1616 lsmael
2780 1563 2917 1618 Illius
2965 1563 3038 1640 (ε)
3079 1564 3357 1622 Nathaniae
3402 1567 3541 1623 inter
3586 1569 3789 1626 medias

2209 1651 2394 1720 epulas
2415 1691 2428 1716 ,
2451 1652 2798 1724 reliquiarum
2829 1657 3013 1726 patria:
3043 1657 3307 1727 parricida
3328 1661 3347 1730 (
3370 1661 3424 1716 4.
3457 1661 3588 1733 Reg.
3611 1663 3714 1732 25;
3737 1674 3786 1719 et

2207 1739 2262 1795 2.
2303 1739 2486 1797 I’aral.
2537 1745 2672 1811 ult.;
2711 1754 2759 1800 et
2803 1745 2914 1801 Jer.
2961 1748 3176 1819 4|);ct
3201 1748 3299 1804 has
3341 1765 3462 1808 esse
3505 1752 3788 1810 duodecim

2209 1832 2343 1898 alas,
2373 1849 2404 1889 e
2448 1835 2639 1904 quibus
2664 1847 2894 1906 quatuor
2919 1837 3110 1896 faciem
3139 1855 3292 1897 suam
3330 1842 3531 1910 velent,
3566 1845 3707 1900 sicut
3733 1847 3786 1900 in

2209 1924 2484 1980 nonnullis
2523 1928 2924 1999 exemplaribus
2973 1932 3280 2002 invenitur,
3321 1945 3552 2006 quatuor
3581 1939 3785 2003 volent,

2210 2025 2438 2087 quatuor
2485 2017 2651 2088 pedes
2690 2029 2999 2093 contegant.
3040 2024 3119 2079 Ex
3146 2023 3230 2081 his
3270 2030 3468 2097 quippe
3505 2027 3787 2085 duodecim

2208 2109 2424 2179 regibus
2450 2119 2652 2166 tantum
2689 2123 2919 2183 quatuor
2947 2115 3122 2185 justos
3169 2115 3366 2184 fuisse,
3396 2119 3577 2175 Osiam
3601 2160 3617 2186 ,
3658 2120 3788 2176 Joa-

2212 2199 2379 2268 tham,
2402 2201 2708 2268 Ezechiam,
2728 2213 2784 2260 et
2808 2204 3033 2274 Josiam,
3055 2208 3146 2279 qui
3167 2208 3426 2266 sublimes
3441 2213 3788 2283 persingulas

2210 2292 2542 2362 captivitates
2567 2294 2797 2351 audeant
2822 2296 3122 2367 glorificare
3151 2299 3340 2369 Deum,
3375 2300 3617 2370 Sanctus,
3646 2302 3788 2358 San-

2207 2393 2319 2437 ctus
2342 2423 2358 2449 ,
2391 2383 2614 2440 Sanctus
2642 2385 2890 2442 Dominus
2918 2387 3058 2444 Deus
3092 2389 3340 2448 Sabaoth.
3380 2392 3630 2464 Reliquos
3656 2409 3789 2449 vero

2208 2484 2428 2546 propter
2466 2486 2685 2548 peccata
2717 2493 2811 2534 sua
2851 2481 3031 2538 velare
3069 2480 3262 2539 faciem
3292 2502 3306 2538 :
3336 2493 3392 2540 et
3416 2486 3552 2542 alios
3591 2487 3682 2557 qui
3732 2487 3787 2542 in

2210 2568 2570 2639 captivitatem
2598 2569 2745 2627 ducti
2788 2582 2954 2641 sunt,
2982 2574 3175 2645 pedum
3202 2576 3383 2633 velare
3409 2579 3652 2648 vestigia.
3680 2579 3786 2635 Su-

2207 2661 2550 2732 pcrliminare
2597 2677 2727 2720 vero
2778 2665 3088 2736 sublatum,
3145 2677 3200 2724 et
3250 2669 3462 2726 domum
3513 2671 3786 2741 impletam

2209 2751 2375 2820 fumo,
2399 2754 2540 2810 sicut
2558 2769 2718 2826 supra
2747 2755 2999 2826 diximus,
3035 2759 3369 2818 eversionem
3403 2761 3699 2820 Jerusalem
3731 2773 3786 2819 ot

2209 2849 2511 2906 incendium
2539 2851 2718 2922 templi
2742 2853 3015 2924 exposuit.

2281 2941 2369 2996 ll.
2411 2941 2478 2996 Et
2519 2944 2640 3012 quia
2679 2945 2845 3000 semel
2876 2945 2993 3016 ejus
3018 2946 3159 3016 εαξρί
3196 2945 3397 3004 referre
3424 2949 3785 3013 sententiam,

2207 3035 2369 3091 etiam
2395 3051 2461 3092 ea
2490 3049 2610 3106 qua:
2630 3037 2858 3093 necdum
2885 3054 2915 3094 a
2940 3054 3026 3096 me
3044 3047 3169 3096 sunt
3196 3047 3356 3107 tacta,
3387 3041 3782 3111 contingatnus.

2206 3129 2485 3200 Forcipem
2512 3129 2581 3185 de
2605 3146 2707 3202 qua
2746 3131 2930 3186 altaris
2959 3131 3120 3187 carbo
3157 3131 3574 3202 comprehensus
3600 3141 3700 3197 est,
3729 3141 3785 3188 et

2206 3221 2346 3277 labia
2373 3229 2611 3292 purgata,
2644 3222 2914 3293 propriam
2945 3222 3094 3278 Isaia:
3123 3223 3352 3279 asseruit
3375 3224 3698 3294 passionem,
3729 3234 3784 3278 et

2204 3328 2310 3385 qua
2348 3315 2449 3369 sub
2475 3313 2718 3370 Manasse
2757 3313 3067 3370 interfectus
3095 3324 3176 3369 est
3202 3329 3330 3385 rege
3352 3354 3369 3382 ,
3413 3323 3468 3370 et
3497 3323 3620 3370 tunc
3647 3329 3779 3370 vero

2204 3409 2441 3479 purgatis
2459 3408 2612 3464 labiis
2639 3408 2773 3464 dixit
2793 3409 2859 3464 ad
2884 3409 3163 3464 Dominum
3194 3425 3210 3464 :
3237 3407 3370 3464 Ecce
3386 3425 3498 3480 ego,
3521 3410 3661 3464 mitte
3680 3426 3779 3474 me,

2201 3509 2252 3555 et
2300 3500 2410 3554 dixi
2467 3515 2486 3554 :
2541 3499 2586 3552 0
2631 3500 2783 3555 miser
2831 3515 2944 3571 ego,
3003 3501 3242 3571 quoniam
3291 3511 3617 3568 compunctus
3666 3516 3783 3554 sum

2203 3589 2390 3661 (Juxta
2431 3588 2649 3662 LXX)!
2693 3591 2871 3646 Donec
2914 3589 3072 3646 Ozias
3110 3591 3240 3646 vivit
3280 3605 3387 3644 non
3430 3589 3719 3660 intelligis,
3747 3604 3786 3644 o

2202 3680 2359 3747 Isaia,
2396 3690 2451 3738 te
2487 3696 2607 3738 esse
2636 3682 2914 3744 miserum.
2947 3698 3054 3737 non
3080 3680 3449 3752 compnngeris
3470 3719 3488 3746 ,
3521 3694 3627 3735 non
3657 3695 3779 3734 mo-

2199 3773 2343 3828 veris
2367 3787 2381 3825 :
2407 3771 2505 3829 sed
2531 3771 2746 3843 quando
2775 3772 2863 3828 ille
2893 3780 3134 3828 mortuus
3163 3781 3264 3836 est,
3289 3779 3414 3826 tunc
3437 3769 3779 3825 animadver-

2201 3862 2268 3918 tis
2295 3903 2312 3930 ,
2366 3877 2473 3919 non
2527 3861 2726 3918 munda
2778 3861 2977 3917 habere
3015 3870 3070 3917 te
3109 3861 3250 3916 labia
3277 3901 3294 3928 ,
3338 3868 3462 3916 tunc
3500 3859 3778 3930 indignum
3849 3931 3852 3934 ἢ

2198 3955 2480 4027 cognoscis
2503 3963 2557 4014 te
2593 3969 2714 4012 esse
2741 3954 2946 4010 visione
2973 3953 3092 4010 Dei.
3129 3953 3338 4010 Utinam
3367 3961 3546 4008 autem
3588 3959 3645 4007 et
3679 3966 3781 4022 ego

2198 4065 2544 4120 compungar,
2573 4057 2628 4106 ει
2658 4055 2777 4119 post
2804 4046 3264 4117 compunctionem
3291 4044 3374 4118 (ἀ)
3397 4083 3414 4111 ,
3444 4043 3538 4100 Dei
3565 4045 3773 4099 visione

2197 4141 2389 4214 dignus
2416 4139 2640 4206 efficiar,
2671 4153 2794 4194 cum
2841 4139 2942 4194 sim
2989 4137 3172 4204 homo,
3198 4144 3255 4192 ει
3281 4150 3390 4192 non
3415 4133 3610 4190 munda
3638 4131 3780 4187 labia

2197 4229 2450 4297 habeam,
2475 4239 2530 4285 et
2553 4230 2606 4286 in
2633 4227 2818 4286 medio
2857 4242 3070 4300 quoque
3097 4227 3284 4300 populi
3323 4225 3598 4282 immunda
3640 4223 3776 4280 labia

2195 4318 2442 4376 habentis
2463 4319 2718 4375 habitem.
2742 4319 2906 4375 Isaias
2932 4327 2991 4374 ut
3007 4319 3182 4389 justus
3209 4325 3412 4374 tantum
3448 4317 3500 4372 in
3529 4330 3780 4372 sermone

2194 4419 2507 4484 peccaverat
2537 4430 2551 4467 :
2582 4411 2704 4468 ideo
2729 4411 2840 4468 sola
2869 4411 3008 4468 labia
3056 4409 3284 4467 habebat
3330 4408 3600 4465 immunda
3626 4451 3640 4473 ,
3669 4422 3778 4462 non

2194 4504 2598 4561 conscientiam.
2627 4503 2744 4574 Ego
2770 4517 2900 4559 vero
2941 4501 3064 4573 quia
3095 4509 3148 4556 et
3174 4500 3345 4557 oculis
3369 4499 3528 4556 video
3554 4499 3622 4555 ad
3650 4514 3780 4554 con-

2192 4595 2593 4666 cupiscendum,
2619 4604 2674 4650 et
2695 4608 2857 4650 manu
2876 4591 3208 4649 scandalizor
3222 4599 3277 4648 et
3292 4589 3448 4660 pede,
3471 4597 3525 4646 et
3537 4588 3776 4644 omnium

2192 4687 2556 4744 membrorum
2629 4687 2736 4760 55
2806 4693 2959 4756 parte
2978 4682 3253 4753 delinqno,
3274 4681 3448 4737 habeo
3467 4678 3642 4736 omnia
3673 4677 3774 4731 im.

2191 4778 2427 4834 munda:
2457 4787 2510 4834 et
2533 4777 2655 4848 quia
2683 4777 2850 4833 semel
2876 4775 3064 4846 spiritu
3093 4774 3414 4845 baptizatus,
3447 4785 3659 4827 rursum
3687 4778 3776 4823 tu-

2193 4870 2365 4924 nicam
2397 4867 2580 4939 pollui,
2612 4867 2835 4924 secundi
2861 4866 3198 4936 baptismatis
3226 4863 3562 4936 purgatione,
3593 4861 3644 4915 id
3670 4868 3775 4924 est,

2191 4959 2328 5029 ignis
2355 4957 2565 5029 indigeo
2592 4957 2802 5030 (Matth.
2830 4956 2883 5011 '5.
2908 4955 3019 5026 ll).

2262 5047 2348 5103 12.
2381 5047 2448 5102 1η
2478 5047 2760 5116 Scripturis
2801 5062 2902 5101 non
2930 5054 3048 5100 sunt
3077 5045 3333 5115 simplicia
3360 5044 3531 5098 verba.
3560 5071 3635 5084 --
3657 5040 3772 5096 Non

2189 5147 2333 5200 sunt.
2360 5145 2419 5192 ut
2439 5138 2653 5209 quidam
2676 5145 2883 5208 putant,
2914 5137 2967 5191 in
2994 5136 3287 5205 Scripturis
3307 5135 3468 5190 verba
3489 5132 3774 5203 simplicia,

2187 5228 2475 5299 plurimum
2503 5227 2558 5283 in
2589 5227 2673 5282 his
2702 5227 3073 5283 absconditum
3099 5235 3201 5282 est.
3234 5225 3390 5283 Aliud
3417 5226 3614 5287 littera,
3633 5221 3776 5278 aliud

2189 5321 2448 5390 mysticus
2484 5332 2663 5376 sermo
2699 5317 2979 5390 significat.
3031 5318 3168 5372 Ecce
3218 5316 3477 5372 Dominus
3517 5316 3567 5370 in
3599 5314 3779 5369 Evan-

2257 5489 2321 5603 (εᾶ
2354 5492 2449 5542 Pro
2471 5491 2742 5553 Natham'te,
2765 5500 2821 5545 ut
2845 5507 2875 5544 e
2898 5493 3013 5544 Mss.
3040 5493 3371 5552 emendamus,
3390 5499 3497 5542 erat
3519 5489 3784 5542 Nullumne!

2261 5567 2290 5603 e
2326 5555 2405 5602 itis
2425 5555 2652 5603 omnibus
2672 5593 2686 5603 .
2710 5557 2837 5603 quod
2861 5556 3063 5603 alterius
3101 5567 3324 5603 personae
3349 5561 3426 5603 est
3449 5567 3626 5602 nomen
3647 5587 3662 5603 .
3687 5565 3783 5600 non

2187 5569 2236 5604 tn
2261 5555 2405 5618 editis
2425 5555 2652 5618 omnibus
2672 5593 2686 5612 ,
2710 5557 2837 5618 quod
2861 5556 3063 5605 alterius
3101 5567 3324 5616 persona:
3349 5561 3426 5604 est
3449 5567 3626 5602 nomen
3647 5587 3662 5612 ,
3687 5565 3783 5600 non

2187 5616 2336 5680 patris
2357 5614 2561 5680 lsmael,
2588 5614 2747 5680 queui
2759 5614 3255 5680 Hieronymusbotat.

2249 5673 2692 5742 (d)’t‘.iste_rcien'ses
2707 5678 2906 5742 chartae,
2921 5673 3020 5728 D'eo
3043 5677 3217 5742 dignas
3231 5673 3446 5742 alliciar;
3463 5680 3608 5742 vetus
3619 5682 3785 5742 autem

2187 5733 2353 5806 editio,
2380 5736 2470 5806 Dei
2492 5737 2836 5806 prwdicatione
2856 5752 2873 5799 ;
2892 5733 2952 5790 et
2972 5751 3086 5789 mox
3096 5733 3225 5801 'qnia
3257 5733 3369 5788 'c'um
3389 5735 3484 5788 sint
3505 5737 3664 5797 homo,
3692 5733 3773 5786 vel

2189 5809 2241 5849 ul.
2265 5798 2354 5848 Ms.
2379 5798 2464 5861 qui
2486 5798 2595 5849 eum
2617 5798 2736 5862 sim,
2761 5807 2859 5850 etc.
