4136 6332
408 472 551 546 gelio
602 467 832 539 cingitur
883 465 1087 529 linteo,
1132 461 1326 527 pelvim
1366 459 1433 515 ad
1463 457 1716 514 lavandos
1754 458 1985 528 discipu-

410 567 584 622 lorum
641 559 810 632 pedes
865 564 1128 631 praeparat
1156 596 1171 619 ,
1212 553 1352 610 servi
1405 550 1640 621 fungitur
1690 550 1985 606 ministerio

410 654 611 728 (Joan.
641 648 797 721 43):
840 647 919 719 (α)
950 655 1104 712 esto,
1150 655 1208 701 ut
1253 644 1441 700 doceat
1490 641 1883 705 humilitatem,
1929 647 1987 695 ut

406 744 563 803 nobis
595 742 826 800 invicem
849 739 1213 795 ministremus
1242 753 1256 791 :
1284 751 1390 790 non
1408 734 1604 800 abnuo,
1635 748 1741 787 non
1771 744 1980 787 recuso.

404 838 542 908 Quid
568 846 655 893 est
697 835 844 907 quod
886 834 1050 891 Petro
1098 830 1366 888 recusanti
1411 828 1542 884 dicit
1588 840 1602 881 :
1656 826 1775 880 Nisi
1818 824 1984 880 lavero

406 933 555 1002 pedes
583 940 717 995 tuos,
745 946 847 984 non
867 926 1071 983 habebis
1099 934 1291 994 partem
1314 938 1507 976 mecum
1521 921 1547 975 γ
1563 918 1632 975 Et
1652 919 1739 975 ille
1760 932 1985 988 respon-

399 1023 481 1078 dit
508 1039 525 1077 :
552 1020 797 1086 Domine,
824 1035 928 1075 non
970 1019 1134 1073 solum
1160 1015 1340 1085 pedes,
1368 1012 1456 1068 sed
1485 1021 1532 1067 et
1556 1026 1737 1065 manus
1759 1018 1806 1063 et
1833 1017 1985 1079 caput

396 1112 567 1184 (Ibid.
596 1129 645 1167 o.
669 1111 725 1167 8.
750 1110 866 1182 9-).
897 1111 1235 1165 Ascensurus
1261 1119 1390 1177 ergo
1418 1104 1675 1160 Dominus
1699 1102 1767 1158 ad
1791 1101 1981 1157 coelum

400 1205 551 1275 (quia
596 1203 837 1274 Apostoli
867 1210 927 1258 ut
969 1200 1218 1256 homines
1246 1207 1406 1254 terra:
1434 1196 1745 1253 insistentes
1764 1234 1782 1261 ,
1808 1192 1984 1248 adhuc

375 1294 668 1353 habebant
716 1301 1060 1364 peccatorum
1104 1286 1540 1359 serdibuspedes
1582 1283 1836 1357 pollutos)
1870 1282 1983 1338 vult

393 1402 496 1443 eos
520 1401 552 1443 ι
576 1386 790 1443 delictis
818 1385 1028 1455 penitus
1049 1383 1285 1440 liberare
1307 1423 1324 1449 ,
1353 1389 1413 1437 ut
1437 1381 1517 1437 eis
1543 1378 1709 1449 possit
1739 1376 1979 1446 Prophe-

399 1479 523 1533 talis
548 1492 726 1533 sermo
763 1490 1064 1547 congruere
1097 1493 1112 1531 :
1143 1474 1308 1541 Quam
1336 1471 1548 1544 speciosi
1574 1470 1727 1541 pedes
1764 1484 1979 1539 euange-

395 1569 663 1625 lizantiuut
699 1585 876 1639 pacem
931 1567 1090 1640 (Isai.
1142 1567 1234 1624 52.
1289 1565 1377 1636 7);
1431 1573 1489 1621 et
1533 1561 1729 1619 imitari
1767 1561 1983 1616 valeant

400 1660 653 1716 Ecclesia:
684 1660 867 1725 verba,
900 1658 1131 1715 dicentis
1156 1676 1172 1712 ι
1200 1656 1327 1711 Lavi
1355 1656 1504 1727 pedes
1543 1670 1700 1723 meos,
1730 1654 1980 1725 quomodo

411 1751 684 1819 inquinabo
715 1750 832 1806 illos
874 1750 1067 1821 (Cant.
1113 1750 1169 1805 5.
1197 1748 1303 1820 5)?
1357 1757 1415 1803 ut
1452 1747 1612 1804 etiam
1642 1747 1686 1801 si
1714 1746 1834 1815 quis
1858 1752 1980 1816 post

399 1842 846 1897 resurrectionem
876 1851 1061 1912 postea
1087 1841 1175 1898 his
1222 1839 1509 1895 adhaeserit
1542 1837 1752 1908 pulvis,
1792 1837 1845 1891 in
1874 1836 1977 1890 im-

392 1931 537 2001 piam
564 1947 686 1987 eum
714 1933 986 1988 excutiant
1007 1932 1278 1989 civitatem
1302 1971 1320 1997 ,
1348 1932 1402 1986 in
1432 1928 1793 1986 testimonium
1819 1927 1975 1982 labo-

389 2023 473 2079 ris
501 2041 514 2077 :
540 2024 683 2094 quod
708 2040 775 2080 eo
802 2039 973 2095 usque
1000 2038 1098 2095 pro
1124 2023 1360 2079 omnium
1387 2022 1561 2077 salute
1580 2018 1972 2087 contenderint,

395 2115 519 2172 facti
544 2116 747 2174 ludatis
772 2116 1047 2189 utaludai,
1074 2115 1322 2187 gentibus
1351 2124 1410 2171 ut
1433 2114 1697 2186 gentiles;
1728 2121 1787 2166 ut
1811 2111 1973 2167 etiam

396 2210 606 2279 propria
634 2210 855 2281 vestigia
876 2210 1052 2281 aliqua
1078 2225 1145 2264 ex
1166 2219 1319 2279 parte
1350 2207 1653 2278 polluerint.
1685 2205 1846 2275 Igitur
1868 2245 1883 2269 ,
1913 2212 1975 2257 ut

387 2299 460 2354 ad
490 2301 820 2370 propositum
847 2308 1202 2366 revertamur,
1230 2300 1369 2353 sicut
1394 2296 1633 2367 Apostoli
1662 2294 1974 2365 purgatione

382 2389 696 2461 indigebant
734 2391 931 2463 pedum
978 2407 994 2445 :
1038 2391 1117 2446 sic
1162 2389 1326 2444 Isaias
1363 2388 1454 2458 qui
1495 2395 1701 2443 tantum
1750 2385 1802 2440 in
1851 2400 1970 2439 scr-

388 2497 552 2539 mone
578 2492 926 2554 peccaverat,
953 2481 1095 2536 labia
1121 2480 1351 2535 habebat
1378 2477 1648 2533 immunda
1677 2495 1690 2531 :
1722 2485 1776 2532 et
1798 2491 1971 2546 quan-

388 2583 504 2629 tum
523 2590 624 2644 ego
640 2574 895 2642 arbitror,
918 2572 1041 2644 quia
1063 2571 1245 2629 Oxiam
1275 2574 1329 2628 in
1356 2571 1634 2642 Templum
1656 2572 1966 2637 irruentem,

381 2680 497 2719 non
542 2664 919 2734 corripuerat,
962 2679 1063 2721 nec
1101 2664 1251 2735 juxta
1297 2664 1427 2719 Elite
1456 2662 1755 2733 exemplum
1802 2660 1967 2715 libera

385 2768 524 2808 voce
554 2754 774 2823 impium
801 2753 1125 2825 designarat,
1154 2753 1292 2808 labia
1324 2752 1557 2808 habebat
1582 2750 1873 2805 immunda.
1900 2747 1967 2803 In

386 2845 553 2899 medio
582 2834 983 2917 quoquepapuli
1011 2845 1272 2899 immunda
1299 2844 1438 2899 labia
1471 2842 1698 2897 habentis
1726 2842 1962 2895 habitent.

382 2937 547 2992 Isaias
567 2938 653 3007 qui
673 2947 1027 3008 compunctus
1053 2946 1156 3003 est,
1185 2947 1239 2993 et
1260 2952 1320 2993 se
1342 2937 1592 2993 miserum
1613 2943 1962 3001 contestatur,

387 3029 697 3099 purgatione
726 3028 919 3098 dignus
948 3029 1197 3084 efﬁcitur.
1230 3029 1467 3099 Populus
1498 3042 1627 3083 vero
1654 3042 1757 3082 non
1789 3027 1961 3082 solum

382 3133 490 3171 non
516 3132 680 3187 agens
708 3119 1106 3188 paenitentiam,
1148 3118 1242 3174 sed
1275 3134 1342 3174 ne
1382 3119 1557 3173 sciens
1586 3116 1798 3188 quidem
1838 3116 1961 3187 quia

383 3210 521 3265 labia
547 3209 779 3264 habebat
820 3210 1093 3265 immunda
1116 3251 1133 3277 ,
1163 3209 1495 3280 purgationis
1526 3208 1822 3265 remedium
1854 3222 1959 3262 non

386 3310 639 3357 meretur.
669 3301 1062 3358 Providcndum
1095 3302 1252 3373 igitur
1280 3302 1381 3357 sub
1411 3301 1513 3357 hoc
1540 3302 1786 3371 exemplo
1808 3343 1822 3367 ,
1852 3315 1960 3355 non

385 3392 555 3446 solum
580 3400 637 3447 ut
664 3393 763 3464 ipsi
790 3393 958 3448 simus
980 3393 1109 3464 justi
1136 3432 1152 3457 ,
1198 3392 1293 3448 sed
1323 3408 1391 3448 ne
1428 3407 1550 3448 cum
1595 3392 1960 3462 peccatoribus

381 3497 652 3537 moremur
696 3500 710 3535 :
752 3484 879 3554 quia
913 3493 969 3539 et
1006 3483 1113 3537 hoc.
1141 3483 1193 3538 in
1223 3483 1427 3554 peccati
1463 3496 1525 3538 ac
1553 3482 1783 3539 miseriae
1809 3490 1959 3553 parte

380 3572 526 3627 ducit
548 3573 835 3644 Propheta.

455 3664 543 3718 I3.
573 3664 838 3731 Quomodo
878 3663 1013 3720 Deus
1044 3666 1257 3719 videtur.
1284 3696 1355 3705 —
1380 3664 1633 3736 Sequitur
1661 3682 1674 3718 :
1701 3663 1768 3719 Et
1793 3680 1958 3735 regem

384 3752 658 3808 Dominum
686 3756 896 3809 sabaotlt
969 3755 1078 3827 56
1147 3771 1240 3826 ego
1262 3754 1564 3811 vidi.Aiunt
1581 3753 1750 3809 Judaei
1766 3753 1955 3808 Isaiam

385 3858 413 3896 a
434 3845 720 3915 majoribus
748 3847 860 3902 suis
884 3844 1087 3903 idcirco
1105 3848 1503 3917 interemptum,
1527 3848 1646 3916 quia
1666 3862 1786 3902 eum
1808 3845 1958 3919 Moy-

384 3949 471 3989 ses
488 3938 782 4006 posteriora
806 3937 902 3994 Dei
927 3938 1141 4005 viderit,
1165 3936 1251 3993 hic
1281 3936 1559 3993 Dominum
1590 3936 1813 3991 sabaoth
1831 3950 1957 3992 ocu-

378 4027 449 4082 lis
469 4030 768 4085 carnalibus
793 4030 989 4086 vidisse
1014 4044 1075 4085 se
1094 4029 1312 4093 scribat,
1328 4043 1490 4101 super
1516 4027 1619 4083 hoc
1644 4028 1753 4084 Deo
1776 4028 1959 4082 dicen-

380 4127 436 4172 te
466 4136 481 4173 :
512 4118 677 4174 Nemo
709 4121 891 4189 [aciem
938 4138 1101 4176 meam
1139 4120 1323 4175 uidebit
1344 4162 1362 4189 ,
1403 4128 1449 4175 et
1489 4121 1614 4175 vivet
1642 4119 1839 4189 (Exod.
1864 4119 1955 4176 33.

382 4205 499 4278 20).
525 4208 671 4276 Quos
694 4210 740 4266 si
763 4211 1171 4281 interrogemus,
1196 4209 1467 4281 quomodo
1490 4224 1549 4266 se
1573 4211 1712 4265 Deus
1737 4210 1789 4265 in
1817 4207 1958 4279 Lege

383 4300 500 4355 aliis
548 4301 829 4372 Prophetis
868 4301 921 4357 in
958 4302 1163 4358 visione
1203 4311 1259 4358 et
1295 4316 1487 4358 somno
1534 4301 1676 4357 dicat
1722 4299 1952 4365 ostendi,

382 4389 550 4464 Moysi
594 4407 724 4449 vero
773 4392 909 4450 facie
952 4393 1019 4449 ad
1069 4393 1257 4450 faciem
1298 4394 1567 4464 colloqui;
1608 4400 1663 4449 et
1689 4389 1958 4462 quomodo

384 4488 489 4535 stet
535 4482 625 4537 illa
677 4484 941 4539 sententia
988 4501 1003 4538 :
1050 4482 1217 4539 Nemo
1249 4484 1433 4554 faciem
1472 4500 1637 4538 meant
1674 4482 1873 4548 ridebit,
1911 4491 1958 4537 et

381 4573 530 4640 vivet,
561 4588 681 4628 cum
712 4574 847 4630 facie
896 4574 963 4629 ad
1012 4574 1202 4631 faciem
1241 4590 1303 4630 se
1341 4576 1408 4630 ad
1456 4575 1673 4646 Moysen
1722 4575 1955 4630 locutum

377 4677 500 4718 esse
529 4663 755 4721 fateatur
783 4682 796 4718 :
828 4667 1225 4736 respondebunt
1252 4666 1431 4738 utique
1454 4708 1469 4733 ,
1511 4668 1658 4735 juxta
1686 4665 1957 4737 possibili-

383 4760 540 4809 tatem
574 4754 859 4811 humanam
882 4757 1047 4812 Deum
1077 4757 1247 4812 visum
1272 4798 1286 4822 ,
1308 4772 1415 4812 non
1448 4766 1503 4811 ut
1528 4765 1631 4823 est,
1660 4756 1754 4812 sed
1782 4764 1839 4811 ut
1866 4771 1959 4811 vo-

379 4846 479 4901 luit
503 4862 561 4903 se
585 4848 748 4904 videri
774 4867 787 4903 :
816 4850 1006 4921 quibus
1031 4859 1087 4905 et
1116 4864 1212 4905 nos
1235 4849 1463 4905 dicimus
1491 4848 1679 4905 eodem
1709 4849 1869 4903 modo
1891 4847 1958 4903 ab

383 4935 514 4991 Isaia
543 4954 662 4994 esse
690 4940 884 5006 visum,
910 4949 1144 4995 restante
1169 4954 1373 4994 summa
1398 4979 1413 5004 ,
1455 4948 1513 4994 ut
1551 4939 1761 5011 Moyses
1792 4939 1971 4994 Deum

383 5036 473 5080 aut
502 5029 731 5097 viderit,
756 5040 849 5093 aut
876 5029 980 5086 non
1010 5032 1219 5088 viderit.
1268 5030 1325 5087 Si
1356 5031 1525 5099 vidit,
1563 5033 1695 5087 vidit
1732 5047 1864 5103 ergo
1904 5042 1959 5088 et

386 5116 546 5174 Isaias
569 5161 584 5185 ,
611 5124 699 5191 qui
728 5123 927 5178 vidisse
955 5139 1014 5179 se
1042 5125 1225 5180 dicens
1245 5166 1260 5191 ,
1294 5124 1457 5194 impie
1480 5134 1563 5180 est
1589 5124 1904 5180 interfectus
1924 5140 1956 5180 a

384 5207 535 5265 vobis
566 5226 579 5262 ε
612 5213 733 5282 quia
763 5213 903 5268 Deus
928 5214 1095 5268 videri
1120 5223 1313 5285 potest.
1344 5214 1400 5271 Si
1429 5230 1534 5270 non
1564 5215 1715 5281 vidit,
1748 5215 1956 5270 interﬁ-

378 5298 486 5354 cite
522 5310 577 5356 et
615 5302 834 5374 Moysen
864 5318 985 5358 cum
1028 5304 1198 5372 Isaia,
1242 5306 1366 5375 quia
1408 5306 1648 5375 ejusdem
1696 5306 1957 5362 mendacii

384 5404 506 5447 rcus
532 5400 634 5459 est,
668 5392 852 5448 dicens
891 5407 950 5448 se
977 5394 1174 5450 vidisse
1211 5410 1331 5449 eum
1354 5436 1369 5461 ,
1399 5396 1489 5466 qui
1514 5396 1679 5452 videri
1713 5412 1818 5451 non
1858 5412 1958 5467 po-

379 5489 505 5538 test.
532 5484 933 5556 Quemcumque
957 5484 980 5558 [
1006 5485 1077 5541 al.
1113 5487 1501 5561 quodcumque]
1532 5491 1583 5544 in
1628 5492 1959 5561 expositione

442 5639 516 5717 ἐξ)
545 5640 657 5717 Ds?
678 5640 793 5691 ηδε·
813 5639 1347 5717 PF°,§“,°1‘98‘,’"}€'€?
1480 5640 1649 5717 {sueti
1671 5646 1830 5717 eisiis
1852 5656 1960 5717 pre

378 5698 551 5764 batur,
575 5702 720 5753 aliam
743 5698 877 5751 enim
899 5703 964 5752 ob
986 5698 1175 5751 causam
1200 5698 1652 5764 quamghumilitatis
1697 5706 1743 5755 id
1780 5698 1957 5758 fecisse

376 5762 463 5814 ait.
488 5761 726 5815 Victorius
747 5771 1042 5830 sequentem
1082 5768 1133 5817 ut
1157 5761 1437 5827 particulam
1476 5766 1678 5819 omittit.

1788 343 2116 403 EPISTOLA
2158 344 2345 403 XVIII.

3569 370 3677 426 570

2095 456 2211 527 ejus
2240 458 2341 514 loci
2366 474 2527 532 super
2556 462 2773 536 Moysen
2804 468 3085 528 habuerint
3114 474 3439 537 intellectum
3465 520 3480 547 ,
3508 482 3671 539 etiam

2093 563 2191 604 nos
2213 549 2280 605 ad
2300 549 2451 607 Isaia:
2476 557 2890 625 temperabintus
2914 562 3189 621 visionem.

2163 641 2253 697 11.
2282 642 2535 713 Sequitur
2558 663 2571 699 :
2606 647 2675 701 Et
2705 650 2915 705 missum
2945 663 3017 707 est
3045 656 3114 709 ad
3134 674 3212 713 me
3236 676 3390 716 unum
3417 664 3481 718 de
3506 665 3672 721 Sera-

2092 731 2254 803 pltim,
2284 748 2332 789 et
2361 737 2596 829 inAmanu
2633 757 2726 794 sua
2753 742 2965 799 habebat
2994 747 3278 814 carbonem.
3306 771 3453 824 quem
3478 758 3676 829 forcipe

2090 835 2375 894 sumpserat
2400 826 2464 882 de
2483 828 2660 896 altari,
2686 840 2736 885 et
2763 833 2924 904 tetigit
2948 851 3005 889 os
3028 854 3195 892 nteant
3214 882 3229 907 ,
3261 853 3306 895 et
3334 844 3461 900 dixit
3484 863 3506 901 .·
3536 826 3669 905 Ecce

2090 917 2248 987 tetigit
2280 918 2374 973 hoc
2402 918 2537 974 labia
2565 931 2652 976 tua
2673 965 2689 988 ,
2720 934 2767 977 et
2803 924 2878 994 (ὁ)
2919 927 3109 995 auferet
3135 931 3419 1001 iniquitates
3442 948 3559 997 tuas
3578 981 3594 1006 ,
3620 952 3671 996 et

2088 1017 2296 1076 peccata
2340 1018 2429 1065 tua
2474 1014 2725 1085 purgabit.
2781 1015 3084 1074 Secundum
3139 1037 3327 1080 omnes
3369 1028 3664 1097 Editiones,

2086 1112 2219 1167 quas
2245 1114 2408 1171 supra
2433 1106 2795 1175 exposuimus,
2824 1109 2936 1166 sive
2962 1110 3069 1167 duo
3102 1111 3444 1174 Testamenta
3472 1120 3670 1178 Intelli-

2085 1202 2213 1257 gere
2239 1190 2495 1260 volueris,
2517 1194 2630 1251 sive
2655 1197 2861 1268 aliquas
2884 1203 3247 1271 apparatrices
3272 1207 3325 1262 In
3358 1211 3666 1269 cmlestibus

2088 1279 2329 1349 virtutes,
2355 1282 2469 1340 sive
2494 1284 2550 1341 in
2588 1288 2799 1357 signum
2836 1290 3161 1361 captivitatis
3200 1295 3392 1354 futura:
3419 1301 3662 1357 umbram

2084 1371 2368 1461 quamdam
2390 1377 2632 1434 veritatis
2657 1379 2846 1436 futura:
2878 1381 3289 1454 praeﬁguratam,
3320 1404 3462 1445 nunc
3484 1393 3665 1461 mipe

2087 1459 2387 1533 Seraphim.
2421 1466 2529 1523 Nos
2564 1470 2687 1538 quia
2732 1471 2959 1542 primam
3003 1477 3325 1534 sententiam
3366 1459 3660 1551 sequimur,

2086 1552 2462 1623 Evangelicum
2511 1558 2913 1618 Testamentum
2976 1566 3200 1623 missum
3255 1571 3547 1627 asserimus
3595 1575 3663 1629 ad

2085 1641 2406 1714 Prophetam
2437 1662 2451 1699 :
2481 1648 2621 1716 quod
2647 1649 2851 1707 habens
2876 1654 2927 1709 in
2954 1670 3015 1712 se
3042 1668 3266 1730 utraque
3294 1662 3543 1719 mandata
3562 1706 3579 1729 ,
3611 1666 3662 1721 id

2082 1742 2186 1802 est,
2209 1743 2264 1791 et
2288 1750 2384 1793 sua
2422 1748 2475 1793 ct
2505 1742 2700 1797 veteris
2722 1742 3047 1803 Testamenti
3072 1790 3087 1814 ,
3118 1750 3337 1820 ignitum
3358 1770 3661 1813 sermonem

2086 1824 2215 1891 Dei,
2269 1826 2465 1897 duplici
2514 1842 2900 1903 prmceptorum
2946 1838 3063 1894 acie
3105 1844 3512 1912 comprehendit
3553 1865 3566 1901 :
3607 1860 3664 1905 et

2082 1917 2238 1973 tactis
2281 1918 2453 1989 labiis,
2482 1924 2742 1994 quidquid
2780 1925 2953 1983 fuerat
2993 1929 3326 2000 ignorantia,
3356 1934 3459 1990 hoc
3491 1937 3661 2007 siqui-

2080 2008 2200 2064 dem
2245 2026 2343 2066 nos
2372 2012 2508 2069 labia
2538 2014 2956 2087 interpretamur
2983 2020 3259 2078 immunda
3281 2061 3299 2090 ,
3331 2026 3658 2095 purgationis

2079 2114 2191 2156 sua:
2221 2105 2423 2172 pepulit
2456 2107 2699 2163 veritate.
2748 2108 2897 2166 lianc
2924 2110 3180 2183 forcipem
3222 2114 3390 2172 Iacob
3419 2117 3470 2172 in
3514 2120 3657 2174 scala

2074 2195 2339 2262 conspicit
2371 2195 2581 2265 (Cenes.
2597 2199 2691 2271 28)
2708 2217 2721 2253 :
2741 2200 2827 2257 hic
2843 2211 2927 2258 est
2947 2204 3157 2274 gladius
3183 2206 3266 2262 bis
3290 2220 3509 2265 acutus:
3544 2210 3659 2264 btet:

2078 2284 2185 2339 duo
2213 2286 2453 2355 minuta,
2501 2304 2621 2360 qua:
2650 2292 2843 2347 mulier
2872 2293 3029 2349 vidua
3072 2296 3237 2352 mittit
3282 2298 3334 2352 in
3379 2299 3519 2355 dona
3562 2300 3654 2355 Dei

2078 2373 2098 2444 (
2105 2374 2269 2430 Marc.
2287 2377 2375 2447 12)
2397 2395 2409 2431 :
2427 2377 2513 2434 hic
2530 2388 2695 2437 stater
2721 2381 2857 2439 duos
2880 2383 3128 2441 denarios
3144 2386 3366 2454 habens,
3382 2391 3471 2460 qui
3488 2391 3539 2445 in
3560 2406 3655 2447 ore

2077 2464 2240 2534 piscis
2268 2477 2532 2537 repertus,
2556 2485 2653 2541 pro
2672 2471 2897 2530 Domino
2922 2486 2976 2531 et
2994 2475 3152 2532 Petro
3180 2478 3419 2534 redditur
3437 2480 3649 2552 (Matth.

2076 2560 2203 2630 I7);
2236 2560 2335 2616 hac
2359 2562 2557 2633 duplici
2586 2565 2786 2637 forcipe
2859 2568 2965 2641 57
3037 2587 3156 2641 qua:
3207 2572 3419 2629 unionis
3456 2575 3653 2629 retine-

2072 2657 2163 2703 tur
2181 2650 2395 2720 virtute,
2422 2654 2583 2710 carbo
2612 2656 3040 2726 comprehensus
3069 2662 3298 2717 mittitur
3322 2662 3388 2719 ad
3414 2662 3654 2734 Prophe-

2074 2752 2202 2810 tam,
2225 2759 2381 2813 quetn
2430 2746 2484 2800 in
2522 2748 2817 2804 centesimo
2840 2748 3051 2807 decimo
3076 2768 3220 2809 nono
3244 2753 3461 2812 Psalmo
3484 2798 3499 2821 ,
3527 2772 3647 2813 cum

2070 2833 2337 2904 Propheta
2388 2837 2559 2893 Deum
2605 2849 2816 2910 rogaret
2862 2841 3049 2899 dicens
3094 2861 3109 2898 :
3162 2863 3180 2897 ι
3214 2845 3458 2914 Domine,
3483 2848 3646 2904 libera

2068 2925 2300 2981 animam
2331 2943 2503 2984 meam
2531 2945 2561 2984 a
2584 2930 2737 2988 labiis
2763 2933 2961 3004 iniquis
2979 2975 2994 3000 ,
3020 2943 3081 2991 et
3106 2950 3137 2990 a
3167 2937 3340 3008 lingua
3367 2938 3550 2997 dolosa
3572 2980 3588 3005 ,
3625 2960 3643 2993 ι

2067 3025 2122 3072 et
2148 3026 2271 3088 post
2296 3019 2766 3091 interrogationem
2790 3023 3022 3093 Spiritus
3043 3025 3224 3081 Sancti
3248 3044 3261 3079 :
3288 3046 3306 3079 t
3331 3028 3465 3095 Quid
3492 3028 3648 3083 detur

2070 3109 2199 3178 tibi,
2228 3119 2321 3165 aut
2340 3110 2471 3182 quid
2496 3124 2797 3183 apponatur
2822 3116 2917 3171 tibi
2946 3115 3014 3171 ad
3056 3117 3288 3187 linguam
3315 3118 3592 3173 dolosam?
3618 3139 3641 3172 ο

2064 3198 2265 3255 dictum
2297 3208 2381 3255 est
2406 3216 2420 3256 :
2464 3220 2483 3253 t
2505 3202 2721 3273 Sagittae
2749 3206 2983 3274 potentis
3003 3214 3306 3263 acutaecum
3327 3208 3647 3265 carbmtibus

2064 3289 2402 3347 desolatoriis
2426 3312 2446 3346 s
2484 3292 2600 3363 (Ps.
2633 3295 2753 3352 119.
2774 3296 2827 3351 2.
2852 3306 2899 3351 et
2918 3299 3077 3369 seqq.)
3099 3339 3114 3362 ,
3137 3300 3335 3355 scimus
3361 3300 3641 3372 Propheta:

2064 3396 2185 3438 esse
2212 3397 2549 3439 concessum.
2584 3384 2723 3442 Vere
2744 3388 2941 3458 quippe
2959 3388 3317 3446 desolatorius
3346 3392 3527 3459 carbo,
3553 3394 3643 3463 qui

2064 3475 2298 3547 linguam
2322 3493 2506 3547 puram
2535 3478 2660 3535 facit
2678 3496 2708 3534 a
2731 3494 2973 3550 peccato,
3005 3498 3185 3539 sermo
3205 3485 3415 3541 divinus
3443 3496 3547 3553 est,
3575 3486 3643 3542 dc

2060 3584 2172 3639 quo
2199 3570 2331 3626 etin
2352 3570 2488 3627 Isaia
2508 3571 2704 3628 dicitur
2733 3590 2746 3626 :
2776 3572 2983 3630 «Habes
3006 3576 3268 3632 carbones
3298 3578 3454 3648 ignis,
3482 3578 3642 3634 sede-

2063 3661 2148 3717 bis
2177 3676 2337 3732 super
2355 3677 2472 3728 eos,
2501 3663 2735 3719 bierunt
2764 3664 2860 3721 tibi
2891 3665 2942 3719 in
2968 3666 3295 3736 adjutorium
3322 3687 3341 3720 ι
3373 3668 3525 3741 (lsai.
3549 3670 3639 3724 67.

2063 3754 2187 3810 its.
2212 3769 2314 3808 sec.
2346 3753 2541 3827 LXX).

2135 3844 2224 3900 15.
2272 3842 2565 3914 Sequitur:
2610 3842 2682 3899 Et
2720 3845 2892 3900 audiui
2937 3861 3105 3902 vocem
3132 3846 3342 3903 Domini
3386 3850 3600 3903 dicentis
3627 3889 3639 3909 .

2065 3935 2227 4001 Quem
2256 3934 2471 4001 mittam,
2497 3944 2548 3990 et
2570 3936 2683 4005 quis
2703 3935 2793 3989 ibit
2822 3936 2891 3989 ad
2920 3937 3165 4006 populum
3187 3939 3374 3993 istum?
3399 3939 3464 3993 Et
3491 3940 3601 3994 dixi
3622 3957 3641 3994 :

2064 4025 2197 4080 Ecce
2235 4041 2349 4097 ego,
2378 4028 2520 4081 ntitte
2550 4041 2649 4079 me.
2680 4024 2748 4079 Et
2775 4025 2849 4079 ait
2875 4041 2895 4080 :
2928 4026 3069 4081 Vade
3093 4036 3141 4082 et
3170 4028 3251 4081 dic
3272 4030 3460 4099 populo
3485 4030 3601 4085 Ituic
3621 4048 3641 4085 :

2062 4116 2201 4172 Aure
2236 4117 2484 4184 audietis,
2533 4126 2579 4171 et
2626 4132 2724 4171 non
2754 4116 3063 4188 intelligetis.
3105 4118 3482 4191 Interrogantis
3516 4129 3643 4177 sunt

2064 4206 2225 4263 verba
2251 4207 2486 4274 Domini,
2512 4222 2616 4262 non
2636 4206 2897 4278 jubentis,
2924 4224 3083 4281 quem
3109 4208 3303 4265 debeat
3330 4210 3562 4278 mittere,
3587 4221 3643 4267 et

2062 4299 2180 4370 quis
2224 4301 2395 4354 iturus
2420 4299 2491 4354 sit
2531 4298 2597 4354 ad
2626 4299 2880 4370 populum
2900 4340 2916 4369 ,
2947 4301 3034 4356 cui
3062 4299 3233 4357 facilis
3260 4301 3527 4373 Propheta
3557 4318 3643 4359 re-

2062 4390 2291 4461 spondet
2322 4407 2336 4446 :
2373 4389 2501 4445 Ecce
2531 4407 2643 4463 ego,
2675 4392 2816 4446 mitte
2839 4408 2939 4459 me,
2978 4399 3178 4463 etpost
3203 4392 3639 4463 pollicitationem

2057 4484 2308 4554 jubetur,
2335 4493 2396 4540 ut
2421 4484 2565 4541 dicat
2595 4501 2610 4539 :
2668 4483 2842 4549 Vade,
2882 4493 2929 4539 et
2973 4485 3056 4539 dic
3102 4484 3290 4554 pOpulo
3316 4485 3432 4538 huic
3452 4501 3474 4540 :
3506 4486 3644 4541 Attre

2062 4575 2308 4643 audietis,
2349 4586 2397 4629 et
2422 4592 2523 4629 non
2559 4576 2849 4646 intelligetis
2879 4590 2898 4629 :
2928 4584 2972 4629 et
2999 4584 3254 4630 cernentes
3278 4575 3563 4646 aspicietis,
3594 4588 3641 4633 et

2064 4682 2165 4719 non
2190 4664 2453 4729 uidebitis;
2479 4673 2533 4720 et
2559 4673 2755 4721 caetera
2782 4679 2902 4734 qua:
2924 4664 3089 4735 ipsius
3130 4665 3431 4737 Pr0pbetite
3455 4683 3639 4725 sermo

2057 4755 2319 4811 contexit.
2348 4754 2544 4809 Audivi
2571 4769 2671 4825 ego
2698 4754 2751 4809 in
2774 4754 2874 4809 hoc
2902 4755 3021 4810 loco
3048 4770 3155 4811 non
3178 4770 3396 4826 parvam
3428 4758 3640 4818 Hebraei

2064 4847 2168 4902 mei
2196 4846 2646 4917 disputationem,
2683 4846 2835 4917 cujus
2873 4862 3040 4918 pauca
3080 4865 3309 4921 ponam,
3339 4862 3397 4908 ut
3425 4868 3640 4911 sensum

2068 4937 2298 4992 hominis
2325 4936 2590 4993 advertas.
2639 4938 2859 5005 Aiebat,
2900 4939 2967 4995 de
3009 4940 3191 5012 Moyse
3215 4951 3271 4998 et
3299 4943 3432 4999 Isa'a
3457 4984 3472 5010 ,
3522 4946 3644 5016 quis

2066 5028 2258 5083 melius
2287 5029 2505 5094 fecerit,
2550 5030 2902 5100 requiramus.
2948 5031 3135 5088 Utrum
3176 5050 3244 5090 ne
3281 5035 3513 5109 Moyses,
3552 5038 3645 5107 qui

2065 5132 2186 5173 cum
2234 5132 2265 5171 a
2313 5117 2424 5173 Deo
2467 5118 2767 5174 mitteretur
2809 5120 2875 5175 ad
2927 5122 3215 5192 populum,
3263 5125 3384 5179 ait:
3429 5124 3641 5190 Precor,

2069 5207 2303 5275 Domine,
2336 5224 2437 5263 non
2465 5225 2577 5264 sum
2620 5210 2843 5280 dignus;
2888 5221 2943 5268 et
2982 5229 3211 5281 rursum,
3258 5216 3465 5287 provide
3487 5218 3644 5272 alium

2065 5318 2209 5370 quem
2238 5302 2408 5355 mittas
2437 5299 2632 5371 (Exod.
2662 5303 2715 5357 4.
2747 5304 2838 5375 15)
2870 5321 2884 5357 :
2918 5306 3001 5359 An
3028 5305 3209 5370 Isaias,
3235 5308 3326 5378 qui
3373 5323 3492 5362 cum
3539 5324 3643 5363 non

2068 5391 2253 5447 luisset
2276 5391 2499 5457 electus,
2544 5392 2687 5448 ultro
2732 5408 2793 5448 se
2819 5393 3041 5461 obtulit,
3073 5395 3257 5452 dicens
3298 5414 3313 5451 :
3365 5396 3498 5450 Ecce
3526 5414 3638 5467 ego,

2151 5524 2201 5594 ρ)
2236 5524 2457 5594 Martiau.
2477 5522 2695 5594 abstulit,
2723 5532 2775 5594 et
2808 5540 2920 5594 mox
2938 5528 3164 5594 purgavit
3181 5527 3648 5594 juxta__l_5rasmianos

2160 5586 2261 5637 iees
2282 5586 2362 5635 hic
2383 5594 2531 5651 atque
2552 5588 2695 5651 infra.
2722 5587 2821 5651 Sed
2847 5586 3009 5640 verius
3035 5586 3259 5651 plerique
3283 5588 3384 5647 alii,
3410 5597 3464 5638 ut
3494 5591 3647 5651 edidi-

2066 5662 2175 5713 mus
2212 5655 2425 5710 utroque
2452 5645 2514 5697 'in
2552 5647 2680 5713 loco,
2700 5662 2763 5713 ex
2789 5648 2957 5713 Graeco
2978 5645 3099 5713 ἀφὶλιι
3122 5645 3193 5698 et"
3499 5645 3652 5702 Paulo

2067 5708 2328 5821 ﬁgi-gigas.
2342 5708 2528 5761 'vocem
2552 5708 2839 5775 captivitatis
2858 5746 2873 5773 ,
2898 5708 3037 5761 abest
3057 5712 3237 5773 Iulum:
3256 5708 3286 5761 ἐι
3308 5708 3467 5774 Regio
3489 5722 3545 5763 ac
3569 5713 3649 5765 Gi-
3712 5758 3715 5761 ,

2071 5786 2096 5821 s
2119 5783 2148 5821 e
2315 5784 2348 5821 I.

2071 5776 2348 5823 SlCl‘ClOBSI.
