4136 6332
491 349 591 404 371

490 464 634 518 mitte
660 476 756 516 me.
787 459 894 515 Nec
932 459 1116 531 ignoro
1139 499 1154 525 ,
1196 456 1437 524 dicebat,
1463 456 1819 529 periculosum
1847 473 1968 514 esse
1993 457 2062 514 de

488 555 806 609 Sanctorum
837 551 1044 606 meritis
1076 549 1388 622 disputare;
1436 560 1490 606 et
1530 550 1726 621 aliquid
1767 550 1848 606 vel
1892 552 2067 606 minus

489 643 570 700 vel
597 642 716 714 plus
740 641 1008 699 disserere
1034 642 1173 698 velle
1197 643 1264 699 de
1281 658 1348 698 eo
1372 657 1530 713 quem
1563 642 1818 698 Dominus
1839 657 2067 698 corona-

488 734 598 800 vit;
627 731 722 788 sed
750 733 873 803 quia
902 733 1015 804 ipse
1051 733 1187 789 dixit
1214 750 1228 788 :
1251 734 1474 799 Quaerite
1494 773 1509 798 ,
1534 743 1579 786 et
1624 734 1919 796 invenietis;
1945 733 2065 803 pul-

485 833 613 889 sate,
642 833 690 878 et
713 825 969 895 aperietur
993 825 1130 880 vobis
1156 824 1364 896 (Matth.
1391 827 1460 888 7;
1507 834 1554 878 et
1584 824 1709 876 Luc.
1749 825 1840 892 11)
1860 863 1876 888 ,
1905 824 2082 879 etiam’

489 930 609 984 nos,
638 929 744 970 non
773 923 832 970 ut
860 914 929 970 de
967 917 1148 986 aliquo
1172 915 1534 980 detrahamus,
1557 912 1654 968 sed
1680 921 1737 966 ut
1774 911 2066 982 Scripturze

485 1020 703 1062 sensum
731 1005 984 1074 scientes,
1019 1007 1086 1062 ad
1109 1007 1226 1076 ejus
1251 1021 1347 1061 nos
1367 1006 1656 1076 dirigamus
1678 993 1946 1076 exempla,
1973 1003 2067 1060 de-

485 1099 679 1155 bemus
702 1099 970 1170 inquirere
992 1098 1133 1169 quod
1162 1105 1338 1168 potest
1366 1095 1544 1152 facere
1565 1097 1936 1166 quaestionem.
1963 1094 2066 1162 Qui

485 1189 676 1262 Moysi,
695 1189 885 1260 inquit,
912 1199 1148 1248 assertor
1163 1196 1266 1255 est,
1297 1187 1648 1242 humilitatem
1667 1186 1782 1255 ejus
1811 1183 2066 1256 prmdicat

485 1297 551 1338 ac
566 1279 1028 1337 mansuetudinem
1046 1321 1062 1348 ,
1085 1279 1225 1350 quod
1255 1295 1315 1335 se
1343 1279 1614 1350 indignum
1629 1277 1877 1348 judicans
1908 1277 2066 1332 mini-

483 1372 653 1428 sterio
678 1373 795 1438 Dei,
826 1371 995 1442 major
1070 1370 1180 1443 58
1249 1370 1469 1426 allectus
1485 1371 1586 1425 sit:
1608 1370 1769 1425 Isaias
1799 1383 1946 1433 vero,
1975 1368 2063 1438 qui

486 1464 629 1520 ultro
667 1477 728 1519 se
768 1462 988 1528 obtulit,
1033 1463 1292 1533 incipiens
1327 1461 1678 1532 prophetare,
1710 1475 1740 1515 a
1768 1455 2066 1514 maledictis

485 1555 651 1627 coepit
677 1573 691 1610 :
721 1555 858 1609 Aura
879 1555 1116 1620 audietis,
1146 1563 1190 1608 et
1218 1571 1315 1609 non
1344 1554 1630 1625 intelligetis
1663 1552 1760 1624 (a),
1792 1560 1838 1605 et
1863 1565 2068 1604 cernen-

485 1657 558 1703 tes
579 1647 852 1717 aspicietis,
882 1655 1050 1701 etnon
1077 1644 1322 1700 videbitis.
1341 1644 1421 1700 0b
1442 1643 1582 1714 quod
1599 1643 1721 1698 inde
1743 1641 1906 1696 multa
1928 1638 2064 1693 mala

486 1754 807 1810 perpessus,
852 1747 908 1794 et
951 1737 1020 1793 ab
1062 1739 1207 1793 omni
1238 1737 1433 1808 populo
1461 1752 1558 1807 pro
1605 1737 1791 1791 insano
1822 1733 2065 1798 habitus,

477 1843 610 1886 cum
655 1829 848 1884 iterum
891 1828 952 1892 ei
1003 1844 1106 1884 vox
1133 1828 1310 1882 divina
1353 1828 1610 1894 dixisset,
1650 1829 1848 1893 clama,
1892 1823 2067 1878 sciens

489 1922 616 1993 quid
640 1923 901 1992 superiori
933 1921 1185 1978 facilitate
1211 1922 1445 1991 seipsum
1474 1919 1705 1976 offerens
1735 1919 2062 1990 pertulisset,

489 2027 598 2068 non
637 2013 711 2076 ait
742 2029 755 2068 :
789 2012 924 2068 Ecce
947 2029 1038 2084 ego
1057 2053 1072 2079 ,
1105 2014 1242 2066 mitte
1268 2028 1347 2065 me
1379 2028 1395 2064 :
1423 2011 1517 2066 sed
1545 2010 1909 2080 interrogavit,
1939 2008 2067 2080 quid

489 2103 623 2157 illud
679 2112 824 2158 esset
871 2103 1010 2174 quod
1057 2105 1290 2159 clamare
1327 2102 1578 2166 deberet,
1627 2110 1682 2156 et
1708 2101 1843 2156 dixit
1883 2099 2068 2168 :Quid

489 2190 759 2246 clamabo?
787 2192 886 2247 Cui
915 2193 1088 2247 simile
1117 2203 1198 2247 est
1226 2191 1354 2246 illud
1381 2192 1433 2246 in
1460 2189 1690 2248 Ieremia
1720 2209 1733 2246 :
1764 2191 1950 2261 Accipe
1975 2207 2066 2244 ca-

489 2283 635 2338 licem
671 2285 773 2338 vini
816 2286 942 2342 meri
985 2285 1138 2356 hujus
1184 2285 1248 2338 de
1294 2301 1450 2339 manu
1494 2301 1637 2350 mea,
1689 2294 1736 2339 et
1784 2285 2067 2354 potiouabis

490 2391 662 2430 omnes
683 2385 852 2449 gentes
871 2418 886 2444 ,
913 2377 982 2432 ad
1002 2394 1128 2448 quas
1154 2394 1246 2448 ego
1273 2386 1320 2432 te
1348 2378 1541 2431 mittam
1562 2419 1578 2444 ,
1606 2385 1652 2432 et
1678 2376 1863 2441 bibent,
1893 2384 1940 2430 et
1978 2391 2067 2428 vo-

489 2480 647 2535 ment,
672 2479 718 2530 et
743 2472 1016 2536 insanient,
1047 2481 1092 2524 et
1113 2471 1290 2525 cadent
1315 2487 1348 2524 a
1376 2472 1505 2539 [acie
1530 2471 1688 2540 gladii
1705 2499 1736 2534 ,-
1759 2485 1905 2539 quem
1946 2468 2066 2521 mit-

491 2569 596 2614 tam
619 2560 672 2614 in
697 2561 859 2615 medio
889 2578 1062 2617 eorum
1087 2563 1106 2634 (
1129 2561 1319 2616 Jerent.
1349 2561 1441 2618 25.
1477 2561 1562 2616 15.
1603 2561 1670 2615 16
1697 2561 1735 2630 ).
1765 2559 1917 2628 Quod
1945 2575 2066 2614 cum

490 2652 727 2711 audisset
747 2652 1036 2722 Propheta,
1065 2670 1168 2708 non
1194 2655 1370 2709 renuit
1399 2671 1413 2708 :
1441 2669 1546 2708 non
1567 2653 1859 2709 secundum
1886 2669 2070 2708 exem-

489 2745 640 2814 plum
668 2743 835 2814 Moysi
864 2744 1000 2799 dixit
1031 2763 1048 2800 :
1078 2744 1298 2810 Precor,
1335 2744 1565 2810 Domine,
1597 2761 1698 2798 non
1726 2761 1837 2798 sum
1863 2745 2064 2814 dignus,

490 2835 700 2905 provide
719 2836 877 2890 alium
901 2852 1047 2904 quem
1073 2837 1242 2890 mittas
1268 2835 1462 2907 (Exod.
1493 2836 1548 2890 4.
1583 2835 1670 2907 15)
1695 2851 1709 2900 ;
1743 2835 1838 2890 sed
1864 2845 2069 2889 amator

488 2925 675 2997 populi
721 2925 838 2990 sui,
879 2936 934 2981 et
976 2934 1166 2995 putans
1205 2927 1330 2996 quia
1369 2941 1433 2982 ex
1467 2937 1589 2996 potu
1632 2926 1816 2982 calicis
1842 2926 2069 2980 inimica:

487 3027 675 3090 gentes
715 3017 1142 3074 interﬁcerentur
1186 3026 1241 3072 et
1277 3027 1491 3072 ruerent
1515 3058 1530 3082 ,
1575 3017 1796 3070 calicem
1839 3017 1976 3072 meri
2007 3017 2069 3070 li-

486 3110 680 3166 benter
704 3111 930 3180 accepit,
963 3110 1262 3180 intelligens
1293 3111 1345 3163 in
1371 3110 1618 3164 omnibus
1637 3111 1884 3178 gentibus
1908 3112 2066 3166 etiam

486 3200 785 3258 Jerusalem
813 3201 1212 3272 comprehendi.
1262 3201 1500 3270 Denique
1542 3203 1681 3256 inter
1709 3213 1932 3257 caeteras
1971 3219 2068 3257 na-

486 3291 664 3348 tiones
693 3309 706 3344 :
737 3290 806 3344 Et
844 3293 1048 3362 accepi,
1077 3292 1151 3346 ait
1175 3333 1192 3358 ,
1235 3293 1442 3345 calicem
1485 3293 1548 3344 de
1575 3309 1729 3346 manu
1759 3292 1994 3357 Domini,
2024 3304 2070 3347 et

488 3384 744 3452 potionavi
771 3399 944 3438 omnes
969 3393 1159 3455 gentes,
1188 3384 1255 3437 ad
1275 3400 1400 3455 quas
1428 3385 1564 3438 misit
1606 3401 1686 3438 me
1710 3383 1982 3450 Dominus,
2023 3395 2071 3439 et

486 3475 791 3541 Jerusalem,
823 3484 871 3530 et
894 3475 1115 3529 civitates
1151 3473 1314 3542 Juda,
1343 3483 1388 3529 et
1411 3492 1551 3546 reges
1579 3478 1711 3545 ejus,
1743 3485 1790 3530 et
1815 3478 2067 3546 principes

488 3568 621 3638 ejus,
646 3567 714 3619 ad
732 3566 992 3637 ponendas
1019 3583 1102 3620 eas
1131 3567 1184 3620 in
1211 3567 1595 3638 desolationem,
1622 3579 1668 3623 et
1705 3571 1757 3623 in
1785 3570 1995 3636 invium,
2021 3582 2068 3626 et
2097 3642 2101 3644 ν

487 3657 822 3712 sibilatiouem
852 3655 1064 3729 (Jerem.
1096 3656 1186 3712 25.
1216 3658 1303 3712 17.
1332 3659 1443 3730 18).
1475 3659 1582 3714 Pro
1619 3676 1722 3730 qua
1752 3661 2062 3732 Prophetia,

489 3748 615 3802 licet
635 3747 685 3802 in
716 3747 984 3818 plerisque
1023 3747 1295 3804 codicibus
1318 3749 1451 3804 ordo
1483 3750 1554 3805 sit
1582 3765 1866 3820 perversos
1894 3771 1908 3808 :
1939 3755 2066 3825 quid

487 3841 540 3893 in
571 3841 676 3895 alio
706 3841 825 3896 loco
852 3840 994 3895 dicat
1023 3841 1264 3896 ausculta
1297 3861 1310 3897 :
1342 3843 1604 3898 Seduxisti
1626 3862 1722 3911 me,
1750 3845 1991 3915 Domine,
2021 3859 2067 3903 et

486 3931 726 3986 seductus
744 3948 854 3987 sum
882 3947 900 3985 :
923 3934 1128 3986 tenuisti
1156 3949 1236 3987 me
1254 3943 1303 3988 et
1329 3936 1537 4004 potuisti
1559 3935 1632 4008 (b)
1657 3943 1686 3990 :‘
1702 3937 1866 4006 factus
1886 3956 1995 3994 sum
2015 3941 2068 3994 in

486 4022 737 4087 derisum,
785 4031 940 4076 totam
984 4023 1116 4076 diem
1161 4025 1303 4095 exegi
1328 4027 1383 4080 iu
1429 4027 1878 4083 subsannationem
1927 4029 2062 4103 (Jer.

348 4115 360 4127 '
401 4175 410 4184 _
485 4113 576 4167 20.
610 4113 685 4179 7).
717 4112 784 4165 Et
823 4114 1123 4168 ccontrario
1150 4115 1240 4182 qui
1265 4125 1500 4172 assertor
1524 4127 1604 4173 est
1630 4118 1780 4174 Isaiae
1807 4120 2065 4193 (diccbat)

486 4205 576 4257 illa
607 4203 840 4272 proferet
875 4221 886 4257 :
920 4205 1263 4274 Prophetam,
1292 4222 1396 4260 non
1427 4217 1530 4262 tam
1557 4210 1640 4263 sui
1672 4215 1882 4277 merito,
1906 4228 2064 4283 quam

489 4293 853 4350 misericordia
899 4295 992 4349 Dei
1036 4294 1331 4360 conﬁsum,
1379 4307 1654 4368 postquam
1701 4316 1731 4353 a
1782 4301 2064 4372 Seraphim

487 4387 750 4452 audierat,
779 4384 913 4441 Ecce
938 4388 1096 4459 tetigit
1126 4389 1220 4441 hoc
1251 4387 1386 4442 labia
1410 4397 1517 4453 tua,
1541 4400 1589 4443 et
1612 4395 1807 4461 auferet
1832 4393 2070 4463 iniquita-

487 4488 561 4532 tes
581 4487 713 4541 tuas,
741 4489 787 4532 et
809 4488 1011 4549 peccata
1031 4489 1120 4532 tua
1149 4479 1403 4548 purgabit,
1431 4480 1541 4533 otio
1566 4481 1803 4536 noluisse
1832 4492 2064 4554 torpere,

487 4570 584 4624 sed
611 4573 748 4626 ultro
777 4572 832 4625 in
868 4571 1222 4627 ministerium
1257 4571 1385 4639 Dei,
1418 4571 1566 4641 quasi
1595 4586 1624 4625 a
1666 4574 1901 4642 peccatis
1930 4575 2064 4632 libe-

488 4675 631 4728 rum,
659 4663 776 4715 zelo
803 4675 862 4715 se
887 4663 1147 4717 obtulisse
1177 4661 1320 4716 ﬁdei.
1348 4661 1563 4733 Moysen
1594 4677 1722 4718 vero
1748 4665 1871 4732 quia
1897 4679 2067 4720 saecu-

490 4751 692 4806 laribus
751 4750 992 4804 eruditus
1040 4751 1213 4805 fuerat
1279 4751 1618 4819 disciplinis,
1674 4762 1729 4808 et
1788 4754 2069 4812 interfecto

491 4841 766 4913 Egyptio,
797 4841 1121 4896 conscientia
1147 4843 1264 4910 ejus
1292 4843 1467 4912 aliqua
1501 4859 1566 4897 ex
1598 4854 1749 4915 parte
1793 4852 2072 4903 sorduerat

496 4933 694 5002 (Exod.
721 4932 815 5002 2);
862 4931 1001 4986 unde
1028 4940 1082 4986 et
1121 4946 1220 4985 vox
1251 4931 1317 4986 ad
1362 4947 1485 4987 eum
1531 4934 1599 4989 de
1639 4935 1773 4990 rubo
1814 4936 1950 4993 facta
1979 4939 2067 5004 sit,

555 5110 630 5173 (a)
661 5109 743 5160 Sic
782 5109 1026 5173 reliquum
1068 5107 1326 5173 versiculi,
1363 5120 1449 5173 p50
1487 5123 1584 5172 quo
1627 5113 1675 5160 in
1701 5113 1848 5163 editis
1890 5120 2072 5167 tantum

494 5169 632 5230 erat,
664 5179 780 5235 etc.
814 5169 1013 5235 exVMss.
1038 5169 1582 5235 supplevitnus'.P_asSim
1607 5172 1730 5235 intra
1743 5175 1960 5235 quasdam
1983 5181 2074 5228 alia

494 5234 809 5283 emendamus
829 5233 1025 5281 minoris
1063 5231 1294 5280 mementi
1311 5267 1324 5291 ,
1349 5232 1526 5294 quibus
1567 5231 1848 5286 adnotandis
1867 5239 2075 5290 subinde

490 5295 732 5356 immorari
767 5294 921 5356 piget.

557 5356 630 5418 (ὸ)
659 5351 843 5418 ‘Verani
867 5351 1562 5418 hujus_versiculi__lectionem
1599 5367 1663 5418 ex
1707 5353 1866 5418 Regio
1907 5360 2075 5410 codice

493 5413 886 5485 emendatissimo
907 5413 1514 5485 restituiinuszllucusque
1531 5416 1671 5485 enim
1691 5413 1918 5485 antiquus
1938 5434 2074 5485 error

490 5476 806 5541 inoleverat._
823 5484 878 5527 ut
918 5475 1193 5541 legeretur,
1219 5474 1374 5541 factus
1392 5474 1573 5541 sum-in
1595 5474 1826 5541 derisumf
1851 5486 1950 5541 tota,
1971 5481 2070 5541 die,

492 5538 624 5602 exivi
656 5538 708 5590 in
731 5535 1141 5602 subsannaiionent
1159 5572 1172 5596 ,
1201 5547 1287 5597 pro
1307 5539 1455 5584 totam
1477 5535 1607 5585 diem
1643 5537 1786 5602 exegi
1806 5539 1859 5588 in
1879 5535 2075 5590 subsan-

492 5598 681 5664 natione
700 5637 714 5660 ,
739 5600 1018 5664 ut_Grtecus
1053 5604 1220 5664 textus
1259 5613 1379 5664 «lacu
1401 5608 1532 5659 ήμιραν
1557 5598 2074 5664 διιτὶλισανμνιιτηριζόμνος.

499 5659 649 5730 Forte
670 5658 814 5730 exegi
835 5664 901 5713 de
923 5659 1214 5730 more_olim_
1238 5658 1501 5730 scripserat
1523 5658 2077 5730 aman‘uen'sis,:ex:quo

496 5721 679 5772 sciolus
689 5718 794 5774 ιιοῇ
818 5737 964 5774 nemo
985 5721 1113 5774 exivi
1131 5756 1146 5783 ,
1169 5726 1215 5772 et
1257 5718 1352 5770 tota
1376 5718 1473 5780 die,
1501 5720 1630 5781 quod
1655 5721 1892 5773 transtulit
1914 5725 1970 5772 ad
1995 5718 2074 5775 su-

491 5785 664 5840 perius
686 5797 888 5835 comma.

1776 341 2014 400 SANCTI
2051 337 2428 402 HIEBONYMI

3651 350 3760 414 37!

2171 458 2361 515 dicens
2391 478 2405 516 :
2454 459 2539 517 Ne
2575 464 2842 519 accesseris
2867 465 2965 519 huc
2991 480 3011 520 :
3041 465 3178 522 solve
3203 467 3545 524 calcemuenta
3581 468 3648 524 de
3667 482 3758 541 "ps-

2171 549 2320 605 dibus
2345 552 2464 618 tuis,
2495 552 2635 608 locus
2655 554 2787 609 enim
2811 557 2866 610 in
2902 572 3003 627 quo
3077 557 3186 631 59
3255 567 3383 627 stas,
3417 569 3552 614 terra
3579 569 3757 616 sancta

2169 649 2280 696 est:
2295 649 2348 696 et
2363 643 2544 698 scierit
2565 643 2667 699 sibi
2685 643 2942 702 adversus
2953 662 3138 719 magos
3153 659 3208 704 et
3228 649 3490 704 adversus
3518 649 3756 706 Pharao-

2170 745 2294 786 nem
2311 732 2600 802 pessimum
2614 750 2792 805 regem
2813 735 3049 792 futurum
3066 753 3186 794 esse
3207 749 3756 806 certamen,seexcn-

2171 837 2320 878 sasse
2339 824 2607 880 dicentem
2639 827 2714 898 (c)
2736 845 2752 884 :
2777 826 2985 896 Precor,
3008 828 3249 894 Domine,
3274 847 3377 884 non
3397 847 3510 886 sum
3529 831 3716 902 dignus
3736 845 3760 886 :

2169 929 2271 984 pro
2291 931 2397 986 quo
2424 921 2476 971 in
2519 915 2747 973 Hebrreo
2776 919 3002 988 legitur,
3034 937 3138 976 non
3166 916 3326 975 habeo
3359 924 3495 977 labia
3528 925 3752 979 circum-

2167 1007 2311 1073 cisa,
2359 1007 2703 1080 Septuaginta
2766 1011 3151 1082 lnterpretibus
3203 1029 3419 1069 sensum
3464 1017 3641 1086 potius
3687 1033 3758 1074 ex

2169 1111 2332 1152 sensu
2357 1113 2516 1168 quani
2543 1098 2764 1154 verbum
2791 1100 2860 1157 de
2887 1101 3055 1156 verbo
3072 1103 3514 1172 exprimentibus.
3546 1105 3626 1160 Ex
3649 1121 3757 1178 quo

2171 1186 2455 1244 mauileste
2480 1190 2651 1260 possit
2675 1189 2931 1261 intelligi,
2962 1192 3153 1248 Isaiam
3181 1206 3328 1250 recte
3371 1205 3492 1265 post
3517 1198 3754 1252 circnm-

2167 1279 2281 1333 cisa
2302 1279 2462 1347 labia,
2486 1281 2538 1335 in
2562 1281 2656 1337 Dei
2678 1297 2738 1337 se
2763 1283 3023 1339 obtulisse
3047 1285 3426 1352 ministerium,
3451 1297 3508 1342 et
3533 1287 3754 1361 Moysen

2169 1367 2344 1424 adhuc
2375 1370 2768 1429 incircumcisis
2805 1373 2959 1430 labiis
3001 1384 3108 1430 tam
3147 1377 3351 1446 grande
3398 1379 3753 1437 ministerium

2160 1473 2472 1517 recusasse.

2243 1549 2330 1606 16.
2373 1551 2513 1606 Aure
2550 1553 2787 1620 audietis,
2836 1565 2884 1609 et
2923 1573 3026 1611 non
3065 1558 3355 1630 intelligetis
3385 1575 3404 1614 :
3427 1569 3474 1614 et
3500 1571 3755 1619 cernentes

2170 1640 2456 1711 aspicietis,
2486 1652 2531 1696 et
2565 1661 2668 1698 non
2694 1645 2943 1701 videbitis.
2979 1647 3148 1703 Totus
3176 1649 3263 1704 hic
3301 1650 3451 1706 locus
3480 1652 3619 1707 sicut
3641 1651 3757 1708 Sal.

2169 1737 2322 1785 vator
2345 1730 2474 1786 dicit
2503 1733 2559 1787 in
2586 1733 2899 1806 Evangelio,
2942 1736 3010 1792 ad
3037 1736 3090 1792 id
3123 1740 3359 1808 pertinet
3389 1750 3618 1810 tempus,
3649 1759 3756 1812 quo
3827 1811 3831 1820 η

2171 1819 2286 1890 ipse
2311 1831 2394 1878 est
2420 1822 2668 1895 dignatus
2692 1825 3026 1884 descendere
3055 1828 3122 1882 ad
3156 1839 3324 1885 terras
3347 1870 3362 1898 ,
3409 1839 3464 1887 et
3489 1832 3638 1903 signa
3662 1833 3758 1888 Ju-

2169 1911 2301 1967 daeis
2350 1928 2458 1970 non
2511 1915 2930 1988 intelligentibus
2987 1921 3336 1991 perpetravit.
3391 1922 3457 1978 Et
3502 1927 3753 1994 quoniam

2171 2020 2342 2077 usque
2367 2007 2438 2063 ad
2467 2008 2629 2065 linem
2671 2009 2902 2082 Capituli
2936 2014 3241 2083 explanatio
3269 2015 3550 2086 multiplex
3579 2019 3756 2088 sequi-

2171 2104 2288 2167 tur;
2319 2106 2375 2154 et
2395 2100 2712 2171 excipientis
2726 2102 2838 2172 jam
2863 2105 3210 2174 explicuimus
3243 2104 3392 2178 [Mss.
3419 2107 3754 2182 implevimus]

2171 2201 2355 2258 ceras,
2403 2189 2680 2262 hucusque
2705 2191 2938 2250 dictasse
2978 2197 3205 2251 sufﬁciat
3238 2215 3251 2251 :
3282 2198 3406 2268 quia
3451 2210 3505 2254 et
3544 2201 3716 2256 oratio
3737 2244 3753 2267 ,

2169 2293 2290 2348 quae
2327 2294 2435 2335 non
2476 2281 2708 2351 propria:
2762 2298 2951 2340 manus
2995 2286 3121 2341 stilo
3159 2288 3456 2357 expolitur,
3487 2303 3606 2344 eum
3661 2306 3757 2361 per

2171 2384 2231 2424 se
2252 2370 2450 2425 inculta
2477 2379 2580 2440 est,
2614 2381 2724 2427 tum
2753 2374 2922 2429 multo
2945 2375 3224 2431 molestior
3252 2378 3333 2443 ﬁt;
3360 2379 3405 2432 si
3433 2366 3642 2434 izedium
3670 2383 3754 2435 sui

2172 2461 2476 2530 prolixitate
2505 2463 2872 2533 congeminet;
2908 2475 2965 2519 ut
2988 2467 3269 2522 oculorum
3297 2469 3482 2524 dolore
3509 2471 3754 2535 cruciati,

2171 2553 2387 2608 auribus
2414 2562 2621 2610 tantum
2645 2555 2953 2612 studeamns
2975 2567 3029 2612 et
3056 2557 3258 2629 lingua.

2245 2648 2330 2702 17.
2361 2647 2438 2717 (d)
2471 2648 2816 2720 Septuaginta
2847 2668 2860 2704 :
2896 2649 2961 2703 Et
2991 2651 3200 2706 missum
3222 2661 3295 2706 est
3319 2653 3387 2706 ad
3407 2669 3488 2707 me
3511 2670 3666 2709 unum
3695 2657 3760 2709 de

2173 2736 2446 2807 Seraphin:
2464 2754 2484 2802 ;
2510 2739 2698 2809 Aquila
2720 2781 2733 2805 ,
2762 2749 2818 2794 et
2856 2739 3191 2796 Theodotion
3214 2782 3229 2808 ,
3259 2741 3330 2796 Et
3356 2744 3538 2797 volavit
3582 2745 3650 2797 ad
3680 2762 3760 2798 me

2172 2846 2330 2884 unum
2351 2830 2412 2884 de
2442 2830 2810 2903 Seraphinr(e)
2836 2848 2850 2898 ;
2883 2833 3258 2904 Symmachus,
3290 2833 3355 2887 Et
3377 2835 3561 2889 volavit
3585 2836 3654 2888 ad
3679 2852 3760 2888 me

2172 2935 2305 2974 unus
2349 2921 2411 2974 de
2454 2919 2751 2993 Seraphim.
2799 2922 3050 2989 Quotidie
3092 2924 3160 2978 ad
3189 2939 3285 2978 nos
3329 2924 3556 2979 mittitur
3597 2925 3758 2980 Sera-

2173 3010 2357 3080 phim,
2403 3012 2642 3083 quotidie
2686 3013 3149 3085 ingemisceutium
3202 3025 3362 3086 atque
3407 3015 3698 3073 dicentium
3741 3039 3753 3072 :

2177 3101 2221 3154 0
2243 3103 2391 3157 miser
2409 3119 2520 3174 ego,
2543 3105 2780 3173 quoniam
2803 3116 3132 3174 compunctus
3154 3123 3286 3172 sum,
3315 3121 3409 3161 ora
3439 3118 3753 3178 purgantur,

2172 3200 2227 3246 et
2273 3207 2394 3247 cum
2454 3207 2484 3246 a
2528 3193 2762 3262 peccatis
2809 3193 3003 3248 iuerint
3067 3194 3306 3262 liberati,
3357 3207 3660 3266 praeparant
3696 3213 3756 3253 se

2173 3281 2473 3337 ministerio
2505 3283 2620 3338 Dei.
2646 3282 2799 3349 Quod
2844 3291 3024 3339 autem
3051 3286 3229 3340 eteteri
3269 3285 3626 3357 lnterpretes,
3659 3303 3758 3358 pro

2173 3373 2383 3426 missum
2423 3389 2559 3440 esse,
2592 3374 2786 3429 volasse
2813 3374 3085 3440 dixerint,
3125 3375 3363 3446 intelligo
3404 3379 3639 3433 velocem
3670 3379 3754 3433 di-

2172 3463 2279 3518 vini
2320 3465 2585 3519 sermonis
2612 3465 2903 3521 adventum
2949 3482 3110 3536 super
3139 3483 3254 3536 eos,
3293 3471 3383 3538 qui
3407 3469 3550 3540 digni
3579 3472 3754 3526 socie-

2175 3564 2282 3610 tate
2305 3556 2444 3610 illius
2464 3555 2786 3626 judicantur.
2811 3558 2866 3612 ln
2888 3572 3088 3628 genere
3111 3574 3322 3630 quoque
3342 3560 3630 3617 diversitas
3647 3573 3750 3619 est.

2172 3646 2536 3718 Septuaginta,
2566 3647 2779 3717 Aquila,
2809 3659 2864 3703 et
2892 3648 3224 3705 Theodotion
3249 3649 3528 3720 Seraphim
3558 3661 3756 3708 neutro

2171 3752 2367 3806 genere
2406 3739 2793 3794 transtulerunt
2824 3757 2837 3794 :
2885 3741 3240 3812 Symmachus
3278 3742 3594 3801 masculino.
3643 3745 3754 3801 Nec

2174 3829 2462 3898 putandum
2481 3845 2664 3885 sexum
2677 3845 2797 3887 esse
2814 3831 2867 3885 in
2881 3831 3174 3887 Virtutibus
3191 3833 3303 3900 Dei,
3323 3849 3442 3889 cum
3463 3835 3622 3889 etiam
3639 3835 3754 3906 ipse

2173 3919 2404 3990 Spiritus
2440 3921 2666 3977 Sanctus
2706 3922 3000 3978 secundum
3035 3925 3388 3994 proprietates
3415 3925 3610 3998 lingua:
3650 3928 3757 3983 He-

2171 4010 2352 4077 braeae,
2376 4011 2628 4067 feminino
2647 4027 2843 4082 genere
2859 4013 3158 4084 proferatur
3174 4030 3314 4070 suns
3331 4035 3344 4070 :
3361 4015 3545 4072 Graece
3565 4027 3756 4074 neutro

2169 4102 2281 4174 60
2350 4113 2406 4158 τὸ
2431 4114 2612 4168 πνεῦμα
2641 4123 2655 4159 :
2684 4104 2875 4162 Latine
2914 4107 3230 4174 masculino,
3257 4107 3502 4178 Spiritus.
3533 4111 3608 4164 Ex
3649 4126 3756 4180 quo

2174 4194 2577 4265 intelligendum
2599 4204 2700 4263 est,
2725 4197 2939 4267 quando
2959 4197 3026 4253 de
3050 4200 3416 4267 superioribus
3434 4201 3753 4271 disputatur,

2172 4291 2227 4338 et
2261 4284 2612 4340 masculinum
2647 4287 2847 4357 aliquid
2868 4327 2887 4355 ,
2911 4303 3004 4342 seu
3036 4280 3349 4346 femininum
3371 4292 3585 4360 ponitur
3602 4335 3618 4360 ,
3645 4309 3754 4349 non

2175 4383 2281 4429 tam
2305 4389 2496 4430 sexum
2519 4376 2847 4446 signiﬁcari,
2890 4393 3050 4449 quam
3077 4379 3274 4436 idioma
3305 4397 3501 4440 sonare
3535 4383 3748 4456 linguae.

2238 4571 2309 4632 (c)
2342 4569 2733 4641 Sic‘resarcimus
2751 4573 2916 4641 e__Mss.
2940 4582 3082 4641 antea
3108 4577 3240 4641 enim
3259 4586 3365 4641 erat
3385 4577 3541 4641 potius
3563 4592 3754 4630 sensum

2342 4632 2863 4699 verbunt,_aujue_olim
2887 4636 3040 4699 potius
3057 4649 3166 4698 qua:
3189 4637 3299 4687 dixi
3321 4632 3532 4699 verbum,
3561 4648 3656 4690 etc.

2239 4693 2317 4763 (α)
2353 4692 2525 4763 ania
2549 4692 2677 4763 fere;
2695 4695 2812 4763 Mss.
2834 4692 3132 4763 exemplaria
3174 4700 3266 4748 hoc
3283 4699 3390 4763 loco
3412 4692 3663 4763 epistolam
3688 4703 3756 4752 ita

2175 4754 2468 4824 concludunt
2488 4794 2501 4814 ,
2534 4754 2744 4817 Explicit
2783 4754 3148 4824 Hieronymide
3171 4754 3459 4824 seraphim;
3497 4774 3589 4812 nec
3633 4763 3754 4812 reli-

2174 4829 2270 4880 qua
2304 4816 2515 4866 subdunt
2556 4816 2666 4883 qua;
2686 4816 3138 4883 sequuntur'hujus
3183 4816 3612 4883 interpretationis.
3658 4824 3759 4873 Ve-

2177 4878 2314 4927 teres
2353 4890 2562 4946 quoque
2587 4878 2704 4927 editi
2745 4878 3034 4946 aliarn‘hinc
3059 4878 3325 4946 epistolam
3369 4885 3631 4946 incipiunt,
3659 4885 3756 4934 alio

2177 4938 2400 5005 numero.
2425 4938 2733 5005 Martinus-us
2770 4941 2876 5005 haec
2896 4941 2946 4990 in
2968 4938 3120 5005 unum
3139 4944 3386 5005 cujusdam
3419 4938 3533 4994 Mss.
3573 4938 3758 4995 codicis

2179 5001 2464 5064 auctoritate
2485 5001 2751 5064 conjunxit,
2776 5003 2913 5062 cujus
2935 5001 3212 5063 consilium,
3230 5005 3396 5064 majori
3422 5013 3607 5056 tantum
3631 5007 3755 5056 divi-

2178 5061 2317 5109 sione
2355 5063 2568 5130 adposita
2588 5099 2601 5118 ,
2626 5074 2721 5130 non
2745 5061 3069 5130 improbamus
3086 5101 3098 5125 ,
3124 5061 3254 5127 quad
3277 5061 3377 5130 uno
3415 5075 3638 5130 tempore
3664 5070 3755 5116 etsi

2180 5133 2275 5190 non
2298 5134 2395 5169 uno
2417 5121 2590 5184 Spiritu
2611 5121 2789 5190 dictata
2810 5121 3096 5190 videantur,
3124 5121 3218 5174 n'ec
3251 5124 3381 5174 aliud
3418 5128 3482 5178 sit
3519 5121 3759 5190 posterior

2181 5181 2606 5251 bjec_pars,'quam
2642 5183 2791 5231 fusior
2817 5184 3093 5251 explanatio
3117 5199 3440 5251 eorumllquaa
3463 5181 3755 5251 in'superio-

2180 5243 2367 5306 ris__tlne
2401 5243 2638 5306 explicata
2669 5251 2798 5306 sunt.
2823 5243 2949 5292 Hinc
2971 5246 3074 5306 ipse
3100 5251 3245 5296 etiam
3265 5243 3405 5297 Hier.
3429 5252 3522 5299 sub
3545 5243 3683 5300 utiius
3709 5250 3760 5298 li-

2183 5302 2304 5351 belli
2346 5303 2541 5352 nomine
2579 5302 3005 5353 bunc'l‘ractatuni
3029 5307 3123 5355 cita
3161 5309 3210 5356 in
3234 5308 3504 5360 Comment.
3532 5312 3581 5359 in
3621 5325 3665 5360 c.
3709 5311 3759 5360 6.

2182 5363 2321 5412 Isaiae
2343 5363 2498 5430 initio,
2531 5379 2552 5408 α
2579 5363 2660 5412 ubi
2678 5364 2742 5412 de
2766 5365 2857 5414 hac
2879 5367 3083 5430 visione,
3107 5366 3292 5430 inquit,
3317 5378 3432 5419 ante
3453 5384 3606 5420 annos
3626 5373 3760 5423 circi-

2184 5431 2263 5494 ter
2308 5424 2502 5494 triginta
2543 5437 2864 5494 cumhessenr
2887 5424 3323 5494 Constantinopoli,
3353 5439 3404 5480 et
3437 5433 3560 5494 apud
3603 5430 3759 5494 virum

2187 5485 2636 5556 eloquentissimum
2660 5485 2952 5556 Gregorium
2975 5485 3323 5556 Nazianze'num
3336 5527 3349 5550 ,
3376 5498 3428 5540 tu
3436 5485 3523 5556 ne
3539 5493 3759 5556 ejusdem

2186 5545 2323 5594 urbis
2364 5545 2678 5610 EpiscOpum,
2705 5545 2984 5610 Sanctarum
3007 5545 3362 5610 Scripturarum
3400 5545 3760 5604 studiis'erudi-

2185 5607 2442 5676 rey,_‘scio_
2452 5620 2531 5676 me
2554 5609 2755 5676 brevem
2788 5607 3344 5676 dictassesubitumque
3368 5620 3642 5676 tractatum,
3663 5623 3758 5664 etc.

2187 5665 2413 5742 Adillu‘ui
2431 5669 2594 5742 itaque
2616 5667 2836 5740 libellum
2851 5665 3388 5742 mittti‘lectot'emg'etc.
3422 5691 3454 5742 ξ,
3574 5738 3587 5742 _
3612 5665 3640 5742 "
3709 5734 3736 5742 ,ο

2249 5727 2318 5786 le)
2351 5727 2456 5793 Non
2481 5727 2662 5793 tantum
2685 5731 2731 5779 in
2757 5733 2951 5780 excusis
2971 5731 3156 5781 Erasmi
3181 5739 3232 5793 et
3252 5727 3475 5793 Victorii,
3500 5738 3588 5786 sed
3607 5739 3655 5786 in
3679 5734 3760 5784 ali-

2193 5799 2312 5848 quot
2337 5791 2478 5838 etiam
2504 5791 2616 5840 Mss.
2642 5791 2907 5853 Symmachi
2931 5804 3107 5842 nomen
3133 5800 3183 5841 et
3207 5791 3351 5843 lectio
3373 5791 3729 5846 desiderantur.
