4136 6332
331 387 432 446 373

331 504 602 577 Siquidem
658 501 772 571 ipse
837 497 976 552 Deus
1026 493 1301 550 invisibilis
1361 499 1416 545 et
1473 483 1890 577 iucorruptibilis

329 575 576 654 omnibus
603 606 739 663 pene
783 589 974 658 linguis
1017 584 1284 655 profertur
1319 594 1517 653 genere
1556 575 1850 632 masculino
1881 614 1896 638 ,

327 705 444 745 cum
501 688 552 741 in
612 699 736 742 eum
795 697 899 736 non
959 679 1114 735 cadat
1149 681 1337 732 sexus.
1383 673 1600 728 Illorum
1644 682 1892 740 quoque,

327 784 442 854 pius
468 780 612 843 licet,
662 785 894 831 attamen
933 769 1302 843 coargueodus
1331 783 1515 826 error.
1549 763 1636 834 qui
1677 763 1900 854 inora-

327 852 560 927 tionibus
584 877 639 922 et
667 864 1027 921 oblationibus
1055 864 1165 917 suis
1191 859 1389 914 audent
1418 858 1595 912 dicere
1619 871 1634 908 ε
1662 852 1762 920 Qui
1808 866 1897 904 se-

325 965 413 1020 det
456 977 616 1030 super
659 959 947 1016 Cberubim
1009 965 1063 1012 et
1107 953 1409 1021 Seraphim.
1450 949 1581 1005 Nam
1629 955 1685 1002 et
1736 958 1899 1010 super

324 1054 607 1110 Cherubim
635 1050 820 1105 sedere
852 1050 1014 1103 Deum
1036 1089 1050 1112 ,
1087 1047 1340 1112 scriptum
1371 1051 1491 1102 est;
1537 1049 1594 1092 ut
1624 1037 1692 1090 ibi
1725 1053 1739 1090 :
1791 1033 1899 1101 Qui

324 1145 462 1198 sedes
490 1159 638 1211 super
680 1139 979 1203 Cherubim,
1013 1136 1272 1191 ostendere
1319 1134 1434 1204 (Ps.
1479 1130 1567 1185 79.
1611 1129 1692 1198 2).
1723 1126 1899 1194 Super

325 1235 602 1305 Seraphim
646 1249 776 1288 vero
804 1231 992 1286 sedere
1025 1231 1226 1290 Deum,
1261 1227 1400 1281 nulla
1431 1223 1701 1292 Scriptura
1735 1233 1899 1271 eom-

325 1334 621 1390 memorat,
649 1333 704 1378 et
729 1339 797 1377 ne
824 1323 936 1392 ipsa
963 1319 1176 1389 quidem
1205 1314 1483 1385 Seraphim
1505 1354 1518 1373 ,
1548 1314 1686 1367 circa
1731 1310 1895 1362 Dctnu

329 1418 552 1481 stantia,
580 1423 805 1483 excepto
851 1411 1100 1482 praisenti
1149 1410 1306 1473 loco,
1359 1402 1649 1474 Seripturis
1696 1399 1898 1454 sanctis

327 1508 570 1563 omnibus
597 1506 918 1560 invenimus.

394 1598 483 1652 18.
513 1597 856 1666 Septuaginta
882 1612 894 1648 :
930 1613 948 1646 ι
978 1595 1044 1649 Et
1067 1595 1117 1648 in
1143 1608 1302 1647 manu
1330 1587 1560 1643 habebat
1583 1584 1896 1650 carbonem,

321 1707 479 1761 quem
531 1690 728 1758 forcipe
791 1695 1071 1756 acceperat
1138 1685 1205 1740 de
1262 1684 1455 1748 altari,
1506 1689 1561 1734 et
1615 1677 1784 1746 tetigit
1837 1689 1898 1728 os

322 1796 522 1834 meum.
563 1799 581 1832 ι
618 1779 810 1848 Aquila
856 1787 911 1833 et
936 1776 1269 1832 Theodotion
1306 1792 1320 1829 :
1366 1792 1386 1826 ι
1419 1771 1552 1828 etin
1584 1784 1740 1823 manu
1781 1767 1900 1836 ejus

323 1870 557 1926 calculus
586 1871 638 1925 in
669 1871 891 1940 forcipe,
921 1885 1080 1940 quem
1109 1877 1390 1938 acceperat
1417 1865 1485 1920 de
1519 1863 1705 1926 altari,
1734 1871 1788 1916 et
1815 1871 1895 1915 te-

323 1961 439 2031 tigit
482 1976 543 2016 os
588 1976 786 2016 meum.
823 1980 842 2014 ι
889 1959 1284 2032 Symmachus:
1336 1975 1355 2009 ι
1391 1957 1459 2011 Ει
1504 1955 1554 2009 in
1587 1968 1744 2007 manu
1784 1951 1900 2020 ejus

323 2053 560 2108 calculus
584 2051 638 2106 in
664 2050 976 2121 forcipibus,
1005 2066 1160 2121 quem
1189 2055 1490 2116 sumpserat
1527 2045 1594 2099 de
1615 2044 1803 2109 altari,
1846 2051 1900 2096 et

323 2143 516 2200 detulit
540 2143 606 2197 ad
632 2159 692 2197 os
727 2159 926 2198 meum.
962 2161 982 2194 ›
1017 2143 1282 2210 Quantum
1313 2140 1376 2193 ad
1415 2137 1694 2192 historiam
1734 2135 1898 2204 perti-

323 2245 434 2303 net,
464 2234 675 2291 videtur
704 2235 847 2290 Deus
890 2234 1082 2290 sedere
1124 2235 1181 2287 in
1225 2230 1449 2298 Templo
1479 2227 1806 2288 Jerusalem,
1849 2234 1903 2278 et

324 2342 448 2389 ante
472 2349 595 2388 eum
621 2332 690 2387 de
716 2329 892 2394 altari,
924 2326 1214 2382 secundum
1241 2322 1584 2391 Septuaginta
1615 2318 1681 2372 ad
1713 2317 1900 2371 Isaiam

323 2423 486 2478 carbo
526 2421 727 2477 deferri
765 2438 777 2473 :
809 2419 875 2472 de
911 2417 1064 2471 altari
1092 2429 1221 2469 vero
1263 2411 1467 2467 incensi
1507 2410 1621 2464 sive
1651 2407 1906 2461 holocau-

323 2522 554 2568 storum.
584 2512 854 2579 Quantum
886 2517 1063 2562 autem
1087 2505 1153 2559 ad
1182 2504 1434 2575 mysticos
1461 2501 1783 2561 intellectus,
1813 2498 1903 2550 ille

320 2603 371 2659 ei
404 2603 544 2673 ignis
575 2600 836 2664 mittitur,
863 2613 1020 2668 quem
1050 2594 1312 2651 Jeremias
1341 2592 1481 2648 ferre
1514 2605 1618 2645 non
1649 2595 1858 2658 'potcrat
1888 2605 1900 2640 :

320 2693 452 2762 quin
483 2706 645 2761 quum
681 2690 874 2744 anima:
910 2695 1106 2742 nostra:
1135 2699 1330 2739 arcana
1357 2682 1670 2752 penetrarit,
1703 2682 1773 2732 ita
1807 2693 1904 2732 nos

324 2783 592 2846 dissolvit,
619 2783 693 2836 ita
720 2797 749 2835 a
780 2780 948 2835 veteri
979 2778 1196 2832 homine
1231 2777 1282 2830 in
1317 2789 1511 2829 novum
1536 2771 1814 2841 excoquit,
1849 2779 1906 2823 ut

327 2876 382 2930 in
412 2874 558 2928 illam
597 2885 784 2926 vocem
815 2870 1084 2939 possimus
1111 2880 1394 2937 erumpere
1423 2883 1436 2918 :
1489 2883 1507 2917 ι
1545 2864 1680 2917 Vivo
1727 2870 1904 2916 autem

324 2964 433 3034 jam
460 2980 564 3018 non
591 2977 712 3032 ego,
745 2960 837 3016 sed
860 2960 1026 3030 gratia
1054 2959 1145 3015 Dei
1166 2973 1294 3029 quae
1336 2957 1387 3011 in
1418 2970 1504 3010 me
1529 2964 1611 3009 est
1643 2973 1662 3007 ι
1709 2952 1900 3024 (Colat.

329 3057 384 3112 2.
407 3055 523 3123 20).
555 3054 810 3123 Forcipes
833 3066 1042 3122 quoque
1095 3049 1388 3106 secundum
1430 3047 1756 3116 luterprctes
1802 3060 1907 3100 cm-

333 3154 474 3200 teros
493 3143 617 3199 licet
645 3143 698 3197 iu
727 3141 1042 3196 sacerdotali
1081 3154 1296 3210 semper
1323 3137 1656 3208 supellectile
1683 3135 1902 3199 fuerint,

335 3235 569 3308 diversas
593 3233 792 3304 gratias
809 3231 1067 3287 debemus
1086 3232 1352 3300 accipere,
1376 3228 1569 3299 quibus
1596 3225 1905 3290 multifario,

336 3335 390 3381 et
411 3325 591 3380 multis
637 3321 810 3379 modis
835 3322 962 3376 olim
995 3323 1132 3377 Deus
1162 3321 1402 3392 patribus
1452 3319 1651 3374 nostris
1703 3317 1909 3372 locutus

337 3427 417 3473 est
443 3419 494 3472 in
524 3415 827 3486 Prophetis.
858 3416 991 3483 Quia
1015 3414 1066 3469 in
1093 3414 1318 3469 Hebraeo
1343 3427 1440 3482 pro
1468 3411 1703 3476 carbone,
1736 3409 1908 3464 calcu-

338 3511 416 3566 lus
439 3510 650 3581 legitur,
686 3509 895 3564 caeteris
919 3523 1132 3578 quoque
1156 3523 1318 3577 super
1347 3506 1450 3562 hoc
1469 3503 1906 3566 consonantibus,

338 3599 542 3654 videtur
571 3597 703 3653 mibi
741 3612 920 3654 sermo
962 3597 1174 3652 divinus
1213 3597 1401 3651 calculi
1447 3595 1806 3666 appellatione
1833 3594 1909 3648 si-

339 3689 506 3760 gnari.
580 3689 686 3760 ει
761 3688 910 3744 Sicut
937 3689 1078 3743 enim
1120 3688 1356 3742 calculus
1394 3703 1563 3756 genus
1597 3696 1680 3741 est
1719 3685 1911 3753 lapidis

341 3778 605 3836 durissimi
631 3790 685 3836 et
711 3779 924 3835 rotundi
948 3820 964 3844 ,
999 3788 1055 3833 et
1080 3779 1223 3832 omni
1251 3778 1326 3848 (a)
1359 3778 1589 3846 puritate
1612 3777 1907 3842 lrcvissimi,

341 3869 411 3926 ita
428 3886 604 3928 sermo
623 3871 738 3935 Dei,
756 3872 845 3942 qui
865 3885 1036 3939 neque
1055 3869 1448 3932 haaretieorum,
1474 3884 1646 3938 neque
1673 3869 1910 3922 omnium

343 3960 761 4018 adversariorum
789 3969 966 4032 potest
989 3960 1506 4016 contradictionibus
1543 3960 1756 4025 cedere,
1799 3959 1914 4015 cal-

343 4052 492 4108 culus
516 4052 728 4108 dicitur.‘
760 4052 836 4106 De
867 4051 968 4106 hoc
989 4052 1193 4107 calculo
1215 4051 1455 4121 Sephora
1483 4049 1645 4104 tilium
1678 4051 1914 4105 circum-

345 4143 470 4199 cidit
497 4162 510 4198 :
555 4153 608 4198 et
635 4142 791 4200 Jesus
819 4144 1070 4214 populum
1109 4152 1297 4214 purgat
1325 4158 1354 4196 a
1382 4142 1527 4197 vitiis
1559 4160 1572 4197 :
1603 4151 1657 4197 ct
1682 4142 1735 4196 in
1770 4143 1917 4212 Apo-

347 4234 542 4306 calypsi
567 4236 825 4291 Dominus
866 4236 1146 4305 pollicetur
1173 4236 1528 4302 vincentibus,
1560 4244 1617 4290 ut
1653 4235 1917 4304 accipiant

347 4326 602 4383 calculum
631 4336 687 4384 et
713 4328 977 4384 scribatur
1016 4344 1179 4398 super
1202 4344 1324 4384 eum
1350 4343 1545 4384 nomen
1572 4343 1788 4382 novum.
1822 4326 1916 4381 Vi-

347 4416 536 4474 dentur
563 4427 740 4475 autem
762 4419 894 4474 mihi
916 4428 971 4474 et
995 4420 1335 4491 Septuaginta
1367 4421 1419 4475 iu
1448 4435 1514 4475 eo
1539 4419 1680 4490 quod
1709 4426 1920 4490 ἄνθρακα

349 4510 764 4577 transtulerunt,
806 4511 946 4566 idem
997 4514 1232 4567 sensisse
1283 4512 1426 4582 quod
1482 4511 1680 4566 eteteri.
1731 4498 1920 4582 ἔνθραξ

351 4601 560 4672 quippe,
591 4619 748 4672 quem
774 4618 875 4677 nos
900 4604 1263 4658 carbunculum
1291 4603 1722 4672 interpretamur,
1750 4619 1918 4673 genus

351 4703 430 4749 est
455 4695 642 4766 lapidis
673 4695 856 4766 fulgidi
885 4704 1045 4766 atque
1065 4695 1302 4761 nitentis,
1326 4711 1484 4765 quem
1513 4697 1671 4752 etiam
1701 4696 1754 4750 in
1784 4697 1924 4751 duo-

350 4781 520 4840 decim
549 4785 812 4855 lapidibus
834 4785 1152 4841 invenimus.
1176 4785 1302 4840 Sive
1325 4786 1484 4857 igitur
1505 4787 1781 4852 calculum,
1809 4787 1923 4842 sire

351 4875 706 4930 carbunculum
748 4875 977 4945 lapidem
1021 4877 1352 4946 accipimus,
1402 4878 1456 4933 in
1505 4878 1713 4933 calculo
1757 4877 1922 4932 divini

352 4967 610 5022 sermonis
638 4967 830 5024 veritas
855 4978 908 5023 ct
951 4970 1128 5039 rigor;
1158 4970 1210 5023 in
1241 4968 1568 5025 carbunculo
1611 4971 1796 5025 lucens
1822 4969 1923 5024 do-

351 5056 517 5112 ctrina
546 5067 601 5112 ct
629 5057 910 5113 manifesta
939 5068 1290 5114 monstratur.
1337 5079 1356 5111 ι
1392 5059 1614 5130 Eloquia
1645 5062 1786 5116 enim
1819 5062 1924 5115 Do-

351 5147 500 5211 mini,
528 5149 736 5219 eloquia
760 5157 903 5202 casta
925 5190 939 5212 ,
967 5159 1243 5220 argentum
1273 5151 1392 5220 igne
1423 5151 1698 5221 probatum
1732 5161 1886 5206 terrae
1907 5192 1922 5217 ,

353 5250 629 5311 purgatum
657 5241 961 5312 septuplum
999 5262 1017 5295 ι
1060 5242 1176 5314 (Ps.
1219 5245 1307 5299 Η.
1337 5244 1412 5314 '7).
1443 5246 1508 5300 Et
1533 5245 1653 5300 alibi
1679 5264 1693 5300 :
1725 5263 1744 5297 ι
1779 5245 1926 5300 Man-

352 5327 528 5385 datum
558 5333 764 5386 Domini
807 5333 1064 5399 lucidum,
1097 5333 1400 5390 illuminans
1421 5336 1604 5391 oculos
1641 5357 1658 5388 ι
1689 5335 1804 5403 (Ps.
1838 5336 1924 5390 18.

353 5418 483 5490 19).
514 5421 667 5489 Quod
715 5430 892 5476 autem
940 5425 1015 5477 ait
1047 5441 1060 5477 :
1095 5422 1160 5478 In
1199 5442 1352 5479 manu
1393 5427 1602 5480 habebat
1637 5427 1924 5492 carbonem,

513 5609 747 5686 blepdose
761 5645 776 5669 ,
810 5612 1039 5686 sedunon
1059 5614 1616 5686 typothetarumjueuria
1639 5621 1811 5680 legunt
1835 5623 1928 5672 hu-

355 5677 534 5739 cusque
545 5671 665 5743 editi
687 5674 874 5744 absque
890 5671 1188 5746 diphthongo
1203 5675 1443 5736 levissimi,
1468 5695 1576 5729 eum
1601 5671 1924 5747 perspicuum,

352 5737 407 5775 ac
428 5727 673 5784 limpidum
699 5733 956 5784 significari
977 5735 1166 5784 debere
1191 5743 1382 5784 constet
1408 5753 1418 5784 :
1443 5741 1598 5784 (ιι-ευρ.
1624 5756 1716 5784 Ἄρτι.
1741 5745 1912 5784 ηιηηιι.

508 5738 673 5816 pidum
699 5738 956 5794 signiﬁcari
977 5738 1166 5788 debere
1191 5743 1382 5788 constet
1408 5753 1418 5788 :
1443 5738 1928 5808 (ἓτωςξλιτηξῃιαηδιεζ

351 5787 537 5848 politus.

1694 338 2019 423 EPISTOLA
2061 354 2243 414 xvut.

3479 356 3584 414 δ’ῐὸ

2011 491 2260 533 manuum
2305 473 2660 545 intelligamus
2686 474 3048 542 operationem
3071 517 3086 542 ,
3117 482 3176 529 ut
3218 471 3311 541 ibi,
3342 473 3406 528 In
3433 491 3585 529 manu

2009 569 2195 638 lingat?
2239 583 2375 620 mors
2396 606 2410 630 ,
2457 576 2506 620 et
2549 566 2650 619 vita
2677 564 2858 635 (Prov.
2889 565 2976 620 18.
3005 565 3130 633 21);
3157 574 3211 621 et
3239 565 3292 620 in
3317 565 3532 621 Psalmo
3566 582 3580 620 :

2009 659 2198 714 Cadent
2227 660 2279 712 in
2317 674 2469 712 manu
2498 657 2658 728 gladii
2704 657 2818 728 (Ps.
2853 657 3083 724 62.11);
3117 661 3220 712 Aut
3267 667 3409 714 certe
3457 674 3584 713 vere

2009 767 2197 806 manus
2213 752 2472 821 apparuit,
2493 760 2548 804 ιιι
2569 766 2662 820 per
2682 750 3074 804 similitudinem
3103 749 3344 805 humanm
3372 749 3582 817 formm,

2007 843 2132 898 dttm
2174 859 2359 898 manus
2387 844 2622 897 cernitur
2661 842 3011 912 porrigentis,
3064 842 3326 911 Propheta
3362 859 3464 896 non
3510 845 3581 896 ti-

2009 944 2150 990 meat
2175 953 2188 988 :
2212 935 2361 1001 juxta
2393 935 2530 1004 quod
2561 942 2614 989 et
2640 935 2809 1002 ipsum
2851 934 3038 999 Deum,
3067 943 3121 986 et
3148 933 3376 1002 Augelws
3405 935 3456 987 in
3485 934 3584 987 htt-

2009 1038 2192 1077 manas
2222 1024 2448 1077 vidimus
2471 1039 2529 1077 se
2551 1031 2783 1077 mutasse
2813 1021 3032 1088 formas,
3065 1031 3120 1075 ut
3148 1033 3322 1076 metus
3353 1022 3582 1076 videnti-

2009 1115 2105 1168 bus
2133 1114 2453 1168 demeretur.
2527 1125 2532 1129 '
2682 1125 2685 1128 '

2079 1205 2166 1260 i9.
2209 1205 2550 1274 Septuaginta
2584 1223 2597 1259 :
2630 1204 2691 1258 Et
2732 1204 2896 1269 dixit,
2942 1220 3072 1257 ecce
3099 1204 3255 1274 tetigit
3294 1203 3388 1256 hoc
3436 1203 3573 1257 labia

2010 1309 2116 1362 tua,
2157 1307 2201 1351 et
2227 1302 2420 1366 auferet
2447 1298 2734 1366 iniquitates
2765 1305 2898 1360 (itas,
2929 1305 2976 1349 et
3008 1305 3212 1363 peccata
3240 1307 3324 1348 tua
3354 1296 3427 1365 (b)
3455 1313 3585 1364 pur-

2007 1390 2161 1460 gabil.
2206 1389 2432 1458 Aquila:
2464 1388 2594 1442 Ecce
2643 1389 2802 1457 tetigit
2850 1389 2930 1442 hic
2980 1389 3113 1441 labia
3163 1396 3271 1451 tua,
3296 1397 3343 1441 et
3388 1389 3581 1442 recedet

2008 1480 2245 1546 iniquitas
2289 1490 2396 1544 tua,
2429 1489 2478 1533 et
2517 1489 2774 1549 peccatum
2805 1490 2946 1532 tuum
2975 1480 3347 1549 propitiabilur.
3391 1479 3585 1534 Czrteri

2008 1569 2333 1637 Interpretes
2382 1569 2433 1623 in
2485 1569 2691 1638 Aquila:
2731 1571 2894 1623 verba
2940 1572 3300 1626 consentiunt.
3347 1571 3581 1626 Primum

2008 1674 2226 1714 necesse
2252 1667 2352 1723 est,
2383 1668 2438 1712 ut
2477 1660 2610 1712 labia
2652 1669 2826 1712 nostra
2859 1669 3137 1728 tangantur
3169 1679 3182 1714 :
3217 1661 3414 1714 Deinde
3465 1678 3584 1716 cum

2009 1757 2146 1804 tacta
2203 1748 2419 1813 fuerint,
2469 1747 2682 1816 fugetur
2738 1749 3018 1818 iniquitas;
3070 1761 3124 1804 et
3165 1767 3285 1805 cum
3333 1753 3583 1821 iniquitas

2007 1839 2167 1894 fuerit
2223 1839 2490 1907 cﬂ'ugata,
2546 1840 2864 1909 propitictur
2917 1841 3170 1893 Dominus
3213 1859 3226 1895 :
3270 1841 3388 1912 quia
3443 1844 3582 1909 apud

2010 1932 2179 2000 ipsum
2205 1942 2285 1984 est
2315 1931 2617 1999 propitiatio
2644 1949 2656 1984 :
2693 1939 2745 1985 et
2775 1931 3066 1986 scentulum
3093 1933 3400 2000 Apnslultltn
3432 1934 3490 1986 :I
3500 1951 3586 2002 pse

2008 2031 2080 2076 est
2130 2022 2418 2090 propitiatio
2471 2038 2563 2090 pro
2607 2024 2825 2091 peccatis
2871 2024 3069 2077 nostris.
3119 2023 3360 2093 Purgatis
3406 2035 3583 2080 autem

2010 2113 2238 2182 peccatis
2284 2113 2519 2175 nostris,
2576 2111 2853 2165 audiemus
2900 2128 3084 2168 vocem
3133 2115 3340 2168 Domini
3397 2117 3584 2172 diceti-

2011 2204 2119 2256 tis:
2157 2203 2317 2268 Quem
2365 2203 2603 2255 mittam?
2650 2203 2717 2257 Et
2758 2205 3198 2274 respondebimus
3232 2224 3244 2260 :
3275 2205 3408 2262 Ecce
3452 2225 3542 2280 ego
3567 2250 3582 2276 ,

2011 2294 2146 2346 mitte
2171 2309 2279 2370 mea

2080 2383 2169 2438 20.
2210 2383 2552 2454 Septuaginta
2599 2381 2711 2438 :Et
2767 2385 2938 2439 audivi
2987 2403 3154 2441 vocem
3196 2387 3406 2442 Domini
3475 2391 3582 2463 62

2011 2472 2242 2532 dicentis,
2263 2490 2408 2542 quem
2447 2473 2662 2537 mittam,
2696 2483 2743 2527 et
2769 2476 2879 2544 quis
2901 2475 2990 2528 ibit
3028 2476 3096 2528 ad
3129 2478 3369 2546 populum
3400 2479 3588 2534 istum?

2012 2563 2554 2631 Aquila,Theodotiun
2573 2573 2625 2616 et
2639 2565 2988 2635 Symmachus
3005 2585 3016 2620 :
3034 2565 3098 2619 Et
3115 2568 3285 2620 audivi
3298 2585 3463 2622 vocem
3483 2569 3588 2625 Do-

2013 2653 2136 2706 mini
2155 2653 2364 2707 dicentis
2385 2669 2562 2721 :quem
2585 2656 2780 2706 mittam
2796 2655 2820 2708 ?
2836 2664 2882 2708 et
2897 2657 3011 2725 quis
3029 2657 3117 2710 ibit
3142 2659 3283 2711 nobis
3299 2659 3322 2708 ν
3343 2659 3415 2712 De
3434 2675 3586 2713 com-

2014 2745 2286 2813 paratione
2313 2745 2459 2798 Isaiae
2486 2754 2537 2798 et
2567 2745 2751 2816 Moysi,
2779 2747 3047 2814 quomodo
3069 2750 3206 2802 alius
3234 2750 3586 2807 ministerium

2013 2836 2293 2900 recusarit,
2323 2836 2461 2890 alius
2496 2826 2638 2890 ultro
2666 2851 2725 2890 se
2755 2836 2987 2892 offerens
3014 2837 3143 2893 dura
3177 2855 3458 2908 perpessus
3497 2841 3586 2909 sit,

2014 2924 2066 2978 in
2098 2924 2176 2998 (l)
2203 2926 2310 2980 alio
2348 2927 2468 2980 loco
2494 2926 2566 2996 (c)
2596 2927 3005 2996 disputavimus.
3057 2930 3162 2984 Sed
3209 2948 3275 2986 ne
3313 2933 3590 2989 videamur

2013 3015 2209 3086 aliquid
2244 3020 2542 3086 prmterissc
2560 3034 2764 3084 earum,
2791 3035 2925 3090 quas
2954 3019 3122 3075 Judaei
3151 3033 3343 3078 vocant
3371 3030 3590 3096 δευτιρώ-

2014 3132 2109 3173 σις,
2141 3117 2195 3160 et
2235 3107 2287 3161 in
2316 3109 2508 3177 quibus
2550 3111 2849 3166 universam
2892 3113 3167 3168 scientiam
3199 3126 3420 3185 ponunt,
3451 3135 3594 3174 nunc

2019 3195 2255 3252 breviter
2291 3199 2422 3254 illud
2466 3202 2772 3271 attingimus
2808 3201 2902 3275 [aL
2948 3205 3298 3280 attingamus],
3331 3225 3496 3278 quare
3538 3211 3592 3264 in

2015 3289 2242 3345 Hebrazo
2280 3293 2350 3344 sit
2377 3293 2628 3362 positum,
2662 3305 2708 3348 et
2735 3297 2846 3364 quis
2877 3297 2965 3350 ibit
2995 3299 3136 3352 nobis
3156 3300 3180 3353 ?
3199 3301 3345 3355 Sicut
3373 3304 3512 3357 enim
3540 3305 3592 3358 in

2017 3379 2211 3436 Genesi
2249 3381 2484 3437 dicitur:
2517 3383 2794 3442 Faciamus
2842 3387 3095 3442 hominem
3135 3391 3204 3443 ad
3241 3393 3507 3463 imaginem
3548 3404 3595 3449 et

2016 3470 2398 3525 similitudinem
2427 3475 2874 3544 nostram(Genes.
2908 3479 2958 3535 l.
2983 3478 3107 3549 26);
3151 3481 3222 3535 ita
3261 3491 3315 3536 et
3352 3483 3436 3537 hic
3466 3493 3595 3553 puto

2019 3559 2238 3626 dictum,
2266 3570 2313 3614 et
2349 3562 2461 3631 quis
2497 3564 2586 3617 ibit
2622 3566 2801 3618 nobis?
2837 3566 3001 3622 Nobis
3042 3581 3219 3623 autem
3251 3574 3441 3640 quibus
3480 3575 3598 3629 aliis

2019 3650 2388 3704 aestimandum
2409 3661 2511 3718 est,
2542 3655 2642 3707 nisi
2668 3655 2808 3708 Patri
2831 3666 2884 3710 et
2905 3657 3040 3711 Filio
3062 3669 3116 3713 et
3137 3659 3356 3730 Spiritui
3376 3662 3593 3732 Sancto,

2020 3740 2212 3810 quibus
2251 3740 2394 3794 vadit
2443 3745 2763 3814 quicumque
2810 3762 2996 3801 eorum
3052 3750 3362 3821 obsequitur
3411 3754 3602 3809 Vttitm-

2023 3832 2154 3886 tati?
2183 3833 2248 3886 Et
2276 3833 2326 3887 in
2372 3849 2438 3888 eo
2466 3835 2680 3903 quidem
2719 3839 2858 3907 quod
2889 3841 3044 3894 unius
3070 3841 3334 3910 loquentis
3373 3859 3600 3912 persona

2022 3924 2362 3992 proponitur,
2392 3925 2687 3981 divinitatis
2732 3938 2815 3984 est
2857 3930 3051 3983 unitas.
3088 3929 3141 3984 lu
3192 3947 3259 3987 eo
3285 3948 3414 3988 vero
3455 3937 3600 4003 quod

2022 4013 2238 4080 dicitur,
2277 4016 2442 4082 nobis,
2472 4032 2824 4086 personarum
2866 4021 3147 4077 diversitas
3179 4023 3463 4080 indicatur.
3491 4025 3604 4082 Lc-

2022 4105 2194 4175 gimus
2221 4105 2274 4159 in
2304 4106 2538 4162 Canticis
2565 4108 2904 4165 Canticorum
2934 4126 3120 4168 vocem
3164 4116 3343 4184 sponsi
3374 4115 3619 4174 dicentis

2024 4194 2092 4250 ad
2117 4209 2368 4265 sponsam
2400 4213 2414 4250 :
2444 4198 2631 4268 Surge,
2664 4201 2792 4266 veni,
2820 4204 3051 4272 proxima
3079 4222 3207 4273 mea,
3237 4209 3464 4277 speciosa
3493 4227 3604 4265 mea

2025 4283 2119 4357 [aL
2149 4285 2382 4359 sponsa],
2427 4289 2660 4345 columba
2688 4308 2800 4347 mea
2829 4309 2847 4347 :
2877 4295 2996 4366 quia
3040 4313 3150 4351 ecce
3180 4297 3353 4369 ltyems
3382 4302 3599 4368 transiit,

2026 4378 2197 4448 pluvia
2234 4379 2357 4432 abiit
2382 4380 2475 4434 sibi
2502 4381 2671 4452 (Cant.
2700 4383 2754 4440 5.
2781 4385 2860 4456 2).
2909 4387 3131 4454 Quando
3165 4392 3305 4444 enim
3347 4392 3522 4445 anima
3552 4394 3602 4446 iu

2025 4471 2346 4540 cogitatione
2376 4471 2458 4544 (d)
2501 4477 2936 4545 tranquillitatem
2984 4480 3167 4547 sentit,
3202 4481 3415 4550 quando
3446 4498 3606 4552 supra

2027 4571 2230 4633 petram
2259 4563 2475 4619 fundata
2511 4574 2614 4632 est,
2644 4575 2700 4622 et
2723 4567 2856 4623 fides
2886 4569 3001 4638 ejus
3028 4571 3132 4625 alta
3162 4573 3340 4628 radice
3372 4575 3471 4629 fixa
3498 4585 3601 4644 est,

2029 4653 2268 4708 universi
2298 4656 2647 4710 tentationem
2678 4657 2868 4712 fluctus
2894 4658 2994 4714 sibi
3022 4670 3394 4730 pertranseunt
3429 4682 3442 4718 :
3474 4676 3528 4721 et
3554 4669 3601 4722 ei

2029 4757 2139 4796 non
2190 4753 2586 4812 pertranseunt,
2632 4747 2720 4815 qui
2773 4757 3023 4803 tentatur.
3071 4751 3370 4809 Notandum
3423 4764 3600 4812 autem

2029 4835 2296 4905 quomodo
2324 4836 2389 4890 ad
2418 4837 2467 4890 id
2495 4839 2635 4907 quod
2666 4841 2920 4897 Dominus
2947 4843 3174 4910 dixerat,
3213 4863 3355 4914 quem
3387 4850 3601 4916 mittam,

2101 4950 2162 5019 (b)
2179 4954 2236 5027 _l_u
2258 4956 2450 5027 instanti
2471 4956 2593 5020 legit
2610 4958 2702 5008 hoc
2723 4959 2827 5027 loco
2846 4960 3186 5027 Cisterciensis
3208 4964 3334 5014 liber
3345 4979 3452 5015 cum
3471 4976 3613 5017 vetu-

2030 5025 2108 5092 sta
2129 5017 2248 5092 edit.
2273 5018 2449 5092 aufert,
2477 5017 2744 5086 et'purgat.
2769 5021 2926 5086 Supra
2946 5023 3064 5073 alios
3087 5029 3136 5073 iu
3159 5031 3411 5088 praeterito
3430 5027 3610 5092 legisse

2032 5079 2478 5129 animadvertimus.

2063 5136 2164 5216 ‘(cl
2184 5139 2540 5216 Preposterum
2558 5143 2868 5216 Martianaeus
2890 5146 3032 5196 simul
3045 5147 3212 5216 locum
3235 5149 3364 5216 hunc
3379 5152 3443 5201 de
3466 5165 3615 5216 supe-

2032 5209 2149 5274 riori
2185 5209 2493 5274 expositione
2517 5209 2885 5274 interpretatur,
2925 5218 2977 5274 et
3014 5210 3156 5258 simul
3195 5210 3318 5273 legit
3341 5227 3448 5260 cum
3474 5209 3617 5263 antea

2035 5262 2178 5334 editis
2193 5262 2558 5335 disputabimus,
2577 5262 2666 5335 nisi
2685 5270 2724 5335 si
2740 5262 3073 5335 alterambanc
3085 5262 3290 5333 partem,
3308 5288 3451 5335 quam
3472 5262 3616 5322 etiam

2033 5325 2141 5397 ipse
2163 5325 2500 5397 secundo'lqeo
2523 5329 2762 5397 exhibuit,
2791 5340 2904 5397 ante
2929 5332 3057 5380 illam
3215 5325 3366 5394 primo
3389 5336 3502 5397 loco,
3520 5343 3615 5397 est,

2033 5387 2260 5459 scriptam
2275 5387 2645 5459 credidit,_quod
2670 5393 2791 5439 ratio
2805 5392 2934 5440 nulla
2955 5387 3184 5459 suspicari
3204 5387 3456 5459 permittit.
3480 5387 3617 5442 Adeo

2033 5444 2195 5520 palam
2216 5454 2318 5520 est,
2352 5448 2454 5520 legi
2486 5444 2679 5520 debere
2703 5459 2757 5520 ut
2790 5465 2876 5501 nos
2899 5444 3214 5520 emendamus'
3239 5468 3299 5520 eg;
3326 5457 3480 5503 tribus
3503 5468 3617 5520 mss.

2036 5514 2309 5580 etvetusta
2347 5511 2465 5580 edit.
2506 5511 2891 5580 disputavimus._
2905 5515 3017 5580 Mox
3049 5521 3211 5580 autem
3246 5515 3445 5564 Cistere.
3482 5534 3504 5561 α
3535 5515 3621 5580 ali_-

2033 5568 2484 5678 0(Sn‘aeteriisse
2523 5568 2692 5622 eorum
2715 5588 2825 5637 quas
2865 5577 3020 5626 Judaei
3054 5576 3293 5625 deuteron
3329 5584 3501 5625 vocant
3538 5575 3614 5624 vel

2212 5645 2268 5678 IS.

2070 5642 2129 5678 eu
2137 5642 2268 5680 lOSIS.

2103 5690 2171 5756 (d)
2188 5692 2320 5761 Idem
2348 5693 2559 5761 Cts_tere._
2581 5696 2965 5761 «tranquillitate
2987 5696 3226 5758 concedit,
3251 5697 3459 5761 quando,
3487 5704 3611 5748 etes

2037 5752 2167 5818 Mor
2183 5756 2429 5818 «Atiniversi
2455 5752 2798 5818 cogitationum
2822 5759 3012 5806 fluetus.
3037 5773 3059 5801 ι)

2108 5816 2170 5879 (l)
2203 5815 2254 5864 ln
2279 5815 2861 5880 superiori'eXpositione.
