4136 6332
529 337 637 395 375

527 461 575 506 et
619 451 730 521 quis
777 437 865 503 ibit
907 447 1072 514 nobis,
1113 445 1379 516 Prouheta
1421 460 1489 503 ex
1533 455 1684 518 parte
1720 445 2052 518 responderit
2085 465 2100 502 :

525 541 660 597 Ecce
694 556 805 612 ego,
838 539 978 594 mitte
1015 555 1115 605 me,
1159 547 1215 595 et
1237 539 1306 595 de
1352 539 1596 611 sequenti
1627 539 1871 604 tacuerit,
1906 539 2104 594 intelli-

522 647 654 704 gens
691 633 892 688 nullum
924 633 1195 688 hominem
1223 632 1440 704 dignum
1470 648 1613 698 esse,
1660 632 1750 702 qui
1777 632 1887 686 Deo
1918 646 2105 701 perge-

523 733 629 789 ret,
670 732 722 778 et
763 737 924 779 omne
947 723 1051 778 iter
1072 737 1228 778 suum
1259 723 1376 794 ejus
1403 723 1602 779 laceret
1627 737 1770 788 esse,
1801 721 1894 792 qui
1921 723 2103 776 mitte-

519 824 624 871 ret.
653 813 822 882 Quam
854 813 1206 870 humilitatem
1250 815 1505 870 Dominus
1533 813 1822 869 advertens
1847 813 1926 884 (a)
1962 811 2102 883 quod

522 919 580 963 se
619 904 870 960 secundis
901 913 1112 975 putaret
1154 905 1452 977 indignum,
1492 904 1774 976 imperavit
1801 903 2102 975 sequentia,

518 997 704 1053 dicens
738 1014 753 1052 :
789 994 948 1051 Vade.

571 1087 678 1142 2|.
721 1087 1066 1158 Septuaginta
1101 1085 1212 1143 :Et
1253 1085 1383 1142 dixit
1415 1101 1436 1140 :
1465 1085 1596 1140 Ecce
1649 1103 1740 1157 ego
1781 1103 1914 1152 sum,
1963 1086 2107 1141 mitte

517 1197 616 1235 me.
661 1181 853 1250 Aquila
903 1190 959 1235 et
1000 1179 1374 1236 Tlteodotion:
1408 1178 1540 1235 Ecce
1575 1179 1776 1243 adsunt,
1819 1179 1960 1232 mitte
2002 1194 2101 1234 me.

516 1269 872 1341 Symmachus
906 1287 919 1322 :
954 1267 1106 1332 Ecce,
1139 1271 1278 1323 mitte
1305 1287 1400 1324 me.
1428 1270 1572 1326 Deus
1592 1270 1681 1338 qui
1712 1277 1866 1323 vocat
1893 1284 1954 1323 ea
1984 1284 2104 1337 qua:

520 1376 626 1415 non
657 1370 803 1427 sunt,
832 1362 982 1431 quasi
1011 1363 1137 1424 sint,
1164 1375 1215 1416 et
1245 1362 1334 1429 qui
1355 1359 1488 1414 dixit
1523 1379 1536 1414 :
1572 1359 1680 1431 Ego
1705 1376 1819 1413 sum
1839 1361 1926 1430 qui
1954 1375 2104 1423 sum;

521 1465 576 1508 et
602 1453 726 1507 alibi
755 1471 770 1508 :
805 1453 905 1520 Qui
928 1463 1020 1519 est,
1053 1453 1187 1507 misit
1216 1471 1294 1506 me
1318 1453 1336 1521 (
1370 1452 1539 1506 Exod.
1563 1453 1617 1506 5.
1651 1453 1718 1506 Η
1745 1452 1784 1518 ),
1813 1466 2102 1519 quoscum-

523 1557 629 1613 que
653 1545 943 1610 vocaverit,
967 1545 1145 1598 statim
1171 1541 1296 1598 facit
1320 1543 1644 1598 subsistere:
1670 1541 1811 1611 quod
1839 1543 1968 1595 satis
1992 1541 2105 1596 cla-

421 1705 426 1712 ’
523 1644 607 1688 ret
636 1635 898 1704 exemplis
926 1635 978 1688 in
1004 1636 1216 1690 vivente
1287 1635 1396 1705 63
1469 1633 1720 1688 Matthteo
1742 1632 2101 1702 Evangelista,

520 1737 576 1780 et
597 1727 646 1779 in
677 1725 880 1780 Lazaro
903 1726 1260 1796 quatriduano
1279 1726 1390 1795 jam
1418 1734 1631 1779 mortuo
1663 1743 1676 1778 :
1706 1724 1794 1791 qui
1832 1723 2016 1778 statim
2047 1731 2105 1777 ut

519 1825 646 1869 sunt
663 1816 834 1869 vocati
861 1829 890 1868 a
923 1815 1168 1881 Domino,
1191 1827 1245 1870 et
1263 1815 1352 1871 ille
1377 1816 1684 1886 sepulcrum
1715 1814 1952 1868 avaritia:
1979 1811 2105 1868 reli-

579 1924 651 1986 (a)
673 1923 830 1974 Vetus
855 1925 971 1976 edit.
997 1924 1125 1989 quod
1145 1939 1198 1977 se
1216 1926 1450 1988 sequendi
1471 1932 1679 1990 putaret,
1705 1931 1804 1975 etc.

1838 330 2082 387 SANCTI
2124 331 2493 391 HIERONYIII

1303 2033 3676 2060 Μ

3692 319 3804 400 370'

2213 450 2349 519 quit,
2371 457 2426 504 et
2447 449 2550 506 iste
2574 464 2684 506 sua:
2708 450 2896 506 mortis
2923 448 3186 522 (Humi.
3205 450 3334 506 an.
3355 451 3411 508 5.
3431 461 3480 508 et
3500 450 3660 510 Joan.
3680 457 3793 526 tt).

2211 539 2456 608 QUONIAI
2481 555 2643 596 mnus
2673 556 2792 610 quae
2816 540 3016 613 absque
3040 555 3109 598 eo
3147 548 3296 606 sunt,
3327 556 3434 597 non
3461 553 3609 598 sunt.
3642 544 3794 602 Unde

2212 631 2478 701 Propheta
2528 640 2778 701 purgatus
2829 647 2857 685 a
2890 632 3033 688 vitiis
3076 647 3238 687 ausus
3279 641 3362 688 est
3401 632 3584 690 dicere
3614 652 3628 687 :
3653 633 3791 690 Ecce

2211 737 2304 792 ego
2332 737 2444 775 sum
2474 736 2496 777 .°
2522 720 2646 776 licet
2667 721 2719 775 in
2745 721 2947 776 Latinis
2973 721 3248 778 codicibus
3274 732 3491 792 prepter
3520 724 3791 795 Interpre-

2213 823 2326 869 tum
2375 815 2708 881 varietatem,
2762 831 2896 881 sum,
2938 829 3045 870 non
3084 815 3155 870 sit
3200 817 3523 886 appositum.
3564 817 3791 886 Quidam

2213 905 2610 961 observandum
2651 914 2862 976 putant,
2909 905 2974 960 ad
3002 920 3138 975 quos
3164 905 3462 978 Prophetas
3506 908 3792 974 mittentis,

2211 1005 2303 1049 aut
2327 995 2474 1050 missi
2519 1010 2698 1051 sermo
2723 995 2951 1064 dicatur,
2984 995 3126 1066 quod
3154 1005 3237 1051 est
3264 995 3450 1052 Graece
3493 997 3794 1067 Apostolus.

2210 1084 2322 1158 64
2393 1087 2458 1142 Et
2480 1087 2618 1143 hanc
2637 1103 2756 1142 esse
2772 1086 3128 1142 dill‘erentiam
3152 1087 3370 1142 volunt:
3391 1097 3451 1142 ut
3476 1090 3798 1160 quicumque

2214 1161 2514 1244 mittantur,
2557 1187 2612 1233 et
2637 1178 2921 1248 Propheta:
2961 1179 3070 1234 sint
3099 1180 3297 1248 pariter
3325 1187 3381 1236 et
3407 1181 3651 1250 Apostoli
3683 1199 3696 1234 :
3730 1183 3795 1236 ad

2213 1284 2348 1342 quos
2375 1285 2502 1326 vero
2529 1271 2788 1325 mittentis
2817 1285 2996 1325 sermo
3021 1286 3124 1325 non
3155 1271 3391 1342 ponitur,
3423 1281 3626 1326 tantum
3660 1274 3795 1329 Pro-

2213 1361 2390 1434 pheta:
2439 1361 2550 1416 sint
2581 1380 2595 1417 :
2625 1360 2765 1432 quod
2814 1377 2913 1430 ego
2971 1361 3299 1432 superﬂuum
3353 1371 3504 1432 puto.
3559 1363 3628 1417 Et
3673 1365 3797 1434 quia

2213 1453 2382 1509 semel
2413 1452 2479 1506 ad
2510 1463 2790 1507 tractatum
2832 1453 2986 1507 istius
3030 1453 3266 1508 vocabuli
3304 1455 3547 1508 venimus
3576 1471 3589 1506 :
3621 1455 3797 1509 scien-

2212 1544 2360 1610 dum,
2391 1541 2559 1598 Silam
2583 1543 2842 1614 collegam
2866 1543 3014 1597 Pauli
3044 1543 3218 1613 lingua
3253 1543 3474 1599 Hebrtua
3494 1545 3796 1615 Apostolum

2211 1634 2317 1688 dici
2348 1651 2362 1688 :
2393 1635 2482 1704 qui
2533 1648 2656 1688 cum
2693 1649 2760 1688 eo
2811 1634 3093 1688 nonnullas
3147 1633 3412 1703 Epistolas
3467 1636 3670 1690 scribit.
3730 1635 3796 1691 Et

2213 1725 2404 1780 vitiose
2433 1724 2675 1779 Silvanus
2715 1725 2906 1794 legitur
2935 1739 3031 1793 pro
3058 1723 3196 1792 Sila,
3235 1739 3399 1795 quum
3426 1723 3698 1781 Silvanum
3740 1727 3794 1782 in

2212 1818 2590 1890 Apostolorum
2620 1817 2768 1871 Actis
2795 1832 2898 1871 non
2924 1817 3178 1886 legamus.

1353 2249 1356 2254 _
1439 2115 2192 2230 SECUNDA
2270 2109 2892 2222 CLASSIS

614 2345 1059 2392 COHPLECTENS
1101 2349 1463 2405 EPISTOLAS,
1509 2349 1670 2402 QUAS
1714 2345 2132 2390 BIERONYMUS
2179 2343 2300 2385 Ρεῐι
2341 2339 2562 2383 FERME
2604 2327 2964 2380 TRIENNIUH
3010 2333 3204 2378 ROIE
3247 2334 3524 2376 SCRIPSIT
3565 2335 3644 2376 AB

1229 2451 1524 2494 EXEUNTE
1571 2450 1736 2494 uno
1779 2447 2034 2493 cnntsrt
2078 2426 2198 2487 382
2240 2444 2324 2486 AD
2369 2440 2576 2483 ULTIIA
2622 2437 2880 2482 Μευιωί
2922 2417 3062 2477 385.

1943 2581 2364 2622 -ο-ι-ι-ὶοοεε-ιο-

993 2700 1322 2757 EPISTOIA
1363 2699 1486 2755 XIX
1519 2700 1595 2770 (α)

857 2850 1046 2889 υμιλδι
1087 2851 1230 2889 Μιλε
1270 2850 1337 2888 AD
1375 2846 1741 2894 IIIERONYHUI,

516 2970 652 3036 Quid
676 2970 818 3042 apud
841 2968 1078 3025 chrteos
1105 2980 1245 3023 souet
1273 2969 1483 3023 Osanna
1509 2969 1775 3039 perspicue
1803 2965 1899 3020 sibi
1930 2966 2098 3035 expli-

1152 3061 1260 3114 cari
1285 3069 1449 3131 rogat.

586 3197 849 3254 Dilectiss.
898 3197 1008 3252 lilio
1043 3197 1360 3252 HIEIIONYIO
1387 3194 1461 3270 (b)
1505 3195 1752 3250 Dtltsus
1800 3193 2098 3262 Episcopus

513 3291 566 3347 in
601 3293 824 3347 Domino
851 3291 1102 3347 salutem.

583 3405 953 3460 Commentario
999 3422 1116 3459 cum
1158 3404 1372 3476 legerem
1428 3403 1609 3460 Greco
1663 3401 1945 3471 Latinoque
1987 3416 2096 3454 ser-

513 3513 662 3550 mone
688 3498 742 3550 in
771 3497 1159 3568 Evangeliornm
1187 3497 1598 3567 interpretatione
1621 3513 1654 3549 a
1682 3497 1886 3558 nostris,
1918 3495 1974 3548 id
2000 3502 2093 3561 est,

510 3588 808 3643 orthodoxis
831 3590 951 3644 viris
977 3590 1120 3654 olim,
1147 3605 1209 3642 ac
1235 3605 1396 3657 nuper
1422 3591 1613 3658 scripta
1639 3590 1702 3641 de
1725 3604 1782 3641 eo
1807 3586 1946 3656 quod
1973 3585 2097 3656 legi-

513 3688 616 3743 tur,
663 3677 876 3734 Osanna
924 3678 1035 3734 lilio
1071 3679 1237 3735 David
1274 3679 1490 3751 (Matth.
1537 3679 1628 3733 21.
1662 3676 1884 3751 9):non
1931 3679 2097 3733 solum

507 3772 732 3839 diversa,
754 3771 847 3828 sed
872 3772 1030 3828 etiam
1058 3775 1316 3828 contraria
1349 3775 1546 3828 sibimet
1571 3772 1860 3842 proferunt.
1893 3770 1965 3842 (c)
1995 3769 2063 3825 Di
2073 3799 2096 3812 -

508 3864 740 3920 lectionis
787 3874 890 3920 tua
925 3873 1019 3930 est,
1065 3876 1121 3920 ut
1153 3868 1353 3921 ardenti
1392 3866 1486 3921 illo
1512 3867 1823 3921 strenuitatis
1870 3863 2094 3935 ingenio,

504 3957 718 4014 abscisis
771 3957 1112 4029 opinionibus,
1157 3958 1663 4030 ambiguitatibusque
1695 3957 1778 4029 (d)
1817 3953 2094 4026 supplosis,

509 4051 634 4120 quid
660 4067 714 4106 se
732 4051 914 4106 habeat
939 4052 1080 4123 apud
1110 4052 1370 4114 Hebrteos,
1401 4053 1510 4105 vivo
1536 4067 1686 4105 sensu
1714 4048 1906 4104 scribas
1930 4065 1948 4112 ;
1978 4056 2032 4101 ut
2049 4056 2097 4101 et

508 4143 580 4198 de
606 4144 722 4210 hoc,
750 4144 878 4198 sicut
907 4153 954 4198 et
980 4145 1043 4198 de
1068 4144 1261 4210 multis,
1313 4144 1402 4198 tibi
1437 4157 1575 4197 curta
1598 4150 1786 4198 nostra:
1812 4140 1867 4194 in
1894 4138 2098 4194 Christo

506 4232 548 4288 Ι
553 4250 640 4288 esu
669 4235 859 4306 gratias
887 4239 1127 4306 referant.

952 4393 958 4402 .
1011 4342 1340 4400 EPISTOLA
1386 4343 1480 4398 xx
1515 4341 1584 4412 (ε)

724 4494 822 4535 880
849 4493 1177 4535 BBSCIIPTUI
1206 4491 1491 4533 BIBBONYII
1523 4491 1590 4530 AD
1614 4490 1881 4531 DAIASUI.

512 4609 654 4676 Quid
691 4627 788 4665 vox
810 4626 1010 4667 OSANNA
1049 4612 1296 4682 signiﬁcet
1312 4611 1466 4680 juxta
1493 4609 1781 4663 hebraicum
1813 4608 2022 4677 fontem,
2050 4617 2097 4661 et

587 4719 678 4756 cur
708 4702 961 4756 Itebrteum
988 4705 1083 4756 hoc
1109 4703 1332 4766 verbum,
1363 4702 1436 4755 ita
1463 4711 1514 4754 ut
1541 4711 1614 4756 est
1653 4701 1793 4771 apud
1831 4700 2094 4768 Ilebrteos,

588 4793 816 4847 relictum
847 4794 989 4863 apud
1011 4811 1181 4848 omnes
1205 4795 1269 4848 sit
1297 4793 1544 4864 Linguas,
1578 4793 1742 4847 docet.

589 4931 641 4983 1.
696 4926 968 4982 Variorum
1011 4929 1464 5000 interpretationes.
1493 4957 1566 4966 —
1590 4927 1764 4982 MULTI
1803 4943 1966 4998 Super
1997 4927 2100 4983 hoc

577 5089 650 5152 (Aa)
672 5088 748 5152 ᾼι.
773 5089 882 5138 ηε.
907 5088 1095 5152 scripta
1117 5090 1250 5140 circa
1270 5087 1462 5152 initium
1483 5100 1562 5136 an.
1578 5088 1695 5152 583.

551 5215 560 5224 ι
589 5148 665 5224 (1))Δ
681 5150 737 5224 l_n
761 5164 876 5224 uno,
892 5148 1113 5224 alterove
1137 5153 1224 5224 bis.
1239 5150 1433 5224 additur
1454 5148 1874 5224 Presbytero,_qua
1897 5149 2098 5212 quidem

508 5209 756 5284 dignitate
769 5209 872 5284 tum
893 5214 1128 5274 temporis
1141 5213 1491 5274 Hieronymum
1509 5209 1660 5261 fuisse
1677 5209 1978 5273 insignitum,
2001 5225 2098 5262 non

512 5275 1141 5407 dtiipi‘lgtftcilquiss..\latic.
1185 5335 1297 5385 55's.
1336 5331 1610 5382 Dilectianis
1647 5338 1744 5382 tute
1779 5333 2100 5404 ardenti_illo

508 5397 728 5446 studium
759 5403 916 5446 (etans
947 5409 1163 5446 maenaa.
1193 5397 1319 5445 forte
1342 5393 1541 5446 legend.
1568 5407 1665 5442 uno
1698 5396 1849 5444 verbo
1872 5395 2100 5446 studiosi-

509 5401 728 5448 studium
759 5401 916 5446 (elatis
947 5401 1163 5459 ingenio,
1193 5401 1319 5445 torte
1344 5401 1541 5455 legend.
1568 5407 1665 5442 uno
1698 5401 1849 5444 verbo
1872 5401 2100 5447 studiosi-

509 5457 627 5530 .tatt's
650 5494 664 5516 ,
708 5458 837 5530 quod
864 5459 1146 5530 voqalnilnm
1169 5458 1263 5530 etsi
1288 5456 1435 5530 longe
1456 5455 1716 5530 barbarum
1739 5455 2099 5530 beiqlocima-

513 5521 590 5580 gis
611 5517 756 5590 quatit
777 5519 1270 5590 strcnta'tatt'splacet.
1408 5533 1430 5561 ι
1451 5517 1664 5590 studium
1688 5531 1808 5590 ergo
1822 5517 2100 5590 dilectionis

512 5576 613 5630 tua:
629 5576 898 5644 deprecor.
921 5589 1019 5638 ut,»
1046 5576 1144 5632 etc.
1169 5579 1250 5631 vel
1275 5597 1297 5624 α
1317 5580 1437 5627 Ideo
1456 5576 1730 5629 dilectionis
1746 5576 1849 5629 tuae
1871 5579 2100 5630 atfectum

511 5655 758 5702 rogamus,
782 5652 854 5702 nt,
879 5660 901 5688 ν
933 5649 1030 5692 etc.
1317 5700 1324 5702 ξ
1560 5700 1570 5702 _
1695 5700 1703 5702 Α

1055 5700 1352 5768 scrupulosis
1379 5713 1396 5750 :
1422 5707 1521 5750 tum
1543 5700 1640 5749 duo
1659 5700 1774 5753 Mss.
1801 5703 1893 5755 t‘tl’i
1915 5717 2095 5755 sensus.

581 5765 649 5821 (ei
673 5767 852 5817 Eodem
875 5773 1084 5817 temuorc
1107 5765 1288 5818 scripta
1311 5777 1405 5818 (tuo
1427 5777 1668 5842 suut'rur.’

2211 2707 2459 2748 sermone
2487 2690 2698 2745 diversa
2724 2688 3012 2753 tinxerunt,
3045 2703 3077 2742 e
3103 2688 3294 2757 quibus
3334 2699 3520 2743 noster
3561 2690 3788 2745 llilarius

2209 2787 2259 2839 in
2301 2781 2716 2838 Commentariis
2762 2779 2993 2833 Mattlttei
3039 2778 3107 2841 (c.
3133 2778 3223 2834 2|.
3255 2795 3308 2832 n.
3341 2777 3395 2850 5)
3445 2779 3513 2834 ita
3563 2783 3785 2850 posuit:

2211 2876 2419 2930 Osanna
2461 2873 2723 2928 Hebraico
2752 2885 3004 2926 sermone
3030 2870 3378 2940 signiﬁcatur,
3403 2871 3470 2940 (Γ)
3506 2871 3786 2940 redemptio

2206 2967 2387 3019 domus
2421 2963 2603 3016 Dauid.
2631 2961 2868 3017 Primum
2894 2961 3170 3029 redemptio
3201 2960 3374 3031 lingua
3403 2960 3622 3014 Hebraea
3651 2962 3791 3016 Pal-:-

2208 3074 2345 3113 uum
2385 3061 2766 3126 interpretatur
2799 3073 2812 3109 :
2839 3055 3032 3109 deinde
3059 3055 3239 3107 domus
3265 3069 3422 3108 nuru.
3457 3055 3619 3110 David
3660 3071 3788 3110 vero

2209 3154 2259 3206 in
2301 3151 2400 3206 hoc
2423 3152 2544 3206 loco
2569 3166 2673 3204 non
2705 3165 2825 3205 esse
2855 3164 3048 3205 nomen
3094 3151 3372 3213 insertum,
3416 3151 3667 3204 omnibus
3696 3165 3790 3218 pa-

2208 3257 2301 3300 tet.
2347 3245 2450 3299 Alii
2488 3245 2690 3313 Opinati
2737 3252 2877 3309 sunt,
2917 3242 3145 3308 Osanna,
3190 3243 3412 3312 gloriam
3452 3243 3577 3298 dici.
3619 3244 3788 3298 Porro

2203 3338 2370 3409 gloria
2411 3351 2616 3392 CIIABOD
2661 3335 2956 3404 appellatur
2998 3352 3013 3391 :
3067 3333 3305 3388 nonnulli
3350 3334 3574 3404 gratiam
3602 3377 3616 3398 ,
3658 3348 3782 3388 cum

2203 3429 2388 3498 gratia,
2422 3441 2597 3480 τιιουΑ
2624 3425 2738 3479 sive
2769 3440 2909 3479 sum
2941 3432 3298 3492 nuncupetur.

2272 3518 2328 3571 2.
2371 3518 2449 3570 Ad
2499 3515 2770 3569 liebrteum
2822 3515 3011 3584 fontem
3057 3513 3436 3568 recurrendum.
3486 3543 3557 3554 —
3603 3514 3789 3569 Restat

2203 3625 2353 3678 ergo,
2383 3617 2440 3662 ut
2468 3607 2683 3662 omissis
2704 3605 3016 3676 opinionum
3042 3604 3247 3670 rivulis,
3273 3603 3338 3657 ad
3364 3604 3534 3672 ipsum
3557 3602 3784 3668 fontem,

2205 3701 2344 3756 unde
2369 3702 2438 3756 ab
2467 3699 2822 3770 Evangelistis
2847 3706 3114 3767 sumptum
3145 3707 3248 3762 est,
3268 3709 3628 3751 recurramus.
3651 3695 3785 3749 Nam

2201 3792 2473 3862 quomodo
2499 3791 2627 3847 illud
2657 3807 2832 3860 neque
2853 3790 2904 3846 in
2927 3789 3152 3853 Graecis,
3178 3803 3351 3858 neque
3371 3787 3425 3842 in
3459 3786 3661 3842 Latinis
3689 3801 3786 3841 co-

2203 3883 2409 3940 dicibus
2478 3883 2588 3957 65
2661 3896 2944 3954 possumus
2970 3880 3232 3946 invenire,
3268 3879 3338 3934 Ut
3360 3879 3696 3948 complentur
3731 3879 3788 3932 id

2202 3976 2338 4045 quod
2359 3975 2550 4029 dictum
2569 3983 2642 4029 est
2663 3990 2754 4045 per
2779 3972 3066 4044 PrOpItetas
3084 3988 3104 4025 :
3122 3971 3375 4039 Quoniam
3396 3970 3679 4025 Nasura'us
3694 3987 3785 4025 υο-

2204 4069 2399 4122 cabitur
2419 4067 2633 4136 (Matth.
2652 4066 2706 4121 Ξ.
2721 4066 2839 4135 25);
2859 4075 2912 4120 et
2928 4064 3078 4130 illud,
3097 4081 3159 4118 ea:
3176 4061 3408 4135 JEgypto
3432 4063 3604 4117 uocaui
3621 4062 3785 4130 ﬁlium

2206 4178 2368 4216 uicum
2399 4159 2558 4229 (lbid.
2592 4175 2640 4213 υ.
2670 4159 2759 4228 l5)
2788 4177 2802 4213 :
2835 4159 2904 4212 ita
2947 4166 3004 4212 et
3049 4171 3189 4211 nunc
3217 4171 3283 4212 ex
3313 4154 3554 4210 Hebraeis
3582 4153 3785 4209 codici-

2206 4253 2304 4305 bus
2330 4253 2527 4306 veritas
2548 4249 2892 4320 exprimenda
2913 4257 3018 4313 est,
3041 4246 3184 4302 unde
3211 4246 3263 4302 in
3287 4245 3426 4302 Itane
3449 4260 3635 4302 vocem
3662 4245 3784 4298 vul-

2203 4358 2301 4412 gus
2346 4351 2401 4396 et
2441 4341 2672 4396 maxime
2690 4354 2939 4394 consona
2967 4339 3108 4393 inter
3150 4352 3208 4392 se
3249 4336 3589 4406 parvulorum
3633 4334 3785 4389 turba

2206 4435 2544 4504 proruperit,
2601 4433 2814 4488 dicente
2861 4431 3112 4486 Mattltmo
3143 4448 3156 4484 :
3193 4427 3376 4483 Turba:
3419 4439 3616 4494 autent,
3671 4441 3788 4498 qua:

2208 4526 2576 4594 praceaebaut.
2609 4535 2654 4578 et
2675 4539 2788 4593 qua:
2821 4523 3174 4593 sequebantur,
3207 4520 3496 4575 clamabant
3524 4519 3744 4572 dicentes
3768 4533 3787 4572 :

2208 4618 2418 4672 Osanna
2465 4619 2572 4686 [ilio
2619 4614 2789 4668 David
2816 4613 3136 4670 :benedictus
3187 4613 3274 4682 qui
3319 4611 3450 4665 venit
3493 4611 3546 4663 in
3586 4610 3790 4663 nomine

2210 4708 2434 4775 Domini,
2461 4709 2669 4764 Osanna
2695 4708 2745 4761 in
2772 4705 2981 4759 excelsis
3005 4701 3180 4774 (Matt.
3206 4702 3296 4756 2|.
3324 4701 3400 4770 2).
3428 4700 3636 4755 Marcus
3659 4711 3787 4752 vero

2207 4801 2278 4855 ita
2321 4801 2536 4869 posuit:
2568 4796 2869 4854 Clamabunt
2907 4781 3126 4847 dicentes
3147 4833 3162 4857 ,
3215 4791 3428 4846 Osanna
3453 4806 3471 4843 :
3493 4789 3784 4844 benedictus

2203 4893 2292 4962 qui
2316 4893 2446 4946 uenit
2475 4893 2527 4946 in
2555 4889 2757 4944 nomine
2793 4885 3001 4941 Domini
3025 4899 3044 4937 :
3068 4882 3381 4937 benedictum
3417 4881 3554 4949 quod
3579 4879 3710 4933 uenit
3735 4878 3790 4931 in

2206 4985 2408 5037 nomine
2433 4983 2638 5038 Domini
2666 4995 2876 5050 regnum
2902 4976 3059 5045 patris
3083 4975 3240 5029 nostri
3269 4972 3459 5028 Dauid.
3497 4970 3708 5026 Osanna
3739 4971 3791 5022 in

2206 5075 2413 5143 excelsis
2441 5075 2632 5147 (Mare.
2667 5074 2754 5127 ll.
2787 5072 2864 5141 9)‘.
2901 5069 3135 5124 Joannes
3174 5082 3304 5122 veru
3337 5067 3449 5136 pari
3481 5079 3613 5120 voce
3657 5077 3791 5118 eon-

2365 5208 2529 5258 Palam
2554 5214 2630 5255 est
2666 5217 2817 5254 unum
2842 5201 2958 5252 illud
2984 5199 3287 5260 vocabulum,
3307 5208 3497 5250 Osanna
3518 5197 3616 5249 tria
3649 5194 3795 5260 simul

2206 5259 2580 5333 redemptionem
2618 5266 2786 5333 domus
2829 5262 2981 5313 David
3021 5259 3298 5333 significare
3332 5274 3429 5309 non
3454 5273 3634 5333 posse",
3661 5259 3794 5333 mide

2205 5320 2384 5382 liilarii'
2413 5329 2890 5391 interpretationem
2907 5338 3002 5376 non
3027 5320 3203 5391 probat
3225 5320 3571 5386 Hieronymus.
3724 5320 3792 5367 la-

2204 5394 2298 5443 cile
2321 5396 2466 5441 etiam
2485 5382 2688 5453 apparet
2703 5401 2804 5453 non
2824 5382 3300 5453 priorem'dutntaitat
3323 5382 3512 5453 vocem,
3531 5382 3619 5432 sed
3641 5388 3794 5453 totam

2206 5441 2597 5503 acclamationem
2631 5449 2781 5498 latine
2817 5441 2879 5496 ab
2901 5448 2985 5496 illo
3007 5446 3146 5493 reddi
3171 5445 3384 5494 voluisse
3405 5478 3420 5503 ,
3446 5452 3640 5493 Osanna
3660 5441 3794 5503 leben

2211 5501 2516 5570 hia—vidiseu
2553 5522 2743 5562 osanna
2777 5509 2889 5574 ﬁlio
2918 5506 3354 5574 Dagid;atque_in
3395 5501 3457 5554 eo
3490 5501 3793 5574 magis_falli,

2205 5577 2335 5638 quod
2365 5565 2496 5625 Beth
2527 5574 2710 5628 domus,
2735 5565 2824 5638 τῆς)
2856 5571 2962 5638 βου
3135 5565 3347 5638 accepit,
3365 5578 3510 5638 quam
3524 5565 3665 5638 Aquod
3691 5571 3796 5635 ety-

2206 5626 2466 5700 tiiologias,
2501 5647 2620 5700 qua:
2663 5626 2759 5700 non
2798 5626 3114 5700 haberentur,
3157 5626 3464 5700 “cogitarit.
3510 5626 3796 5700 ambrosius

2207 5686 2407 5762 ιιιίοίιῖιο
2431 5686 2477 5762 in
2501 5686 2679 5744 L'ucam
2714 5693 2800 5762 lib.
2897 5704 2947 5739 n.
2974 5689 3267 5762 1530mm
3288 5686 3393 5752 ﬁlio
3416 5686 3574 5738 Dauid
3597 5687 3792 5737 redem-

2205 5753 2394 5822 ptori-tn
2417 5759 2585 5808 domus
2612 5753 2764 5806 David
2786 5755 3153 5814 interpretatur.
