4136 6332
373 385 478 442 377
1175 381 1204 397 "
1309 382 1320 388 ”

371 495 530 553 sentit
558 510 573 549 :
605 491 669 547 Et
694 489 998 554 clamabant,
1026 488 1236 543 Osanna
1253 503 1273 542 :
1301 487 1588 542 benedictus
1615 488 1700 558 qui
1730 487 1862 542 venit
1889 489 1942 541 in

371 585 570 642 nomine
593 581 820 647 Domini,
844 597 934 636 rea:
952 578 1118 634 Israel
1143 577 1321 648 (Joan.
1343 577 1429 632 12.
1457 576 1567 648 ﬂ).
1589 577 1747 632 Solus
1773 577 1944 631 Lucas

369 679 586 733 verbum
621 675 852 738 Osanna,
886 687 990 727 non
1017 670 1213 740 posuit,
1239 671 1291 724 in
1317 669 1522 738 reliqua
1549 667 1942 738 interpretatio-

371 768 453 822 nis
488 775 640 838 parte
690 767 1074 820 consentiens:
1105 763 1405 817 Benedictus
1442 761 1528 833 qui
1569 760 1698 816 venit
1747 776 1839 814 rex
1891 760 1946 814 in

370 858 569 912 nomine
610 855 839 923 Domini,
884 871 989 924 pax
1035 855 1086 908 in
1120 854 1267 917 ctelo,
1317 861 1363 906 et
1404 853 1569 924 gloria
1617 854 1672 907 in
1711 853 1940 908 excelsis.

371 947 517 1017 (Luc.
551 945 641 1001 19.
669 945 784 1017 58).
808 945 988 1016 Igitur,
1016 955 1076 998 ut
1099 945 1352 1008 diximus,
1381 945 1494 1014 ipsa
1519 944 1678 999 verba
1718 943 1943 999 Hebraea

370 1037 608 1106 ponenda
645 1045 789 1102 sunt,
829 1045 886 1091 et
912 1036 1148 1091 omnium
1189 1035 1540 1104 luterpretum
1582 1035 1765 1104 opinio
1792 1035 1944 1104 dige-

370 1130 553 1196 renda,
580 1143 684 1199 quo
710 1127 920 1182 facilius
959 1127 1088 1200 quid
1128 1143 1290 1198 super
1322 1127 1422 1182 hoc
1467 1126 1808 1182 sentiendum
1850 1127 1942 1190 sit,

370 1219 442 1289 (a)
472 1235 538 1273 ex
579 1218 957 1275 retractatione
993 1227 1308 1274 cunctorum
1337 1217 1449 1287 ipse
1494 1216 1594 1270 sibi
1633 1216 1829 1271 Lector
1863 1217 1947 1270 in-

367 1309 560 1364 veniat.

436 1402 488 1455 5.
528 1399 866 1472 Interpretum
895 1397 1100 1455 Ηρόνωὶ
1129 1410 1294 1454 textus
1319 1400 1510 1470 opinio.
1532 1429 1606 1440 —
1625 1398 1685 1453 In
1709 1398 1941 1454 centesi-

371 1508 456 1548 mo
485 1493 692 1547 decimo
718 1495 946 1560 septimo
977 1492 1212 1559 Psalmo,
1241 1493 1328 1548 ubi
1356 1508 1450 1548 nos
1483 1493 1728 1561 legimus,
1765 1491 1809 1544 Ι)
1841 1490 1944 1544 Do-

370 1586 501 1638 mine
524 1586 715 1638 salvum
739 1601 816 1638 me
843 1589 948 1654 fac,
976 1601 1007 1638 ο
1036 1583 1250 1638 Domine
1276 1583 1398 1637 bene
1427 1599 1722 1653 prosperare
1744 1599 1762 1636 :
1788 1583 1940 1636 bene-

368 1676 526 1728 dictus
546 1677 631 1741 qui
660 1676 790 1728 venit
819 1675 871 1727 in
904 1675 1107 1728 nomine
1137 1673 1362 1737 Domini,
1391 1673 1444 1727 in
1476 1673 1701 1726 llebrzeo
1729 1673 1942 1742 legitur,

370 1767 442 1832 (bl
472 1765 650 1820 ANNA
682 1763 954 1828 ADONAI,
983 1763 1300 1823 OSIANNA,
1330 1762 1514 1817 ANNA
1544 1761 1796 1817 ADONAI
1829 1760 1943 1816 AS-

370 1855 646 1919 LIANNA;
681 1854 954 1910 BARUCH
987 1855 1166 1910 ABBA
1209 1852 1436 1907 BASEM
1488 1851 1764 1907 ADONAI.
1793 1850 1944 1917 Quod

369 1946 576 2014 Aquila,
609 1945 980 2016 Symmachus,
1009 1945 1328 2008 Theodotio,
1357 1953 1412 1999 et
1436 1943 1627 2011 Quinta
1652 1943 1848 2003 Editio,
1877 1957 1945 1997 ne

369 2037 489 2104 quid
516 2037 566 2090 in
593 2037 662 2106 (c)
690 2035 882 2090 Latino
907 2046 1121 2090 mutare
1147 2035 1448 2101 videamur,
1479 2034 1549 2089 ita
1591 2035 1900 2102 exprimunt
1925 2049 1938 2086 :

367 2129 403 2180 ὅ
419 2132 476 2189 δὴ
496 2135 642 2197 Κύριε
670 2140 813 2181 σῶσον
839 2132 918 2191 δὴ,
937 2128 974 2180 ὦ
1003 2131 1059 2188 δὴ
1083 2135 1230 2196 Κὺριι
1253 2130 1473 2179 ιῦοδωσον
1499 2130 1578 2187 δὴ,
1598 2129 1898 2190 sules/nubo;
1920 2128 1946 2176 ὁ

367 2223 604 2290 imbus-ia;
649 2225 695 2273 iv
738 2224 936 2287 ὀνόματι
979 2225 1182 2288 Κυρίου.
1229 2216 1350 2271 Sola
1393 2214 1554 2270 Sexta
1598 2214 1776 2268 Editio
1822 2227 1944 2267 cum

368 2307 752 2380 lutcrpretihus
779 2308 1129 2378 Septuaginta
1162 2309 1234 2360 ita
1258 2307 1534 2376 congruit,
1559 2313 1617 2358 ut
1647 2303 1734 2357 ubi
1763 2303 1945 2357 cmteri

367 2409 654 2468 posuerunt
677 2401 714 2453 ὦ
743 2403 833 2464 δή,
868 2399 943 2453 illi
969 2399 1282 2466 scripserint
1301 2397 1358 2451 ὧ.
1384 2397 1450 2450 Et
1475 2396 1596 2465 quia
1619 2393 1942 2459 OSIANNA,

363 2491 503 2560 quod
559 2507 656 2546 nos
713 2498 966 2558 corrupte
1031 2498 1248 2558 propter
1304 2487 1657 2556 ignorantiam
1716 2486 1946 2542 dicimus

362 2578 632 2634 OSANNA
661 2620 676 2643 ,
726 2579 995 2645 salviﬁca,
1043 2577 1156 2630 sive
1203 2577 1400 2630 saluum
1449 2576 1533 2644 {ac
1578 2575 1941 2644 exprimatur,

360 2669 604 2722 ouinium
677 2667 788 2738 66
861 2666 1299 2735 interpretatione
1347 2665 1612 2735 signatum
1653 2673 1772 2720 est:
1807 2679 1946 2718 nunc

362 2757 491 2813 illud
518 2759 570 2812 in
596 2773 720 2813 cura
742 2768 847 2820 est,
869 2758 992 2828 quid
1012 2756 1090 2830 (d)
1113 2758 1228 2811 sine
1251 2756 1551 2824 adjectione
1573 2755 1831 2818 salvaudi,
1856 2770 1946 2810 so-

273 2873 280 2879 ι
364 2848 445 2903 lus
463 2847 642 2902 ANNA
676 2862 855 2902 sermo
880 2847 1162 2916 signiticet.
1189 2845 1583 2916 Sciendumque
1610 2845 1750 2916 quod
1769 2847 1819 2899 in
1843 2843 1945 2900 hoc

368 2938 482 2992 loco
510 2949 590 2993 ter
607 2938 816 2993 dicatur
835 2937 1053 3002 ANNA;
1083 2946 1137 2992 et
1166 2937 1392 3006 primum
1420 2937 1634 3005 quidem
1657 2951 1721 2990 ac
1745 2951 1938 2991 secun-

365 3028 489 3082 dum
509 3028 696 3084 iisdem
722 3029 912 3082 litteris
942 3026 1211 3089 scribitur,
1239 3025 1482 3090 ALEPH,
1508 3025 1669 3091 NUN,
1699 3026 1810 3092 ΠΕ,
1839 3036 1944 3081 ter-

367 3126 494 3174 tium
518 3135 644 3176 vero
672 3119 796 3187 HE,
829 3119 966 3176 NUN
987 3161 1002 3186 ,
1031 3118 1146 3174 HE.
1169 3117 1522 3188 Symmachus
1548 3119 1731 3189 igitur,
1764 3120 1851 3189 qui
1887 3120 1940 3173 in

368 3213 656 3267 centesimo
696 3211 907 3267 decimo
938 3212 1168 3280 septimo
1205 3211 1418 3265 Psalmo
1437 3225 1557 3265 cum
1589 3211 1827 3265 omnium
1858 3210 1943 3264 in-

370 3302 744 3371 terpretatione
787 3309 1169 3367 consenserat,
1212 3309 1268 3355 ut
1312 3301 1467 3354 nobis
1515 3299 1937 3356 manifestiorem

369 3393 621 3449 tribueret
670 3391 1018 3454 intellectum.
1051 3393 1102 3446 iu
1149 3395 1446 3447 centesimo
1494 3391 1705 3448 decimo
1748 3401 1942 3462 quarto

369 3481 594 3543 Psalmo,
623 3483 710 3536 ubi
733 3482 926 3536 dicitur
949 3500 962 3534 ε
990 3481 1034 3536 0
1061 3481 1294 3545 Domine,
1319 3481 1476 3535 libera
1494 3483 1722 3536 animam
1749 3500 1935 3553 meam,

368 3575 436 3629 ita
459 3575 836 3644 interpretatus
855 3585 972 3631 est:
1000 3574 1236 3640 Obsecro,
1266 3573 1500 3641 Domine,
1531 3576 1689 3630 libera
1711 3577 1943 3631 animum

369 3682 544 3720 meam.
587 3666 689 3722 Ubi
731 3676 907 3722 autem
951 3667 1294 3738 Septuaginta
1314 3708 1329 3733 ,
1356 3669 1420 3734 ὅ,
1446 3678 1502 3724 et
1531 3669 1618 3723 ille
1637 3711 1653 3736 ,
1678 3668 1898 3724 Obsecro
1918 3712 1935 3738 ,

370 3759 783 3824 transtulerunt,
814 3760 1039 3830 Aquila,
1066 3769 1122 3814 et
1166 3761 1375 3815 caeteris
1419 3760 1754 3817 Editionibus
1797 3764 1833 3816 ὅ
1881 3767 1938 3825 δὴ

370 3847 837 3918 interpretantibus
859 3891 874 3915 ,
906 3851 958 3903 in
988 3849 1213 3903 Hebraeo
1235 3849 1486 3904 scribitur
1506 3849 1693 3906 ANiiA
1716 3868 1730 3904 :
1755 3867 1939 3907 verum

369 3935 436 3991 ita
460 3946 514 3990 ut
538 3939 589 3992 in
615 3939 875 4008 principio
899 3938 1124 3994 ALEPH
1158 3937 1382 4006 habeat,
1417 3954 1523 3994 non
1567 3939 1678 3995 HE.
1724 3937 1804 3996 L‘v
1833 3957 1942 4011 quo

367 4030 872 4098 animadvertimus,
915 4031 963 4086 si
1008 4047 1075 4087 ex
1125 4030 1354 4088 ALEPH
1405 4033 1674 4087 scribatur
1713 4031 1895 4089 ANNA
1923 4074 1940 4102 ,

367 4121 647 4192 signiﬁcari
677 4125 913 4188 obsecro;
951 4123 1034 4178 sin
1075 4131 1253 4178 autem
1284 4138 1347 4178 ex
1381 4123 1504 4190 HE,
1550 4139 1671 4179 esse
1710 4126 1941 4196 conjun-

367 4216 593 4268 ctionem
616 4255 630 4278 ,
661 4215 775 4269 sive
801 4213 1224 4284 intcrjectionem
1249 4255 1263 4277 ,
1289 4229 1406 4284 quae
1435 4214 1573 4284 apud
1601 4214 1816 4271 Grmcos
1844 4233 1942 4287 p0-

369 4308 506 4362 uitur
545 4313 632 4374 δὴ,
665 4317 719 4363 et
747 4319 830 4364 est
859 4309 911 4362 in
943 4321 1086 4362 σῶσον
1116 4312 1172 4369 δὴ
1192 4349 1208 4372 ,
1251 4307 1403 4376 cujus
1448 4307 1939 4379 interpretationem

366 4396 581 4458 Latinus
610 4413 789 4454 sermo
824 4414 930 4454 non
963 4400 1230 4468 exprimit.

429 4505 492 4578 (a)
531 4509 842 4578 Cisterciens.
879 4509 968 4578 Ms,
987 4522 1050 4559 ex
1072 4508 1350 4578 tractatione
1377 4521 1526 4568 ;mox
1559 4507 1782 4574 plerique
1801 4511 1938 4574 editi,

367 4569 510 4619 lector
534 4570 651 4626 quid
676 4577 904 4626 sequatur
926 4569 1148 4619 inveniat.

427 4629 498 4693 (b)
521 4630 640 4680 Haec
657 4631 901 4681 Hebraiee
921 4631 992 4681 sic
1013 4629 1252 4693 habentur
1274 4661 1290 4687 ,
1313 4633 1378 4682 R3
1419 4632 1624 4686 morm
1671 4635 1787 4686 rma
1829 4639 1938 4686 ius:

1127 4781 1212 4829 pro
1224 4767 1443 4839 .os-ianna
1465 4767 1674 4839 legerat,
1710 4767 1938 4832 quémado

364 4825 554 4888 modum
579 4838 664 4888 pro
685 4826 903 4876 aslianna
923 4825 1266 4888 Cisterciensis
1287 4827 1413 4877 liber
1443 4825 1674 4880 aslienna'.

431 4883 490 4952 (c)
529 4883 685 4936 Antea
712 4895 820 4938 erat
839 4888 890 4939 in
913 4887 1114 4938 latinum
1139 4903 1158 4939 :
1183 4888 1326 4952 paulo
1346 4897 1455 4952 post.
1477 4903 1627 4943 unum
1647 4892 1736 4942 Ms.
1761 4904 1936 4943 exem-

364 4945 604 5012 plary-14v
625 4975 670 5009 μ
699 4963 798 5012 pro
840 4958 902 5012 si}.

400 5004 499 5080 _[d]
528 5004 1058 5080 llaecsiiiendjectione
1077 5011 1296 5063 salvandi
1318 5011 1466 5080 verba
1500 5025 1560 5061 eo
1584 5011 1838 5065 intellectu
1860 5015 1935 5064 di-

364 5070 495 5139 xisse
532 5070 722 5119 videtur
754 5071 1111 5139 Hieronymus,
1146 5072 1543 5139 utexeluderet,
1569 5084 1936 5139 seponeretque

364 5127 478 5200 illud
516 5143 666 5200 anna,
693 5135 820 5194 quod
855 5127 1006 5200 verbo
1022 5127 1252 5191 salvandi,
1277 5134 1322 5184 id
1349 5140 1426 5183 est
1445 5127 1546 5200 esid
1567 5127 1757 5200 additur
1780 5151 1795 5197 ;
1820 5127 1936 5188 tunc

364 5193 493 5239 enim
529 5199 608 5261 ter
638 5193 890 5261 dumtaxat
917 5194 1158 5261 reliquum
1193 5204 1298 5258 est;
1326 5202 1376 5261 et
1413 5197 1615 5261 primum
1638 5193 1854 5261 quidem,
1879 5214 1936 5249 ac

361 5253 624 5302 secundum
646 5267 754 5304 cum
789 5254 957 5304 initiali
981 5253 1125 5318 aleph
1147 5265 1262 5307 ante
1285 5253 1487 5316 'tdonai,
1514 5253 1710 5308 tertiu'm
1736 5253 1853 5309 vero
1875 5261 1932 5309 ad

360 5323 562 5372 verbum
584 5323 724 5382 αδιία,
743 5323 1078 5391 ultimavoeali
1098 5327 1258 5376 littera
1276 5327 1418 5391 initio
1441 5329 1508 5375 111
1536 5343 1623 5391 per
1644 5330 1829 5391 daghes
1851 5332 1936 5379 im-

360 5391 525 5488 Eressa
542 5386 1004 5488 Quemadmodum
1040 5401 1214 5437 revera
1245 5390 1390 5438 etiam
1412 5391 1470 5438 ad
1493 5386 1594 5439 asia
1616 5386 1820 5442 verbum
1851 5393 1934 5442 ha-

395 5451 516 5488 etur-
657 5446 773 5488 Illud
795 5460 854 5488 se
875 5447 991 5488 dicit
1014 5461 1165 5488 senon
1175 5462 1258 5488 rem
1275 5449 1382 5488 (lata
1399 5462 1563 5488 onum,
1592 5451 1791 5488 ῐηιιινίηι
1811 5454 1839 5488 In
1859 5468 1932 5488 mn

395 5451 518 5515 etur,
542 5446 634 5515 sed
657 5446 774 5496 illud
795 5460 854 5496 se
875 5447 991 5496 dicit
1013 5461 1258 5515 seponere
1275 5449 1385 5515 data
1399 5462 1565 5514 Opera.
1591 5451 1791 5515 interim
1811 5454 1840 5502 h
1858 5468 1933 5504 mc

359 5499 636 5573 {lieronymi
668 5516 893 5573 mentem
920 5521 1032 5557 esse
1056 5499 1149 5573 n'ou
1173 5499 1563 5560 animadvertetis
1585 5499 1754 5562 Editur
1770 5499 1932 5564 mina:

358 5563 843 5634 dielinu§,_egmdem
882 5570 1126 5634 immerito
1147 5577 1339 5620 accusat
1362 5573 1587 5634 incuriae,
1619 5575 1744 5634 quod
1770 5563 1932 5634 junidr

358 5626 509 5687 adhuc
549 5626 609 5680 ad
640 5629 902 5678 Damasum
933 5630 1156 5678 scribens
1194 5643 1289 5678 non
1324 5633 1418 5680 nisi
1453 5638 1530 5682 ter
1563 5626 1610 5682 i'n
1637 5626 1729 5685 hoc
1753 5626 1928 5687 Psalmi

358 5680 462 5758 1900
477 5703 603 5741 arma
626 5703 740 5740 esse
757 5692 960 5758 dixerit,
983 5702 1094 5758 cum
1111 5696 1335 5758 quartum
1358 5680 1932 5758 haberieonst'e'tifi'ct—o;

357 5750 454 5812 rius
468 5764 497 5801 e
519 5761 705 5806 contra.
723 5750 839 5812 olim
851 5750 1097 5800 Hebraiea
1116 5750 1414 5812 exemplaria
1433 5757 1581 5803 tertio
1598 5764 1780 5808 tantum
1804 5772 1932 5810 anna

358 5803 582 5865 habuisse
606 5815 656 5867 in
679 5803 732 5863 S.
760 5811 980 5867 Doctoris
1002 5803 1366 5866 excusationem
1391 5803 1697 5869 commentus
1707 5803 1810 5871 est.

1767 372 2102 432 EPISTOLA
2139 371 2261 428 XX.

3520 378 3628 434 378

2121 486 2175 540 4.
2202 483 2306 541 Sed
2332 484 2582 556 quoniam
2609 483 2693 538 hre
2714 484 2950 540 minutiae
2971 494 3024 542 et
3053 486 3350 543 istiusmodi
3379 489 3621 560 disputa-

2049 579 2211 634 tionis
2233 592 2510 642 arcanum,
2537 585 2754 646 propter
2781 577 3081 635 barbariem
3108 581 3303 652 lingua:
3333 583 3532 651 pariter
3559 597 3622 637 ac

2049 671 2370 734 litterarum,
2393 669 2589 740 legenti
2614 669 2910 726 molestiam
2933 672 3191 740 tribuunt,
3208 673 3273 728 ad
3303 673 3625 742 explanandi

2049 762 2422 830 compendium
2468 762 2660 826 venio,
2694 771 2753 815 ut
2795 762 2966 816 dicam
2997 763 3065 818 de
3089 767 3381 821 centesimo
3409 767 3620 822 decimo

2049 853 2278 922 septimo
2300 853 2528 919 Psalmo,
2558 853 2646 921 qui
2675 851 2954 906 manifeste
2977 854 3041 908 de
3067 854 3278 908 Christo
3305 859 3615 924 pr0phetat,

2049 951 2102 997 et
2132 943 2182 996 in
2210 942 2492 1014 synagogis
2518 941 2824 996 Judzeorum
2849 942 2923 1012 (e)
2961 942 3284 998 creberrime
3325 945 3622 1016 legebatur,

2051 1035 2192 1092 unde
2221 1045 2275 1089 et
2304 1035 2514 1105 populis
2545 1035 2721 1090 notior
2747 1045 2884 1100 erat,
2919 1037 3016 1088 hos
3047 1050 3237 1090 versus
3263 1050 3382 1091 esse
3408 1052 3621 1091 assum-

2050 1135 2170 1196 ptos
2193 1143 2206 1178 :
2229 1127 2370 1194 quod
2399 1127 2510 1191 ille,
2533 1129 2621 1196 qui
2649 1126 3118 1195 repromittebatur
3137 1127 3204 1182 de
3224 1143 3420 1198 genere
3437 1128 3624 1194 David,

2049 1217 2255 1270 venerit
2283 1217 2588 1270 salvaturus
2613 1216 2806 1280 Israel,
2838 1217 3054 1272 dicente
3083 1217 3278 1283 David,
3315 1235 3336 1269 1
3368 1218 3621 1288 Lapidem

2049 1321 2208 1375 quem
2253 1306 2675 1375 reprobaverunt
2715 1307 3060 1370 aediﬁcantes,
3095 1306 3183 1362 hic
3228 1307 3400 1363 factus
3439 1317 3524 1363 est
3572 1311 3623 1362 in

2049 1406 2208 1464 caput
2235 1396 2433 1466 anguli.
2465 1399 2507 1450 A
2539 1397 2763 1452 Domino
2783 1437 2798 1462 ,
2828 1396 2898 1468 (Ῑ)
2928 1397 3128 1452 factum
3159 1407 3261 1452 est.
3292 1398 3388 1453 Hic
3417 1408 3497 1452 cst
3529 1398 3627 1451 uti-

2049 1486 2230 1540 rahilis
2257 1488 2310 1540 in
2335 1487 2500 1541 oculis
2527 1489 2750 1542 nostris.
2788 1487 2914 1542 Haec
2939 1498 3021 1543 est
3047 1488 3161 1542 dies
3191 1503 3347 1558 quam
3376 1485 3498 1542 fecit
3529 1487 3630 1539 Do-

2050 1577 2227 1630 minus
2252 1593 2266 1631 :
2297 1578 2598 1632 exultamus
2625 1586 2681 1631 et
2710 1578 2953 1632 laetemur
2983 1579 3036 1632 in
3062 1593 3144 1632 ea.
3183 1578 3228 1633 Ο
3256 1578 3480 1632 Domine
3518 1575 3628 1630 sal-

2049 1683 2173 1720 vum
2196 1683 2280 1720 me
2309 1666 2390 1721 fac
2417 1685 2430 1720 :
2454 1682 2486 1720 o
2514 1667 2740 1721 Domine
2770 1668 2903 1723 bene
2930 1683 3252 1738 prosperare
3275 1685 3288 1719 :
3314 1667 3626 1722 benedictus

2050 1759 2138 1824 qui
2166 1757 2312 1812 venit
2341 1759 2392 1811 in
2425 1758 2643 1814 nomine
2671 1757 2903 1811 Domini.
2948 1758 3328 1812 Benediximus
3366 1758 3519 1813 vobis
3561 1758 3629 1813 de

2045 1848 2156 1920 67
2227 1848 2388 1902 domo
2415 1848 2657 1903 Domini:
2691 1848 2827 1904 Deus
2858 1847 3113 1904 Dominus
3139 1858 3193 1902 et
3223 1848 3395 1902 illuxit
3423 1847 3576 1901 nobis
3605 1866 3625 1899 1

2050 1937 2353 2007 (Psal.ll7.
2368 1937 2459 1993 22.
2475 1943 2626 2009 etc.).
2646 1937 2800 1994 Unde
2819 1946 2873 1994 et
2894 1939 3348 2007 Evangelistarum
3367 1940 3630 2006 scriptura

2049 2037 2456 2093 commemorat.
2487 2029 2788 2085 Pharisaeos
2819 2039 2871 2086 et
2897 2029 3114 2085 Scribas
3141 2029 3240 2084 hac
3265 2029 3628 2100 indignatione

2049 2131 2378 2186 commotos,
2406 2120 2544 2190 quod
2571 2121 2812 2177 viderent
2838 2123 3090 2191 populum
3112 2162 3129 2188 ,
3161 2121 3360 2176 Psalmi
3393 2120 3624 2191 prephe-

2051 2213 2178 2266 tiam
2204 2227 2366 2281 super
2385 2212 2600 2266 Christo
2623 2213 2918 2282 intelligere
2943 2214 3279 2282 completam,
3307 2225 3359 2269 et
3385 2214 3626 2268 claman-

2051 2313 2132 2358 tes
2172 2305 2419 2373 parvulos
2461 2303 2689 2358 Osianna
2709 2345 2723 2366 .
2757 2304 2865 2372 ﬁlio
2893 2305 3062 2358 David
3080 2347 3095 2370 ,
3123 2305 3323 2360 dixisse
3350 2305 3400 2360 ei
3430 2323 3443 2360 :
3469 2304 3630 2358 Audis

2049 2395 2171 2464 quid
2189 2395 2272 2448 isti
2292 2393 2605 2462 loquuntur?
2624 2403 2679 2449 et
2701 2393 2882 2449 Jesum
2910 2393 3249 2464 respondisse
3274 2395 3353 2451 eis
3383 2413 3396 2449 :
3436 2413 3456 2446 1
3483 2394 3629 2449 Nun-

2049 2501 2206 2556 quam
2239 2485 2473 2556 legistis,
2506 2485 2641 2554 Quia
2671 2500 2736 2540 ex
2773 2500 2869 2541 ore
2903 2486 3180 2540 infantium
3219 2495 3272 2540 et
3313 2486 3624 2541 lactentium

2049 2574 2315 2645 perfecisti
2360 2575 2571 2633 laudem
2607 2595 2627 2628 1
2649 2575 2866 2646 (Matth.
2891 2575 2982 2630 21.
3011 2575 3136 2632 Luc.
3172 2576 3261 2632 19.
3293 2575 3449 2630 Joan.
3476 2575 3580 2647 12)
3605 2576 3632 2630 τ

2048 2669 2400 2723 centesimum
2456 2668 2724 2739 decimum
2775 2671 3062 2738 septimum
3122 2668 3394 2724 Psalmum
3449 2670 3628 2724 octavi

2049 2757 2246 2813 Psalmi
2277 2759 2574 2814 assertione
2596 2759 2918 2813 ﬁrmantem.
2943 2759 3008 2813 Et
3032 2758 3100 2813 de
3126 2773 3191 2813 eo
3217 2758 3453 2829 quidem,
3486 2757 3627 2829 quod

2053 2848 2202 2904 laeile
2227 2849 2454 2919 exprimi
2483 2857 2715 2920 poterat,
2746 2866 2766 2900 1
2803 2848 3126 2904 Benedictus
3153 2851 3242 2919 qui
3274 2849 3417 2904 venit
3447 2849 3498 2902 in
3531 2865 3627 2902 no-

2051 2941 2195 2996 mine
2239 2940 2480 3006 Domini,
2510 2959 2530 2994 1
2557 2941 2793 2996 omnium
2849 2939 3309 3011 Evangelistarum
3354 2937 3628 3008 Scriptura

2049 3033 2334 3088 consentit.
2370 3033 2442 3087 De
2472 3033 2633 3088 verbo
2661 3041 2840 3087 autem
2872 3030 3192 3096 OSIANNA,
3221 3031 3342 3101 quia
3385 3030 3438 3084 in
3479 3029 3629 3084 Grae-

2048 3136 2170 3176 cum
2217 3137 2322 3177 non
2371 3131 2621 3192 poterant
2655 3121 2962 3198 transferre
3007 3135 3343 3187 sermonem,
3390 3121 3527 3176 sicut
3572 3120 3626 3174 in

2049 3211 2430 3279 ALLELUIA,
2462 3221 2516 3268 et
2560 3212 2614 3267 in
2657 3211 2880 3278 AMEN,
2913 3221 2965 3268 et
3011 3213 3063 3266 in
3114 3211 3386 3282 plerisque
3430 3210 3626 3265 factum
3678 3270 3692 3282 ο

2047 3301 2328 3367 videmus,
2388 3302 2559 3373 ipsum
2615 3301 2898 3358 llebrmum
2964 3310 3291 3374 posuerunt,
3347 3300 3631 3366 dicentes,

2047 3393 2364 3449 OSIANNA.
2410 3395 2583 3450 Lucas
2615 3395 2810 3466 igitur,
2841 3394 2930 3466 qui
2960 3395 3101 3451 inter
3130 3410 3319 3451 omnes
3348 3395 3632 3466 Evangelio

2049 3493 2160 3539 stas
2206 3483 2378 3540 Grzeci
2423 3485 2688 3540 sermonis
2734 3485 3132 3542 eruditissimus
3171 3486 3306 3553 fuit,
3338 3488 3537 3558 quippe
3575 3496 3633 3542 ut

2049 3576 2308 3641 medicus,
2331 3585 2386 3630 et
2405 3578 2494 3647 qui
2520 3575 2866 3647 Evangelium
2899 3575 2978 3648 (g)
3009 3576 3213 3634 Grmcis
3238 3579 3474 3648 scripsit.
3507 3582 3631 3650 quia

2048 3681 2108 3722 se
2134 3667 2266 3722 vidit
2295 3669 2677 3738 proprietatem
2706 3668 2975 3724 sermonis
3001 3668 3294 3724 transferre
3320 3685 3424 3723 non
3450 3685 3629 3738 posse,

2050 3759 2245 3815 melius
2270 3759 2560 3815 arbitratus
2586 3768 2670 3816 est
2701 3769 2916 3828 tacere,
2945 3775 3104 3831 quam
3151 3760 3202 3815 id
3245 3777 3445 3831 ponere
3486 3762 3631 3830 quod

2049 3851 2241 3921 legenti
2270 3851 2468 3906 faceret
2494 3851 2867 3922 quaestionem.

2119 3942 2174 3998 5.
2218 3941 2299 3996 Ad
2325 3957 2614 4006 summam,
2641 3941 2798 3996 sicuti
2830 3956 2931 3997 nos
2955 3942 3006 3996 in
3039 3942 3218 4013 lingua
3246 3942 3432 3996 Latina
3464 3943 3630 3998 habe-

2029 4048 2167 4087 amus
2195 4033 2593 4101 interjectioncs
2627 4031 2884 4102 quasdam
2904 4072 2922 4100 ,
2955 4041 3012 4088 ut
3046 4032 3355 4088 insultando
3386 4033 3629 4090 dicamus

2045 4124 2164 4188 ult,
2190 4132 2244 4178 et
2287 4122 2339 4176 in
2381 4121 2695 4176 admirando
2739 4137 2887 4194 papa:
2908 4164 2924 4190 ,
2956 4131 3011 4178 et
3055 4125 3106 4178 in
3152 4123 3384 4179 dolendo
3414 4126 3509 4178 heu
3533 4140 3552 4178 :
3572 4133 3628 4180 et

2045 4215 2259 4286 quando
2284 4214 2558 4270 silentium
2585 4213 2834 4270 volumus
2873 4215 3149 4285 imponere
3169 4257 3185 4280 ,
3219 4214 3420 4270 strictis
3449 4215 3624 4272 denti-

2047 4305 2144 4362 bus
2181 4306 2430 4376 spiritum
2470 4313 2804 4361 coarctamus
2834 4305 2917 4377 (h)
2947 4315 3002 4362 et
3029 4306 3238 4377 agimus
3263 4316 3466 4362 tantum
3494 4309 3630 4363 sibi-

2045 4395 2154 4451 lum
2175 4437 2190 4460 ,
2219 4394 2516 4452 insenando
2539 4396 2639 4450 sitit
2668 4411 2686 4449 :
2715 4396 2784 4450 ita
2831 4395 3040 4451 Hebraei
3073 4400 3212 4451 inter
3239 4399 3472 4468 reliquas
3505 4413 3630 4467 pro.

2044 4488 2295 4557 prietates
2323 4487 2517 4558 linguae
2539 4501 2649 4541 sua:
2676 4485 2872 4542 habent
2899 4487 3350 4556 iuterjectionem,
3383 4499 3440 4542 ut
3460 4503 3630 4558 quau.

2043 4579 2114 4634 do
2142 4578 2328 4633 volunt
2367 4578 2650 4632 Dominum
2693 4577 3007 4646 deprecari,
3049 4579 3117 4646 (i)
3161 4588 3363 4650 ponant
3404 4579 3626 4635 verbum

2043 4672 2272 4742 petentis
2285 4670 2498 4736 aﬂ'ectu,
2519 4679 2574 4726 et
2592 4671 2791 4736 dicant,
2817 4686 2954 4724 ΔΝΜ
2975 4669 3208 4738 Domine,
3233 4671 3374 4742 quod
3395 4671 3625 4743 Septan

2041 4763 2186 4834 ginta
2211 4762 2479 4826 dixerunt,
2505 4779 2534 4816 ο
2565 4760 2802 4816 Domine.
2833 4761 2924 4817 051
2954 4779 3081 4833 ergo
3107 4765 3336 4834 salvi/ica
3369 4767 3625 4836 interpm

2045 4861 2215 4918 tatur;
2249 4868 2386 4908 tum
2415 4852 2714 4920 interjectio
2739 4851 3077 4922 deprecantis
3105 4865 3208 4912 est.
3239 4856 3294 4912 Si
3324 4874 3387 4913 ex
3413 4858 3624 4914 duobus

2044 4944 2126 4997 his
2152 4941 2284 4998 velis
2310 4943 2665 5013 compositum
2695 4945 2914 4999 verbum
2947 4945 3124 5002 facere
3142 4988 3156 5012 ,
3187 4947 3334 5004 dices
3363 4963 3586 5005 osum“
3606 4991 3622 5017 ,

2042 5035 2154 5089 sive
2192 5043 2250 5089 ut
2289 5051 2389 5090 nos
2432 5035 2729 5106 loquimur,
2759 5051 2996 5106 osanna,
3024 5039 3196 5095 media
3240 5041 3409 5096 vocali
3441 5042 3621 5101 littera

2041 5205 2272 5331 te
2297 5207 2624 5273 celeberrime,
2646 5211 2828 5263 deinde
2850 5227 2940 5278 pro
2963 5213 3205 5280 legebatur
3227 5217 3452 5269 Mss.duo
3468 5223 3625 5273 nostri

2117 5284 2232 5320 uur.

2109 5328 2164 5397 _(f)
2194 5332 2434 5389 Victorius
2465 5335 2620 5397 factus
2646 5342 2716 5385 est
2731 5335 2843 5397 hic;
2867 5343 2912 5388 et
2943 5343 3013 5388 est
3044 5338 3293 5397 mirabilis.
3322 5348 3419 5390 etc.
3445 5342 3627 5397 Sicque

2109 5355 2139 5392 υ
2151 5355 2164 5397 1
2205 5355 2434 5389 "emrtua
2465 5355 2620 5396 [actus
2646 5355 2715 5385 est
2731 5355 2843 5397 mc;
2867 5355 2911 5388 ei
2943 5355 3013 5388 est
3044 5355 3293 5397 nummus,
3322 5355 3419 5390 etc.
3445 5355 3496 5390 δι
3559 5356 3626 5394 ue

2040 5391 2225 5464 habent
2247 5403 2424 5467 vetera.
2455 5396 2676 5467 quaedam
2696 5398 2936 5467 l’salteria
2969 5410 3364 5467 ntanuexarata,
3388 5411 3440 5467 et
3461 5355 3626 5467 εἷλὲ]-

2039 5455 2242 5525 pri'anus'
2258 5455 2291 5506 l.
2315 5455 2654 5525 2._:l‘cs:timon.
2680 5462 2939 5525 Augustin.
2964 5475 3085 5525 vero
3105 5465 3260 5525 factus
3282 5455 3436 5522 est'ei,
3463 5470 3560 5513 etc.

2205 5516 2338 5588 U_nus
2361 5518 2448 5568 Ms.
2473 5519 2524 5569 in
2547 5520 2726 5572 Gracis
2750 5513 3013 5583 scripserit.

2202 5577 2513 5642 Cisterciens.
2535 5581 2729 5642 duoque
2751 5581 2831 5631 alii
2856 5583 2968 5632 Mss.
3004 5601 3013 5632 t

2045 5638 2056 5649 .
2107 5577 2172 5642 (11)
2202 5577 2513 5650 Cisterciens.
2535 5581 2729 5644 duoque
2751 5581 2831 5631 alii
2849 5577 2968 5632 Mss.
3004 5591 3318 5642 coarctamus,
3337 5587 3383 5632 et
3406 5584 3621 5646 cogimus

2038 5640 2378 5701 insonandum,
2405 5642 2491 5701 ita,
2518 5651 2616 5692 etc.

2107 5699 2156 5764 (i)
2187 5701 2300 5752 Mss.
2320 5703 2414 5752 duo
2439 5699 2600 5765 probae
2620 5710 2744 5754 notze
2769 5709 2942 5758 nouant
2957 5702 3145 5765 verbum
3168 5703 3445 5765 exprimens
3455 5711 3630 5765 peten-

2039 5761 2382 5879 gs'zﬁﬁt‘um;
2418 5761 2468 5816 et
2493 5763 2634 5828 paulo
2657 5773 2782 5829 post,
2812 5773 2933 5827 ergo
2953 5763 3082 5827 quod
3105 5771 3174 5816 est
3197 5761 3297 5826 osi,
3315 5761 3529 5834 salmﬂca
3549 5766 3628 5827 inc

2103 5837 2131 5879 ’1
2175 5838 2200 5874 l3
2275 5839 2303 5874 ll
2338 5860 2348 5872 .
2679 5861 2686 5870 .

2089 5835 2348 5888 rpretatur.
2679 5861 2686 5870 .
