4136 6332
327 385 426 443 381

261 535 291 575 .η
337 496 506 572 (Rom.
541 496 594 551 3.
619 495 733 563 20).
769 494 868 560 Et,
903 511 922 546 t
951 492 1095 547 misit
1130 492 1272 548 Deus
1316 490 1482 545 filium
1526 501 1679 544 suum
1709 488 1786 560 (a)
1819 487 1901 543 fa-

333 600 472 645 ctum
499 586 823 642 ex'muliere
851 604 870 638 ι
906 583 1063 657 (Gal.
1103 584 1156 639 4.
1181 584 1215 638 ~1
1236 583 1276 652 ),
1317 582 1408 652 qui
1435 581 1707 636 destructo
1729 579 1905 636 medio

330 682 528 751 pariete
553 721 568 746 ,
600 676 733 734 feel
757 687 978 747 utraque
1004 692 1164 731 unum
1194 675 1409 750 (Ephes.
1444 675 1499 728 Ξ.
1529 673 1610 745 2),
1642 681 1696 728 et
1724 680 1906 727 auste-

332 774 542 828 ritatem
571 772 730 842 Legis
758 771 1030 841 Evangelii
1066 771 1234 840 gratia
1265 767 1610 837 temperavit.
1658 766 1811 822 Unde
1853 772 1909 819 et

330 866 522 920 Paulus
549 865 614 918 ad
641 865 904 919 Ecclesias
926 862 1164 917 scribens
1193 879 1206 915 :
1241 879 1259 911 ι
1290 859 1470 915 Gratia
1505 858 1655 912 vobis
1674 899 1689 920 ,
1738 855 1908 924 inquit

332 967 382 1014 et
407 973 505 1026 pax
530 973 560 1011 a
593 957 702 1012 Deo
733 957 890 1011 Patre
919 964 1124 1020 nostro,
1149 963 1203 1008 et
1245 952 1469 1006 Domino
1487 951 1613 1006 Jesu
1641 949 1850 1004 Christo
1881 965 1899 998 ι

332 1051 352 1122 (
374 1051 520 1104 Rom.
557 1051 580 1103 1
609 1047 629 1120 )
657 1068 670 1104 :
701 1048 866 1119 gratia
889 1063 1007 1117 qua:
1041 1063 1146 1101 non
1175 1060 1241 1099 ex
1281 1044 1473 1098 merito
1502 1041 1779 1101 retributa,
1809 1039 1902 1093 sed

331 1156 394 1197 ex
420 1140 655 1196 donante
683 1154 938 1194 concessa
966 1148 1068 1193 est.
1103 1137 1209 1190 Pax
1258 1150 1390 1190 vero
1432 1147 1535 1203 qua
1581 1130 1909 1186 reconciliati

333 1231 442 1286 Deo
469 1245 674 1294 sumus,
711 1229 969 1282 trahentes
1009 1225 1409 1296 propitiatorem
1459 1221 1740 1276 Dominum
1781 1233 1909 1273 nos-

335 1330 467 1376 trum
496 1321 678 1376 Jesum
707 1318 998 1384 Christum,
1025 1317 1114 1386 qui
1139 1315 1356 1370 donavit
1391 1313 1543 1368 nobis
1573 1312 1764 1366 delicta
1809 1323 1911 1364 no-

333 1406 438 1468 stra
461 1430 474 1478 ;
498 1423 553 1468 et
581 1412 781 1468 delevit
806 1407 1218 1480 chirographum
1245 1407 1454 1468 mortis,
1474 1403 1613 1474 quod
1644 1411 1759 1458 erat
1777 1415 1909 1455 con-

335 1513 410 1558 tra
437 1517 558 1569 nos,
587 1502 808 1572 affigens
839 1501 969 1555 illud
998 1500 1143 1555 cruci
1173 1515 1190 1552 :
1216 1507 1268 1553 et
1294 1496 1621 1568 principatus
1669 1503 1724 1548 et
1758 1501 1912 1562 pote-

333 1603 494 1648 states
523 1593 648 1648 fecit
691 1591 944 1651 ostentui.
988 1589 1322 1657 triumphans
1355 1602 1448 1642 eas
1489 1587 1540 1639 in
1585 1585 1746 1654 ligno.
1782 1583 1912 1650 Qute

334 1699 504 1740 autem
521 1687 692 1754 major
709 1692 881 1753 potest
901 1697 1022 1736 esse
1038 1680 1342 1744 clementia,
1362 1693 1520 1747 quam
1540 1686 1596 1729 ut
1615 1675 1776 1728 Filius
1795 1674 1910 1740 Dei,

334 1777 563 1832 hominis
591 1776 756 1830 Filius
793 1774 867 1846 (ὁ)
891 1771 1238 1828 nasceretur?
1261 1770 1445 1824 decem
1471 1767 1730 1821 mensium
1763 1763 1912 1818 fasti-

333 1869 416 1924 dia
441 1867 771 1922 sustineret?
802 1876 984 1934 partus
1024 1869 1361 1932 exs-peetaret
1393 1857 1718 1913 adventum?
1745 1854 1914 1908 invo|~

335 1968 544 2014 veretur
566 1957 794 2026 pannis?
818 1956 1172 2023 subjiceretur
1190 1951 1498 2020 parentibus
1519 1949 1540 2000 ?
1564 1963 1658 2016 per
1678 1945 1915 2015 singulas

335 2049 572 2104 adoleret
597 2057 782 2102 tetates
805 2047 829 2099 .9
860 2045 927 2099 Et
955 2052 1078 2114 post
1106 2041 1459 2097 contumelias
1486 2052 1701 2098 vocum,
1734 2037 1915 2106 alapas

335 2150 388 2197 et
407 2141 630 2212 flagella,
651 2141 826 2195 crucis
847 2153 1058 2208 quoque
1079 2152 1177 2206 pro
1202 2135 1356 2188 nobis
1374 2133 1524 2186 ﬁeret
1550 2129 1915 2192 maledictum,

333 2243 392 2286 ut
422 2247 518 2286 nos
540 2247 570 2284 a
606 2230 887 2286 maledicto
909 2229 1040 2298 legis
1077 2227 1398 2284 absolveret,
1427 2223 1564 2276 Patri
1590 2222 1757 2274 factus
1781 2219 1916 2274 obe-

335 2321 484 2376 dieus
512 2337 679 2392 usque
709 2319 776 2374 ad
805 2329 1032 2373 mortem
1057 2332 1076 2370 :
1100 2325 1155 2370 et
1177 2314 1227 2368 id
1257 2329 1420 2382 Opere
1439 2312 1750 2380 compleret,
1775 2307 1915 2377 quod

333 2423 454 2466 ante
475 2428 540 2466 ex
567 2425 792 2481 persona
817 2407 1128 2462 mediatoris
1147 2406 1317 2458 fuerat
1336 2403 1678 2470 deprecatus,
1707 2400 1912 2453 dicens:
1945 2461 1953 2468 ,

339 2523 358 2556 ι
389 2505 548 2560 Pater
574 2505 719 2569 volo,
749 2512 806 2555 ιιι
831 2499 1100 2569 quomodo
1125 2513 1224 2568 ego
1249 2506 1302 2551 et
1327 2506 1381 2550 tu
1407 2511 1568 2550 unum
1608 2492 1629 2566 [
1654 2493 1725 2547 al.
1748 2491 1916 2564 idem]

332 2613 540 2661 sumus,
576 2597 645 2649 ita
665 2606 719 2650 et
747 2595 832 2648 isti
861 2595 911 2647 in
934 2593 1087 2646 nobis
1114 2606 1273 2645 unum
1301 2591 1405 2644 sint
1437 2607 1457 2641 ι
1485 2588 1664 2658 (Joan.
1690 2589 1774 2642 17.
1801 2587 1914 2657 22).

333 2689 483 2758 Ergo
558 2680 663 2758 71
739 2686 861 2755 quia
893 2684 958 2737 ad
989 2687 1089 2737 hoe
1118 2691 1370 2745 venerat,
1400 2693 1454 2734 ut
1485 2681 1624 2750 quod
1651 2689 1785 2743 erat,
1820 2680 1918 2731 im-

330 2779 593 2851 possibile
613 2777 788 2846 Legis,
808 2775 930 2845 quia
952 2789 1110 2828 nemo
1127 2789 1189 2827 ex
1209 2788 1268 2826 ea
1283 2771 1696 2842 justifieabatur,
1726 2769 1916 2824 inell'a-

336 2867 807 2925 bilimisericordia
837 2867 1095 2929 vinceret,
1121 2864 1434 2933 publicanos
1455 2872 1507 2918 et
1522 2871 1829 2932 peccatores
1849 2861 1916 2915 ad

338 2961 702 3029 paenitentiam
725 2955 1372 3028 provocabat,coovivium
1394 2969 1604 3024 quoque
1617 2968 1801 3007 eorum
1818 2967 1915 3006 ex-

338 3062 545 3123 petens,
576 3061 633 3104 ut
672 3051 724 3104 in
747 3048 1001 3104 convivio
1027 3045 1388 3100 docerentur:
1418 3045 1554 3098 sicut
1581 3043 1917 3096 manifestum

341 3161 456 3200 esse
482 3143 679 3214 poterit
699 3142 767 3205 ei,
797 3141 885 3210 qui
911 3138 1197 3208 Evangelia
1224 3139 1448 3192 sollicita
1477 3145 1655 3191 mente
1679 3138 1920 3206 perlege-

340 3237 426 3302 rit,
452 3233 722 3306 quomodo
743 3241 797 3287 et
820 3232 971 3286 cibus
996 3230 1115 3299 ejus
1143 3237 1197 3284 et
1223 3241 1408 3297 potus,
1442 3237 1497 3282 et
1534 3227 1914 3293 deambulatio,

341 3336 394 3382 et
419 3327 660 3380 universa
688 3339 807 3394 qua:
837 3322 1003 3392 gessit
1033 3323 1084 3375 in
1113 3335 1362 3390 corpore,
1385 3319 1614 3374 salutem
1642 3318 1916 3374 hominum

341 3416 694 3487 procurarint.
727 3414 842 3468 Hoc
862 3413 1104 3466 videntes
1130 3411 1332 3467 Scriba:
1353 3421 1406 3466 et
1429 3411 1702 3474 Pharisa‘i,
1728 3411 1918 3465 adver-

344 3523 431 3563 sus
451 3500 653 3577 Legem
675 3521 799 3560 eum
831 3505 1004 3559 facere
1031 3503 1320 3576 dicebant:
1359 3522 1378 3556 ι
1409 3503 1546 3558 Ecce
1575 3505 1734 3556 homo
1757 3518 1918 3556 vorax

341 3609 395 3655 et
417 3601 521 3654 vini
546 3608 776 3669 potator,
804 3597 1006 3650 amicus
1029 3595 1428 3666 publicanorum
1453 3606 1502 3648 et
1536 3605 1870 3664 peccatorum
1895 3612 1914 3646 ι

346 3690 572 3761 (Matth.
622 3688 838 3761 11.19)
904 3689 1035 3742 Nam
1088 3698 1210 3742 ante
1255 3687 1710 3756 reprehenderant
1755 3702 1920 3756 quare

344 3795 550 3837 curaret
573 3783 626 3836 in
647 3782 902 3836 sabbatis.
935 3780 1192 3834 Dominus
1230 3793 1398 3849 ergo,
1447 3789 1503 3832 ut
1551 3778 1688 3832 hanc
1731 3793 1934 3838 eorum.

346 3875 734 3928 accusatiOnem
763 3873 1016 3928 elementi
1047 3872 1256 3926 ratione
1283 3880 1592 3940 superaret,
1627 3880 1734 3924 tres
1762 3886 1920 3940 para-

347 3963 496 4022 bolas
526 3966 845 4036 proposuit:
877 3981 908 4019 e
937 3964 1133 4032 quibus
1160 3979 1261 4017 una
1284 3973 1386 4025 cst,
1417 3965 1700 4031 nonaginta
1731 3977 1920 4016 novem

347 4056 519 4108 ovium
549 4056 600 4109 in
629 4055 894 4108 montibus
916 4055 1247 4119 relictarum,
1273 4061 1322 4108 et
1352 4053 1506 4107 unius
1531 4051 1772 4120 perditae,
1803 4067 1922 4118 qua:

348 4146 575 4214 pastoris
603 4145 844 4200 humeris
888 4153 970 4198 est
998 4154 1229 4200 reveCIa.
1275 4143 1389 4200 Alia
1426 4142 1694 4197 drachma:
1715 4183 1729 4207 ,
1763 4157 1919 4211 quam

349 4238 536 4293 mulier
561 4253 789 4293 accenso
815 4220 1016 4292 lumine
1039 4237 1371 4307 perquisivit,
1399 4245 1450 4289 et
1482 4235 1692 4289 inventa
1728 4249 1811 4301 ea,
1838 4233 1920 4288 vi-

349 4329 493 4384 cinas
519 4329 584 4382 ad
613 4330 854 4383 laatitiam
885 4329 1234 4392 convocavit,
1259 4328 1442 4382 dicens
1468 4343 1481 4379 :
1533 4345 1551 4378 ι
1581 4326 1923 4396 Congratula-

348 4423 472 4477 mini
493 4421 642 4486 mihi,
662 4422 784 4491 quia
815 4421 990 4474 inveni
1020 4421 1328 4474 drachmam
1347 4434 1502 4488 quam
1534 4418 1869 4490 perdideram
1897 4437 1916 4470 ι

349 4513 367 4578 (
385 4515 510 4568 Luc.
543 4515 632 4570 15.
663 4515 696 4568 9
717 4515 758 4582 ).
791 4512 971 4568 Tertia
1001 4527 1129 4566 vero
1156 4513 1380 4566 duorum
1409 4511 1637 4566 filiorum
1660 4553 1675 4578 ,
1699 4509 1766 4566 de
1793 4526 1920 4580 qua,

350 4617 407 4660 ut
434 4606 760 4676 disputarem
792 4619 978 4674 pauca,
1002 4603 1228 4672 jussisti.

417 4701 468 4754 5.
502 4699 569 4754 Et
596 4699 664 4753 de
693 4713 793 4752 ove
823 4696 1063 4766 quidem,
1093 4710 1156 4750 ac
1183 4693 1436 4749 drachma
1457 4736 1471 4760 ,
1501 4693 1628 4748 licet
1661 4693 1727 4748 ad
1760 4709 1924 4748 unum

349 4791 648 4860 pertineant
677 4790 1027 4852 intellectum,
1058 4803 1162 4844 non
1185 4796 1266 4843 est
1289 4787 1441 4842 istius
1461 4787 1716 4856 temporis
1739 4787 1923 4855 dispu-

350 4885 476 4939 tatio
500 4902 515 4950 ;
545 4885 646 4939 hoc
671 4893 873 4938 tantum
897 4882 1097 4937 dixisse
1121 4879 1371 4943 sufficiat,
1395 4880 1464 4934 ob
1491 4879 1540 4934 id
1572 4879 1667 4933 has
1696 4880 1916 4948 parabo-

349 4975 424 5031 las
451 4992 568 5032 esse
595 4977 916 5048 propositas,
952 4984 1012 5029 ut
1039 4972 1308 5045 quomodo
1333 4973 1401 5025 ibi
1429 4972 1478 5024 in
1508 4972 1812 5026 inventione
1835 4987 1924 5041 pe-

349 5069 487 5122 coris
513 5078 566 5122 et
585 5069 852 5124 drachma:
873 5068 1055 5122 lmtitia
1084 5076 1164 5122 est
1189 5065 1530 5134 Angelorum,
1562 5073 1616 5118 et
1643 5065 1781 5118 circa
1808 5081 1924 5119 ma-

351 5160 586 5214 nentium
619 5161 953 5215 vicinarum:
1003 5159 1082 5212 sic
1121 5158 1172 5212 in
1221 5155 1624 5226 publicanorum
1674 5169 1923 5225 peccato-

349 5265 570 5320 rumque
621 5251 929 5320 poenitentia
952 5289 966 5315 ,
996 5248 1237 5302 omnium
1267 5245 1464 5300 debere
1491 5261 1610 5301 esse
1653 5246 1919 5313 laetitiam,

349 5341 536 5410 quibus
585 5356 689 5396 non
738 5349 824 5396 est
862 5338 1164 5394 necessaria
1205 5338 1536 5407 pmnitcntia.
1579 5336 1732 5393 Unde
1757 5338 1922 5393 γυιω-

414 5472 814 5541 (αὶαβιει-οἱθηε.
839 5473 928 5541 Itis.
955 5480 1193 5541 commate
1217 5473 1396 5535 factum
1419 5485 1482 5526 ea:
1504 5471 1704 5524 muliere
1726 5476 1921 5534 omisso,

346 5533 589 5599 substituit
613 5550 828 5599 sequens
856 5537 1036 5599 factum
1056 5533 1146 5599 s_ub_
1165 5533 1284 5599 tege.

413 5594 475 5664 (ὁ)
501 5599 593 5648 Pro
615 5594 893 5664 nosceretur
918 5594 1318 5664 Mss._Codd._'duo
1341 5597 1760 5664 putaret_ur._Hunc
1782 5611 1923 5660 porro

346 5657 500 5707 locum
527 5675 587 5708 ex
627 5660 924 5719 Hieronymo
946 5660 1138 5716 recitat,
1163 5657 1482 5719 atquerurget
1505 5657 1796 5719 Agobardus
1810 5673 1924 5710 con-

347 5726 416 5767 tra
440 5720 782 5786 Felicemcap.
810 5717 884 5772 10.
903 5719 993 5772 sed
1015 5719 1188 5770 vitiose
1209 5718 1335 5779 apud
1357 5717 1468 5767 eum
1484 5717 1722 5770 dementia
1739 5717 1921 5785 legitur

346 5793 430 5842 pro
449 5782 714 5833 clementia.

1704 360 2030 418 EI’ISTOLA
2073 359 2215 416 XXI.

3484 380 3593 437 582

2017 497 2226 542 menter
2253 486 2490 542 admiror
2509 528 2524 554 ,
2556 487 2944 546 Tertullianum
2975 491 3026 547 in
3055 507 3121 548 eo
3147 491 3304 561 libro,
3331 509 3488 564 quem
3520 495 3589 554 de

1967 635 1970 638 .
2013 580 2271 635 Pudicitia
2297 580 2578 634 adversum
2611 582 2983 650 pcenitentiam
3013 585 3256 655 scripsit,
3288 595 3344 640 et
3367 596 3589 642 senten-

2017 672 2142 728 tiam
2156 685 2410 739 veterem,
2426 689 2562 728 nova
2580 675 2830 742 Opinione
2845 669 3211 742 dissblvit,hoc
3229 679 3460 735 voluisse
3476 694 3595 735 sen-

2015 765 2219 835 tire,(c)
2237 767 2376 836 quod
2397 767 2664 820 Publicani
2682 776 2732 821 et
2755 776 3083 836 peccatores,
3112 769 3199 838 qui
3221 785 3340 824 cum
3365 771 3592 826 Domino

2015 858 2409 916 vescebantur.
2457 857 2670 911 Ethnici
2723 857 2961 923 fuerint,
3014 859 3225 913 dicente
3278 858 3592 928 Scriptura:

2022 967 2041 1000 ι
2074 948 2188 1002 Νοιι
2219 949 2323 1004 erit
2353 949 2572 1018 vectigal
2603 947 2842 1017 pendens
2871 964 2934 1003 ex
2967 947 3127 1003 Israel
3153 947 3172 1020 (
3199 947 3348 1002 Deut.
3378 949 3467 1006 25.
3501 951 3592 1005 18.

2017 1040 2291 1093 secundum
2324 1039 2474 1094 LXX
2503 1043 2520 1107 )
2547 1058 2559 1092 :
2589 1042 2739 1110 quasi
2768 1057 2895 1096 vero
2924 1050 2979 1095 et
3023 1041 3324 1108 Μςιιιιιιιξιιε,
3371 1057 3477 1097 non
3523 1059 3590 1100 ex

2015 1130 2438 1187 Circumcisione
2463 1132 2617 1186 fuerit
2641 1131 2980 1197 Publicanus,
3005 1141 3059 1186 et
3088 1132 3178 1186 ille
3198 1133 3286 1202 qui
3309 1147 3430 1187 cum
3456 1133 3597 1187 Pha-

2020 1221 2180 1276 risazo
2211 1221 2262 1274 in
2295 1221 2522 1290 Templo
2550 1236 2728 1286 orans,
2762 1223 2947 1276 oculos
2973 1223 3037 1276 ad
3068 1223 3262 1278 coelum
3293 1238 3397 1277 non
3427 1222 3598 1278 aude-

2017 1313 2106 1368 bat
2131 1315 2359 1385 erigere,
2391 1331 2500 1369 non
2533 1331 2595 1369 ex
2623 1313 2787 1371 Israel
2813 1315 2971 1370 fuerit
2996 1316 3316 1370 Publicanus
3340 1333 3352 1370 :
3376 1324 3468 1370 aut
3490 1329 3596 1371 non

2018 1405 2191 1461 Lucas
2215 1415 2477 1462 memoret
2507 1424 2521 1460 :
2561 1426 2579 1457 ι
2615 1407 2680 1462 Ει
2704 1409 2879 1463 omnis
2904 1408 3130 1477 populus
3146 1407 3385 1468 audiens.
3415 1417 3470 1462 et
3491 1407 3600 1462 Pu.

2018 1495 2213 1550 blieani
2227 1495 2651 1566 justificaverunt
2674 1497 2862 1560 Deum,
2885 1497 3133 1566 baptiznti
3155 1496 3599 1566 baptismoloan-

2019 1588 2103 1643 nis
2127 1607 2146 1639 ι
2182 1586 2331 1656 (Luc.
2355 1589 2408 1641 7.
2427 1587 2568 1657 29.);
2585 1597 2675 1641 aut
2701 1589 2948 1655 cuiquam
2967 1588 3223 1642 credibile
3248 1586 3599 1658 possitvideri

2020 1678 2306 1733 Ethnicum
2363 1678 2648 1747 Templum
2722 1679 2829 1749 72
2904 1679 3239 1748 ingressum.
3285 1687 3380 1732 aut
3409 1676 3594 1732 Domi-

2021 1785 2148 1823 num
2176 1784 2296 1822 cum
2329 1768 2568 1822 Ethnicis
2617 1768 2865 1822 habuisse
2891 1769 3214 1833 c0nvivium,
3244 1784 3364 1822 cum
3403 1767 3454 1821 id
3481 1782 3599 1821 ma-

2021 1859 2162 1914 xime
2188 1868 2420 1921 caveret,
2441 1875 2506 1914 ne
2529 1858 2720 1930 Legem
2743 1859 2952 1914 solvere
2977 1859 3275 1913 videretur:
3295 1868 3348 1911 et
3373 1859 3601 1928 primum

2021 1951 2230 2005 venerit
2278 1950 2343 2004 ad
2384 1965 2512 2004 oves
2556 1950 2788 2020 perditas
2827 1951 3018 2006 domus
3047 1950 3243 2016 Israel;
3283 1949 3603 2005 Chananaete

2023 2059 2235 2112 quoque
2281 2043 2588 2112 deprecanti
2643 2061 2738 2114 pro
2785 2045 2956 2098 salute
3006 2045 3161 2109 filim,
3203 2044 3542 2113 responderit
3584 2061 3598 2096 :

2029 2153 2048 2185 ι
2074 2133 2190 2188 Νοιι
2221 2143 2430 2202 oportet
2460 2135 2649 2188 tollere
2691 2150 2879 2203 panem
2917 2134 3145 2188 filiorum
3166 2176 3182 2200 ,
3231 2145 3285 2190 et
3313 2135 3443 2189 dare
3478 2148 3600 2188 eum

2024 2226 2268 2280 canibus.
2294 2227 2358 2279 Et
2387 2226 2512 2279 alibi
2541 2225 2820 2295 discipulis
2849 2227 3158 2296 prtcceperit
3185 2243 3199 2278 :
3232 2226 3286 2278 In
3311 2227 3448 2279 viam
3471 2239 3604 2294 gen-

2025 2317 2156 2371 tium
2185 2333 2253 2370 ne
2281 2317 2551 2383 abieritis,
2593 2327 2647 2372 et
2688 2319 2739 2372 in
2767 2319 3007 2372 civitates
3045 2318 3498 2372 Samaritanorum
3534 2331 3605 2372 ne

2022 2408 2349 2462 intraveritis
2380 2412 2397 2477 (
2424 2408 2609 2461 Matth.
2644 2409 2728 2462 10.
2757 2409 2850 2476 5).
2885 2410 2963 2462 Ex
2989 2409 3181 2477 quibus
3205 2409 3454 2462 omnibus
3473 2408 3602 2461 edo-

2025 2515 2214 2556 cemur
2235 2542 2248 2563 ,
2281 2501 2332 2554 in
2360 2501 2691 2567 Publicanis,
2723 2516 2828 2555 non
2861 2512 2964 2554 tam
2993 2501 3303 2564 Gentilium,
3327 2517 3485 2570 quam
3506 2515 3606 2570 ge-

2023 2594 2283 2648 neraliter
2311 2595 2546 2648 omniutn
2578 2603 2922 2664 peccatorum
2946 2636 2960 2659 ,
2996 2594 3044 2648 id
3075 2603 3179 2656 est,
3227 2596 3315 2664 qui
3353 2610 3509 2648 erant.
3553 2603 3607 2648 et

2022 2687 2090 2742 de
2116 2686 2400 2752 Gentibus,
2429 2688 2586 2761 etde
2625 2687 2824 2742 Jud:eis
2848 2729 2862 2749 ,
2906 2687 3073 2756 accipi
3123 2702 3278 2756 posse
3326 2701 3601 2756 personas.

2027 2778 2118 2832 llle
2147 2789 2322 2831 autem
2349 2778 2436 2847 qui
2469 2775 2562 2850 [αι.
2593 2776 2732 2850 quin]
2769 2778 2916 2845 juxta
2947 2779 3160 2831 insanas
3183 2789 3237 2832 et
3266 2778 3603 2845 blasphemas

2025 2867 2250 2924 feminas
2283 2883 2428 2928 suas.
2459 2869 2508 2923 id
2539 2869 2804 2938 dogmatis
2835 2869 3175 2934 defendebat,
3210 2886 3315 2939 quo
3341 2869 3605 2923 Christiao

2023 2975 2121 3015 nos
2150 2960 2317 3016 nollet
2340 2961 2566 3030 recipire
2610 2963 2950 3030 pmnitentes,
2983 2962 3178 3017 frustra
3209 2969 3606 3032 argumentatus

2023 3062 2127 3119 est,
2164 3053 2487 3108 Publicanos
2515 3053 2728 3108 Judzros
2751 3072 2857 3110 non
2894 3055 3075 3120 fuisse,
3111 3064 3167 3108 ιιι
3190 3055 3240 3108 in
3269 3068 3491 3124 persona
3513 3067 3606 3108 eo-

2023 3161 2144 3200 rum
2167 3145 2458 3200 Gentilium
2488 3155 2688 3199 tantum
2716 3147 2942 3216 populus
2967 3148 3134 3216 possit
3158 3145 3400 3216 intelligi.
3425 3145 3607 3213 Itaque

2024 3252 2094 3290 ne
2123 3236 2336 3306 longum
2366 3236 2591 3299 faciam,
2624 3237 2736 3307 ipsa
2767 3237 3042 3304 Evangelii
3077 3237 3232 3291 verba
3267 3251 3557 3305 proponam
3588 3251 3604 3300 ;

2025 3337 2080 3383 et
2118 3328 2170 3381 in
2201 3327 2414 3382 modum
2455 3330 2862 3396 commentarii,
2893 3327 3020 3398 quid
3047 3325 3176 3381 mihi
3219 3326 3464 3381 videatur
3487 3366 3502 3392 ,
3534 3323 3602 3380 ad

2025 3420 2231 3490 singula
2259 3436 2484 3490 qua-que
2508 3421 2840 3474 subuectant.

2095 3517 2150 3569 4.
2184 3515 2352 3569 Homo
2379 3515 2584 3582 quidam
2611 3515 2820 3568 [rubebat
2851 3514 2978 3568 duos
3009 3512 3181 3582 ﬁlios(
3207 3512 3332 3568 Luc.
3359 3513 3446 3568 15.
3479 3511 3534 3566 11
3561 3511 3601 3582 ).

2027 3605 2310 3660 Hominem
2344 3607 2504 3660 Demn
2533 3605 2659 3667 dici,
2694 3605 2872 3658 multis
2905 3605 3224 3658 testimoniis
3244 3604 3603 3673 approbatur,

2027 3707 2082 3750 ut
2114 3697 2185 3750 ibi
2219 3714 2233 3750 :
2269 3714 2288 3747 ι
2326 3697 2558 3749 Duorum
2589 3696 2862 3749 hominum
2897 3696 3255 3749 testimooium
3287 3709 3470 3747 verum
3501 3702 3604 3746 est.

2028 3788 2138 3856 Ego
2157 3788 2223 3841 de
2250 3803 2336 3841 me
2367 3788 2725 3841 testimonium
2760 3786 2899 3849 dico,
2929 3796 2982 3840 et
3008 3786 3166 3839 Pater
3193 3786 3280 3854 qui
3303 3799 3388 3838 me
3416 3783 3559 3836 misit
3581 3800 3602 3835 ι

2031 3879 2226 3950 (Joan.
2260 3879 2349 3933 10.
2386 3880 2470 3932 17.
2506 3879 2638 3942 18).
2675 3878 2731 3931 1n
2763 3879 2861 3931 alia
2890 3876 3138 3946 parabola
3169 3876 3376 3935 Pastor,
3416 3875 3467 3928 in
3504 3875 3608 3928 alia

2028 3973 2420 4044 paterfamilias
2455 3982 2823 4039 nuncupatur,
2866 3969 2918 4022 in
2950 3968 3050 4021 alia
3097 3970 3308 4020 vineam
3352 3966 3525 4030 locat,
3555 3965 3607 4019 in

2026 4064 2127 4118 alia
2157 4063 2343 4116 invitat
2371 4061 2436 4116 ad
2461 4061 2691 4130 nuptias,
2716 4070 2768 4113 et
2787 4059 3013 4114 diversis
3034 4057 3471 4113 similitudinibus
3493 4071 3608 4111 rem

2027 4157 2293 4229 significat
2317 4155 2590 4225 eamdem,
2613 4166 2669 4208 ut
2687 4153 2990 4208 Judmorum
3014 4151 3314 4221 superbiam
3337 4149 3606 4217 reprobet:
3643 4173 3650 4179 -

2027 4257 2081 4303 et
2111 4249 2162 4302 in
2190 4247 2458 4301 communi
2485 4244 2721 4299 omnium
2747 4253 3084 4313 peccatorum
3109 4283 3121 4302 ,
3152 4242 3263 4295 sive
3292 4240 3607 4304 Gentilium,

2028 4339 2141 4392 sive
2186 4337 2542 4392 lsraelitarutn
2587 4335 2956 4406 pmnitentiam
3002 4333 3209 4403 probet.
3251 4331 3402 4400 Quod
3433 4339 3609 4385 autem

2027 4429 2122 4495 ait,
2147 4429 2274 4482 duos
2301 4430 2454 4498 ﬁlios.
2487 4442 2676 4482 omnes
2701 4414 2834 4496 pene
2862 4427 3154 4494 Scriptura:
3175 4424 3243 4478 de
3269 4424 3495 4477 duorum
3515 4435 3610 4476 vo-

2027 4523 2239 4577 catione
2270 4522 2586 4591 populorum
2616 4520 2789 4590 plena:
2817 4527 2942 4572 sunt
2965 4517 3330 4571 sacramentis.

2100 4616 2156 4670 5.
2190 4632 2208 4665 ι
2239 4613 2306 4668 Et
2333 4613 2467 4667 dixit
2499 4611 2575 4665 illi
2600 4609 3026 4665 adolescentior:
3058 4608 3215 4662 Pater
3237 4607 3304 4661 da
3331 4605 3460 4660 mihi
3488 4621 3611 4676 por-

2031 4705 2230 4760 tionem
2276 4703 2623 4768 snbstantim,
2676 4717 2794 4772 qua:
2840 4716 2926 4756 me
2971 4699 3249 4770 contingit.
3283 4718 3303 4751 ι
3346 4697 3609 4754 Substan-

2031 4797 2102 4850 tia
2132 4796 2222 4849 Dei
2253 4802 2356 4860 est,
2385 4808 2545 4847 omne
2571 4793 2711 4862 quod
2735 4792 2984 4855 vivimus,
3009 4791 3266 4860 sapimus,
3291 4789 3609 4859 cogitamus,

2001 4893 2086 4946 .in
2115 4889 2275 4943 verba
2311 4887 2726 4957 prorumpinms.
2771 4885 2894 4940 Hrcc
2927 4884 3067 4938 Deus
3093 4883 3370 4954 :equaliter
3400 4884 3614 4937 univer-

2031 4982 2106 5035 sis
2133 4988 2187 5034 et
2217 4980 2267 5032 in
2296 4993 2580 5033 connnuue
2612 4977 2829 5047 largitus
2857 4984 2959 5040 est,
2992 4975 3329 5045 Evangelista
3359 4973 3608 5029 dicente:

2035 5090 2054 5124 ι
2087 5071 2216 5126 Erat
2244 5072 2333 5125 lux
2368 5085 2512 5135 vera,
2543 5085 2661 5140 qua:
2693 5069 2960 5123 illuminat
2987 5083 3201 5122 omnem
3233 5065 3501 5121 hominem
3523 5079 3610 5118 νου

2028 5166 2263 5220 nientem
2295 5167 2349 5220 in
2391 5164 2532 5219 hunc
2571 5163 2824 5218 mundum
2863 5182 2881 5216 ι
2931 5159 3134 5235 (Joan.
3164 5161 3216 5215 1.
3249 5160 3344 5230 9).
3373 5159 3480 5214 Iste
3519 5165 3604 5213 est

2080 5411 2160 5522 Xo)
2184 5407 2467 5484 Tertulliani
2487 5405 2718 5482 locuslib.
2733 5406 2806 5479 .de
2824 5405 3028 5478 Pudicit.
3043 5401 3206 5472 (δειλὲ).
3231 5407 3306 5448 est
3319 5393 3608 5456 huiusmodi,

2125 5481 2176 5522 ut
2191 5487 2232 5521 st
2257 5486 2365 5522 ours
2385 5471 2576 5518 dubttat
2610 5469 2830 5518 ethnicos
2865 5472 3014 5515 tuisse
3052 5462 3330 5522 publicanos
3363 5455 3486 5518 apud
3510 5454 3608 5522 Ju-

2035 5491 2057 5519 ι
2080 5454 2176 5522 Ᾰνιῖι
2191 5454 2830 5535 si'q'tt—is’dubitavt'ethnicos
2865 5454 3014 5535 fuisse
3052 5454 3486 5535 Pllblicanosiapud
3510 5454 3608 5535 gu-

2025 5514 2178 5585 6&5};
2191 5514 3108 5595 'uéiiﬁ'r'aii‘rFianf'iji’itiéiqrompéu
3137 5537 3299 5595 manu,
3331 5514 3608 5595 attipe‘ku:

2027 5579 2775 5658 colli:legat'Deutet’onornium
2802 5606 2813 5640 :
2838 5591 2943 5640 Non
2959 5579 3059 5658 erit
3076 5581 3281 5658 vectigal
3299 5579 3608 5658 1191199113?

2025 5644 2160 5707 filiis,
2178 5644 2348 5706 Israel.
2371 5674 2394 5700 ι
2426 5653 2635 5705 V’ocnlas
2663 5661 2825 5704 tamen
2864 5664 2928 5701 ea:
2967 5647 3082 5711 ﬁliis
3117 5648 3162 5693 in
3187 5645 3276 5692 hoc
3299 5644 3605 5711 Deuterono-

2025 5697 2847 5828 iiii"gisﬂpeg'ua‘éian'ﬁaat
2867 5697 2979 5760 ἶιόιί
3003 5709 3191 5771 legunt,
3226 5700 3415 5754 tametsi
3441 5697 3608 5748 Victo-

2026 5795 2128 5828 l'lus
2241 5795 2255 5828 Ι
2291 5793 2360 5828 eri
2387 5813 2402 5828 ο
2654 5815 2657 5818 -

2026 5784 2128 5832 rius
2148 5780 2402 5834 addiderit.
2654 5815 2657 5818 .
