4136 6332
515 373 623 434 583

516 497 706 553 dexter
741 487 950 556 oculus,
978 486 1120 558 quia
1156 481 1424 540 scandatis
1445 477 1811 538 observandus
1828 487 1948 535 est:
1978 477 2096 534 haec

517 589 736 644 lucerna
759 581 1002 653 corporis
1029 596 1045 636 :
1074 584 1179 636 hoc
1216 577 1475 633 talentum
1504 573 1647 645 quod
1680 588 1786 628 non
1825 583 1906 628 est
1934 573 1988 627 in
2014 587 2103 626 su-

515 677 670 733 dario
697 672 1080 744 eolligandum,
1108 670 1162 726 id
1186 678 1268 726 est
1286 709 1302 736 ,
1325 667 1552 724 delicate
1569 665 1852 735 otioseque
1871 672 2101 718 tractan-

516 768 644 824 dum
669 785 684 832 ;
717 781 816 821 nec
842 766 896 820 in
925 775 1065 819 terra
1095 759 1501 827 defodiendum,
1527 757 1757 812 terrenis
1779 754 1988 810 scilicet
2004 767 2100 808 co-

515 859 864 928 gitationibus
889 855 1309 912 obscurandum.
1505 837 1513 849 ’

539 946 544 951 ’
588 953 696 1024 73
768 952 823 1006 6.
849 950 949 1016 Qui
973 948 1142 1003 divisit
1170 947 1240 1001 eis
1260 942 1611 1000 substantiam.
1631 937 2028 1009 Signiﬁcantius
2047 937 2100 990 in

517 1046 708 1103 Graaco
735 1041 932 1114 legitur
975 1045 1142 1094 διεῖλεν
1175 1042 1336 1098 αὐτοῖς
1362 1045 1440 1090 τόν
1471 1044 1602 1105 βίον,
1630 1030 1683 1086 id
1710 1041 1818 1094 est,
1847 1029 1995 1085 dedit
2022 1027 2102 1082 eis

517 1139 744 1194 liberum
770 1133 1079 1196 arbitrium,
1107 1127 1257 1183 dedit
1282 1125 1475 1181 mentis
1511 1122 1743 1193 propria:
1775 1120 2097 1184 libertatem,

433 1253 440 1260 ν
514 1239 574 1286 ει
610 1238 669 1282 ιιι
707 1227 912 1281 viveret
941 1220 1310 1290 unusquisque
1357 1231 1464 1270 non
1491 1230 1558 1270 ex
1605 1211 1831 1282 itnperio
1863 1210 1956 1264 Dei
2004 1207 2098 1264 sed

515 1315 776 1384 obsequio
795 1329 911 1377 suo,
938 1311 990 1366 id
1007 1319 1109 1372 est,
1131 1323 1236 1363 non
1259 1322 1323 1362 ex
1343 1305 1679 1368 necessitate,
1709 1301 1799 1356 sed
1823 1316 1887 1355 ex
1905 1298 2096 1352 volun-

519 1423 650 1476 tate,
700 1421 759 1466 ut
789 1410 956 1464 virtus
996 1405 1221 1460 haberet
1247 1402 1445 1464 locum,
1486 1407 1544 1452 ut
1572 1413 1600 1450 a
1627 1394 1837 1451 caeteris
1851 1394 2099 1447 animan-

521 1505 664 1559 tibus
689 1503 1036 1562 distaremus,
1063 1495 1191 1549 dum
1212 1481 1610 1558 adwcxemplum
1636 1487 1748 1551 Dei,
1781 1483 2098 1554 permissum

516 1605 602 1650 est
631 1594 786 1650 nobis
813 1591 992 1646 facere
1019 1585 1162 1657 quod
1188 1584 1434 1639 velimus.
1460 1578 1610 1636 Unde
1632 1587 1685 1632 ct
1706 1571 1757 1630 in
1789 1585 2100 1645 peccatores

521 1702 734 1756 mquam
758 1681 1042 1753 judicium,
1067 1687 1122 1732 ct
1149 1677 1201 1730 in
1227 1681 1446 1728 sanctos
1471 1680 1526 1725 et
1541 1670 1716 1739 justos
1735 1668 1937 1736 justum
1963 1680 2100 1734 pra:-

517 1778 685 1832 miutn
716 1773 1102 1829 retribueretur
1129 1766 1242 1839 [aL
1275 1763 1576 1817 retribuetur
1590 1757 1633 1830 ].

590 1871 643 1923 7.
678 1865 940 1933 Quomodo
961 1876 1132 1915 sumus
1149 1874 1258 1914 sum
1281 1854 1408 1919 Deo,
1431 1853 1507 1907 vel
1532 1852 1595 1904 ab
1616 1866 1672 1904 eo
1702 1847 2099 1902 discedimus.—

513 1961 588 2016 Ει
619 1976 718 2013 non
744 1966 854 2028 post
870 1955 1054 2009 ntultos
1075 1951 1201 2015 dies,
1224 1946 1447 2001 collectis
1464 1942 1716 2004 omnibus,
1737 1939 2101 1993 adolescentior

521 2053 658 2121 ﬁlius
704 2064 908 2119 peregre
931 2047 1187 2115 profectus
1215 2051 1286 2094 est
1313 2041 1364 2092 in
1388 2038 1641 2108 regionem
1669 2035 2015 2102 longinquam.
2044 2029 2098 2085 Si

521 2150 662 2203 Deus
688 2143 885 2200 ctutum
914 2149 1058 2193 tenet
1087 2136 1283 2205 palmo,
1311 2142 1366 2186 et
1391 2142 1586 2184 terram
1616 2127 1814 2197 pugillo
1839 2143 1851 2176 :
1885 2134 1938 2177 et
1960 2123 2102 2178 lere-

520 2240 654 2293 tttias
681 2235 828 2297 dicit,
849 2231 986 2284 Deus
1001 2207 1415 2298 appropinquans
1435 2237 1454 2276 :
1471 2231 1514 2274 et
1535 2236 1634 2273 non
1661 2218 1794 2271 Deus
1821 2218 1881 2270 de
1901 2218 2102 2287 longin-

517 2347 616 2400 quo
642 2325 857 2398 (Jerem.
883 2322 980 2392 εδ)
1004 2337 1019 2375 :
1045 2334 1138 2390 per
1167 2315 1331 2372 David
1359 2328 1600 2384 quoque,
1626 2311 1747 2380 quia
1776 2309 1953 2364 nullus
1973 2309 2100 2364 abs-

519 2438 624 2492 que
649 2434 716 2473 eo
743 2419 893 2471 locus
932 2414 1024 2477 sit,
1073 2408 1428 2480 praedicatur;
1482 2401 1754 2472 quomodo
1782 2400 1921 2454 lilius
1951 2414 2104 2467 pere-

519 2529 612 2584 gre
640 2506 1013 2580 proﬁciscitur,
1031 2511 1086 2557 et
1104 2516 1133 2554 a
1156 2511 1309 2569 patre
1324 2495 1588 2552 discedit?
1609 2493 1884 2549 sciendum
1919 2493 2097 2562 igitur.

521 2621 628 2660 non
660 2604 895 2656 locorum
924 2595 1110 2665 spatiis
1137 2634 1153 2658 ,
1183 2590 1280 2646 sed
1309 2588 1522 2653 ati‘ectu,
1567 2595 1659 2639 aut
1705 2599 1826 2640 esse
1853 2599 1953 2639 nos
1980 2598 2100 2636 cum

522 2697 655 2757 Deo,
683 2699 774 2745 aut
798 2689 865 2743 ab
888 2701 954 2742 eo
978 2681 1274 2738 discedere.
1307 2677 1586 2745 Quomodo
1614 2677 1756 2730 enim
1780 2675 1844 2728 ad
1865 2675 2104 2742 discipu-

520 2787 604 2842 los
629 2782 863 2852 loquitur
899 2795 914 2832 :
946 2776 1078 2830 Ecce
1107 2789 1197 2844 ego
1222 2770 1473 2826 vobiscum
1499 2785 1611 2823 sum
1649 2766 1880 2820 omnibus
1905 2765 2100 2829 diebus,

521 2890 678 2946 usque
703 2871 772 2926 ad
798 2865 1276 2924 consummationem
1297 2861 1471 2917 saculi
1499 2859 1713 2930 (Matth.
1741 2859 1830 2914 28.
1861 2857 1953 2929 9.0)
1989 2876 2002 2912 :
2032 2859 2101 2911 ita

520 2967 588 3022 ad
619 2980 713 3020 eos
739 2962 830 3033 qui
874 2957 957 3014 sui
999 2955 1314 3027 jactantiam
1358 2952 1647 3022 prtet'eruut
1673 2991 1688 3013 ,
1718 2960 1772 3005 et
1813 2963 1935 3004 esse
1981 2963 2103 3004 cum

521 3058 748 3114 Domino
792 3068 900 3110 non
929 3057 1234 3114 merentur,
1266 3045 1440 3102 dicit:
1474 3042 1730 3098 Discedite
1785 3060 1817 3096 a
1863 3059 1960 3108 me,
2005 3059 2104 3098 non

521 3151 635 3206 noui
679 3165 786 3214 vos,
813 3145 904 3216 qui
953 3139 1236 3212 operamini
1284 3137 1602 3208 iniquitatem
1635 3133 1798 3205 (Ibid.
1828 3135 1880 3188 7.
1913 3135 2028 3203 25).

594 3241 652 3296 8.
691 3237 914 3294 Recessit
933 3250 1052 3303 ergo
1086 3231 1268 3302 junior
1295 3229 1433 3298 filius
1457 3243 1574 3282 cum
1610 3226 1844 3280 universa
1871 3225 2106 3283 substan-

521 3334 594 3386 tia
615 3348 649 3385 a
675 3337 817 3400 patre
839 3369 855 3394 ,
879 3335 928 3381 et
959 3339 1167 3395 peregre
1193 3324 1446 3392 profectus
1474 3329 1567 3374 est.
1596 3318 1662 3372 Et
1680 3317 1812 3373 Cain
1853 3331 2104 3388 egressus

522 3441 551 3475 a
585 3419 720 3474 facie
748 3417 959 3473 Domini
988 3414 1249 3469 habitavit
1275 3412 1329 3466 in
1358 3420 1499 3466 terra
1529 3409 1671 3464 Naid
1693 3451 1709 3475 ,
1753 3411 1894 3480 quod
1942 3410 2105 3465 inter-

526 3522 803 3584 pretatur,
830 3508 1118 3580 ﬂuctuatio.
1143 3505 1475 3574 Quicumque
1516 3518 1550 3558 a
1596 3503 1706 3557 Deo
1731 3502 1953 3566 recedit,
1992 3513 2105 3556 sta-

527 3605 621 3659 tim
659 3601 840 3658 szeculi
869 3598 1116 3654 ﬂuctibus
1139 3597 1376 3667 quatitur
1399 3603 1454 3650 et
1473 3604 1757 3649 moventur
1772 3593 1934 3664 pedes
1963 3594 2100 3662 ejus.

521 3695 654 3752 Nam
686 3704 962 3765 postquam
993 3691 1123 3746 moti
1153 3697 1280 3745 sunt
1307 3687 1553 3744 homines
1593 3689 1662 3742 ab
1708 3690 1938 3752 oriente,
1971 3697 2027 3742 et
2071 3702 2102 3742 a

521 3803 653 3842 vero
679 3785 880 3841 lumine
904 3791 1262 3848 recesserunt,
1289 3790 1414 3836 tunc
1433 3780 1691 3835 adversus
1713 3779 1880 3834 Deum
1909 3778 2102 3848 impie-

521 3879 648 3932 tatis
671 3892 783 3931 sua:
809 3873 1140 3930 aediﬁcavere
1172 3871 1358 3927 turrim
1382 3887 1397 3937 ;
1427 3879 1553 3926 tunc
1580 3870 1883 3940 dogmatum
1911 3885 2102 3940 super-

525 3968 642 4023 hias
687 3964 1082 4030 conﬁnxerunt,
1111 3964 1353 4018 volentes
1383 3962 1696 4017 curiositate
1725 3977 1833 4016 non
1861 3961 2004 4015 licita
2050 3961 2102 4015 in

521 4061 688 4130 ipsius
714 4059 837 4114 costi
867 4058 973 4112 alta
1005 4066 1307 4126 penetrare.
1343 4054 1408 4110 Et
1457 4064 1678 4109 vocatus
1718 4062 1802 4110 est
1830 4054 1984 4108 locus
2013 4053 2104 4107 ille

524 4150 705 4215 Babel,
733 4151 784 4204 id
809 4158 914 4216 est,
947 4148 1202 4219 confusio.
1239 4172 1248 4180 -

597 4242 650 4297 9.
672 4241 736 4295 Et
751 4241 820 4295 ibi
837 4241 1101 4308 dissipavit
1117 4238 1450 4294 substantiam
1461 4255 1628 4304 suam,
1640 4238 1806 4292 virens
1823 4237 2101 4293 luxuriose.

523 4333 758 4392 Luxuria
790 4331 1002 4386 inimica
1033 4331 1164 4397 Deo,
1186 4330 1399 4384 inimica
1473 4327 1582 4399 74
1653 4328 1957 4392 virtutibus,
1977 4343 2104 4398 per-

523 4423 605 4480 dit
617 4438 830 4478 onmem
847 4421 1198 4478 subsumtiam
1217 4419 1382 4490 patris
1396 4436 1412 4486 ;
1425 4429 1480 4475 et
1500 4420 1565 4473 ad
1584 4433 1818 4488 praisens
1835 4421 2107 4488 voluptate

523 4514 810 4580 deliniens,
833 4515 1062 4569 futuram
1091 4528 1199 4568 non
1230 4512 1359 4566 sinit
1377 4511 1614 4581 cogitare
1641 4519 2030 4580 paupertatem.

509 4657 511 4661 .
597 4607 689 4661 10.
730 4608 953 4676 Cumque
994 4606 1386 4676 consumpsisset
1433 4604 1625 4670 omnia,
1666 4607 1802 4676 facta
1843 4613 1916 4656 est
1945 4603 2106 4672 fames

523 4695 695 4750 valida
724 4713 812 4766 per
835 4698 1087 4766 regionem
1119 4696 1285 4751 illam.
1317 4697 1614 4765 Acceperat
1643 4709 1673 4748 a
1705 4704 1854 4764 patre
1881 4694 2106 4750 faculta-

527 4798 630 4854 tes,
659 4798 715 4842 ut
735 4787 1019 4842 invisibilia
1057 4788 1176 4857 ejus
1202 4803 1297 4857 per
1321 4803 1384 4841 ea
1414 4802 1534 4857 qua:
1559 4794 1714 4841 erant
1738 4785 1968 4842 visibilia
2009 4800 2105 4840 co-

523 4889 809 4951 gnosceret
831 4921 846 4946 ,
876 4889 932 4934 et
959 4894 1028 4934 ex
1072 4879 1472 4949 pulchritudine
1504 4889 1869 4934 creaturarum
1916 4891 2107 4948 conse-

526 4983 754 5044 quenter
774 4972 1092 5042 intelligeret
1121 4971 1454 5028 Creatorem.
1483 4972 1587 5038 Qui
1617 4972 1895 5028 veritatem
1929 4970 2007 5041 (a)
2052 4971 2103 5025 in

525 5064 781 5134 injustitia
808 5062 1087 5128 detinens,
1115 5072 1171 5117 et
1201 5077 1298 5132 pro
1329 5061 1438 5117 Deo
1478 5061 1620 5116 idola
1645 5063 1848 5126 colens,
1899 5070 2106 5117 natura

531 5155 667 5209 bona
698 5154 945 5208 universa
982 5152 1352 5220 consumpsit:
1376 5160 1431 5206 et
1471 5151 1805 5221 consumptis
1832 5152 2098 5217 omnibus,

528 5245 692 5313 coepit
714 5257 875 5313 egere
893 5241 1199 5306 virtutibus,
1223 5241 1484 5296 derelicto
1507 5241 1652 5296 fonte
1684 5243 1960 5297 virtutum.
1998 5241 2106 5296 Fa-

534 5344 617 5388 cta
655 5343 727 5388 est
757 5337 918 5404 fames
942 5331 1113 5385 ualida
1145 5346 1233 5400 per
1255 5331 1513 5401 regionem
1552 5331 1714 5385 illam.
1742 5333 1929 5387 Omnis
1959 5333 2106 5387 locus

529 5439 686 5494 quem
705 5432 856 5494 patre
881 5421 1164 5476 incolimus
1189 5420 1432 5485 absente,
1459 5418 1635 5488 famis,
1658 5423 1891 5490 penuriae
1910 5431 1961 5478 et
1982 5437 2109 5493 ege-

527 5518 680 5572 statis
704 5527 806 5573 est.
841 5513 1023 5570 Famis
1052 5513 1124 5585 (b)
1152 5521 1331 5568 autem
1359 5514 1482 5580 μιτά
1508 5519 1739 5584 inparem;
1782 5513 1958 5570 valide
1991 5513 2107 5568 lucc

593 5699 660 5822 in)
695 5699 839 5772 Haud
863 5700 996 5768 bene
1014 5697 1260 5746 Victorius
1277 5697 1329 5744 in
1342 5697 1552 5756 justitia.
1671 5757 1682 5768 .

619 5764 666 5823 θ)
701 5759 1008 5829 ltiultttartam
1025 5757 1186 5829 locum
1210 5757 1358 5818 hunc,
1391 5765 1442 5806 et
1465 5764 1941 5829 praesertim.ng
1961 5766 2109 5829 voces

524 5815 779 5885 hucusque
792 5823 1063 5882 depravant
1081 5818 1296 5870 editores
1304 5815 1490 5869 omnes.
1514 5817 1575 5870 Et
1588 5815 1884 5869 vetustiores
1909 5815 2108 5878 quidem

1822 362 2060 423 SANCTI
2095 360 2474 422 HIERONYMI

3685 381 3793 442 584

2208 487 2290 534 est
2316 479 2485 550 regio,
2508 479 2576 536 de
2601 494 2702 551 qua
2735 481 2932 537 dicitur
2960 499 3060 555 per
3093 485 3414 555 Prophetam
3449 504 3464 542 :
3499 491 3605 558 Qut
3642 493 3789 550 habi-

2205 571 2321 624 tatis
2344 570 2396 623 in
2435 572 2639 641 regione
2664 573 2858 627 umbrat
2887 576 3064 631 mortis
3083 616 3098 640 ,
3147 577 3240 630 lux
3265 577 3476 649 fulgebit
3515 595 3679 653 cuper
3703 601 3790 643 vos

2208 661 2342 734 (ιω.
2371 662 2425 718 9.
2446 663 2526 735 2).
2558 667 2627 720 At
2653 676 2839 721 contra
2863 676 2949 723 est
2971 669 3074 724 alia
3094 670 3264 740 regio,
3289 678 3452 741 qum
3485 683 3789 745 possessuri

2205 769 2391 810 sumus
2413 757 2613 810 mundo
2637 756 2800 813 corde
2825 768 2986 827 atque
3017 775 3152 829 puro
3181 762 3442 829 viventes,
3475 781 3637 836 quam
3661 785 3790 826 san-

2205 854 2324 900 ctus
2352 846 2515 901 David
2540 846 2832 914 desiderat,
2864 849 3092 906 dicens:
3119 851 3282 906 Credo
3325 856 3496 911 uidere
3521 858 3652 914 bona
3679 861 3790 917 Do-

2207 938 2332 991 mini
2356 939 2410 992 t'n
2431 947 2572 992 .terra
2600 939 2866 995 viventium
2891 941 3062 1010 (Psal.
3089 942 3179 997 ‘26.
3209 943 3324 1016 15).

2279 1031 2365 1084 11.
2408 1029 2475 1084 Ει
2505 1031 2612 1099 ipse
2632 1033 2780 1102 ctepit
2807 1049 2971 1103 egere,
2998 1044 3044 1088 et
3071 1036 3215 1102 abiit,
3244 1047 3292 1091 et
3317 1039 3580 1108 conjunxit
3607 1060 3662 1097 se
3701 1046 3791 1100 uni

2205 1118 2269 1172 de
2288 1119 2598 1190 principibus
2623 1123 2843 1192 regionis
2870 1123 3030 1178 illius.
3061 1125 3286 1181 Deserto
3313 1130 3574 1196 nutricio,
3602 1135 3692 1202 qui
3718 1137 3783 1190 ad

2208 1209 2432 1275 primam
2461 1227 2644 1267 vocem
2677 1214 2814 1268 bona
2839 1214 2890 1270 ei
2912 1213 3084 1270 fuerat
3109 1225 3299 1271 cuncta
3329 1218 3550 1289 largitus
3570 1265 3585 1286 ,
3612 1223 3789 1292 junxit

2205 1314 2263 1355 se
2285 1301 2508 1370 principi
2534 1302 2692 1373 hujus
2719 1304 2923 1370 mundi,
2951 1304 3004 1360 id
3026 1315 3130 1372 est,
3153 1307 3387 1374 diabolo,
3415 1313 3610 1367 rectori
3640 1324 3788 1371 tene-

2205 1393 2443 1452 brarum.
2477 1395 2548 1465 (c)
2579 1396 2746 1463 Quem
2798 1412 2942 1452 nunc
2991 1399 3266 1454 inimicum
3297 1402 3598 1469 hominem,
3645 1423 3787 1465 nunc

2199 1484 2434 1553 judicem
2486 1485 2812 1555 iniquitatis,
2863 1503 3005 1544 nunc
3049 1489 3358 1555 draconem,
3406 1509 3546 1550 nunc
3595 1494 3782 1568 Satan,

2206 1591 2346 1631 nunc
2376 1576 2649 1644 malleum,
2687 1593 2828 1633 nunc
2854 1579 3145 1648 perdicem,
3201 1598 3344 1637 nunc
3385 1583 3586 1652 Belial,
3645 1605 3786 1646 nunc

2208 1668 2503 1736 rugientem
2535 1670 2765 1735 leonem,
2797 1687 2940 1726 nunc
2965 1672 3277 1740 Leviathan,
3307 1692 3448 1732 nunc
3475 1678 3779 1749 Tttaninim,

2207 1773 2348 1813 nunc
2374 1759 2692 1826 Behemmb,
2720 1769 2776 1816 et
2821 1762 3004 1816 multis
3028 1763 3148 1820 aliis
3199 1765 3473 1824 vocabulis
3511 1771 3784 1841 Scriptura

2205 1851 2568 1920 cognominat.
2623 1851 2778 1919 Quod
2825 1861 3005 1908 autem
3059 1855 3156 1919 ait,
3211 1857 3301 1910 uni
3346 1858 3410 1911 de
3453 1861 3781 1930 principibus,

2207 1943 2388 2012 plures
2407 1959 2529 2000 esse
2560 1945 2960 2015 intelligendum
2987 1957 3091 2012 est,
3129 1948 3217 2016 qui
3241 1964 3338 2018 per
3377 1951 3536 2006 istum
3567 1954 3786 2010 volitent

2205 2051 2408 2099 aerem,
2441 2044 2494 2090 et
2523 2035 2860 2092 diversorum
2885 2037 3072 2094 fraude
3106 2041 3381 2109 vitiorum,
3406 2058 3574 2112 genus
3617 2047 3788 2102 homi-

2208 2142 2334 2180 num
2362 2140 2472 2180 sua:
2503 2126 2790 2195 subjiciant
2817 2129 3080 2204 servituti.

2279 2215 2367 2273 12.
2405 2219 2506 2286 Qui
2532 2221 2665 2274 misit
2717 2221 2864 2274 illum
2905 2223 2960 2275 in
3003 2239 3182 2293 agrum
3221 2240 3404 2293 suum,
3453 2238 3506 2281 ut
3563 2241 3787 2296 pasceret

2208 2329 2408 2382 porcos.
2434 2312 2636 2367 Porcus
2662 2314 2858 2367 animal
2889 2314 3221 2369 immundum
3248 2326 3351 2382 est,
3383 2319 3522 2388 quod
3551 2335 3706 2376 cinno
3731 2332 3790 2378 et

2206 2404 2458 2458 sordibus
2486 2404 2804 2460 delectatur.
2833 2403 2979 2459 Talis
3020 2414 3104 2460 est
3143 2407 3448 2462 dmmonum
3477 2412 3784 2479 multitudo,

2208 2511 2327 2565 quin
2401 2495 2506 2567 75
2585 2510 2680 2565 per
2702 2494 2841 2549 idola
2866 2495 3190 2560 manulacta,
3211 2499 3496 2567 (l)cruore
3521 2503 3785 2571 pecudum

2207 2597 2263 2640 et
2285 2587 2519 2639 victimis
2541 2589 2810 2655 pascitur;
2831 2593 2886 2640 et
2907 2586 3200 2642 novissime
3216 2589 3540 2658 saginatiore
3559 2593 3786 2662 quadam

2211 2677 2411 2743 hostia,
2449 2677 2618 2746 ipsius
2640 2677 2876 2732 hominis
2913 2687 3087 2733 morte
3139 2688 3434 2736 saturatur.
3463 2683 3607 2738 Itisit
3657 2701 3786 2756 ergo

2208 2789 2330 2826 eum
2361 2773 2413 2826 in
2446 2773 2839 2841 possessionem
2863 2787 3036 2839 suam,
3061 2772 3115 2827 id
3143 2782 3247 2838 est,
3269 2791 3432 2844 suum
3461 2775 3637 2832 elfecit
3667 2794 3788 2836 esse

2211 2863 2489 2926 famulum,
2537 2871 2593 2916 ut
2625 2851 2871 2933 pasceret
2897 2878 3122 2934 porcos,
3151 2865 3433 2922 immolans
3476 2867 3527 2922 ei
3551 2868 3787 2926 animam

2209 2971 2384 3011 suam.

2281 3050 2369 3104 15.
2403 3046 2469 3102 Et
2489 3047 2720 3117 cupiebat
2741 3047 2951 3113 implere
2971 3057 3188 3103 ventrem
3213 3065 3360 3104 suum
3374 3049 3436 3104 de
3461 3051 3654 3122 siliquis
3671 3068 3790 3121 per-

2209 3154 2415 3203 carum;
2450 3148 2496 3192 et
2523 3153 2668 3196 nemo
2688 3138 2766 3192 illi
2787 3138 2962 3192 dabat.
2985 3138 3202 3208 Inquod
3251 3140 3302 3194 in
3355 3141 3634 3198 Ezechiele
3664 3157 3787 3198 cum

2212 3232 2579 3301 increpatione
2600 3231 2795 3286 dicitur
2821 3231 2888 3286 ad
2913 3231 3212 3286 Jerusalem
3247 3249 3260 3286 :
3297 3230 3365 3286 Et
3393 3237 3584 3303 factum
3620 3247 3694 3288 est
3734 3235 3789 3288 in

2211 3337 2258 3379 te
2283 3340 2571 3394 perversum
2599 3324 2735 3377 ultra
2763 3324 2997 3378 mulieres
3023 3323 3098 3394 (Δ)
3123 3339 3236 3392 qua:
3255 3335 3371 3378 ante
3407 3326 3791 3397 fornicationem

2211 3427 2372 3480 tuam,
2423 3424 2607 3485 etpost
2639 3425 2686 3469 te
2708 3423 2824 3468 scunt
2877 3416 3177 3485 fornicata,
3226 3415 3281 3468 in
3326 3430 3384 3469 eo
3426 3415 3562 3486 quod
3604 3417 3786 3470 dedisti

2207 3559 2312 3608 ’λὶμνου
2321 3559 2466 3610 ισχιιρου
2474 3545 2596 3597 idest
2613 3545 2770 3597 valide
2781 3584 2793 3607 ,
2805 3546 2996 3610 adscitis
3008 3559 3069 3596 ex
3085 3545 3351 3610 Evangelia
3363 3549 3526 3597 verbis
3536 3548 3788 3610 legebant,

2209 3608 2636 3674 quam_'lectionem
2657 3608 2921 3658 emendare
2942 3617 3144 3658 conatus
3160 3608 3384 3658 Erasmus
3401 3623 3431 3658 e
3450 3608 3793 3674 manuscriptis

2209 3671 2475 3732 substituit,
2489 3679 2657 3720 Fontes
2672 3677 2828 3720 autem
2842 3683 2934 3731 μιτά
2949 3683 2987 3720 ιιι
3003 3684 3160 3727 στάσιος
3173 3682 3325 3732 ισχυρὸς.
3343 3679 3460 3720 Ηωε
3474 3676 3560 3732 est,
3570 3677 3665 3720 etc.
3679 3671 3793 3732 quas

2212 3731 2453 3781 Victorius
2475 3732 2525 3779 in
2549 3744 2609 3780 eo
2633 3739 2816 3780 tantum
2845 3729 2946 3779 non
2971 3733 3155 3792 prohat,
3177 3729 3304 3792 quod
3330 3743 3502 3788 um
3522 3729 3792 3791 legendum

2211 3793 2331 3842 velit
2355 3804 2440 3853 pro
2464 3805 2634 3850 ικςιωως
2656 3793 2784 3854 quod
2802 3791 2993 3854 scilicet
3014 3805 3156 3854 ικτως
3166 3791 3546 3854 productionem,
3571 3794 3678 3841 sive
3703 3807 3794 3843 ex-

2211 3853 2762 3918 tensionemsigniticet,
2782 3853 3006 3918 di_ctaqu_c
3026 3856 3088 3918 sit
3105 3853 3256 3918 fames
3275 3853 3353 3902 illa
3367 3866 3477 3902 cum
3498 3855 3794 3918 extensione

2213 3914 2382 3963 valida.
2410 3913 2793 3978 Sedu'terquea
2816 3913 3137 3978 Benedictum
3171 3914 3359 3964 editore
3383 3915 3588 3976 vapulat,
3615 3915 3700 3977 qui
3727 3915 3795 3963 lo-

2211 3990 2321 4025 cum
2357 3977 2576 4039 suhsidio
2611 3975 3185 4039 décemrexemplarium
3228 3975 3658 4039 niauusa‘iptonun
3703 3979 3793 4039 sibi

2210 4038 2479 4145 gratulatur
2518 4039 2582 4108 ita
2622 4038 2900 4106 restituisse
2919 4072 2934 4095 ,
2960 4037 3120 4109 Famis
3169 4043 3326 4110 autem
3363 4037 3600 4110 μταᾷρναςις
3623 4037 3796 4110 .tvalide

2229 4111 2317 4145 1th
2340 4105 2410 4145 est
2432 4112 2580 4145 remo.
2599 4107 2693 4145 etc.
2715 4100 2814 4145 Nos
2835 4097 3027 4145 Grzt-cas
3050 4097 3245 4145 litteras
3263 4111 3310 4145 In
3327 4106 3662 4145 tuanuscrtntts
3685 4101 3795 4145 hac-

2229 4101 2317 4148 iwc
2340 4105 2410 4148 est
2432 4099 2580 4162 regio,
2599 4107 2693 4148 etc.
2715 4100 2814 4148 Nos
2835 4097 3036 4162 Gra-cas
3050 4097 3245 4148 litteras
3263 4101 3310 4146 in
3327 4096 3662 4160 tuantiseriptis
3685 4101 3795 4149 bac-

2213 4168 2357 4209 tenus
2380 4159 2532 4222 probe
2568 4160 2720 4210 lectas
2737 4173 2992 4270 neﬁigms,
3009 4159 3122 4208 licet
3143 4173 3227 4208 eas
3251 4167 3418 4208 vetera
3442 4159 3604 4209 nostra
3625 4173 3686 4209 ex
3695 4173 3796 4208 em-

2213 4221 2358 4270 ntaria
2378 4222 2664 4270 velonmino
2694 4235 2787 4270 non
2840 4236 2850 4248 ·
2901 4229 3033 4270 eant.
3058 4219 3137 4270 vel
3153 4221 3544 4270 denravatissime
3568 4222 3793 4270 habeant.

2211 4221 2358 4282 plaria
2378 4219 2456 4271 vel
2471 4224 2664 4270 omnino
2694 4235 2787 4270 non
2805 4219 3033 4278 habeant,
3053 4219 3137 4283 vel
3153 4221 3544 4283 depravatissime
3568 4222 3793 4271 habeant.

2211 4281 2444 4346 Legimus
2465 4290 2630 4346 autem
2653 4310 2744 4344 μετα
2768 4296 2941 4346 ιμφάσιος
2983 4281 3160 4338 valide,
3182 4281 3373 4330 minima
3393 4290 3447 4329 ut
3471 4282 3607 4331 vides
3631 4284 3797 4331 immu-

2217 4345 2400 4394 tati0ue
2431 4346 2493 4392 ab
2532 4345 2638 4393 aliis
2660 4358 2752 4406 me
2774 4345 2971 4402 haec»;
3013 4347 3118 4393 sive
3157 4350 3424 4407 ιιτύσωςεσθπτ
3452 4361 3704 4407 amitae,
3737 4357 3795 4394 ea

2212 4413 2375 4455 tamen
2407 4401 2700 4464 necessaria,
2747 4413 2802 4454 ut
2841 4418 3018 4454 sensus
3061 4412 3271 4462 constet,
3305 4401 3356 4452 et
3399 4401 3625 4454 Auctoris
3657 4419 3797 4458 mens

2210 4475 2392 4529 pateat,
2413 4467 2516 4517 vult
2540 4468 2668 4515 enim
2690 4463 3016 4529 Hieronymus
3048 4480 3105 4514 ea
3129 4467 3178 4514 in
3199 4463 3500 4529 voccAvalide
3523 4465 3795 4529 signiﬁcan-

2211 4525 2389 4578 iiorem
2419 4541 2531 4578 esse
2553 4525 2926 4590 gravioremqtie
2960 4540 3188 4586 sensum,
3213 4528 3297 4588 qui
3317 4525 3522 4590 ﬁgurate
3557 4525 3795 4590 emphati-

2213 4603 2318 4649 cus,
2341 4605 2431 4640 seu
2456 4585 2742 4651 μτάἲμφάσως
2764 4585 3053 4651 appellatur.

2281 4647 2349 4714 (ὲ)
2371 4647 2628 4700 Victorius
2647 4647 2990 4714 additg'liarum.
3013 4648 3166 4697 Paulo
3190 4655 3299 4712 post
3339 4647 3595 4698 Eehemotlt
3620 4661 3795 4698 nomen

2211 4710 2390 4762 omittit
2413 4713 2727 4763 Cistercieus.
2754 4710 2898 4760 liber.

2275 4775 2353 4835 (ά)
2377 4774 2477 4823 Etsi
2519 4788 2612 4823 noo
2641 4774 2964 4835 inimutamus,
2987 4772 3236 4835 veriorem
3269 4780 3431 4835 tamen
3454 4770 3697 4835 credimus
3719 4771 3797 4822 Ci-

2211 4830 2495 4885 stercletisis
2530 4835 2618 4884 Ms.
2662 4834 2923 4882 lectionem
2947 4830 3070 4881 hanc
3099 4846 3110 4880 :
3144 4852 3165 4878 ei
3182 4832 3306 4881 ultra
3332 4830 3629 4880 mulieresin
3656 4835 3801 4880 torni-

2212 4899 2407 4946 catione
2431 4905 2530 4956 tua,
2552 4906 2603 4945 et
2627 4902 2734 4956 post
2759 4902 2810 4943 te
2830 4907 2927 4942 non
2949 4901 3063 4943 sunt
3087 4895 3350 4952 fornicatus,
3372 4909 3396 4938 ι
3433 4893 3492 4942 ad
3517 4894 3646 4942 hunc
3671 4897 3802 4943 enim

2212 4959 2404 5008 modum
2429 4955 2702 5008 Ezechielis
2739 4963 2907 5006 textus
2931 4956 3079 5004 habet
3113 4959 3164 5005 in
3199 4955 3336 5004 libris
3357 4956 3613 5011 omnibus,
3649 4957 3693 5003 si
3717 4970 3802 5003 ne-

2212 5021 2357 5129 εειᾳὶ
2383 5018 2661 5091 particulam
2679 5017 2804 5080 apud
2828 5015 2968 5064 LXX.
2996 5017 3144 5080 idque
3169 5019 3217 5065 in
3238 5015 3394 5065 Vatic.
3419 5023 3606 5066 tantum
3633 5029 3803 5065 excin-

2215 5095 2244 5129 n
2293 5095 2332 5129 ri
2360 5092 2594 5129 eXCtDIaS.

2293 5095 2332 5130 l‘l
2360 5092 2594 5130 excmtas.

2213 5095 2347 5205 μηδ’)
2360 5095 2680 5203 θόξξὲἓὶιῗίειιιι
2703 5139 2952 5205 sententia
2973 5147 3066 5205 est,
3083 5139 3346 5205 Daemones
3366 5139 3619 5205 nidoribus
3639 5139 3801 5205 satiari

2214 5198 2556 5262 et'sanguit'ie,
2582 5207 2753 5262 utpote
2778 5203 2858 5261 qui
2895 5202 3004 5248 cibo
3044 5201 3339 5262 indigerent.
3366 5198 3458 5262 His
3481 5202 3613 5262 paria
3652 5199 3802 5262 habet

2213 5259 2500 5315 Tertullian.
2535 5259 2739 5322 advers.
2769 5259 2949 5321 gentes
2980 5274 3086 5322 cap.
3123 5259 3184 5310 ἓξ
3207 5269 3261 5310 ει
3281 5261 3345 5309 23
3367 5269 3420 5310 et
3441 5259 3527 5310 lib.
3553 5262 3618 5310 de
3643 5259 3801 5310 Idolo-

2213 5326 2324 5376 latr.
2350 5339 2395 5372 c.
2422 5326 2472 5396 ῖ.
2501 5330 2662 5395 atque
2699 5321 2833 5392 alibi.
2859 5321 3196 5395 Athenagoras
3217 5334 3426 5432 1quoque
3455 5322 3506 5369 in
3530 5322 3802 5384 Legatione

2213 5402 2301 5432 [πο
2341 5386 2639 5432 Christianis.
2663 5395 2777 5432 quin
2818 5389 2962 5432 etiam
2986 5382 3194 5432 (ἕτερον.
3262 5395 3546 5432 aznanzenus
3563 5385 3695 5432 Orat.
3726 5381 3802 5430 18.

2212 5402 2301 5452 pro
2341 5381 2643 5452 Christianis,
2663 5385 2793 5452 quin"
2818 5385 2962 5452 etiam
2986 5381 3194 5445 Grégor.
3217 5381 3546 5452 Naaianzenus
3563 5381 3695 5452 piat.
3725 5381 3802 5452 t8.

2214 5442 2456 5498 Arnobius
2494 5443 2592 5507 lib.
2614 5442 2742 5507 ὄξει
2763 5445 2813 5507 5.
2837 5451 3002 5507 contra
3044 5442 3236 5507 gentes,
3263 5442 3443 5507 aliique
3468 5445 3804 5507 ecclesiastici

2213 5509 2479 5576 scriptores
2495 5505 2679 5576 antiqui
2694 5505 2907 5576 ignitius
2915 5505 3153 5576 Paganica
3164 5505 3330 5576 isthasc
3347 5505 3511 5576 opinio
3528 5518 3624 5554 non
3647 5516 3806 5576 usque

2215 5564 2337 5619 adeo
2361 5564 2673 5627 improbatur.
2699 5565 2808 5627 V'id.
2833 5564 2954 5613 infra
2979 5564 3173 5626 epistol.
3211 5564 3496 5627 Synodicam
3520 5579 3654 5614 num.
3679 5564 3738 5615 δί
3755 5573 3808 5615 et

2250 5642 2324 5677 ua:
2348 5628 2415 5676 ibi
2429 5624 2739 5688 ‘adnotamus.
2747 5624 3072 5688 Hieronymus
3091 5639 3212 5675 vero
3228 5624 3468 5688 ἁληγοριιῶς
3485 5627 3591 5676 haec
3607 5627 3674 5688 de
3697 5628 3807 5688 cibo

2214 5685 2487 5758 daemonum
2509 5688 2694 5758 dixisse
2716 5685 2858 5758 facile
2882 5685 3122 5758 putandus
3145 5685 3380 5758 est,.cuin'
3397 5691 3573 5758 passim
3596 5687 3808 5749 Origeni

2217 5751 2483 5816 enprohret
2504 5748 2634 5810 quod
2657 5745 2926 5816 crediderit
2956 5760 3216 5808 corporeos
3238 5745 3411 5814 fuisse,
3439 5749 3547 5813 ipse
3568 5745 3804 5812 vero'pe-

2220 5810 2353 5862 nitus
2375 5810 2685 5871 incorporeus
2706 5810 2934 5858 senserit.
3077 5819 3086 5824 ν
