4136 6332
319 391 420 450 585

320 500 600 568 mercedes,
630 506 680 555 et
703 497 952 554 mercedes
990 496 1079 551 tibi
1111 510 1216 550 non
1239 502 1358 551 sunt
1403 493 1540 548 deus
1562 490 1780 561 (Each.
1813 490 1902 546 16.

322 597 431 665 54),
459 593 706 650 videmus
722 592 777 647 in
799 590 908 646 filio
930 589 1140 645 minore
1153 587 1510 657 completum.
1533 583 1900 641 Substantiam

322 703 467 742 suam
497 687 551 740 in
602 685 823 756 regione
851 681 1106 754 principis
1134 679 1402 751 perdidit;
1431 687 1488 734 et
1522 685 1646 748 post
1669 674 1904 746 perditas

320 778 596 833 facultates
623 817 638 841 ,
681 776 880 831 missus
923 773 989 828 ad
1038 786 1234 844 porcos
1261 814 1277 839 ,
1326 780 1564 840 egestate
1605 767 1895 824 contabuit.

320 872 596 927 DEIONUI
619 883 772 924 ctsus
799 876 882 922 est
905 865 1162 930 ebrietas,
1191 863 1424 924 luxuria,
1475 861 1758 916 fornicatio
1777 899 1794 926 ,
1845 865 1902 912 et

321 965 566 1020 universa
587 961 738 1017 vitia.
763 959 892 1016 Haec
919 958 1114 1014 blanda
1143 965 1271 1012 sunt
1297 966 1353 1012 et
1376 954 1596 1019 lasciva,
1629 962 1684 1008 et
1709 965 1901 1008 sensus

319 1060 590 1129 voluptate
623 1055 930 1111 demulcent
963 1051 1290 1121 :statimque
1330 1058 1386 1104 ut
1412 1045 1777 1118 apparuerint,
1831 1043 1899 1098 ad

318 1165 472 1207 usum
500 1148 586 1205 sui
613 1153 924 1218 provocant.
951 1143 1156 1212 Quibus
1197 1142 1321 1197 ideo
1367 1140 1671 1195 luxuriosus
1714 1135 1870 1191 adole

320 1255 475 1297 sceus
501 1255 608 1294 non
637 1246 847 1309 poterat
869 1235 1096 1292 saturari
1117 1273 1133 1298 ,
1162 1233 1284 1304 quia
1311 1246 1526 1302 semper
1553 1229 1798 1298 voluptas
1823 1224 1902 1280 fa-

326 1352 467 1394 mem
494 1335 575 1390 sui
602 1334 800 1398 habet;
833 1341 889 1388 ct
932 1337 1197 1386 transacta
1226 1342 1331 1382 non
1357 1325 1516 1381 satiat
1547 1341 1562 1378 :
1591 1330 1646 1379 et
1674 1322 1899 1377 Satanas

322 1444 440 1484 cum
490 1427 725 1497 aliquem
777 1439 875 1479 sua
918 1430 1038 1477 arte
1085 1418 1402 1489 deceperit,
1430 1425 1485 1472 et
1528 1412 1805 1486 proprium
1848 1410 1898 1466 ei

322 1521 635 1591 imposuerit
683 1518 910 1587 jugniu,
961 1513 1102 1568 ultra
1131 1511 1198 1566 ad
1226 1507 1603 1566 abundantiam
1645 1503 1896 1558 vitiorum

323 1625 426 1666 non
453 1617 730 1681 procurat,
758 1606 935 1662 sciens
964 1618 1085 1660 esse
1101 1603 1210 1673 jam
1254 1609 1548 1663 mortuum,
1578 1595 1736 1653 sicuti
1762 1593 1900 1648 mul-

322 1712 406 1760 tos
446 1701 756 1766 idololatras
804 1698 1047 1753 videmus
1091 1693 1246 1766 panis
1288 1692 1508 1750 miseria
1560 1700 1616 1747 et
1663 1697 1900 1760 egestate

323 1793 611 1850 confectos.
636 1793 705 1858 ,Ηί
733 1801 856 1846 sunt
879 1791 932 1844 in
959 1789 1150 1860 quibus
1172 1785 1525 1856 Proplieticus
1547 1797 1728 1840 sermo
1752 1796 1902 1836 com-

323 1887 496 1956 pletur
526 1902 540 1938 :
571 1903 590 1936 ι
618 1882 878 1938 Omnibus
919 1879 1293 1935 meretricibus
1339 1875 1534 1932 dantur
1572 1870 1849 1928 mercedes
1880 1885 1900 1924 :

323 1985 376 2031 tu
405 1985 580 2032 autem
603 1973 795 2030 dedisti
816 1971 1091 2028 mercedes
1120 1969 1366 2024 omnibus
1413 1965 1744 2021 amatoribus
1771 1962 1897 2028 tuis,

323 2079 500 2124 etnon
527 2065 780 2135 accepisti
807 2061 1082 2118 mercedes
1117 2078 1136 2113 ι
1180 2058 1396 2130 (lt’zecfi.
1430 2056 1519 2112 l6.
1549 2055 1666 2125 55).
1698 2055 1898 2109 Possu-

324 2173 440 2214 mus
481 2170 660 2212 autcm
689 2165 742 2211 et
768 2155 926 2210 aliter
953 2153 1173 2221 siliquas
1194 2148 1557 2218 interpretari.
1586 2147 1899 2200 Dacmonum

323 2249 468 2305 cibus
511 2258 593 2304 est
637 2248 873 2304 carmina
934 2245 1241 2307 Poetarum,
1297 2240 1569 2296 smcularis
1617 2236 1898 2307 sapientia,

323 2338 728 2392 Rhetoricorum
780 2348 973 2404 pompa
1027 2331 1336 2388 verborum.
1392 2328 1519 2382 Haec
1559 2340 1654 2382 sua
1701 2337 1904 2391 omnes

322 2430 577 2482 suavitate
597 2427 868 2481 delectant
898 2430 986 2478 :et
1003 2421 1130 2476 dum
1159 2434 1317 2475 aures
1344 2417 1589 2472 versibus
1609 2415 1754 2470 dulci
1781 2429 1901 2470 mo-

321 2519 592 2574 dulatione
611 2515 951 2572 currentibus
977 2513 1215 2582 capiunt,
1243 2511 1475 2566 animam
1503 2522 1715 2580 quoque
1737 2521 1902 2578 pene-

319 2618 482 2676 trant,
510 2619 564 2664 et
593 2607 826 2677 pectoris
855 2605 1060 2659 interna
1092 2602 1421 2658 devinciunt.
1446 2600 1640 2655 Verum
1664 2597 1754 2654 ubi
1780 2612 1901 2652 cum

319 2718 534 2757 summo
562 2699 742 2753 studio
768 2697 967 2752 fuerint
993 2711 1056 2750 ac
1081 2695 1264 2750 labore
1286 2692 1541 2763 perlecta,
1572 2690 1706 2746 nihil
1731 2688 1900 2755 aliud,

319 2793 419 2847 nisi
450 2793 667 2845 inanem
697 2802 912 2851 sonum,
941 2795 996 2841 et
1022 2799 1332 2840 sermonum
1376 2781 1657 2850 strepitum
1685 2779 1800 2834 suis
1827 2780 1903 2834 le-

321 2881 560 2937 ctoribus
583 2879 822 2934 tribuunt
849 2895 863 2931 :
887 2891 1058 2931 unus
1087 2891 1157 2930 ist
1186 2886 1473 2929 sunmus
1491 2871 1752 2934 veritatis,
1781 2871 1901 2925 nul-

322 2974 372 3028 la
392 2965 612 3029 refectio
637 2971 859 3040 justitire
888 2969 1173 3038 reperitur.
1197 2964 1430 3021 Studiosi
1452 2978 1636 3019 earum
1667 2963 1718 3017 in
1794 2962 1904 3034 76

324 3066 458 3120 fame
483 3064 616 3128 veri,
641 3070 698 3118 et
715 3061 970 3116 virtutum
992 3058 1211 3128 penuria
1236 3067 1597 3127 perseverant.
1619 3055 1786 3126 Hujus
1813 3071 1901 3110 sa-

323 3157 532 3226 pientiae
559 3165 716 3225 typus
739 3193 754 3216 ,
783 3159 837 3207 et
866 3152 917 3206 in
950 3149 1366 3206 Deuteronomio
1394 3149 1495 3203 sub
1519 3147 1762 3204 mulieris
1810 3161 1901 3201 ca-

325 3246 477 3315 ptiva:
494 3245 664 3315 ﬁgura
686 3242 1013 3297 describitur
1039 3259 1053 3293 :
1079 3240 1147 3295 de
1167 3253 1268 3308 qua
1296 3237 1476 3292 divina
1506 3251 1611 3292 vos
1635 3237 1896 3307 praecipit,

325 3345 380 3390 ut
407 3337 448 3391 si
467 3335 740 3392 lsraelites
757 3349 873 3389 eam
895 3333 1095 3388 habere
1116 3331 1345 3387 voluerit
1371 3345 1613 3395 uxorem,
1626 3330 1898 3384 calvitium

324 3430 372 3484 ei
400 3429 575 3494 faciat,
605 3441 808 3498 ungues
844 3433 1120 3494 praesecet,
1151 3431 1207 3478 et
1233 3423 1370 3493 pilos
1402 3419 1649 3477 auferat':
1686 3433 1740 3476 et
1776 3435 1899 3476 cum

325 3519 515 3574 munda
541 3518 702 3588 fuerit
725 3517 934 3582 etl‘ecta,
969 3526 1094 3570 tunc
1120 3523 1354 3569 transeat
1377 3513 1428 3567 in
1445 3512 1665 3568 victoris
1693 3512 1899 3582 ample.

325 3625 440 3664 xus.
470 3609 596 3664 [hec
620 3610 664 3663 si
696 3606 990 3663 secundum
1025 3605 1259 3661 litteram
1308 3602 1674 3672 intelligimus,
1721 3617 1899 3658 nonne
1926 3630 1937 3642 -

325 3703 543 3757 ridicula
564 3701 730 3757 sunt?
753 3701 937 3770 Itaque
961 3706 1016 3753 et
1055 3712 1153 3752 nos
1185 3696 1362 3751 facere
1403 3695 1660 3758 solemus,
1685 3695 1898 3766 quando

325 3794 676 3864 Philosophos
703 3793 929 3862 legimus
947 3833 962 3856 ,
993 3789 1208 3860 quando
1235 3790 1287 3842 in
1319 3803 1511 3842 manus
1536 3797 1748 3843 nostras
1777 3787 1896 3842 libri

324 3886 538 3940 veniunt
571 3882 846 3953 sapientiae
876 3880 1168 3944 smcularis,
1199 3880 1243 3935 si
1265 3877 1391 3950 quid
1419 3879 1470 3933 in
1497 3880 1578 3934 eis
1599 3879 1726 3933 utile
1747 3892 1901 3947 repe-

325 3976 507 4040 rimus,
535 3975 599 4029 ad
626 3984 867 4029 nostrum
897 3973 1089 4042 dogma
1117 3971 1482 4027 convertimus
1511 3986 1524 4024 :
1548 3971 1594 4025 si
1623 3970 1750 4040 quid
1773 3986 1900 4025 vero

325 4066 670 4136 superﬂuum,
701 4065 778 4136 (τι)
805 4064 873 4119 de
901 4064 1081 4131 idolis,
1103 4062 1170 4118 de
1196 4076 1402 4128 amore,
1429 4061 1496 4117 de
1518 4076 1645 4116 cura
1676 4061 1901 4116 saecula-

327 4159 458 4211 rium
482 4173 684 4223 rerum,
713 4156 829 4210 haec
873 4155 1132 4222 radimus,
1167 4155 1249 4209 his
1274 4155 1547 4210 calvitium
1576 4154 1896 4222 inducimus,

329 4248 441 4303 hare
470 4249 521 4303 in
547 4249 800 4318 unguium
831 4261 1033 4301 morem
1062 4247 1205 4302 ferro
1233 4246 1542 4301 acutissimo
1561 4246 1897 4302 desecamus.

329 4336 478 4392 Unde
507 4346 561 4393 et
591 4338 878 4406 Apostolus
909 4336 1173 4405 prohibet,
1206 4351 1276 4391 ne
1297 4336 1346 4390 in
1377 4335 1537 4391 idolio
1555 4337 1674 4406 quis
1694 4351 1902 4392 recum-

326 4429 434 4495 bat,
463 4429 650 4484 dicens
683 4445 697 4482 :
736 4445 756 4478 ι
794 4427 982 4482 Videte
1003 4437 1212 4493 autem,
1245 4442 1314 4483 ne
1343 4426 1458 4481 haec
1485 4427 1698 4482 licentia
1724 4435 1900 4484 vestra

327 4521 699 4576 oll‘eudiculum
737 4519 826 4574 ﬁat
853 4519 1098 4574 infirmis.
1125 4519 1179 4575 Si
1207 4520 1352 4576 enim
1383 4521 1504 4589 quis
1542 4519 1898 4588 videriteum,

327 4613 415 4681 qui
447 4613 604 4668 habet
639 4613 947 4676 scientiam,
992 4611 1045 4664 in
1078 4611 1242 4665 idolio
1269 4610 1690 4676 recumbentem,
1724 4627 1903 4668 nonne

327 4703 650 4758 conscientia
699 4703 816 4772 ejus
855 4716 976 4756 cum
1022 4701 1094 4755 sit
1151 4701 1363 4754 infirma
1390 4743 1405 4767 ,
1438 4701 1790 4756 rediilcabitur
1836 4702 1902 4757 ad

330 4794 754 4849 manducandum
788 4793 1106 4864 idololhyta,
1133 4801 1189 4847 et
1210 4793 1401 4862 peribit
1438 4795 1526 4863 qui
1558 4793 1803 4848 inﬁrmus
1823 4803 1906 4850 est

329 4887 380 4939 in
427 4895 514 4939 tua
545 4885 770 4939 scientia
819 4884 1005 4951 frater,
1034 4893 1255 4954 propter
1277 4899 1436 4954 quem
1464 4883 1713 4939 Christus
1763 4900 1908 4940 mor-

329 4984 453 5031 tuus
471 4985 552 5030 est
582 4994 602 5028 s
635 4975 714 5047 (l.
743 4973 865 5031 Cor.
889 4975 942 5030 8.
972 4975 1067 5042 9)?
1095 4975 1284 5030 Nonne
1304 4975 1397 5030 tibi
1424 4975 1634 5031 videtur
1660 4978 1760 5031 sub
1786 4978 1906 5034 aliis

231 5065 244 5070 “
329 5067 508 5122 verbis
521 5068 724 5135 dicere,
748 5083 815 5123 ne
837 5068 982 5137 legas
999 5066 1372 5136 Philosophus,
1393 5067 1666 5134 Oratores,
1691 5069 1906 5139 Poetae;

332 5173 431 5214 nec
450 5159 502 5214 in
532 5174 716 5215 eorum
745 5160 974 5215 lectione
1001 5159 1340 5230 requiescas?
1366 5159 1476 5215 Nec
1499 5159 1654 5216 nobis
1668 5160 1908 5217 blandia-

331 5265 468 5318 mur,
499 5253 618 5308 siin
641 5255 740 5319 eis,
765 5268 884 5323 quae
912 5264 1037 5309 sunt
1079 5253 1298 5323 scripta,
1320 5270 1427 5310 non
1468 5256 1760 5324 credimus,
1784 5272 1906 5313 cum

332 5344 550 5400 aliorum
577 5346 904 5402 conscientia
931 5345 1273 5410 vulneretur,
1305 5353 1359 5400 et
1385 5355 1632 5415 putemur
1655 5349 1905 5419 Probare,

334 5449 450 5503 qua:
479 5437 604 5492 dum
636 5436 862 5506 legimus
888 5476 904 5502 ,
940 5449 1047 5489 non
1083 5434 1455 5503 reprobamus.
1499 5438 1711 5509 Alioqui
1751 5439 1909 5510 quale

336 5527 454 5594 erit,
484 5537 540 5583 ut
564 5529 937 5584 existimemus
965 5525 1278 5596 Aposmlum
1305 5526 1443 5594 ejus,
1473 5530 1562 5599 qui
1592 5531 1912 5586 vescebatur

339 5615 391 5671 in
419 5617 597 5686 idolio,
629 5618 1016 5674 conscientiam
1048 5616 1450 5684 comprobasse,
1474 5629 1528 5675 et
1551 5636 1674 5676 eum
1703 5621 1908 5679 dixisse

400 5797 470 5863 (α)
497 5801 606 5852 Duo
629 5801 744 5853 Mss.
772 5799 1067 5866 superﬂuunt
1088 5799 1370 5864 apparuerit
1393 5803 1453 5855 dc
1477 5801 1641 5866 idolis,
1668 5812 1762 5856 etc.

1693 372 2020 432 EPISTOLA
2058 375 2201 434 XXI.

2009 489 2327 580 perfectum,
2358 510 2522 566 quem
2557 497 2723 554 sciret
2768 500 2838 557 de
2873 503 3181 580 idolothytis
3225 512 3585 572 manducare?

2003 579 2176 648 Absit,
2208 592 2266 638 ut
2293 583 2360 640 de
2383 600 2478 642 ore
2504 587 2812 646 Christiano
2840 606 3016 665 sonet,
3051 579 3306 671 (Jupiter
3329 605 3579 677 omnipo-

2004 683 2150 740 tens;
2173 687 2229 732 et
2254 693 2342 758 me
2358 679 2606 748 Hercule,
2632 693 2684 737 et
2711 699 2798 740 me
2823 685 3027 755 Castor,
3053 708 3073 742 ι
3107 703 3162 746 et
3187 705 3381 752 caetera
3411 701 3583 770 magis

2004 775 2246 833 portenta
2267 810 2283 835 ,
2317 785 2473 839 quam
2503 771 2579 844 (ὁ)
2609 775 2844 831 numina.
2868 779 2939 832 At
2964 784 3292 840 nuncetiam
3315 787 3581 846 Sacerdo-

1940 935 1946 937 Δ
2003 865 2084 912 tes
2112 858 2238 926 Dei,
2289 862 2502 917 omissis
2547 863 2851 937 Evangeliis
2879 877 2935 923 et
2965 869 3286 942 Prophetis,
3338 879 3582 938 videmus

1998 947 2302 1008 Commdias
2348 953 2526 1024 legere
2552 998 2566 1020 ,
2612 961 2868 1014 amatoria
2907 961 3277 1022 Bucolicorum
3327 985 3579 1028 versuum

2001 1040 2165 1097 verba
2211 1057 2429 1112 canere,
2477 1055 2662 1103 tenere
2687 1049 2964 1120 Virgilium
3001 1071 3015 1107 :
3043 1064 3098 1110 et
3121 1055 3174 1111 id
3202 1073 3339 1122 quon
3367 1077 3419 1115 ut
3447 1078 3581 1118 rus-

1999 1145 2080 1221 ats
2098 1135 2432 1190 necessitatis
2455 1145 2557 1203 est,
2577 1139 2780 1196 crimen
2809 1142 2861 1196 in
2885 1159 2944 1198 se
2965 1144 3145 1202 facere
3172 1147 3246 1220 (c)
3269 1151 3576 1221 voluptatis.

1998 1219 2303 1278 Cavendum
2332 1225 2511 1295 igitur,
2589 1229 2695 1300 77
2771 1232 2815 1287 si
2841 1235 3106 1304 captivam
3137 1239 3359 1297 velimus
3382 1219 3583 1303 habere

2000 1327 2248 1380 uxorem,
2279 1331 2347 1370 ne
2375 1317 2426 1371 in
2472 1318 2634 1374 idolio
2673 1325 3081 1395 recumbamus;
3108 1339 3200 1385 aut
3227 1333 3272 1388 si
3293 1345 3442 1392 certe
3469 1337 3582 1394 fue-

1997 1403 2166 1458 rimus
2191 1405 2308 1474 ejus
2349 1421 2533 1466 amore
2559 1410 2789 1482 decepti,
2825 1416 3142 1474 mundemus
3167 1437 3310 1490 eam,
3347 1437 3400 1480 et
3434 1430 3579 1485 omni

1999 1494 2237 1586 sordium
2282 1511 2467 1554 errore
2526 1517 2832 1572 purgemus,
2863 1523 2932 1562 ne
2980 1511 3292 1568 scandalum
3352 1516 3582 1586 patiatur

1999 1583 2198 1650 frater,
2231 1601 2326 1655 pro
2356 1603 2462 1658 quo
2509 1590 2758 1650 Christus
2799 1605 3040 1655 mortuus
3079 1613 3199 1670 est,
3228 1583 3365 1661 comi
3391 1608 3446 1663 in
3484 1625 3581 1668 ore

1997 1673 2284 1768 Christiani
2307 1681 2543 1736 carmina
2570 1682 2626 1739 in
2654 1685 2916 1744 idolorum
2932 1689 3142 1749 laudem
3167 1701 3458 1768 composita
3480 1719 3580 1760 au-

1998 1764 2160 1821 dierit
2183 1783 2280 1838 per
2308 1785 2524 1830 sonare.

2073 1857 2160 1911 14.
2191 1857 2492 1917 Mercenarii
2515 1865 2745 1934 quinam.
2769 1899 2842 1910 —
2865 1889 2886 1924 ι
2915 1871 2972 1928 In
2998 1890 3059 1930 se
3083 1886 3259 1934 autem
3287 1897 3582 1945 conversus

1999 1947 2133 2003 dixit
2161 1967 2174 2002 :
2201 1950 2396 2016 Quanti
2438 1960 2759 2015 mercenarii
2791 1961 2842 2016 in
2869 1963 3030 2021 domo
3071 1971 3235 2038 patris
3262 1976 3367 2029 mei
3409 1977 3580 2034 abun-

1999 2039 2127 2096 dant
2173 2043 2433 2113 panibus,
2461 2063 2562 2118 ego
2597 2062 2775 2108 autem
2808 2053 2896 2110 hic
2925 2056 3065 2116 fame
3109 2076 3290 2130 pereo.
3325 2085 3345 2119 ι
3375 2067 3576 2126 Μθγοθι

2001 2131 2182 2186 uarios
2231 2136 2522 2191 secundum
2556 2139 2636 2209 (ά)
2663 2142 2826 2197 alium
2881 2146 3212 2206 intellectum
3259 2170 3354 2210 eos
3402 2161 3581 2214 anim-

2000 2219 2330 2280 advertimus
2369 2241 2437 2281 ει
2477 2227 2712 2298 Judaeis,
2757 2234 2848 2302 qui
2895 2237 2966 2292 ob
3026 2246 3310 2309 pra-sentis
3377 2258 3580 2307 tantum

2002 2311 2176 2406 bona,
2217 2315 2374 2386 chis
2417 2332 2680 2392 praecepta
2724 2328 3051 2386 custodiunt.
3092 2334 3154 2389 lli
3197 2338 3328 2406 justi
3366 2324 3496 2399 sunt
3529 2357 3584 2402 et

2003 2405 2380 2506 misericordes
2399 2452 2429 2506 ,Δ
2446 2426 2554 2467 non
2580 2415 2650 2469 ob
2678 2415 2846 2486 ipsam
2883 2419 3177 2492 justitiam,
3202 2405 3263 2484 et
3299 2432 3369 2488 ob
3407 2433 3580 2504 ipsum

2003 2496 2386 2554 misericordia:
2413 2499 2610 2559 bonum
2634 2522 2651 2570 ;
2678 2507 2772 2562 sed
2801 2518 2910 2564 uta
2938 2512 3046 2569 Deo
3073 2525 3298 2576 terrena:
3319 2496 3583 2586 felicitatis

2001 2599 2056 2684 et
2099 2588 2274 2684 longre
2318 2593 2441 2648 vita:
2482 2599 2762 2664 prmmium
2811 2619 3224 2678 consequantur.
3265 2615 3365 2684 Qui
3401 2631 3580 2679 autem

2002 2681 2102 2733 ista
2125 2681 2418 2751 desiderat,
2447 2689 2641 2742 merito
2661 2695 2998 2761 compellitur
3022 2700 3086 2754 ad
3108 2681 3420 2776 obsequium
3448 2692 3594 2782 prae--

2001 2782 2301 2843 ceptorum,
2333 2793 2401 2832 ne
2425 2793 2612 2836 eorum
2641 2789 3080 2852 praevaricatione
3107 2811 3225 2864 quae
3257 2798 3406 2869 jussa
3433 2817 3578 2872 sunt,

2001 2871 2526 2969 careat‘concupitis.
2558 2874 2725 2930 Porro
2756 2880 2842 2935 ubi
2873 2892 3048 2939 metus
3072 2898 3176 2953 est,
3209 2907 3313 2948 non
3343 2903 3426 2950 est
3451 2871 3586 2956 dile-

2000 2958 2130 3049 ctio.
2161 2958 2404 3017 Perfecta
2433 2964 2630 3036 quippe
2668 2968 2886 3028 dilectio
2930 2975 3071 3032 foras
3111 2982 3273 3038 mittit
3312 2987 3581 3049 timorem.

2001 3047 2134 3147 nam
2165 3051 2254 3120 qui
2281 3053 2473 3124 diligit,
2500 3073 2605 3111 non
2638 3059 2758 3115 ideo
2787 3063 3044 3134 imperata
3075 3075 3328 3142 custodit,
3343 3079 3468 3147 quia
3493 3047 3586 3137 aut

2003 3140 2193 3238 timore
2225 3156 2500 3212 pmoarum
2521 3187 2538 3214 ,
2568 3160 2661 3204 aut
2702 3155 2903 3220 praemii
2935 3159 3184 3218 aviditate
3212 3140 3583 3238 compellitur;

2001 3233 2096 3330 sed
2118 3237 2246 3330 quia
2264 3238 2367 3293 hoc
2387 3239 2559 3309 ipsum
2581 3245 2722 3313 quod
2749 3263 2778 3301 a
2808 3248 2917 3303 Deo
2936 3251 3174 3322 jubetur,
3200 3268 3280 3313 est
3300 3233 3579 3330 optimum.

2002 3325 2205 3424 Stetisus
2233 3328 2415 3424 itaque
2439 3333 2539 3389 iste
2564 3345 2646 3390 est
2671 3353 2687 3392 :
2717 3338 2911 3405 Quanti
2939 3359 3002 3398 ex
3032 3345 3230 3405 Judaeis
3251 3352 3320 3408 ob
3336 3325 3586 3424 praesen-

2003 3419 2072 3472 tia
2096 3426 2305 3520 tantum
2336 3422 2474 3520 bona
2503 3440 2534 3479 a
2565 3427 2657 3483 Dei
2687 3429 2947 3502 obsequio
2977 3451 3083 3493 non
3108 3419 3384 3514 recedunl,
3408 3457 3463 3503 et
3485 3465 3586 3520 ego

1999 3519 2238 3580 egestate
2261 3513 2538 3570 conficior.

2073 3605 2160 3659 l5.
2196 3623 2216 3656 ι
2248 3604 2483 3676 Surgens
2509 3609 2596 3665 ibo
2623 3610 2691 3665 ad
2722 3622 2926 3682 patrem
2952 3634 3148 3675 meum.
3185 3641 3206 3676 s
3237 3625 3466 3685 Pulchre
3488 3632 3582 3698 ait,

1999 3711 2211 3766 surgens
2241 3710 2263 3752 :
2289 3705 2444 3766 patre
2471 3701 2668 3770 quippe
2695 3705 2938 3773 absente,
2971 3725 3077 3764 non
3109 3721 3351 3772 steterat.
3383 3719 3584 3776 Pecca-

2003 3799 2175 3886 torum
2199 3791 2399 3886 jacere,
2427 3795 2689 3862 justorum
2719 3808 2861 3854 stare
2890 3812 2991 3856 est.
3019 3806 3100 3860 Ad
3126 3808 3340 3880 Moysen
3368 3814 3581 3886 dicitur,

2006 3898 2026 3930 ε
2057 3881 2134 3934 Tu
2165 3896 2294 3936 vero
2324 3882 2410 3937 hic
2444 3893 2525 3938 sta
2554 3901 2763 3942 mecum
2799 3909 2819 3942 ι
2845 3891 3018 3962 (Deut.
3051 3898 3102 3952 5.
3134 3900 3246 3966 3i).
3278 3901 3343 3957 Et
3373 3904 3427 3959 in
3452 3881 3584 3963 cen;

2004 3973 2196 4027 tesimo
2227 3975 2500 4031 tricesimo
2541 3979 2699 4033 tertio
2728 3980 2942 4036 Psalmo
2972 4002 2986 4038 :
3021 4003 3041 4037 ι
3079 3987 3221 4044 Ecce
3250 4008 3390 4049 nunc
3414 3995 3583 4053 bene-

2001 4065 2161 4120 dicite
2191 4065 2476 4121 Dominum
2497 4109 2514 4135 ,
2543 4083 2734 4124 omnes
2776 4075 2913 4128 servi
2958 4075 3203 4147 Domini,
3233 4086 3321 4151 qui
3350 4089 3504 4142 statis
3532 4091 3585 4146 in

2001 4157 2164 4212 donto
2211 4157 2453 4223 Domini,
2491 4179 2511 4212 ›
2541 4161 2608 4214 ad
2650 4161 3077 4222 benedictionem
3129 4171 3335 4231 Domini
3383 4187 3586 4239 stantes

2005 4249 2270 4320 Propheta
2304 4251 2354 4305 in
2385 4250 2547 4306 domo
2579 4253 2786 4309 Domini
2822 4257 3153 4317 cohortatur.

2079 4341 2195 4396 l6.t
2216 4342 2282 4396 Et
2298 4341 2470 4398 dicam
2494 4344 2566 4398 illi
2593 4362 2608 4400 :
2632 4345 2811 4414 Pater,
2825 4353 3035 4418 peccavi
3060 4353 3110 4406 in
3125 4357 3317 4412 ctelum
3335 4368 3388 4414 et
3402 4376 3586 4420 coram

2007 4442 2080 4500 te,
2095 4433 2203 4503 jam
2228 4448 2332 4488 non
2355 4450 2473 4489 sum
2497 4435 2690 4507 dignus
2711 4440 2884 4493 vocari
2909 4439 3049 4495 filius
3070 4451 3210 4500 tuus.
3238 4447 3587 4510 sPeccaverat

2007 4526 2059 4579 in
2077 4524 2293 4591 cmlum,
2316 4526 2407 4594 qui
2425 4525 2724 4584 Jerusalem
2737 4531 3010 4586 cmlestem
3035 4534 3320 4605 reliquerat
3337 4553 3582 4602 matrem.

2007 4616 2328 4671 Peccaverat
2357 4631 2537 4672 coram
2578 4629 2747 4688 patre,
2775 4620 2864 4690 qui
2894 4621 3185 4681 Conditore
3211 4627 3444 4699 deserto,
3473 4634 3591 4693 fue-

2008 4719 2090 4762 rat
2116 4711 2254 4780 ligna
2280 4719 2584 4766 veneratus.
2608 4711 2724 4766 Non
2751 4722 2864 4768 erat
2884 4715 3074 4786 dignus
3101 4723 3274 4776 vocari
3303 4723 3446 4780 ﬁlius
3467 4727 3586 4797 Dei,

2007 4801 2097 4870 qui
2120 4815 2308 4855 servus
2327 4816 2448 4856 esse
2474 4802 2734 4858 maluerat
2762 4803 3047 4863 idolorum.
3073 4826 3093 4860 σ
3121 4810 3306 4868 Omnis
3333 4817 3474 4872 enim
3497 4823 3590 4890 qui

2011 4893 2136 4946 facit
2159 4903 2458 4964 peccatum,
2498 4892 2568 4964 (ο)
2598 4892 2666 4949 de
2703 4893 2917 4952 diabolo
2958 4909 3108 4970 patre
3136 4913 3290 4963 natus
3319 4917 3421 4962 est.
3456 4928 3475 4962 ι
3511 4914 3590 4983 (ί.

2008 4983 2166 5038 Joan.
2191 4985 2243 5039 5.
2273 4983 2352 5054 7.)

2083 5077 2171 5131 17.
2209 5095 2228 5129 ι
2265 5075 2371 5132 Fac
2412 5091 2499 5132 me
2535 5077 2674 5133 sicut
2711 5094 2873 5134 unum
2913 5081 2980 5137 de
3020 5091 3364 5146 mercenariis
3404 5097 3529 5150 tuis.
3567 5115 3587 5151 ι

2013 5168 2122 5223 Fac
2147 5183 2253 5233 me,
2283 5169 2470 5238 inquit,
2499 5169 2636 5224 sicut
2663 5186 2824 5224 unum
2849 5187 2917 5227 ex
2939 5173 3155 5242 Iudaeis,
3181 5181 3267 5250 qui
3293 5191 3345 5236 te
3365 5183 3436 5239 ob
3455 5201 3594 5255 prte-

2013 5261 2244 5316 sentium
2277 5269 2478 5314 tantum
2519 5276 2697 5316 rerum
2766 5263 2876 5335 78
2949 5269 3206 5336 promissa
3245 5286 3591 5332 venerantur.

2016 5351 2217 5422 Recipe
2247 5351 2411 5406 filium
2443 5353 2813 5422 pmnitentem,
2842 5356 2932 5424 qui
2961 5363 3305 5418 inet-conariis
3331 5364 3432 5419 tuis
3463 5381 3593 5436 pec.

2019 5446 2262 5500 cantibus
2293 5445 2593 5514 smpissime
2614 5447 2917 5515 pepercisti.

2079 5559 2152 5622 (b)
2175 5559 2376 5622 Quidam
2401 5559 2517 5622 editi
2541 5573 2599 5608 ac
2632 5559 2750 5608 Mss.
2775 5572 2918 5620 quam
2941 5562 3148 5612 nomina.

2176 5621 2250 5671 Al.
2277 5619 2542 5691 voluntatis,
2571 5629 2622 5690 et
2646 5635 2760 5691 mort
2780 5619 2838 5670 ne
2861 5621 3101 5683 captivam
3123 5637 3210 5685 pro
3230 5624 3290 5675 si.

2141 5685 2160 5745 )
2185 5683 2494 5733 Marttameus
2515 5679 2723 5745 ahenum
2744 5680 3048 5745 intellectum.

2141 5685 2160 5745 )
2185 5683 2494 5733 Martiameus
2515 5679 2723 5745 alienum
2744 5679 3048 5745 intellectum.

2087 5743 2155 5810 (ρ)
2179 5745 2497 5810 Ιηιθι-εειςμηε
2521 5744 2815 5810 vetustiores
2839 5743 2954 5810 editi
2987 5757 3151 5810 servus
3172 5751 3242 5795 est
3264 5747 3464 5810 peccati,
3491 5756 3594 5804 etc.

2019 5803 2119 5858 Sed
2136 5803 2241 5856 base
2264 5819 2326 5855 es
2351 5803 2446 5856 alio
2467 5803 2725 5866 Scriptura:
2749 5803 2855 5856 loco
2877 5803 3229 5857 adsciscuntur.
