4136 6332
549 384 654 442 587

622 496 704 550 18.
744 510 763 545 ι
798 491 868 547 Et
895 488 1037 546 venit
1075 501 1242 557 usque
1271 484 1342 540 ad-
1377 491 1578 554 patrem
1606 496 1784 537 suum.
1822 499 1843 535 ι
1869 479 2126 534 Venimus

547 584 612 639 ad
655 593 882 653 patrem,
911 578 1122 650 quando
1151 576 1448 632 recedimus
1477 589 1506 626 a
1537 587 1821 643 porcorum
1859 569 2122 640 pastione,

545 673 842 729 secundum
873 671 1000 726 illud
1033 688 1048 723 :
1086 689 1105 722 ι
1142 667 1330 724 Statim
1361 675 1418 720 ut
1445 678 1739 720 conversus
1770 660 2122 731 iugetnueris,

545 768 724 821 salvus
749 767 857 820 eris
892 784 910 818 ι
941 763 1156 834 (Ezeclt.
1187 763 1300 834 18).

619 857 707 912 19.
742 874 761 908 ι
794 856 1035 924 Cumque
1076 855 1249 909 adhuc
1275 855 1429 922 longe
1455 859 1619 916 esset,
1667 849 1792 904 vidit
1820 862 1940 902 eum
1975 852 2126 914 pater

545 949 696 1016 ejus,
747 957 802 1004 et
849 947 1212 1003 misericordia
1256 957 1430 1000 motus
1471 953 1572 998 est.
1611 944 1908 1010 Antequam
1949 937 2126 1006 dignis

546 1040 816 1108 operibus.
851 1047 908 1093 et
931 1053 1054 1094 vera
1085 1038 1391 1108 poenitentia
1435 1035 1499 1089 ad
1536 1043 1740 1106 patrem
1783 1031 1981 1088 rediret
2023 1046 2122 1084 an-

547 1131 782 1198 tiquum,
815 1131 986 1192 Deus,
1033 1127 1172 1197 apud
1207 1143 1361 1196 quem
1397 1137 1584 1180 cuncta
1629 1125 1802 1179 futura
1839 1123 1948 1192 jam
1987 1120 2126 1176 facta

545 1229 692 1284 sunt,
714 1230 766 1274 et
795 1221 884 1290 qui
913 1227 998 1273 est
1019 1219 1255 1272 omnium
1291 1218 1542 1287 prmscius
1571 1215 1886 1280 futurorum,
1915 1213 1980 1267 ad
2009 1213 2124 1280 ejus

546 1310 824 1379 prtecurrit
848 1309 1152 1370 adventum.
1179 1319 1234 1362 et
1261 1323 1356 1376 per
1386 1307 1613 1361 Verbum
1640 1321 1815 1368 suum,
1840 1304 1980 1375 quod
2006 1318 2123 1359 ear-

547 1416 668 1456 nem
710 1400 940 1470 sumpsit
983 1415 1050 1455 ex
1079 1399 1328 1470 Virgine,
1375 1399 1600 1454 reditum
1649 1398 1739 1452 filii
1775 1397 1856 1452 sui
1896 1395 2124 1467 junioris

543 1493 820 1562 anticipat.

615 1582 705 1636 20.
731 1601 749 1633 ε
779 1582 846 1636 Ει
868 1596 1202 1651 praecurrens
1227 1579 1465 1634 incubuit
1490 1593 1651 1647 super
1675 1579 1868 1631 collum
1899 1577 2116 1645 ipsius.»

542 1673 682 1726 Ante
712 1673 854 1726 venit
878 1671 944 1724 ad
976 1682 1192 1734 terram,
1223 1686 1380 1740 quam
1410 1669 1497 1723 ille
1525 1668 1740 1722 domum
1769 1666 2122 1722 confessionis

542 1763 783 1816 intraret.
817 1761 1058 1816 incubuit
1087 1776 1249 1829 super
1277 1759 1471 1814 collum
1502 1759 1687 1826 ipsius,
1720 1758 1770 1813 id
1800 1766 1899 1818 est.
1926 1771 2120 1826 corpus

539 1855 764 1924 sumpsit
782 1853 1092 1908 humanum.
1110 1853 1176 1906 Et
1197 1852 1350 1906 sicuti
1365 1850 1601 1906 Joannes
1622 1865 1784 1919 super
1797 1858 1978 1918 pectus
1990 1849 2118 1903 Jesu

538 1944 784 2010 recubuit
811 1942 988 2014 (Joan.
1025 1945 1136 2011 15),
1165 1945 1257 2013 qui
1287 1953 1615 1998 secretorum
1646 1942 1763 2010 ejus
1791 1940 2014 1995 elfcetus
2036 1948 2121 1994 est

537 2039 800 2107 particeps
831 2055 844 2091 :
875 2039 946 2093 ita
976 2047 1030 2092 et
1054 2036 1240 2107 jugum
1273 2051 1427 2091 suum
1461 2037 1599 2100 leve,
1629 2035 1680 2089 id
1706 2044 1808 2099 est,
1831 2033 2119 2108 mandato-

536 2146 655 2184 rum
692 2145 908 2185 suorum
940 2130 1111 2185 facilia
1142 2140 1405 2199 prtecepta
1427 2169 1442 2192 ,
1471 2144 1536 2183 ex
1563 2127 1730 2198 gratia
1763 2127 1929 2196 magis
1957 2139 2116 2196 quam

531 2235 598 2276 ex
626 2221 818 2276 merito
839 2235 1002 2291 super
1032 2220 1303 2290 juniorem
1333 2219 1500 2273 lilium
1524 2217 1830 2273 collocavit.

602 2312 694 2368 21.
725 2331 743 2364 ι
783 2314 849 2368 Ει
887 2313 1159 2368 osculatus
1187 2321 1270 2366 est
1309 2327 1467 2376 eum;
1503 2330 1523 2364 ι
1549 2311 1698 2381 juxta
1729 2308 1862 2365 illud
1892 2307 2033 2379 quod
2063 2307 2114 2362 in

530 2403 750 2460 Cantico
777 2403 1116 2459 Canticorum
1145 2403 1384 2458 Ecclesia
1412 2403 1482 2458 de
1513 2403 1697 2471 sponsi
1737 2410 1987 2471 precatur
2015 2399 2114 2455 ad-

530 2509 690 2552 ventu
715 2515 730 2552 :
759 2515 779 2548 ι
807 2497 1087 2551 Osculetur
1115 2511 1201 2550 me
1229 2495 1414 2550 osculo
1438 2495 1548 2549 oris
1575 2494 1678 2548 sui.
1703 2511 1722 2545 ι
1753 2492 1924 2562 (Cant.
1949 2495 2001 2546 1.
2036 2492 2112 2558 1.)

529 2588 667 2643 Nolo
695 2588 854 2654 mihi,
881 2589 1064 2643 dicens
1084 2629 1098 2654 ,
1133 2603 1228 2658 per
1257 2587 1470 2659 Moysen
1496 2627 1510 2652 ,
1541 2586 1666 2640 nolo
1693 2600 1788 2656 per
1815 2584 2112 2655 Pr0pbetas

531 2681 776 2751 loquatur
805 2699 818 2735 :
849 2682 962 2750 ipse
990 2697 1166 2737 meum
1193 2696 1389 2750 corpus
1414 2687 1674 2744 assumat,
1705 2681 1820 2749 ipse
1846 2693 1934 2734 me
1957 2693 2113 2733 oscu-

532 2773 671 2828 letur
701 2774 751 2828 in
775 2789 939 2828 carne
968 2791 981 2827 :
1013 2783 1145 2829 utet
1177 2773 1306 2828 illud
1334 2788 1545 2843 quoque
1569 2773 1712 2842 quod
1737 2773 1788 2826 in
1820 2773 1952 2827 lsaia
1981 2773 2113 2827 scri-

533 2877 678 2936 ptum
706 2877 827 2933 est,
861 2868 981 2922 ltuic
1020 2867 1299 2921 sentcntiae
1343 2875 1655 2934 coaptcmus
1684 2883 1699 2919 :
1733 2884 1754 2918 ι
1785 2866 1839 2920 Si
1877 2867 2103 2935 quaris,

527 2973 706 3027 quaere
731 2978 744 3012 :
772 2967 828 3014 et
855 2960 920 3013 ad
946 2974 1029 3013 me
1053 2958 1228 3012 habita
1257 2957 1308 3010 in
1338 2957 1496 3012 saltu.
1530 2977 1548 3009 ι
1569 2955 1704 3026 (lca.
1732 2958 1822 3012 2|.
1851 2957 1936 3012 i2.
1953 2960 2108 3031 juxta

526 3047 725 3119 LXX.)
756 3049 822 3102 Et
850 3049 919 3104 ibi
945 3049 1142 3119 quippe
1185 3046 1320 3103 ﬂens
1358 3046 1595 3102 Ecclesia
1632 3048 1865 3103 clamare
1890 3049 2110 3117 jubetur

526 3153 596 3192 ex
626 3138 744 3193 Seir
765 3156 780 3204 ;
802 3139 926 3209 quia
953 3139 1092 3203 Seir,
1124 3137 1316 3208 pilosus
1340 3147 1393 3192 et
1419 3136 1648 3203 hispidus
1685 3137 2103 3208 interpretatur:

527 3238 585 3284 ut
621 3240 677 3284 et
715 3231 989 3300 antiquum
1033 3229 1320 3286 Gentilium
1367 3229 1628 3300 signiﬁcet
1669 3229 1745 3299 (a)
1791 3229 2103 3296 horrorem,

526 3319 613 3373 illa
647 3323 758 3389 pari
787 3321 1136 3376 similitudine
1165 3319 1524 3390 re5poudente
1554 3337 1567 3372 :
1603 3337 1622 3371 ι
1651 3319 1810 3390 Nigra
1838 3335 1978 3387 sum,
2010 3320 2106 3376 sed

525 3409 778 3476 formosa,
811 3412 932 3466 filia:
963 3411 1258 3467 Jerusalem
1290 3431 1309 3463 ι
1341 3409 1514 3480 (Cant.
1549 3411 1600 3466 1.
1630 3411 1711 3478 4).

594 3501 683 3556 22.
718 3521 736 3554 ι
775 3503 915 3556 Dixit
941 3513 1116 3556 autem
1154 3503 1224 3556 illi
1257 3502 1395 3558 filius
1426 3520 1438 3556 :
1467 3502 1643 3566 Pater,
1674 3501 1885 3571 peccavi
1912 3501 1962 3556 in
1991 3517 2104 3559 οω-

525 3593 632 3647 lum
662 3602 717 3648 et
743 3608 927 3648 coram
958 3603 1008 3648 te
1031 3634 1045 3658 ,
1070 3593 1180 3662 jam
1221 3608 1327 3648 non
1371 3609 1490 3648 sum
1525 3593 1718 3664 dignus
1756 3595 1932 3649 vocari
1967 3594 2106 3649 ﬁlius

525 3693 666 3739 tuus.
701 3703 720 3737 ι
755 3684 890 3738 Dicit
913 3699 972 3739 se
996 3700 1100 3739 non
1127 3699 1247 3740 esse
1271 3685 1490 3754 dignum
1518 3685 1680 3738 filium
1709 3685 2022 3754 nuncupari,
2049 3694 2106 3740 et

525 3784 700 3830 tamen
737 3791 801 3830 ex
833 3785 1037 3830 natura:
1068 3790 1232 3842 voce,
1264 3792 1334 3831 ex
1369 3777 1455 3830 illa
1485 3776 1810 3843 substantia,
1843 3793 1999 3847 quam
2027 3777 2104 3831 illi

525 3875 674 3934 pater
699 3864 873 3920 fuerat
909 3865 1196 3935 aliquando
1239 3865 1488 3934 largitus,
1533 3863 1586 3919 in
1632 3881 1824 3921 nomen
1867 3866 2104 3936 trepidus

523 3959 762 4012 veritatis
789 3959 1022 4026 erumpit
1054 3975 1066 4011 :
1100 3957 1276 4023 Pater,
1301 3959 1576 4028 inquiens,
1610 3961 1804 4028 peccavi
1828 3961 1880 4014 in
1901 3961 2099 4014 (clum.

522 4048 740 4102 Frustra
773 4048 931 4119 igitur
955 4049 1170 4119 quidam
1207 4058 1670 4120 argumentantur,
1703 4066 1896 4106 nomen
1939 4052 2103 4120 patris

523 4140 575 4193 in
598 4143 1196 4194 sanctostantummodo
1214 4141 1542 4196 convenire:
1619 4141 1728 4211 79
1797 4157 1920 4196 cum
1939 4143 2102 4195 etiam

526 4230 690 4284 Deum
714 4231 799 4284 hic
824 4239 1026 4311 patrem
1047 4233 1327 4301 vocet,qui
1358 4246 1418 4286 se
1446 4231 1537 4284 lilii
1569 4235 1788 4286 nomine
1819 4234 2104 4286 confitetur

523 4321 798 4392 indignum
855 4339 869 4375 :
921 4323 1022 4376 nisi
1071 4322 1208 4376 forte
1255 4323 1376 4377 ideo
1421 4331 1625 4392 patrem
1667 4323 1826 4378 audet
1870 4339 2098 4389 vocare,

523 4416 646 4486 quia
679 4415 831 4484 plena
862 4424 1041 4469 mente
1071 4429 1366 4469 conversus
1394 4423 1498 4470 est.

592 4507 680 4561 25.
718 4523 737 4556 ‹
773 4505 914 4559 Dixit
943 4513 1119 4560 autem
1155 4515 1308 4576 pater
1332 4505 1398 4560 ad
1438 4520 1635 4574 pueros
1671 4520 1836 4561 suos:
1865 4507 2102 4562 Celerius

521 4595 757 4664 proferte
799 4597 989 4650 stolam
1023 4597 1254 4666 priorem
1275 4635 1290 4660 ,
1320 4607 1371 4650 et
1399 4595 1599 4652 induite
1625 4613 1785 4662 eum;
1823 4617 1842 4650 ι
1872 4599 2061 4651 stolam
2083 4639 2098 4662 ,

522 4703 682 4756 quam
706 4687 873 4740 Adam
903 4687 1171 4755 peccando
1197 4687 1522 4755 perdiderat,
1553 4687 1767 4750 stolam,
1791 4705 1909 4756 qua:
1931 4689 1980 4741 in
2001 4688 2101 4742 alia

524 4778 777 4850 para‘bola
810 4778 1177 4834 indumentum
1219 4780 1413 4834 dicitur
1451 4780 1687 4850 nuptiale
1715 4778 1942 4851 (Manli.
1975 4780 2099 4852 22),

522 4871 576 4924 id
609 4881 709 4934 est,
739 4878 942 4924 vestem
972 4871 1205 4938 Spiritus
1235 4871 1436 4936 Sancti,
1467 4886 1624 4939 quam
1656 4871 1747 4939 qui
1776 4887 1881 4925 non
1913 4871 2101 4926 habue-

520 4962 610 5025 rit,
641 4975 745 5014 non
780 4968 956 5027 potest
985 4961 1126 5029 regis
1154 4960 1413 5014 interesse
1439 4961 1711 5016 convivio.

593 5051 682 5105 24.
718 5069 738 5102 ‹
772 5051 837 5104 Et
865 5049 988 5104 dote
1027 5051 1280 5104 annulum
1313 5050 1366 5104 in
1411 5065 1570 5103 manu
1599 5051 1774 5116 illius;
1805 5069 1825 5104 ι
1854 5053 2072 5122 signacu

525 5146 634 5194 lum
662 5138 1026 5194 similitudinis
1049 5137 1268 5203 Christi,
1296 5139 1589 5193 secundum
1619 5141 1744 5194 illud
1773 5160 1786 5195 :
1819 5160 1837 5193 ‹
1866 5140 1920 5194 In
1945 5157 2103 5212 quem

520 5232 826 5294 credentes,
843 5231 1034 5299 signati
1057 5231 1187 5286 estis
1213 5231 1401 5298 spiritu
1426 5232 1856 5298 repromissionis
1881 5245 2097 5290 sancto»

523 5325 739 5394 (Epltes.
764 5325 819 5378 1.
851 5323 965 5393 15).
997 5323 1064 5377 Ει
1088 5320 1155 5376 ad
1183 5322 1476 5391 principem
1505 5321 1700 5378 dicitur
1738 5326 1884 5396 Tyri,
1911 5329 1998 5396 qui
2027 5330 2102 5382 si-

525 5417 880 5473 militudinem
921 5413 1224 5468 Conditoris
1264 5413 1560 5467 amiserat:
1598 5431 1616 5464 ι
1651 5414 1728 5469 Tu
1770 5418 2100 5487 signaculum

583 5617 657 5680 (a)
683 5616 753 5666 Ita
777 5613 1056 5722 reponimus
1091 5623 1119 5660 e
1141 5610 1388 5660 vetustiss.
1417 5609 1633 5662 editione
1649 5649 1662 5672 ,
1687 5629 1782 5677 qua
1803 5618 1982 5678 smpius
2005 5618 2102 5666 uti-

583 5693 644 5722 η’.
670 5691 780 5722 cum
803 5691 827 5722 a
852 5675 884 5722 ii
909 5674 1027 5722 edttt
1049 5687 1106 5721 ac
1129 5672 1242 5720 Mss.
1266 5684 1481 5721 errorem
1504 5671 1751 5722 leaerent.
1777 5679 1938 5722 minus
1963 5686 2102 5722 recte

519 5671 650 5741 mur,
670 5691 780 5727 cum
803 5671 898 5741 alii
909 5673 1027 5722 editi
1049 5687 1106 5721 ac
1129 5672 1242 5720 Mss.
1265 5671 1752 5741 erroremjegeren't,
1777 5671 1938 5741 minus
1963 5686 2102 5741 recte

521 5740 580 5788 ad
620 5732 901 5800 Hieronymi
927 5741 1168 5800 ruentem,
1193 5734 1278 5800 qui
1312 5733 1424 5782 Seir
1447 5732 1614 5795 piloso,
1639 5732 1788 5798 atque
1811 5737 2020 5800 hispida,
2047 5746 2106 5794 ut,

522 5793 892 5861 interpretatur,
921 5793 1184 5845 Gentilium
1211 5793 1460 5844 horrorem
1483 5793 1741 5857 eomparai.

1844 367 2084 425 SANCTl
2126 363 2525 422 IIIERONYMI.

3712 370 3814 428 580

2233 475 2632 544 similitudinis,
2663 485 2718 534 et
2753 492 2950 535 corona
2980 479 3190 536 decoris
3210 521 3225 547 ,
3257 479 3553 536 ln-deliciis
3583 482 3813 551 paradisi

2235 567 2327 621 Dei
2360 577 2514 623 natus
2535 583 2595 624 es
2633 587 2652 621 ι
2688 569 2900 640 (Each.
2925 571 3018 626 28.
3050 571 3138 625 12.
3170 573 3281 640 15).
3320 571 3485 626 isaias
3509 586 3718 642 quoque
3747 571 3809 628 do

2233 661 2336 716 hoc
2373 662 2648 729 signaculo
2679 662 2914 732 loquitur
2947 681 2960 720 :
2995 681 3014 714 ι
3047 663 3197 718 Tunc
3236 663 3507 718 manifesti
3537 673 3697 718 erunt
3722 667 3810 735 qui

2232 752 2529 822 signantur.
2562 772 2581 804 ι
2614 752 2726 808 lloc
2765 753 3093 828 signaculum
3125 753 3177 807 in
3204 769 3363 808 manu
3390 754 3566 821 datur,
3599 756 3812 822 quando

2232 859 2394 913 opera
2419 842 2640 913 justitize
2666 844 2940 913 Scriptura
2967 842 3262 913 significat,
3290 853 3349 898 ut
3388 844 3499 898 ibi:
3534 863 3554 897 ι
3591 845 3811 901 Factum

2230 946 2314 991 est
2338 935 2559 990 verbum
2593 935 2803 990 Domini
2827 937 2878 989 in
2903 950 3064 990 manu
3086 935 3264 1005 Aggaei
3291 935 3572 1005 Propheta
3600 955 3620 990 ι
3654 939 3811 1009 (Agg.

2234 1029 2286 1083 1.
2313 1037 2358 1081 et
2382 1025 2464 1096 2),
2495 1027 2724 1083 dicentis
2747 1027 2813 1082 ad
2843 1027 3136 1083 Jerusalem
3165 1045 3179 1081 :
3219 1046 3238 1080 ι
3275 1027 3470 1083 Ornavi
3501 1039 3550 1084 te
3569 1069 3586 1097 ,
3609 1029 3812 1100 inquit.

2231 1131 2546 1176 ornamento
2573 1161 2588 1186 ,
2631 1128 2687 1175 et
2733 1123 2960 1190 imposui
3005 1121 3097 1175 tibi
3142 1121 3382 1176 armillas
3421 1121 3562 1177 circa
3621 1137 3810 1177 manus

2233 1220 2349 1264 tuas
2379 1227 2398 1262 ι
2436 1210 2647 1281 (Ezech.
2677 1211 2763 1266 16.
2800 1210 2911 1279 il).
2941 1211 3172 1265 Rursum
3195 1212 3262 1266 ad
3289 1227 3410 1267 eum
3439 1211 3512 1283 (ὁ)
3538 1213 3627 1283 qui
3656 1213 3810 1266 indu-

2233 1309 2315 1354 tus
2349 1309 2432 1354 est
2471 1301 2696 1370 podcre,
2729 1301 2865 1355 alius
2896 1301 3046 1355 locus
3073 1301 3330 1370 signaculi
3360 1303 3757 1358 demonstratur
3786 1324 3801 1362 :

2235 1409 2254 1442 ‹
2287 1391 2557 1446 Pertransi
2586 1407 2682 1462 per
2709 1392 2938 1447 mediam
2965 1391 3282 1460 Jerusalem,
3310 1402 3365 1448 et
3389 1394 3452 1448 da
3475 1394 3808 1464 signaculum

2230 1482 2284 1536 in
2329 1481 2591 1537 frontibus
2638 1483 2875 1538 virorum
2914 1482 3241 1553 gementium
3267 1524 3282 1548 ,
3323 1492 3378 1538 et
3413 1484 3708 1539 dolentium
3753 1490 3808 1539 in

2229 1572 2478 1627 omnibus
2522 1571 2888 1643 iniquitatibus
2912 1613 2928 1639 ,
2957 1588 3075 1643 qua:
3106 1573 3239 1628 fiunt
3268 1575 3320 1628 in
3356 1575 3535 1629 medio
3560 1590 3746 1630 eorum
3777 1595 3796 1628 ι

2230 1660 2391 1732 (Ibid.
2423 1663 2476 1718 9.
2505 1665 2584 1730 4).
2611 1663 2822 1730 Quare?
2857 1672 2914 1716 ut
2943 1672 3126 1732 postea
3170 1665 3377 1734 possint
3408 1665 3590 1722 dicere
3619 1683 3632 1719 :
3670 1683 3690 1717 ι
3722 1666 3810 1721 Si-

2224 1763 2441 1824 gnatum
2485 1762 2568 1808 est
2603 1768 2766 1824 super
2804 1768 2903 1808 nos
2938 1753 3116 1809 lumen
3152 1755 3328 1809 vultus
3365 1755 3475 1823 tui,
3513 1755 3734 1813 Domine
3777 1774 3797 1809 ι

2227 1843 2394 1916 (Ρεαι.
2424 1846 2479 1900 4.
2505 1845 2581 1914 7).

2292 1938 2384 1993 25.
2416 1956 2435 1990 ι
2472 1938 2539 1993 Et
2575 1938 2994 1994 ealceamentum
3023 1938 3075 1993 in
3116 1937 3342 2009 pedibus
3384 1939 3520 2010 ejus.
3559 1959 3578 1993 ι
3609 1940 3801 2012 Sponsi

2223 2028 2417 2097 quippe
2448 2028 2750 2098 perdiderat
2778 2028 3121 2100 dignitatem,
3153 2039 3207 2085 et
3247 2029 3404 2085 nudis
3432 2029 3656 2100 pedibus
3695 2032 3798 2087 Pa-

2221 2122 2347 2176 scha
2373 2122 2645 2177 celebrare
2668 2138 2771 2177 non
2801 2131 3028 2192 poterat.
3057 2121 3181 2177 llmc
3208 2131 3331 2177 sunt
3355 2122 3710 2179 calceamenta
3730 2123 3799 2179 de

2221 2212 2412 2281 quibus
2454 2213 2710 2266 Dominus
2742 2213 2815 2267 ait
2845 2231 2862 2267 :
2895 2231 2914 2264 ί
2948 2213 3016 2267 Ει
3045 2212 3276 2268 calceavi
3315 2222 3366 2268 te
3402 2213 3704 2284 hiaeyntho.
3731 2214 3800 2268 Et

2220 2305 2580 2361 calceamenta
2607 2305 2660 2359 in
2687 2304 2908 2373 pedibus
2935 2303 3091 2374 ejus’r
3123 2303 3298 2374 (Ezec.
3330 2303 3416 2358 16.
3443 2303 3564 2372 10);
3590 2319 3688 2359 nec
3708 2304 3795 2360 ubi

2219 2397 2441 2452 coluber
2471 2395 2750 2461 insidians,
2771 2396 3006 2466 plantam
3035 2393 3381 2464 ingredientis
3403 2394 3672 2450 invaderet
3697 2412 3710 2448 :
3741 2402 3798 2448 et

2220 2504 2384 2556 super
2409 2489 2722 2556 scorpiones
2747 2498 2801 2541 et
2828 2495 3105 2555 serpentes
3131 2485 3372 2539 securius
3396 2486 3716 2552 ambularet;
3739 2495 3796 2540 ut

2220 2589 2609 2648 prmpararetur
2627 2578 2694 2633 ad
2717 2577 3058 2647 Evangelium
3087 2577 3230 2646 paris
3257 2576 3391 2646 :jam
3415 2592 3518 2632 non
3544 2575 3794 2647 gradiens

2217 2669 2512 2725 secundum
2531 2685 2770 2734 carnem,
2795 2668 2887 2723 sed
2905 2666 3194 2724 secundum
3217 2668 3456 2736 spiritum
3478 2683 3494 2732 ;
3515 2675 3569 2721 et
3593 2667 3790 2721 dictum

2214 2765 2263 2819 ei
2308 2761 2681 2832 Propheticum
2724 2762 3081 2816 conveniret:
3116 2778 3134 2811 ι
3169 2759 3335 2826 Quam
3369 2759 3594 2829 speciosi
3628 2759 3792 2828 pedes

2214 2855 2691 2927 evangelizantium
2712 2869 2917 2926 pacem,
2938 2852 3408 2923 evangelizantium
3430 2852 3566 2906 bona
3592 2871 3612 2904 ι
3635 2851 3788 2923 (Ιεαὶ.

2213 2949 2302 3004 52.
2331 2950 2411 3017 7).

2283 3039 2374 3096 26.
2407 3059 2426 3091 ι
2463 3041 2525 3094 Et
2551 3039 2738 3095 aﬂ‘erte
2767 3039 2990 3095 vitulum
3019 3038 3340 3109 saginatum,
3370 3048 3424 3093 et
3449 3036 3707 3106 occidite,
3737 3049 3791 3094 et

2211 3133 2619 3200 manducemus,
2652 3142 2706 3189 et
2734 3133 3052 3204 epulemur;
3083 3133 3330 3204 quoniam
3359 3130 3444 3186 hic
3476 3131 3613 3186 filius
3639 3145 3791 3186 meus

2213 3236 2454 3280 mortuus
2481 3227 2674 3291 fuerat,
2705 3237 2759 3281 et
2787 3227 2998 3291 revixit,
3023 3229 3274 3296 perierat,
3301 3234 3355 3280 et
3382 3225 3627 3281 inventus
3647 3233 3746 3278 est.
3763 3243 3782 3276 ι

2213 3316 2421 3372 Vitulus
2435 3318 2708 3387 saginatus
2725 3317 2812 3388 qui
2835 3317 2900 3372 ad
2917 3318 2985 3387 (c)
3005 3319 3310 3387 pmnitentis
3330 3318 3634 3372 immolatur
3649 3316 3791 3371 salu-

2213 3419 2317 3465 tem
2339 3451 2353 3473 ,
2385 3410 2500 3480 ipse
2528 3409 2774 3464 Salvator
2801 3419 2915 3475 est,
2944 3411 3096 3478 cujus
3135 3409 3371 3478 quotidie
3439 3411 3554 3482 80
3625 3425 3788 3466 carne

2210 3501 2502 3571 pascimur,
2520 3516 2708 3556 cruore
2725 3511 2990 3571 potamur.
3011 3501 3211 3557 Fidelis
3230 3517 3433 3556 mecum
3451 3503 3618 3556 lector
3633 3502 3789 3557 intel-

2168 3623 2174 3631 -
2211 3593 2364 3662 ligis,
2399 3608 2502 3662 qua
2531 3591 2852 3661 pinguedine
2877 3593 3096 3646 saturati
3115 3632 3130 3657 ,
3165 3592 3214 3645 in
3245 3603 3449 3647 ructum
3479 3593 3649 3648 laudis
3672 3595 3788 3665 ejus

2210 3683 2563 3751 erumpimus,
2584 3682 2822 3737 dicentes
2853 3703 2865 3737 :
2896 3700 2915 3734 ι
2949 3683 3222 3737 Eructavit
3243 3699 3338 3737 cor
3359 3699 3534 3737 meum
3562 3685 3786 3740 verbum

2210 3775 2440 3840 bonum,
2470 3774 2590 3829 dico
2617 3789 2718 3846 ego
2744 3790 2905 3844 opera
2936 3790 3052 3829 mea
3093 3776 3201 3846 regi
3236 3796 3254 3829 ι
3289 3775 3404 3846 (Ps.
3426 3778 3515 3836 Η.
3538 3777 3630 3848 1);
3662 3780 3792 3835 licet

2209 3869 2426 3939 quidam
2455 3868 2824 3939 superstitiose
2849 3866 3040 3936 magis,
3064 3883 3222 3937 quam
3244 3883 3392 3934 vere,
3419 3885 3521 3924 non
3543 3873 3790 3930 conside-

2211 3967 2393 4014 rantes
2424 3967 2628 4012 textum
2663 3956 2882 4023 Psalmi,
2912 3972 2978 4012 ex
3007 3957 3179 4011 Patris
3208 3973 3436 4028 persona
3463 3960 3791 4019 arbitrentur

2213 4051 2314 4106 hoc
2342 4050 2584 4120 intelligi.
2612 4049 2767 4118 Quod
2794 4058 2994 4114 autem,
3024 4049 3118 4116 ait,
3149 4067 3168 4100 ι
3205 4049 3504 4119 epulemur,
3535 4054 3787 4122 quoniam

2211 4142 2296 4196 hic
2326 4141 2466 4194 filius
2496 4156 2644 4194 meus
2673 4151 2916 4196 mortuus
2947 4140 3146 4204 fuerat,
3179 4150 3234 4196 et
3263 4141 3491 4208 revixit,
3523 4145 3786 4212 perierat,

2208 4242 2263 4287 et
2308 4232 2555 4287 inventus
2590 4239 2705 4296 est,
2741 4250 2760 4283 ι
2794 4231 2861 4286 ad
2899 4231 3148 4286 eumdem
3188 4232 3459 4302 parabolas
3498 4235 3790 4304 superioris

2209 4322 2442 4392 pertinet
2482 4336 2698 4376 sensum
2724 4362 2739 4387 ,
2773 4323 2826 4376 in
2857 4338 2959 4392 qua
2989 4322 3186 4378 dicitur
3215 4341 3230 4378 :
3257 4341 3277 4374 ι
3310 4323 3402 4379 Sic
3441 4324 3560 4380 dico
3599 4327 3784 4396 vobis,

2209 4415 2330 4484 quia
2357 4413 2608 4484 gaudium
2637 4417 2739 4469 erit
2767 4430 2950 4470 coram
2981 4415 3200 4486 Angelis
3228 4415 3324 4472 Dei
3352 4432 3516 4489 super
3540 4434 3646 4476 uno
3667 4436 3791 4492 pee-

2209 4517 2393 4562 catore
2425 4507 2791 4577 pmititentiam
2818 4518 3029 4579 agente.
3060 4527 3080 4561 ι

2278 4599 2368 4653 27.
2402 4618 2421 4652 ι
2454 4600 2521 4654 Ει
2541 4608 2822 4669 coeperunt
2842 4601 3067 4669 epulari.
3093 4619 3112 4654 ι
3142 4601 3255 4658 Hoc
3277 4602 3579 4659 convivium
3609 4607 3790 4674 quoti-

2209 4690 2296 4745 die
2319 4691 2642 4754 celebratur,
2671 4691 2909 4760 quotidie
2938 4701 3090 4762 pater
3121 4693 3290 4750 filium
3317 4695 3508 4766 recipit
3534 4715 3548 4751 :
3575 4710 3793 4766 semper

2209 4781 2452 4836 Christus
2477 4779 2819 4836 credentibus
2845 4782 3172 4838 immolatur.

2279 4873 2369 4928 28.
2401 4892 2421 4925 ε
2456 4873 2585 4926 Erat
2609 4881 2784 4926 autem
2811 4875 2951 4928 filius
2977 4873 3116 4929 illius
3142 4875 3324 4932 senior
3349 4880 3402 4931 in
3423 4891 3575 4948 agro.
3609 4896 3630 4932 ι
3656 4879 3794 4935 Huc-

2211 4980 2379 5034 usque
2403 4964 2472 5020 de
2499 4979 2724 5034 persona
2759 4965 2850 5019 lilii
2879 4966 3102 5035 junioris
3129 4967 3457 5039 disputatum
3485 4981 3602 5038 est,
3633 4988 3792 5042 quem

2211 5058 2504 5112 secundum
2548 5068 2868 5127 praesentem
2908 5059 3254 5128 parabolam,
3301 5061 3354 5116 in
3401 5064 3700 5132 publicanis
3742 5075 3796 5120 et

2211 5149 2610 5217 peccatoribus,
2642 5149 2730 5217 qui
2760 5163 2790 5202 a
2821 5149 3050 5202 Domino
3079 5149 3146 5204 ad
3189 5152 3556 5221 penitentiam
3598 5171 3793 5225 provo-

2210 5238 2502 5304 cabantur,
2551 5238 2810 5294 debemus
2857 5239 3102 5308 accipere
3147 5259 3159 5295 :
3202 5243 3495 5298 secundum
3541 5245 3796 5317 mysticos

2211 5337 2389 5383 autem
2424 5327 2764 5394 intellectus,
2791 5329 2858 5384 de
2888 5329 3062 5384 futura
3093 5346 3304 5402 quoque
3340 5336 3622 5391 vocatione
3649 5335 3794 5392 Gen-

2212 5422 2342 5474 tium
2393 5418 2721 5488 prophetari.
2768 5420 2921 5476 Nunc
2971 5423 3036 5476 ad
3083 5424 3351 5480 seniorem
3402 5425 3569 5482 filium
3617 5442 3797 5482 sermo

2275 5553 2347 5619 (b)
2369 5551 2614 5619 chtorius
2633 5552 2698 5602 ad
2720 5566 2829 5602 eum
2853 5554 3008 5605 virum
3029 5555 3130 5619 qui,
3157 5563 3252 5619 etc.

2274 5613 2345 5683 (c)
2379 5613 2566 5683 Erasm.
2591 5627 2823 5683 eumque
2839 5613 3050 5667 secutus
3067 5613 3378 5683 Martianaaus
3399 5620 3693 5683 minutim
3711 5634 3796 5683 pro

2211 5674 2478 5784 p‘mniientt's
2493 5708 2507 5731 ,
2533 5674 2721 5726 scilicet
2737 5674 2824 5746 lilii
2851 5691 2863 5725 :
2894 5687 2958 5749 et.
2977 5693 3088 5749 mox
3111 5679 3226 5736 quia
3255 5674 3547 5750 pinguedine
3571 5697 3660 5746 pro
3680 5674 3793 5744 q'ua.

2259 5743 2412 5784 ecttus
2432 5735 2529 5782 duo
2552 5735 2665 5784 Mss.
2689 5749 2804 5784 ama
2824 5751 2889 5784 ea:
2911 5753 3014 5784 eius
3038 5740 3344 5784 mnauedme-
3363 5743 3613 5784 Νοηιηιιιις
3633 5752 3793 5784 autem

2259 5736 2412 5804 ectius
2432 5735 2529 5804 duo
2552 5735 2665 5784 Mss.
2689 5737 2804 5804 quia
2824 5751 2889 5787 ex
2911 5735 3613 5804 ejus‘pinguedineI'Notanihis
3633 5735 3796 5794 autent

2212 5797 2309 5857 bie,
2337 5801 2389 5844 et
2413 5795 2723 5860 subsequens
2742 5795 2876 5847 locus
2898 5795 2986 5862 pro
3007 5795 3324 5854 Eucﬁaristite
3346 5815 3668 5857 sacramento.
