4136 6332
307 473 725 547 transgreditur,
771 476 928 546 quem
973 473 1124 558 multi
1165 471 1482 558 simpliciter
1511 473 1591 558 ad
1635 476 1879 531 onmium

306 565 622 620 Sanctorum
652 564 959 634 personam,
988 556 1138 619 mul'ti
1169 556 1380 635 proprie
1407 563 1472 619 ad
1496 556 1711 619 Iudaeos
1737 562 1878 621 refc-

303 665 443 713 runt.
471 654 541 709 Et
565 651 632 710 de
658 654 868 711 Sanctis
893 639 1104 725 quidem
1132 671 1238 710 non
1259 645 1489 711 difficilis
1510 656 1878 726 interpretatio

303 756 411 811 est,
444 747 496 802 in
525 759 592 802 eo
619 746 763 818 quod
807 735 1032 812 dicitur,
1067 747 1336 817 nunquam
1378 740 1686 802 mandatum
1728 749 1876 802 tuum

303 829 566 910 przeterivi
595 855 609 892 :
637 838 762 893 licet
790 838 917 893 illud
945 838 1185 894 videatur
1210 839 1492 901 obSiSterc,
1520 826 1660 908 quod
1687 844 1874 893 rcvc'ro

301 929 432 986 sioni
475 925 660 986 fratris
700 929 951 985 invideat.
981 919 1036 985 ln
1063 923 1278 986 Iudaeos
1305 923 1482 984 autem
1512 936 1634 985 cum
1667 930 1800 984 livor
1822 928 1875 984 in

299 1020 476 1078 fratris
516 1021 687 1078 salute
731 1023 1052 1088 conveniat,
1087 1021 1190 1077 hoc
1226 1020 1521 1092 repugnat,
1552 1015 1692 1090 quod
1733 1035 1874 1075 unus

299 1129 454 1181 quam
477 1121 542 1168 se
563 1113 705 1168 dicat
733 1113 852 1182 ejus
881 1110 1183 1184 prmtcrisse
1209 1103 1517 1166 mandatum
1540 1127 1553 1175 ;
1587 1101 1654 1166 de
1681 1107 1875 1179 quibus

299 1201 422 1274 Quid
444 1201 598 1259 nobis
622 1204 885 1271 videnlur,
916 1205 1027 1258 suis
1049 1203 1102 1258 in
1133 1203 1264 1258 locis
1289 1202 1605 1258 conabimur
1624 1201 1876 1270 explana-

298 1309 374 1349 re.
401 1301 420 1345 ἃ
452 1287 582 1350 Erat
602 1303 779 1350 autem
808 1294 948 1350 ﬁlius
979 1293 1122 1349 illius
1148 1295 1328 1349 senior
1353 1293 1406 1349 in
1439 1301 1586 1363 agro,
1623 1301 1642 1346 ’t
1678 1292 1731 1379 in
1762 1301 1872 1346 ter-

296 1387 439 1442 renis
464 1383 718 1457 operibus
745 1387 930 1472 labore
953 1381 1244 1456 desudans,
1270 1381 1426 1459 longe
1451 1403 1482 1442 a
1507 1386 1676 1472 gratia
1705 1385 1872 1456 Spiriv

297 1483 380 1533 tus
403 1472 608 1544 Sancti,
637 1476 692 1535 et
723 1494 754 1536 a
783 1470 1009 1536 consilio
1049 1481 1216 1552 patris
1242 1481 1492 1538 extorris.
1527 1470 1624 1536 llic
1649 1488 1750 1546 est,
1780 1477 1868 1548 qui

295 1565 366 1623 ait
394 1587 408 1624 :
448 1589 467 1622 ι
499 1571 700 1638 Agrum
733 1573 838 1628 emi
860 1611 874 1637 ,
900 1580 956 1627 et
981 1587 1201 1628 necesse
1239 1561 1411 1628 habeo
1435 1571 1585 1654 erire
1609 1580 1662 1626 et
1689 1570 1873 1625 videre

294 1649 440 1714 illum
471 1677 486 1717 :
516 1676 646 1732 rogo
673 1670 745 1728 te,
775 1663 914 1718 habe
937 1678 1024 1718 me
1052 1660 1360 1719 excusatum
1396 1683 1416 1718 ι
1451 1649 1603 1747 (Lac.
1636 1655 1722 1717 τι.
1755 1660 1868 1730 18).

295 1749 422 1841 llic,
463 1751 554 1822 qui
588 1751 714 1823 juga
756 1752 918 1809 boum
962 1754 1094 1810 emit
1127 1755 1395 1841 quinque,
1426 1767 1480 1810 et
1514 1754 1672 1826 Legis
1704 1769 1870 1841 onere

292 1832 595 1914 depressus,
621 1847 956 1904 te'rrenorutn
983 1851 1239 1904 sensuum
1261 1836 1533 1918 voluptate
1559 1834 1866 1918 perfruitur.

291 1931 419 2001 Hic,
450 1925 542 2008 qui
577 1944 744 1996 uxore
767 1929 959 2006 ducta,
996 1930 1074 1997 ire
1097 1930 1165 1996 ad
1192 1926 1404 2009 nuptias
1441 1954 1547 1994 non
1572 1934 1788 2010 potest;
1815 1946 1872 1992 et

291 2026 509 2083 elI'ectus
537 2043 682 2098 caro,
709 2045 1042 2103 nequaquam
1070 2047 1230 2114 unum
1258 2039 1435 2100 potest
1461 2045 1582 2114 esse
1606 2044 1728 2084 cum
1756 2025 1866 2098 spi.

291 2119 412 2172 ‘ritn.
440 2119 495 2173 ln
525 2119 680 2191 hujus
709 2131 937 2192 persona
969 2121 1128 2178 etiam
1165 2108 1309 2177 illius
1343 2108 1612 2192 parabolae
1637 2119 1867 2188 operarii

289 2211 606 2282 congruunt,
641 2215 692 2270 in
723 2227 824 2284 qua
851 2215 1040 2286 prima,
1073 2213 1246 2279 tertia,
1273 2223 1444 2275 sexta,
1465 2219 1602 2266 n'ona
1631 2211 1785 2276 hora,
1816 2209 1868 2264 id

290 2315 392 2371 est,
419 2295 788 2364 vacationibus
809 2299 970 2362 variis
985 2307 1269 2361 mittuntur
1284 2291 1352 2358 ad
1377 2304 1606 2366 vineam,
1646 2303 1754 2373 ει
1815 2309 1870 2356 et

287 2393 630 2468 indignantur
652 2389 752 2454 sibi
785 2385 1079 2453 undecima:
1106 2396 1252 2450 hora:
1275 2392 1554 2464 operarios
1578 2391 1864 2477 coaequari.

355 2482 446 2546 99.
494 2509 514 2544 ι
554 2492 769 2546 Etcum
794 2478 1033 2554 veniret,
1076 2499 1129 2543 et
1167 2486 1618 2568 appropinquaret
1663 2483 1867 2547 domui,

284 2579 484 2636 audivit
517 2581 892 2653 symphoniam
914 2587 968 2633 et
987 2577 1233 2634 chorum.
1264 2595 1283 2630 ι
1314 2575 1449 2631 Illud
1479 2575 1619 2660 quod
1650 2576 1703 2630 in
1729 2578 1867 2660 quos

284 2662 406 2728 dam
438 2666 654 2726 Psalmo
679 2661 1096 2742 superscribitur
1123 2685 1221 2742 pro
1258 2671 1493 2734 usserit,
1537 2668 1661 2724 huic
1687 2668 1867 2724 sensui

283 2762 556 2817 convenit.
583 2750 858 2832 Siquidem
886 2777 1121 2828 κειετιι,
1153 2759 1348 2817 chorus
1389 2761 1440 2815 in
1477 2775 1638 2816 unum
1682 2759 1864 2815 Conci-

283 2856 416 2909 tiens
447 2843 662 2908 dicitur.
691 2847 826 2909 Male
855 2861 1030 2909 autem
1057 2854 1132 2925 (α)
1162 2853 1377 2923 quidam
1404 2853 1470 2908 de
1491 2838 1692 2907 Latinis
1721 2865 1866 2922 sym-

286 2941 535 3010 phoniam
564 2950 752 3012 putant
795 2952 916 2998 esse
959 2958 1128 3014 genus
1166 2944 1375 3014 organi,
1405 2957 1526 3000 cum
1554 2957 1780 3028 concors
1811 2942 1862 2998 in

287 3020 380 3086 Dei
410 3022 658 3087 laudibus
688 3033 1001 3099 conoen'tus,
1049 3027 1151 3089 hoc
1179 3035 1444 3089 vocabulo
1484 3020 1814 3102 significetur
1845 3049 1860 3086 :

287 3129 524 3193 “Manta
545 3116 742 3192 quippe
764 3111 1096 3177 tomonantia
1121 3123 1438 3200 exprimitur
1466 3122 1518 3176 in
1548 3121 1752 3177 Latino.

356 3213 443 3269 30.
491 3232 509 3266 ι
543 3214 610 3269 Et
639 3215 847 3269 vocavit
887 3215 1147 3298 unumde
1176 3201 1378 3286 pueris,
1429 3225 1484 3271 et
1514 3215 1864 3300 interrogavit

287 3305 533 3376 Quidnam
581 3315 765 3362 essent
804 3305 940 3362 haec.
968 3323 988 3360 ι
1038 3294 1107 3362 Et
1148 3322 1289 3362 nunc
1332 3307 1626 3377 interrogat
1677 3293 1859 3374 lsracl,

288 3411 446 3466 quare
465 3398 604 3453 Deus
628 3398 681 3453 in
699 3397 948 3455 Gentium
971 3399 1336 3470 assumptione
1351 3399 1562 3454 laetetur
1585 3417 1598 3454 :
1621 3407 1677 3453 et
1697 3413 1866 3452 aemu-

288 3479 479 3546 latione
503 3490 792 3560 cruciatus,
820 3498 1098 3561 paternam
1137 3491 1278 3548 scire
1326 3507 1436 3548 non
1469 3498 1646 3563 potest
1675 3492 1864 3546 volun-

288 3575 464 3637 tatem.

353 3663 444 3727 51.
489 3688 509 3725 ‹
541 3669 734 3740 Quiait
755 3659 852 3739 illi,
875 3661 1126 3744 quoniam
1157 3672 1320 3729 frater
1346 3677 1467 3729 tutis
1494 3663 1660 3740 venit,
1693 3684 1748 3730 et
1773 3677 1863 3730 oc-

285 3761 414 3817 cidit
443 3770 594 3833 pater
621 3773 743 3820 tuus
773 3764 997 3820 vitulmn
1028 3764 1347 3836 saginatum,
1377 3765 1629 3835 quoniam
1658 3752 1864 3819 incolu-

287 3863 423 3908 mem
454 3851 605 3908 illum
659 3855 886 3925 recepit.
921 3873 939 3906 ι
970 3845 1146 3910 Causa
1188 3854 1407 3921 latitia},
1454 3856 1594 3924 quod
1648 3857 1759 3920 pari
1808 3859 1860 3910 in

286 3928 377 3998 Dei
404 3941 586 4000 laudes
615 3942 726 4000 toto
752 3935 882 4001 orbe
911 3947 1236 4013 concinitur,
1283 3938 1427 4000 salus
1475 3957 1558 4001 est
1586 3931 1858 4014 Gentium,

284 4027 426 4092 salus
455 4046 540 4092 est
566 4045 948 4108 peccatorum:
983 4039 1233 4093 ketantur
1281 4024 1470 4108 Angeli
1518 4055 1531 4091 :
1566 4040 1765 4120 omnis
1808 4040 1860 4094 i'n

283 4127 531 4196 gaudium
581 4129 828 4184 creatura
882 4130 1205 4196 consentit;
1263 4137 1318 4184 et
1377 4129 1446 4184 de
1495 4117 1614 4184 solo
1665 4117 1862 4184 dicitur

283 4206 443 4274 lsracl
467 4236 482 4274 :

350 4308 439 4362 52.
486 4327 504 4362 t
543 4307 713 4366 Iratus
741 4315 919 4367 autem
943 4300 1348 4368 noluitiutrare.
1377 4327 1396 4366 ι
1425 4311 1675 4369 Irascitur
1696 4330 1753 4369 se
1768 4314 1863 4370 ιώ·

283 4411 431 4456 sente
461 4401 684 4457 fratrem
711 4408 831 4459 esse
860 4407 1189 4474 susceptum,
1221 4405 1471 4460 irascitur
1495 4421 1618 4461 emn
1651 4409 1854 4474 virere,

282 4509 436 4562 quem
470 4495 691 4565 putabat
717 4495 1007 4550 extinctum
1033 4515 1046 4552 :
1079 4507 1132 4552 et
1154 4514 1294 4553 nunc
1320 4498 1448 4554 foris
1473 4507 1579 4554 stat
1603 4499 1787 4563 lsrael,
1806 4508 1862 4556 et

283 4590 423 4640 nunc
448 4579 729 4656 discipulis
780 4588 1064 4657 Evangelia
1109 4589 1162 4642 in
1210 4573 1449 4644 Ecclesia
1496 4586 1854 4656 audientibus,

282 4685 452 4729 mater
499 4665 618 4746 ejus
671 4687 726 4736 et
778 4671 972 4733 fratres
1021 4677 1151 4734 foris
1197 4680 1341 4736 stant
1387 4684 1689 4753 qut'erentes
1735 4693 1859 4738 eum

283 4754 491 4835 (.llattlt.
529 4767 642 4837 12).

351 4850 440 4913 33.
487 4877 508 4911 ι
541 4858 802 4929 Egressus
848 4867 1024 4917 autem
1075 4869 1226 4933 pater
1279 4851 1423 4919 illius
1465 4865 1627 4934 coepit
1670 4867 1860 4940 rogare

281 4953 423 5003 eum.
455 4964 474 5002 ι
501 4949 672 5016 Quam
688 4947 949 5022 benignus
966 4962 1020 5007 et
1037 4955 1273 5008 clemens
1293 4964 1472 5023 pater:
1499 4968 1647 5024 rogat
1670 4945 1856 5022 lilium,

281 5047 340 5092 ut
361 5035 557 5093 laetitia:
578 5039 767 5096 domus
784 5044 1049 5113 particeps
1072 5043 1197 5098 fiat:
1223 5049 1372 5114 rog‘at
1393 5055 1570 5100 autem
1600 5055 1750 5116 pater
1767 5062 1860 5116 per

281 5127 591 5198 Apostolus,
620 5142 769 5203 rogat
799 5149 893 5203 per
923 5135 1196 5205 Evangelii
1243 5123 1642 5206 praedicatores.
1674 5126 1716 5192 E
1739 5140 1860 5208 qui-

282 5213 381 5274 bus
425 5211 620 5275 Paulus
645 5221 719 5277 ait
743 5240 756 5278 :
792 5241 812 5274 ι
848 5224 1140 5279 Precamur
1162 5239 1261 5295 pro
1285 5219 1522 5293 Christo,
1549 5229 1864 5284 reconcilia-

283 5308 411 5363 iuini
444 5306 554 5364 Deo
578 5304 654 5383 (Ξ.
687 5310 804 5366 Cor.
830 5315 882 5369 5.
910 5303 1025 5383 20).
1054 5333 1074 5366 ι
1101 5315 1168 5369 Ει
1191 5304 1318 5371 alibi
1340 5335 1359 5370 ι
1393 5318 1556 5374 Vobis
1576 5320 1863 5389 oportebat

283 5400 511 5470 primum
535 5406 841 5460 annuntiari
877 5405 970 5477 [aL
999 5407 1320 5481 annuntiare]
1359 5412 1580 5466 verbdm
1603 5412 1734 5468 Dei:
1764 5413 1859 5469 sed

351 5596 527 5673 [αλ-Ἐκ
549 5603 627 5653 his
649 5602 703 5655 S.
719 5603 933 5673 Sidonis
953 5604 1003 5673 in
1028 5597 1473 5673 originibus,un
1493 5617 1632 5663 certe
1656 5624 1720 5663 ex
1736 5611 1862 5664 amt-

287 5664 534 5772 amoribus
576 5669 798 5728 sumpsit,
839 5664 1204 5728 symphoniam,
1247 5664 1396 5728 dicit',
1440 5673 1581 5736 uulgo
1622 5675 1862 5738 appellari

323 5735 466 5772 anum
489 5738 658 5772 cavum
681 5739 744 5772 ea:
767 5735 969 5772 utraque
985 5732 1122 5772 parte
1144 5725 1268 5772 uelle
1289 5738 1499 5772 extentans
1532 5747 1675 5772 num):
1700 5735 1860 5772 m'rnu-

321 5725 466 5801 gnatm
489 5725 969 5801 eavunnéx‘utr‘tzque
985 5732 1122 5801 parte
1144 5725 1268 5788 pelle
1289 5725 1502 5796 extensa,
1520 5725 1860 5801 'quarit'virqu

289 5784 347 5836 lii
365 5785 478 5837 hinc
500 5787 614 5838 inde
639 5787 807 5839 Μηήεὶ
827 5784 1025 5851 feriunt.

769 5872 829 5931 S.
882 5872 1250 5933 HIERONYMI
1298 5863 1346 5934 Ῑ.

1679 346 2010 420 Εριδτοω
2051 351 2190 420 3m.

3461 368 3568 440 390

1990 478 2117 546 quia
2146 477 2420 548 repulistis
2443 479 2591 560 illud,
2621 491 2678 538 ct
2702 482 2946 554 indignos
2973 501 3065 543 vos
3097 487 3375 558 judicas'tis
3404 503 3567 550 teter-

1986 583 2072 657 ate
2090 570 2387 649 vitaz,.e‘cce
2415 574 2781 629 convertimur
2810 561 2875 630 ad
2899 587 3082 646 gentes
3118 600 3138 634 ι
3169 581 3304 652 (Act.
3335 569 3420 639 l3.
3446 585 3567 657 46).

2054 649 2144 716 34.
2189 679 2224 742 ι.
2247 661 2366 734 Ipse
2393 673 2573 720 autem
2599 666 2953 736 respondens,
2975 671 3050 724 ait
3089 649 3219 740 patri
3261 690 3394 731 suo:
3426 649 3567 734 Ecce

1985 745 2065 806 tot
2107 753 2265 808 annis
2307 755 2485 811 servio
2525 757 2638 812 tibi.
2672 758 2832 813 Pater
2875 762 3101 830 suple
3131 766 3196 818 ad
3222 770 3565 826 concordiam

1982 843 2332 930 deprecatur:
2360 837 2447 904 ille
2471 832 2754 919 justitiam,
2783 866 2903 921 quae
2930 853 2983 906 in
3014 839 3154 924 Lege
3179 867 3280 924 est,
3310 864 3563 930 sequens.

1983 921 2078 990 Dei
2101 922 2324 1006 justitia:
2353 955 2459 994 non
2485 941 2784 1011 subjicitur.
2812 943 2979 998 Porro
3008 921 3129 1014 qua:
3167 921 3337 1018 major
3359 921 3563 1021 justitia

1984 1023 2103 1090 Dei,
2128 1041 2286 1097 quam
2315 1027 2393 1101 (ὁ)
2423 1029 2704 1109 ignoscere
2742 1034 3150 1104 paenitentibus,
3183 1037 3348 1094 lilium
3390 1034 3565 1098 susci-

1980 1121 2109 1184 pere
2136 1117 2484 1175 redeuutem?
2518 1139 2536 1174 ι
2564 1107 2702 1178 Ecce
2725 1132 2803 1178 tot
2823 1125 2976 1181 annis
2998 1128 3175 1182 servio
3199 1129 3313 1196 tibi,
3347 1142 3402 1187 et
3424 1151 3563 1189 tutn-

1979 1212 2138 1293 quam
2167 1197 2476 1278 mandatum
2525 1219 2671 1294 tuum
2715 1201 3013 1294 praeterivi;
3063 1221 3213 1289 quasi
3247 1221 3348 1278 hoc
3389 1216 3561 1294 ipsum

1976 1287 2086 1368 82
2159 1314 2265 1354 non
2293 1301 2362 1356 sit
2389 1293 2663 1371 praeterire
2687 1293 3017 1375 mandatum,
3046 1287 3202 1364 saluti
3225 1287 3448 1370 alterius
3479 1318 3562 1372 in-

1980 1389 2189 1458 videre,
2212 1399 2336 1447 ante
2363 1393 2531 1449 Deum
2558 1410 2617 1450 se
2642 1394 2844 1465 jactare
2860 1383 3101 1467 justitire,
3123 1415 3243 1455 eum
3278 1419 3436 1459 nemo
3465 1419 3562 1463 co-

1977 1493 2092 1536 ram
2110 1496 2176 1538 eo
2195 1484 2430 1541 mundus
2449 1486 2539 1541 sit.
2558 1486 2688 1555 Quis
2706 1490 2846 1542 enim
2871 1490 3136 1546 lmtabitur
3157 1503 3361 1547 castum
3382 1510 3441 1551 se
3465 1497 3562 1550 ha-

1977 1569 2105 1652 bere
2125 1589 2238 1640 cor,
2268 1590 2336 1632 ne
2356 1575 2450 1650 [ιιι.
2475 1578 2572 1651 vel]
2599 1581 2645 1635 si
2674 1583 2831 1636 unius
2855 1582 3072 1652 quidem
3102 1582 3205 1640 diei
3237 1575 3432 1640 fuerit?
3456 1587 3561 1642 Das

1977 1663 2062 1715 vid
2085 1667 2403 1724 cunlitetur:
2434 1685 2452 1720 ι
2480 1669 2535 1726 ln
2563 1658 2929 1742 iniquitatibus
2953 1678 3244 1746 conceptus
3264 1693 3402 1746 sum,
3433 1681 3486 1736 et
3508 1684 3559 1737 in

1975 1745 2182 1840 delictis
2210 1762 2456 1830 concepit
2485 1776 2570 1817 me
2614 1773 2786 1819 mater
2827 1780 2944 1820 mea
2980 1783 2999 1818 ι
3037 1745 3157 1837 (Pi.
3186 1756 3277 1824 50.
3310 1745 3477 1840 7_)-.Et
3508 1774 3559 1828 in

1974 1839 2082 1903 alio
2108 1833 2264 1906 loco:
2290 1867 2309 1902 ι
2345 1850 2400 1906 Si
2429 1852 2762 1931 iniquitatem
2787 1833 3306 1924 nttcndis,VDomine,
3338 1835 3455 1931 quis
3470 1877 3560 1918 su«t

1974 1939 2194 1995 Stinebit
2223 1959 2242 1993 ι
2270 1939 2390 2010 (Ps.
2418 1942 2543 1998 129.
2576 1927 2634 2013 3)
2652 1945 2675 2000 1
2695 1944 2764 2001 Et
2791 1946 2877 2002 bic
2904 1945 3035 2003 dicit
3061 1964 3327 2021 nunquam
3344 1927 3402 2008 se
3423 1969 3561 2023 praes

1977 2033 2162 2086 terisse
2180 2033 2508 2100 mandatum,
2526 2036 2682 2092 toties
2704 2037 2772 2092 ob
2797 2035 3149 2096 idololatriam
3164 2030 3560 2112 captivitatibus

1978 2121 2223 2175 traditus.
2253 2139 2272 2174 ι
2303 2123 2442 2179 Ecce
2475 2134 2551 2178 tot
2593 2126 2751 2206 annis
2796 2129 2974 2207 servio
3015 2132 3143 2196 tibi,
3189 2142 3244 2188 et
3283 2151 3556 2207 nunquam

1973 2211 2281 2294 mandatum
2310 2222 2457 2268 tuum
2487 2202 2819 2284 prmterivi.»
2869 2204 2982 2276 Hoc
3039 2232 3119 2276 est
3168 2214 3309 2294 quod
3361 2202 3558 2284 l‘aultts

1973 2288 2262 2372 Apostolus
2293 2303 2560 2375 loquitur:
2599 2325 2618 2358 ‹
2654 2307 2793 2375 Quid
2814 2324 2942 2381 ergo
2968 2288 3246 2368 dicemus?
3274 2316 3394 2386 quia
3424 2332 3557 2388 gen-

1975 2402 2200 2475 tesqua
2227 2409 2334 2450 non
2377 2397 2724 2475 sectabantur
2753 2387 3045 2469 justitiam,
3085 2387 3558 2475 appreltenderttut

1967 2466 2252 2551 justitiam,
2286 2485 2358 2557 (c)
2384 2470 2643 2556 justitiam
2667 2466 2844 2546 autem
2869 2494 2988 2564 qua:
3019 2466 3082 2550 ex
3117 2466 3220 2553 lide
3248 2503 3349 2553 est.
3389 2485 3554 2558 lsracl

1971 2589 2102 2630 vero
2132 2566 2389 2657 'sectaudo
2417 2569 2587 2658 legem
2609 2567 2854 2658 justitiat,
2885 2574 2951 2640 ad
2987 2586 3154 2656 legem
3184 2586 3404 2658 juslitize
3443 2599 3552 2648 non

1973 2667 2214 2750 pervenit
2237 2685 2257 2721 ι
2290 2655 2472 2737 (Rom.
2504 2655 2557 2726 9.
2587 2657 2677 2727 δί).
2720 2675 2768 2726 et
2796 2657 2912 2743 3i).
2938 2655 3153 2744 Quare?
3174 2655 3298 2750 qui‘a
3341 2697 3446 2737 non
3485 2694 3555 2739 ex

1971 2742 2110 2843 li‘de,
2141 2758 2238 2814 sed
2265 2761 2416 2843 quasi
2448 2765 2514 2843 ex
2541 2749 2794 2834 operibus
2827 2742 3004 2838 Legis.
3036 2742 3220 2826 Potest
3249 2788 3378 2843 ergo
3405 2785 3460 2831 et
3485 2793 3553 2832 ex

1967 2834 2082 2930 ejus
2123 2864 2351 2920 persona
2388 2837 2513 2933 dici,
2556 2854 2644 2925 qui
2665 2855 2815 2924 juxta
2855 2834 3102 2915 eumdem
3140 2834 3456 2933 Apostolum
3483 2866 3539 2921 in

1963 2925 2188 3020 justitia,
2223 2945 2343 3020 qum
2359 2944 2424 2999 ex
2449 2931 2566 3016 lege
2590 2940 2692 3012 est,
2722 2935 2839 3002 sine
2858 2935 3280 3020 reprehensione"
3307 2959 3552 3014 ‘versatus

1967 3015 2038 3086 sit
2060 3048 2072 3084 :
2093 3031 2219 3087 licet
2241 3017 2369 3088 milii
2389 3015 2632 3091 videatur
2653 3025 2822 3108 magis
2837 3053 2897 3094 se
2908 3015 3113 3110 jactare
3133 3029 3371 3111 Iudaeus,
3391 3053 3552 3114 quam

1967 3135 2092 3176 vera
2123 3121 2323 3189 dicere,
2373 3124 2439 3179 ad
2467 3126 2770 3196 exemplum
2800 3126 2940 3184 illius
2979 3116 3256 3200 l’bariSmi,
3285 3120 3548 3190 dicentis:

1973 3227 1992 3261 ι
2032 3200 2173 3292 Deus
2203 3211 2401 3282 gratias
2429 3229 2532 3285 ago
2561 3204 2677 3282 tibi,
2725 3206 2847 3295 quia
2893 3223 3000 3275 non
3039 3236 3156 3276 sum
3201 3225 3338 3280 sicut
3366 3214 3550 3283 cmteri

1968 3295 2232 3368 homines,
2256 3301 2523 3374 raptores,
2553 3295 2762 3377 injusti,
2795 3297 3046 3379 adulteri,
3075 3297 3211 3369 sicut
3241 3326 3294 3371 et
3328 3305 3417 3373 hic
3437 3309 3549 3373 Pu.

1967 3379 2208 3450 bliCanus
2248 3412 2268 3448 ι
2304 3394 2455 3467 (Luc.
2491 3386 2576 3453 i8.
2608 3401 2718 3469 ll).
2757 3388 2865 3456 Oro
2894 3411 2964 3467 te,
2997 3408 3174 3462 n'omte
3207 3396 3297 3464 tibi
3341 3410 3551 3468 videtur

1965 3488 2027 3536 ea
2057 3499 2174 3565 qua;
2197 3473 2286 3540 ille
2314 3485 2380 3542 de
2411 3488 2697 3556 publicano
2723 3484 2955 3562 dixerat,
2987 3484 3168 3556 dicere
3206 3487 3308 3557 iste
3335 3489 3402 3559 de
3440 3502 3549 3560 fra-

1968 3567 2080 3630 tre?
2113 3575 2210 3632 llic
2238 3589 2321 3633 est
2346 3581 2435 3649 qui
2467 3582 2702 3664 comedit
2743 3600 2957 3664 omnem
2985 3575 3337 3646 substantiam
3369 3609 3543 3664 suam,

1966 3667 2149 3753 vivens
2198 3666 2320 3723 cum
2352 3660 2746 3729 meretricibus.
2792 3676 2874 3730 Ad
2925 3663 2978 3732 id
3021 3680 3200 3736 autem
3240 3672 3382 3753 quod
3425 3660 3543 3740 niti

1971 3777 1990 3811 ‹
2023 3748 2323 3816 Mandatum
2356 3768 2503 3846 tuum
2534 3773 2805 3839 nunquam
2838 3773 3128 3841 praeterivi,
3159 3794 3180 3829 ι
3215 3748 3383 3847 patris
3424 3789 3543 3836 ser-

1964 3855 2054 3904 mo
2094 3866 2199 3905 non
2228 3841 2507 3923 congruit:
2533 3872 2638 3912 non
2688 3859 2834 3915 enim
2875 3865 3213 3922 cunlirmavit
3255 3884 3379 3924 vera
3425 3886 3548 3930 esse

1965 3943 2086 4008 qua:
2114 3939 2326 3996 diserat
2354 3943 2515 4011 filius,
2545 3937 2640 4002 sed
2671 3948 2992 4007 irascentem
3022 3943 3125 4010 alia
3149 3958 3358 4015 ratione
3381 3975 3544 4016 com-s

1968 4021 2205 4123 pc'scuit:
2242 4051 2261 4086 ‹
2288 4034 2409 4122 Fili,
2465 4045 2523 4123 tu
2571 4051 2796 4123 semper
2830 4045 3042 4100 mecum
3088 4063 3167 4103 es.
3197 4067 3218 4102 ι
3251 4050 3541 4123 Numquid,

1965 4123 2059 4191 ait,
2093 4120 2229 4214 bene
2255 4117 2471 4214 quidem
2497 4115 2653 4198 dicis,
2678 4141 2733 4188 et
2778 4117 2951 4191 fecisti
2980 4142 3173 4195 eun'cta
3213 4157 3332 4212 quae
3369 4115 3546 4214 jusse;

1965 4207 2116 4302 ramil
2155 4217 2232 4287 (ά)
2260 4205 2363 4274 Sed
2395 4233 2587 4276 mecum
2630 4238 2700 4289 es,
2742 4225 2932 4298 inquit,
2965 4236 3182 4302 semper.
3229 4205 3435 4293 ilecu'm
3482 4247 3544 4294 es

1965 4295 2084 4399 lege
2111 4325 2214 4380 qua
2237 4304 2519 4392 stringeris
2541 4320 2555 4370 ἑ
2579 4327 2788 4373 mecum
2803 4295 2884 4384 es,
2907 4304 3034 4376 dum
3063 4295 3193 4378 mihi
3221 4335 3273 4380 et
3297 4327 3348 4382 in
3370 4344 3451 4399 cat
3470 4327 3545 4386 ti-

1965 4395 2214 4454 vitalibus
2239 4401 2473 4488 erudirisl
2494 4421 2507 4456 :
2531 4405 2740 4485 mecum
2762 4422 2844 4489 es,
2866 4416 2972 4488 nun
2992 4413 3114 4482 quia
3143 4427 3407 4487 praecepta
3426 4395 3544 4476 mea

1963 4487 2341 4561 completeris,
2385 4487 2479 4550 sed
2530 4497 2671 4567 quod
2717 4507 2769 4555 te
2796 4487 2850 4555 in
2895 4501 3238 4574 longinquam
3268 4511 3541 4579 regiunem

1965 4583 2113 4639 abire
2143 4591 2247 4639 nan
2277 4587 2464 4655 passus
2492 4603 2645 4644 sum:
2675 4605 2885 4646 tnecum
2915 4608 2975 4648 es
2997 4595 3062 4649 ad
3104 4605 3428 4663 extremum.
3456 4617 3546 4660 se-

1963 4673 2195 4729 Cundum
2229 4677 2355 4730 illud
2388 4666 2526 4747 quod
2557 4678 2807 4749 loquutus
2835 4681 2952 4737 sum
2981 4676 3046 4740 ad
3079 4687 3280 4750 David:
3307 4708 3327 4744 ι
3361 4692 3418 4748 Si
3447 4695 3544 4750 de.

1966 4764 2281 4831 reliquerint
2306 4760 2397 4821 lilii
2421 4768 2538 4836 ejus
2564 4769 2738 4840 legem
2769 4778 2965 4839 meam,
2992 4782 3047 4830 et
3088 4778 3138 4842 in
3164 4779 3380 4849 judiciis
3409 4788 3548 4842 meis

1964 4864 2069 4912 non
2096 4859 2515 4926 ambulaverint;
2545 4863 2589 4916 si
2612 4863 2844 4934 justitias
2870 4883 2888 4918 ι
2919 4867 3040 4939 (Ps.
3070 4872 3161 4928 88.
3185 4864 3275 4928 5i.
3302 4885 3349 4932 et
3381 4880 3547 4954 seqq.)

1971 4968 1994 5004 r
2024 4965 2178 5029 meas
2205 4951 2625 5029 profanaverint,
2645 4966 2700 5013 et
2727 4958 2977 5023 mandata
3001 4963 3118 5019 mea
3147 4981 3254 5022 non
3274 4951 3546 5029 custodie-

1963 5017 2096 5107 rinT,
2121 5017 2352 5126 visitabo
2385 5044 2436 5099 in
2464 5046 2610 5117 virga
2639 5048 2948 5119 iniquitates
2974 5065 3183 5134 eorum,
3209 5068 3262 5112 et
3283 5059 3334 5115 in
3364 5059 3548 5132 ﬂagel-

1966 5129 2034 5186 lis
2080 5131 2370 5202 injustitias
2416 5149 2639 5192 eorum:
2666 5129 3093 5197 misericordiam
3148 5155 3327 5203 autem
3372 5129 3548 5207 meam

1966 5232 2072 5278 nun
2113 5216 2350 5280 auferam
2392 5225 2461 5282 ab
2491 5213 2569 5282 eis
2597 5225 2686 5300 [aL
2724 5230 3159 5309 jttstiﬁcatt'ones].
3193 5255 3212 5290 ι
3246 5238 3364 5306 Quo
3393 5244 3551 5296 testi-

2052 5374 2100 5450 ὁ)
2135 5376 2336 5450 Quidam
2359 5373 2745 5450 mss-ignoscere
2768 5374 3173 5450 delinquentibus,
3203 5397 3301 5440 etc.

2053 5437 2436 5515 QJDugivcrba,
2453 5437 2657 5515 .jtt'stt'tia
2670 5452 2855 5515 autem,
2879 5437 3000 5515 quae
3015 5456 3064 5498 et
3089 5437 3149 5515 in:
3161 5437 3552 5515 Hieronymum:

1964 5499 2160 5577 Quibﬁﬁ
2178 5499 2530 5577 ut‘imltrglu'tjﬁsg
2560 5504 2778 5576 epistolae
2970 5499 3551 5577 _inveni_un_rn.i,”éj_ﬁ§l';,g

1964 5560 2191 5608 Omnibus
2215 5560 2400 5631 iacis
2421 5560 2703 5626 Latinisque
2735 5567 2856 5615 sacri
2880 5574 3047 5618 textus
3068 5560 3328 5631 codicibus,
3353 5560 3550 5625 Harii;

1967 5632 2104 5682 netis
2128 5628 2233 5682 post
2250 5621 2500 5672 Erasmum
2525 5637 2585 5674 ex
2594 5621 2849 5682 punxerat.

2032 5680 2110 5742 (ιι)
2130 5680 2363 5744 ’Νθεωιόὶ
2401 5680 2682 5750 particulam
2706 5688 2942 5750 praeponit
2965 5689 3054 5750 hoc
3079 5690 3185 5739 loco
3216 5691 3555 5748 Cisterciensil

1967 5739 2634 5821 ‘EPS‘».9§EI“9_P§E£'9§P®
2651 5739 2863 5821 team
2959 5739 3262 5821 ιορςιεηιιιιαιῑι
3284 5739 3548 5821 eadem:

1972 5814 2083 5852 cum
2108 5810 2252 5855 antea
2275 5807 2444 5856 excusi
2467 5819 2640 5858 omnes
2661 5807 2902 5859 haberent
2923 5809 2974 5859 in

2992 5891 3283 5977 (Tret'ze.)
