2068 3166
271 202 319 231 39f

271 260 361 290 monio
396 255 451 293 83
487 260 515 283 et
527 254 552 282 id
568 255 593 282 in
608 259 662 289 quo
675 252 743 280 lilius
755 251 847 279 senior
858 250 997 286 gloriatur,
1007 248 1058 275 fal-

270 315 329 335 sum
338 312 397 333 esse
405 302 581 332 convincitur,
592 300 655 327 dum
662 300 687 326 in
697 298 743 326 Dei
754 297 860 333 judiciis
869 304 921 323 non
929 295 1057 327 ambulat,

271 351 361 385 etejns
372 347 494 376 mandata
505 355 557 374 non
567 345 675 373 facit.Et
684 343 818 379 quomodo
827 343 875 369 ista
886 349 938 368 non
948 340 1061 372 faciens,

270 406 330 426 cum
341 401 415 431 patre
428 402 534 428 semper
550 393 630 420 fuisse
641 391 757 419 dicitur?
769 390 835 416 Dum
846 395 958 424 peccans
969 387 1062 414 visita-

271 450 316 472 tur
327 445 353 471 in
367 443 441 476 virga
450 461 457 473 ,
469 445 496 468 et
507 440 613 467 visitato
620 436 803 465 misericordia
812 443 865 462 non
875 438 995 469 negatur.
1009 432 1063 459 Nec

272 487 422 517 tnirandutn
435 485 502 521 patri
518 492 578 512 eum
591 491 686 510 ausum
699 482 780 509 fuisse
796 479 914 511 mentiri,
929 479 972 513 qui
988 477 1063 506 fratri

272 535 357 570 potuit
370 533 506 561 invidere:
521 531 636 558 maxime
661 536 721 556 cum
743 528 770 554 in
786 527 829 554 die
847 526 940 561 judicii
954 524 1062 560 quidam

273 579 455 615 impudentius
469 577 642 607 mentiantur,
655 574 794 601 dierntes:
810 582 819 599 ι
835 572 929 599 Nonne
940 572 966 598 in
983 570 1066 597 nomi-

274 634 309 654 ne
322 631 365 652 tuo
380 623 546 652 comedimus
562 625 589 648 et
604 620 730 652 bibimus,
748 623 775 645 et
788 619 901 645 virtutes
918 616 1015 643 multas
1028 616 1065 643 fc-

274 672 369 703 cimus,
395 674 422 697 ct
442 667 574 696 daemonia
597 666 725 700 ejecimns
745 662 850 699 (Matth.
869 664 893 689 7.
909 662 974 697 22)?
996 660 1065 694 Quid

274 725 339 744 vero
350 716 395 748 sit,
410 719 434 742 et
446 714 531 741 omnia
544 720 599 739 mea
608 716 651 738 tua
665 715 733 744 sunt,
746 717 794 737 suo
806 709 865 736 loco
875 706 1066 742 congruentius

276 761 464 797 explicabitur.

312 808 356 835 55.
381 815 390 832 ι
407 806 440 833 Ει
454 811 590 839 nunquam
611 802 708 830 dedisti
733 799 798 828 mihi
822 799 938 832 hmdum,
962 803 991 825 ut
1005 805 1066 825 cum

275 853 369 880 amicis
385 851 451 879 meis
463 850 597 885 cpularer.
614 857 624 874 ›
640 848 751 880 Tantus,
778 846 874 881 inquit,
902 844 980 872 lsrael
1006 851 1068 871 san-

276 898 335 933 guis
350 896 449 925 elTusus
462 900 514 928 est,
531 899 569 922 tot
583 894 720 921 hominum
744 899 813 919 cmsa
837 895 899 918 sunt
923 890 1014 923 millia,
1041 893 1068 917 ct

276 942 365 969 nullus
376 948 470 969 eorum
482 945 581 967 nostra:
596 938 698 966 exstitit
712 937 805 965 salutis
824 937 987 970 redemptor.
1009 934 1068 969 lpse

277 989 363 1017 Josias
376 988 420 1023 qui
436 986 536 1022 placuit
551 985 577 1012 in
594 988 738 1018 conSpectu
755 988 800 1010 tuo
819 981 857 1017 (4.
874 980 938 1016 Reg.
959 980 1026 1015 23):
1043 983 1070 1007 et

278 1040 365 1068 nuper
381 1030 524 1059 Machabazi
534 1051 541 1062 ,
556 1029 599 1064 qui
614 1035 662 1064 pro
674 1033 718 1055 tua
732 1027 888 1054 luereditate
906 1025 1068 1060 pugnabant,

279 1084 372 1108 contra
398 1077 439 1105 fas
464 1075 624 1108 sanctitatis,
652 1074 768 1101 hostium
795 1071 890 1107 gladiis
917 1070 1070 1105 interempti

279 1128 351 1158 sunt,
365 1130 392 1152 et
402 1124 500 1151 nullius
513 1129 593 1150 cruor
608 1121 684 1148 nobis
700 1118 815 1147 reddidit
827 1118 990 1145 libertatem.
1003 1116 1071 1143 Ecce

280 1173 368 1200 adhuc
382 1171 504 1198 Romano
520 1167 633 1203 imperio
655 1166 841 1201 suhjacemus:
857 1173 909 1192 non
925 1163 1069 1198 Propheta,

281 1227 335 1246 non
348 1216 489 1249 Sacerdos,
513 1223 566 1242 nou
589 1214 677 1249 justus
691 1213 832 1248 quisquam
856 1211 1008 1238 immolatus
1030 1213 1072 1237 est

283 1271 331 1298 pro
345 1262 432 1290 nobis.
449 1262 482 1289 Et
496 1268 543 1295 pro
559 1259 697 1287 luxurioso
712 1258 776 1291 lilio,
793 1257 819 1284 id
836 1262 887 1289 est.
910 1264 959 1292 pro
983 1255 1071 1291 genti—

282 1308 343 1341 bus,
360 1315 408 1342 pro
421 1306 618 1342 p:-ccatorihus,
630 1304 712 1331 totius
726 1308 855 1331 creatura:
866 1303 999 1338 g'oriosus
1010 1309 1073 1329 san-

282 1354 341 1389 guis
362 1352 462 1381 effusus
485 1356 537 1378 est.
560 1350 680 1386 Ctnnque
703 1348 869 1376 merentibus
894 1348 995 1375 minora
1019 1355 1072 1374 non

284 1399 401 1432 dederis,
419 1397 561 1425 immeritis
576 1398 678 1431 majora
699 1394 827 1422 tribuisti.
844 1404 853 1420 ε
871 1394 1010 1428 Nunquam
1027 1393 1074 1421 de-

283 1446 346 1474 disti
361 1445 425 1473 mihi
441 1444 559 1475 lnedum,
575 1448 603 1470 ut
619 1450 680 1470 eum
706 1441 800 1468 amicis
821 1440 889 1467 meis
911 1440 1043 1474 cpularer.
1061 1448 1070 1464 ι

284 1493 376 1525 Erras,
391 1489 547 1518 Israelzdie
572 1489 669 1524 potius,
698 1492 727 1515 ιη
752 1492 838 1514 tecutn
862 1487 997 1522 epularer.
1023 1487 1074 1513 Aut

285 1543 374 1575 potest
387 1544 449 1565 esse
464 1536 512 1563 tibi
536 1536 623 1569 aliqua
636 1533 802 1569 jucuttditas,
819 1532 869 1559 nisi
886 1537 960 1567 patre
985 1536 1073 1558 tecum

285 1585 438 1613 celebrante
453 1581 620 1610 convivium?
643 1579 744 1608 Saltem
759 1578 883 1613 exemplo
897 1578 993 1605 docere
1006 1585 1075 1612 prte-

287 1630 366 1657 senti.
382 1629 499 1657 Reverso
511 1626 690 1660 filiojuniorc,
705 1629 731 1651 et
746 1628 820 1659 pater
833 1624 937 1650 la-tatur
949 1626 976 1649 et
988 1623 1073 1658 pueri.

288 1675 482 1706 Manducemus,
509 1673 556 1705 ait,
581 1676 605 1699 et
630 1671 760 1706 epulantur
775 1678 784 1696 :
805 1677 857 1697 non
874 1669 1033 1703 manducale,
1050 1674 1077 1696 et

287 1720 435 1756 cpnlmnini.
451 1720 485 1746 At
499 1723 526 1745 tu
546 1725 576 1746 ca
593 1721 692 1750 tuente,
706 1724 757 1752 qua
779 1716 880 1744 invides
894 1715 980 1748 fratri,
997 1723 1046 1751 qna
1061 1724 1075 1743 a

288 1766 371 1800 patris
394 1764 498 1792 recedis
519 1766 639 1798 aspectu,
654 1767 682 1790 et
696 1769 802 1796 semper
817 1761 844 1788 iu
860 1769 925 1796 agro
949 1770 989 1795 es,
1006 1769 1078 1789 nunc

287 1819 394 1846 quoque
407 1811 447 1837 vis
460 1817 492 1837 eo
506 1809 617 1835 absente
639 1808 707 1835 inire
726 1806 888 1834 convivium.
907 1815 917 1832 ι
934 1806 1076 1841 Nunquam

288 1855 385 1884 dedisti
399 1855 464 1882 mihi
485 1854 601 1881 lltL‘dlllll.
616 1863 625 1879 I
642 1852 781 1888 Nunquam
797 1857 871 1886 pater
886 1851 1020 1879 deteriora
1031 1852 1078 1879 dat

289 1909 398 1929 munera
410 1908 417 1928 :
434 1898 515 1928 habes
528 1899 636 1926 vitulum
647 1898 811 1925 immolatum
823 1906 829 1924 :
841 1898 989 1933 ingredere,
1000 1905 1077 1923 man-

287 1948 354 1975 duca
367 1953 428 1974 cum
440 1946 528 1973 fratre.
541 1944 608 1979 Quid
630 1944 735 1971 haedum
749 1943 858 1978 quzeris.
879 1944 920 1971 cni
938 1951 1021 1978 agnus
1036 1947 1078 1970 est

288 1992 402 2020 missus?
418 1991 451 2018 Et
464 1998 497 2018 tte
514 1991 624 2017 simules
645 1993 670 2016 te
693 1989 807 2021 nescire,
827 1989 897 2023 quod
914 1989 1010 2016 misstts
1025 1992 1076 2020 est.

288 2039 404 2066 Joannes
430 2037 476 2064 tibi
501 2044 561 2064 eum
588 2037 615 2063 in
640 2043 731 2063 eremo
757 2035 968 2063 demonstravit:
983 2044 992 2061 ι
1008 2035 1078 2063 Ecce

288 2085 379 2118 Agnus
393 2083 449 2116 Dei,
470 2089 533 2110 ecce
546 2082 590 2117 qui
607 2081 676 2108 tollit
688 2086 794 2116 peccata
810 2081 900 2108 mtmdi
917 2090 927 2107 ι
945 2081 1033 2116 (Joan.
1052 2082 1076 2108 ί.

287 2127 346 2163 29)ι
369 2127 400 2154 Et
412 2132 487 2161 pater
497 2126 602 2161 quidem
616 2125 693 2160 quasi
706 2125 835 2157 clemens,
856 2129 883 2152 et
896 2126 1077 2161 pcenitentiam

291 2173 421 2204 tribuens,
437 2176 463 2199 te
477 2171 600 2198 hortatur
612 2170 645 2197 ad
656 2170 777 2203 vitulum,
792 2178 844 2197 non
861 2170 1002 2198 itnmolans
1026 2170 1080 2198 Ine-

288 2218 362 2250 dunt,
379 2225 457 2253 quem
474 2221 545 2244 stare
560 2215 610 2243 scit
632 2215 665 2243 ad
690 2215 835 2242 sinistram.
852 2215 890 2242 Tu
906 2223 969 2243 vero
986 2216 1010 2243 in
1027 2216 1079 2244 line

288 2260 669 2298 sa'enli,ipsetibieshxedutn
686 2259 872 2287 immolaturus
908 2260 964 2296 84
1000 2261 1079 2288 Anti-

289 2310 416 2337 ehristum
427 2330 434 2340 .
457 2313 485 2336 ct
502 2316 562 2336 cum
576 2307 669 2337 amicis
684 2306 746 2340 tuis,
763 2308 902 2342 spiritibus
923 2308 1077 2342 immundis,

289 2355 347 2389 ejus
363 2362 443 2381 carne
457 2354 616 2381 saturandus
629 2373 636 2386 ,
650 2353 758 2388 expleto
773 2353 915 2380 valicinio:
932 2363 941 2379 ι
954 2354 994 2381 Τυ
1015 2363 1080 2382 con-

290 2399 393 2434 fregisti
405 2403 484 2433 caput
498 2398 620 2426 draconis
634 2399 724 2434 magni
735 2407 742 2425 :
753 2398 917 2427 dedistieum
929 2407 1017 2427 escam
1032 2409 1081 2436 po-

290 2446 345 2480 puli
357 2444 515 2479 IEthiopum
530 2444 617 2479 (l’sal.
633 2444 677 2471 73.
689 2444 746 2480 14).

325 2491 370 2518 56.
394 2499 403 2515 ι
422 2489 488 2517 Cum
512 2494 600 2517 autem
625 2489 694 2517 illius
710 2494 771 2517 tuus
794 2490 847 2523 hic,
874 2492 918 2526 qui
943 2490 1080 2524 devouvit

291 2544 399 2564 onmem
415 2535 591 2562 substantiam
604 2542 690 2569 suam,
705 2535 799 2563 vivens
810 2544 870 2563 eum
882 2537 1077 2572 meretricibus,

291 2582 374 2614 venit,
389 2580 509 2608 occidisti
528 2580 554 2607 ei
568 2580 679 2607 vitulum
695 2581 854 2615 saginatum.
868 2591 878 2608 ι
893 2582 1042 2611 Confitetur
1053 2589 1080 2612 et

292 2636 362 2656 nunc
376 2627 458 2655 Israel
471 2627 620 2662 saginatum
636 2626 746 2653 vitulum
761 2626 844 2655 fuisse
854 2628 898 2663 qui
913 2636 999 2657 cazsus
1020 2636 1077 2658 est:

292 2674 442 2709 intelligunt
456 2673 560 2700 venisse
572 2672 708 2699 Christum
720 2682 726 2699 :
742 2673 788 2700 sed
800 2677 957 2709 torquentur
969 2676 1078 2711 invidia,

292 2724 321 2748 et
332 2719 437 2749 nolunt.
450 2718 530 2745 fratre
545 2725 597 2744 non
614 2722 751 2751 pereunte.
767 2719 874 2747 salvari.

328 2765 374 2792 57.
398 2774 407 2790 ‹
422 2764 480 2798 ipse
495 2768 582 2791 autern
596 2762 662 2790 dixit
676 2763 730 2791 illi:
746 2764 807 2798 Fili,
820 2769 846 2792 tu
858 2773 965 2801 semper
976 2774 1079 2794 mecum

294 2819 334 2841 es.
351 2816 375 2838 et
391 2817 449 2837 mea
463 2809 551 2836 omnia
573 2813 615 2835 tua
631 2813 703 2836 sunt.
718 2818 727 2835 ι
746 2809 843 2837 Filium
857 2817 944 2844 vocat,
961 2812 1022 2839 licet
1038 2812 1081 2839 in-

295 2862 368 2883 trare
383 2856 528 2882 nolentem.
543 2854 683 2888 Quomodo
696 2860 784 2883 autent
802 2856 847 2883 Dei
862 2858 950 2884 omnia
971 2857 1080 2886 Judreo-

295 2908 353 2928 rum
370 2900 446 2927 sunt?
473 2899 595 2936 Nunquid
611 2900 713 2935 Angeli,
736 2900 848 2934 Throni,
871 2901 1079 2937 Dominati-kncs,

909 189 1029 219 SANCTI
1050 189 1237 218 lllERONi’ill

1853 189 1907 223 39!

1114 254 1272 284 macraeque
1290 250 1423 279 Virtutes?
1435 252 1529 280 Omnia
1545 261 1609 289 ergo
1630 253 1823 289 intelligamus,
1853 255 1906 283 Le-

1114 302 1186 328 gem,
1202 295 1360 330 Prophetas.
1378 298 1481 333 eloquia
1497 299 1597 326 divina.
1616 299 1678 327 llmc
1693 300 1716 327 ei
1732 299 1817 333 dedit,
1835 305 1863 327 ut
1879 301 1906 328 in

1116 340 1175 375 lege
1186 341 1244 375 ejus
1260 343 1453 371 meditarentur
1466 344 1509 371 die
1524 352 1555 372 ac
1569 349 1658 378 nocte,
1670 345 1816 373 secundum
1831 346 1907 374 illum

1115 394 1245 414 canonem
1257 396 1335 423 quem
1352 397 1422 424 sa-pe
1435 390 1608 425 exposuimus
1622 391 1831 427 scripturarum,
1848 392 1908 420 Om-

1117 432 1158 459 nia
1173 440 1225 459 non
1238 433 1270 460 ad
1288 438 1370 460 totum
1383 436 1520 462 referenda
1533 444 1603 469 esse,
1624 437 1670 465 sed
1684 437 1716 465 ad
1732 444 1835 472 partem
1851 447 1908 466 nta-

1116 478 1225 511 xintam,
1241 484 1268 506 ut
1281 480 1315 507 ibi
1328 490 1333 506 :
1349 490 1358 506 ι
1371 481 1468 508 Omnes
1482 482 1693 517 declinaverunt,
1706 485 1784 512 simul
1799 485 1908 513 inutiles

1118 524 1178 551 facti
1202 529 1265 551 sunt
1278 534 1287 551 ›
1311 525 1396 561 (Paul.
1414 527 1470 560 15).
1487 527 1520 554 Et
1533 528 1595 556 alibi
1609 537 1614 554 :
1630 538 1639 555 ‹
1654 529 1753 557 Omnes
1766 531 1810 565 qui
1826 539 1909 558 veuea

1116 575 1179 596 runt
1189 575 1251 598 ante
1262 579 1314 603 me,
1328 572 1398 599 fures
1410 571 1515 600 fuerunt
1525 577 1552 600 et
1564 573 1695 601 latrones;
1710 574 1798 611 (Joan.
1813 576 1856 603 10.
1868 576 1907 611 8).

1118 614 1151 641 Et
1164 615 1260 642 Paulus
1275 616 1307 643 ad
1322 616 1492 645 Corinthios:
1514 627 1523 644 ι
1540 618 1681 652 Omnibus,
1697 620 1792 654 inquit,
1819 622 1908 649 omnia

1117 659 1202 687 factus
1217 669 1286 693 sum,
1304 666 1331 688 ut
1347 670 1440 689 onmcs
1455 663 1636 691 lnerifacerem
1650 673 1659 691 ι
1676 665 1716 700 (l.
1733 665 1793 694 Cor.
1808 666 1835 694 9.
1849 666 1907 702 22).

1118 705 1152 732 Et
1173 706 1206 733 ad
1225 706 1429 742 Philippeuses:
1447 718 1456 734 ‹
1472 707 1572 736 Omnes
1592 710 1662 736 cnim
1684 718 1743 745 qua:
1765 718 1812 738 sua
1835 717 1907 744 sunt,

1118 754 1254 786 qumrunl;
1271 761 1322 780 non
1336 761 1367 781 ea
1380 761 1439 788 qua:
1451 754 1583 782 suutJesn
1598 755 1696 783 Christi
1710 765 1720 782 ι
1735 756 1864 792 (Philipp.
1880 757 1908 784 2.

1118 796 1176 832 2|).
1202 797 1358 833 Quanquam
1385 799 1452 826 nihil
1472 808 1587 835 unquam
1608 801 1646 828 illi
1665 809 1778 837 negasse
1798 802 1910 830 creden-

1119 842 1181 870 dum
1196 843 1241 877 sit,
1256 851 1335 879 quem
1350 844 1389 880 (α)
1399 845 1432 871 ad
1447 846 1521 872 vituli
1535 846 1659 873 hortatur
1670 854 1758 874 esum.

1156 889 1201 918 58.
1226 899 1235 915 ι
1254 890 1361 925 Epulari
1374 898 1422 918 nos
1432 895 1546 926 oportet,
1557 896 1582 919 et
1591 892 1719 928 gaudere,
1732 893 1857 928 quoniam
1868 892 1911 921 hic

1121 936 1203 964 frater
1218 940 1278 964 tuus
1293 941 1414 964 mortuus
1429 937 1527 971 fuerat,
1548 943 1576 966 et
1601 938 1711 972 revixit;
1735 939 1862 974 perierat,
1884 944 1912 967 et

1121 983 1245 1010 inventus
1258 987 1309 1011 est.
1324 993 1333 1009 ι
1346 983 1517 1011 Contidamus
1530 984 1610 1020 igitur
1623 989 1650 1011 et
1664 992 1714 1012 nos
1729 984 1818 1013 vivere
1833 992 1911 1020 posse

1122 1035 1169 1063 per
1182 1029 1376 1063 pmnitentiatn.
1390 1029 1435 1064 qui
1448 1029 1582 1057 fueramus
1594 1031 1690 1057 mortui
1704 1038 1752 1065 per
1762 1030 1868 1058 delicta.
1880 1030 1912 1058 Et

1122 1073 1164 1101 hic
1172 1074 1278 1109 quidem
1287 1074 1345 1109 ipse
1356 1074 1424 1102 filius
1434 1076 1576 1103 revertitur
1587 1084 1593 1101 :
1606 1075 1632 1102 in
1641 1075 1825 1111 superioribus
1835 1083 1910 1109 vero,

1122 1118 1149 1145 in
1162 1118 1216 1146 Ove
1224 1119 1337 1152 scilicet,
1352 1124 1378 1147 et
1391 1119 1417 1147 in
1432 1120 1572 1153 Dracluna,
1587 1120 1658 1155 quod
1670 1126 1816 1154 erraverat,
1831 1121 1912 1149 affer-

1123 1167 1180 1196 tnr;
1195 1168 1222 1191 et
1237 1164 1307 1199 quod
1321 1165 1437 1199 perierat
1452 1166 1604 1193 invenitur:
1620 1171 1647 1194 et
1658 1167 1738 1194 simili
1755 1171 1809 1195 tres
1829 1174 1912 1202 para.

1123 1209 1191 1236 bula:
1207 1210 1259 1236 line
1273 1210 1442 1244 clauduntur,
1459 1211 1521 1238 dum
1537 1211 1562 1238 in
1585 1211 1633 1238 ista
1650 1212 1768 1247 ponitur,
1790 1213 1911 1247 perierat,

1124 1261 1146 1282 et
1161 1256 1275 1283 inventus
1286 1261 1321 1283 eu
1334 1264 1343 1283 :
1358 1261 1386 1283 ut
1400 1257 1580 1292 intelligamus
1601 1257 1714 1285 diversis
1731 1258 1914 1286 similitudini-

1124 1301 1183 1335 bus,
1199 1302 1232 1329 de
1246 1302 1339 1330 eadem
1354 1308 1523 1337 peccatorum
1539 1306 1710 1339 susceptione
1721 1305 1862 1340 signatum.
1879 1305 1914 1332 Et

1125 1347 1182 1375 ha-c
1197 1348 1304 1383 quidem
1320 1349 1345 1376 in
1358 1349 1465 1377 Ethnici
1479 1357 1592 1384 persona
1606 1349 1677 1377 dicta
1697 1350 1761 1383 sint,
1777 1356 1803 1378 et
1817 1350 1913 1378 Judtei.

1160 1394 1205 1422 E9.
1226 1394 1369 1422 Videamus
1383 1400 1471 1423 autem
1488 1396 1623 1430 quomodo
1636 1403 1717 1430 super
1729 1401 1822 1423 sancto
1834 1403 1916 1430 gente-

1125 1440 1217 1468 raliter
1228 1445 1254 1468 et
1270 1446 1409 1475 peccatore
1430 1442 1555 1476 parabola
1571 1441 1619 1468 ista
1636 1441 1720 1476 possit
1740 1441 1865 1477 intelligi.
1883 1442 1917 1469 Et

1125 1485 1159 1513 de
1176 1487 1281 1514 caaleris
1294 1487 1357 1522 quin
1371 1487 1443 1522 justo
1454 1487 1605 1520 conveniat,
1615 1495 1668 1514 non
1684 1487 1836 1523 ambigitur.
1850 1488 1916 1515 Illud

1126 1535 1177 1563 est,
1192 1532 1218 1558 in
1231 1540 1283 1567 quo
1297 1533 1393 1567 legenti
1409 1533 1549 1567 scrupulus
1560 1537 1755 1565 commovetur,
1770 1541 1818 1560 cur
1828 1533 1917 1568 justus

1126 1577 1203 1603 saluti
1220 1577 1368 1611 peccatoris
1380 1577 1513 1605 invideat:
1526 1582 1554 1605 et
1568 1577 1593 1605 in
1606 1582 1706 1605 tantum
1721 1578 1858 1606 iracundia
1873 1586 1915 1606 re-

1128 1623 1238 1657 pleatur,
1249 1627 1277 1649 ut
1312 1623 1366 1658 85
1405 1631 1453 1649 nec
1468 1623 1555 1650 fratris
1570 1623 1763 1656 misericordia,
1778 1624 1916 1658 neepalris

1128 1668 1264 1702 pret-ibus,
1278 1676 1326 1695 nec
1339 1669 1420 1695 tutius
1432 1669 1527 1695 dtllllllS
1537 1669 1703 1703 jucunditate
1716 1674 1866 1704 superetur.
1876 1669 1916 1696 Ad

1128 1714 1197 1748 quod
1221 1714 1336 1741 breviter
1350 1715 1586 1749 respondebimus:
1603 1723 1710 1742 omnem
1733 1715 1825 1742 mundi
1841 1716 1917 1743 istius

1126 1759 1266 1794 justitiam,
1281 1760 1313 1787 ad
1327 1761 1371 1787 Dei
1390 1761 1618 1795 comparationem
1634 1769 1685 1788 non
1703 1768 1763 1788 esse
1774 1761 1916 1796 justitiam.

1128 1806 1268 1839 Quomodo
1281 1807 1351 1834 enim
1367 1815 1397 1833 ex
1408 1808 1523 1841 peccatis
1537 1807 1695 1840 Jerusalem,
1708 1807 1917 1843 Sodoma'justi-

1129 1851 1232 1883 flratur,
1243 1860 1295 1879 non
1302 1852 1372 1887 quod
1380 1852 1436 1887 ipsa
1444 1853 1567 1888 sitjusta,
1580 1853 1626 1880 sed
1633 1852 1702 1889 quod
1719 1852 1863 1888 majoribus
1870 1853 1919 1881 dc-

1129 1897 1198 1925 lictis
1208 1898 1247 1932 (b)
1260 1898 1323 1924 fiant
1333 1898 1434 1924 minora
1444 1898 1557 1925 delicta:
1570 1899 1603 1925 ita
1614 1898 1783 1926 ethominum
1797 1899 1918 1926 omnium

1130 1943 1253 1970 universa
1274 1943 1375 1977 justitia
1396 1951 1448 1970 non
1465 1949 1506 1971 est
1521 1944 1575 1971 Deo
1589 1944 1684 1971 collata
1704 1944 1816 1979 justitia.
1833 1945 1919 1972 Deni—

1129 1996 1181 2023 qne
1196 1987 1294 2015 Paulus
1304 1988 1348 2023 qui
1363 1988 1466 2015 dixerat
1477 1997 1484 2016 :
1496 1998 1505 2013 ι
1524 1989 1662 2024 Quotquot
1672 1998 1736 2024 ergo
1748 1990 1855 2025 perfecti
1871 1998 1917 2017 su-

1130 2041 1200 2066 mus,
1215 2034 1267 2062 hoc
1280 2034 1414 2069 sapitmus
1428 2044 1437 2060 ι
1456 2034 1586 2070 (Philipp.
1611 2036 1638 2063 5.
1657 2036 1713 2071 15),
1737 2037 1762 2063 in
1787 2037 1839 2063 alio
1860 2036 1921 2063 loco

1130 2079 1283 2113 confitetur,
1299 2085 1326 2106 et
1340 2079 1460 2107 clamitat
1479 2088 1485 2107 :
1507 2089 1516 2105 ι
1541 2080 1563 2108 0
1585 2081 1746 2115 profundum
1767 2081 1919 2108 divitiarum

1130 2125 1268 2159 sapientite
1283 2126 1443 2152 etscientite
1468 2125 1524 2157 Dei,
1548 2133 1626 2160 qualn
1651 2126 1831 2154 inscrutabilia
1858 2131 1920 2153 sunt

1128 2169 1226 2204 judicia
1238 2167 1306 2204 ejus,
1321 2175 1348 2197 et
1365 2169 1594 2205 iniuvestigabiles
1609 2171 1658 2198 via:
1672 2171 1731 2206 ejus
1745 2180 1754 2197 ι
1770 2171 1858 2207 (flant.
1875 2172 1918 2198 Η.

1131 2214 1192 2251 55)?
1208 2217 1237 2243 Et
1249 2216 1323 2249 alibi,
1352 2226 1361 2242 ί
1377 2216 1416 2243 Ex
1440 2221 1514 2251 parte
1538 2218 1736 2252 cognoscimus,
1759 2222 1785 2245 et
1799 2226 1831 2245 ex
1846 2223 1920 2252 parte

1131 2261 1330 2297 propltetatnus.
1345 2271 1355 2288 ι
1371 2262 1414 2294 Et,
1432 2271 1441 2287 ι
1460 2262 1534 2289 Nunc
1550 2262 1669 2290 videmus
1683 2271 1731 2298 per
1744 2264 1883 2297 speculum
1895 2265 1922 2290 in

1131 2308 1273 2342 a'nigntate
1288 2317 1298 2333 ι
1315 2306 1353 2343 (l.
1369 2307 1427 2334 Cor.
1448 2308 1487 2334 l5.
1505 2307 1532 2335 9.
1548 2312 1571 2334 et
1586 2308 1642 2344 12).
1658 2307 1690 2336 Et
1709 2308 1742 2335 ad
1767 2308 1901 2336 Romanos
1915 2317 1921 2335 :

1134 2363 1143 2379 ι
1163 2354 1240 2381 Miser
1253 2362 1302 2388 ego
1317 2353 1406 2385 homo,
1419 2354 1477 2388 quis
1488 2361 1530 2380 me
1545 2354 1666 2381 liberabit
1676 2354 1836 2390 de'corporc
1847 2362 1921 2381 mor-

1132 2401 1165 2427 tis
1178 2400 1255 2434 hujus
1272 2409 1281 2425 ι
1296 2399 1384 2434 (Rom.
1400 2400 1427 2426 7.
1441 2399 1505 2435 2i)?
1517 2400 1554 2427 Ex
1569 2400 1666 2435 quibus
1687 2401 1811 2427 omnibus
1824 2400 1922 2427 edoce-

1130 2455 1201 2479 nmr,
1218 2447 1263 2473 Dei
1279 2446 1363 2473 solius
1384 2446 1529 2480 perfectam
1551 2453 1611 2473 esse
1622 2446 1763 2481 justitiam,
1778 2446 1822 2481 qui
1836 2447 1921 2473 solem

1130 2500 1207 2519 suum
1217 2491 1282 2519 oriri
1296 2491 1449 2526 facitsuper
1458 2491 1545 2525 justos
1559 2496 1584 2518 et
1599 2492 1729 2526 injustas:
1745 2491 1790 2518 dat
1804 2491 1921 2527 pluviam

1131 2537 1276 2565 serotinum
1298 2541 1325 2563 et
1339 2536 1506 2567 matutinum,
1521 2536 1687 2564 merentibus
1706 2537 1806 2571 pariter
1820 2542 1847 2564 et
1868 2545 1921 2564 non

1131 2582 1313 2614 merentibus;
1328 2582 1372 2616 qui
1398 2581 1432 2608 de
1446 2582 1523 2615 vicis,
1546 2583 1659 2616 angulis,
1676 2587 1704 2610 et
1717 2583 1813 2617 plateis
1828 2584 1922 2611 invitat

1131 2628 1164 2655 ad
1179 2627 1292 2662 nuptias,
1306 2632 1332 2654 et
1345 2626 1380 2663 (ε)
1394 2626 1501 2655 deiutus
1513 2628 1642 2662 quosdam
1655 2628 1710 2664 jam
1722 2628 1799 2663 quasi
1810 2636 1921 2656 securos

1162 2694 1200 2726 (α)
1215 2694 1283 2727 Idem
1295 2694 1450 2727 Cisterciens.
1461 2698 1488 2720 et
1495 2698 1590 2727 vetusta
1599 2696 1689 2727 swrlus
1700 2696 1796 2721 laudata
1806 2696 1881 2721 editio
1889 2697 1922 2722 ad

1131 2724 1201 2751 suum
1210 2724 1309 2749 vitulum
1320 2726 1427 2749 hortatur
1435 2726 1563 2750 edendum.

1164 2756 1201 2786 (ιι)
1218 2755 1318 2788 Quidam
1338 2761 1540 2788 mss_._appatjemu
1552 2764 1594 2787 pro
1611 2757 1669 2787 ﬁunt
1682 2758 1769 2783 eodem
1791 2765 1866 2783 sensu
1877 2778 1883 2788 ,
1895 2763 1921 2783 ut

1133 2785 1206 2811 etiam
1219 2793 1224 2817 ι
1234 2785 1289 2810 aulo
1301 2790 1354 2816 post
1365 2785 1466 2812 altitudo
1478 2787 1531 2812 loco
1541 2785 1696 2817 tiro/nudum.

1164 2793 1206 2810 iam
1234 2793 1289 2810 auio
1301 2793 1354 2816 post
1365 2793 1466 2812 anuuao
1478 2793 1531 2812 loco
1541 2793 1696 2817 pra/nmium.

1164 2817 1200 2848 (ε)
1217 2793 1374 2853 ἑϊοιυφ-ἱεξυι]
1385 2824 1477 2853 comma
1483 2821 1510 2853 .el
1519 2817 1612 2853 licinius
1620 2819 1737 2849 quosdam
1743 2820 1799 2851 jam
1808 2822 1878 2853 quad
1885 2828 1922 2847 se-

1132 2847 1201 2872 cure:
1213 2847 1312 2883 expellit
1327 2848 1401 2884 foras,
1414 2848 1490 2884 veluti
1512 2847 1649 2884 alienum'a
1671 2847 1806 2884 propositol
1816 2847 1842 2884 'et
1856 2853 1921 2884 quod

1132 2884 1231 2914 simsum
1244 2879 1321 2914 ipsum
1333 2879 1431 2912 turbare
1443 2879 1567 2914 videretur
1578 2879 1633 2914 sibi,
1655 2879 1922 2914 eitpunxitEpiseopus

1132 2908 1259 2939 Reatinus,
1276 2908 1403 2933 Brixianos
1420 2909 1545 2940 quosdam,
1558 2914 1585 2934 ac
1597 2908 1750 2936 Florentium
1763 2908 1865 2938 Codices
1877 2908 1922 2939 lse-
