2068 3166
267 190 320 219 595

266 256 352 277 cens:
371 255 381 273 ι
405 244 492 273 Credo
512 244 603 272 videre
623 243 691 271 bona
706 242 809 270 Domini
829 241 857 269 in
880 245 950 269 terra
965 241 1057 268 viven-

268 295 334 323 tium
351 302 360 320 ι
379 291 440 327 (Ps.
452 292 499 320 26.
514 291 571 327 15).
587 291 684 319 Verum
706 297 758 317 non
772 288 870 316 suflicit
881 287 926 315 tibi
939 287 1012 315 exire
1023 287 1058 314 de

269 346 339 369 terra
361 343 404 366 tua
421 358 429 370 ,
450 338 501 365 nisi
520 336 688 365 obliviscaris
714 335 804 371 populi
829 334 885 367 tui,
911 337 938 361 et
963 333 1058 360 domus

266 387 350 422 patris
364 385 400 413 tui
413 406 421 418 ,
438 389 468 411 ut
481 391 561 411 carne
575 387 743 418 contempta,
763 381 853 416 sponsi
863 380 982 414 jungaris
999 386 1058 406 am-

266 432 400 469 plexibns.
434 440 443 457 ι
466 430 505 459 Ne
528 430 700 465 respexeris,
742 427 847 463 inquit.
882 430 955 453 retro
979 433 986 452 :
1009 432 1059 452 nec

266 479 374 507 steteris
389 478 414 505 in
429 477 502 505 omni
521 477 591 504 circa
606 476 714 510 regione
727 495 735 507 ,
748 474 795 501 sed
811 474 838 501 in
853 477 944 501 moate
956 472 1058 500 salvum

267 529 293 552 te
309 524 360 557 far,
370 531 403 550 ne
417 523 484 550 forte
497 520 734 557 comprehendaris
749 529 758 546 ι
775 519 856 556 (Gen.
870 519 914 547 l9.
928 519 985 554 l7).
1001 517 1058 545 Non

267 570 376 606 expedit
397 568 566 604 apprehenso
579 571 669 594 aratro
682 586 689 599 ,
713 566 848 601 respicere
867 569 928 600 post
943 569 1058 599 tergum,

267 624 319 645 nec
332 615 365 642 de
375 622 439 649 agro
448 612 545 641 reverti
557 612 677 644 domum,
686 618 735 638 nec
746 615 807 645 post
815 610 915 638 Chrisri
930 609 1058 640 tunicam,

268 662 302 689 ad
324 660 468 688 tollendum
493 658 565 686 aliud
591 657 778 686 vestimentum
806 661 876 684 tecto
897 653 1061 683 descendere

269 706 377 740 (Matth.
389 706 447 740 24).
463 703 570 732 Grande
582 703 738 730 tuiraculum
754 710 760 728 :
777 701 857 729 Pater
871 700 952 727 filiam
962 698 1061 727 cohor-

269 758 342 780 tatur
354 772 362 785 ,
378 759 412 779 ne
425 750 577 778 meminerit
595 748 679 784 patris
699 748 750 775 sui.
769 756 778 773 ι
797 746 850 775 Vos
870 745 904 773 de
918 750 992 780 patre
1005 744 1063 772 dia-

269 798 332 826 bolo
354 797 428 829 estis,
453 801 480 823 et
499 794 630 822 desideria
646 793 729 828 patris
752 792 832 819 vestri
848 791 928 818 vultis
942 790 1032 817 lacere
1047 799 1057 816 ι

271 843 361 880 (Joan.
381 843 408 871 8.
428 842 473 877 44)
487 861 495 874 ,
519 840 617 868 dicitur
637 839 670 866 ad
697 838 814 866 Judaeos.
832 837 865 864 Et
884 835 966 863 alibi:
984 844 993 861 ι
1011 835 1063 868 Qui

270 890 332 918 facit
354 893 511 924 peccatum,
536 887 569 915 de
583 885 690 913 diabolo
704 890 746 913 est
763 894 772 910 ι
791 883 888 919 (Joan.
909 883 936 910 '5.
949 881 989 917 8).
1004 881 1063 909 Tali

270 938 386 972 primum
401 938 510 970 parente
526 932 664 969 generati,
682 931 749 965 nigri
763 936 865 962 sumus,
882 933 909 956 et
923 932 983 963 post
998 934 1058 962 pa:-

272 982 413 1011 nitentiam
427 1002 435 1014 ,
450 988 501 1009 nec
515 980 578 1008 dum
596 978 714 1006 culmine
737 975 843 1003 virtutis
858 981 980 1007 ascenso,
994 973 1063 1000 dici-

272 1036 332 1056 mus
349 1037 356 1056 :
371 1027 455 1063 Nigra
479 1034 535 1053 sum
545 1046 552 1058 ,
568 1025 606 1059 (a)
628 1023 673 1052 sed
687 1023 801 1058 speciosa
813 1042 820 1054 ,
836 1021 898 1055 ﬁlia:
920 1019 1064 1047 Jerusalem

272 1075 358 1110 (Cant.
382 1074 409 1101 f.
434 1073 475 1107 Α).
491 1071 566 1099 Exivi
592 1070 626 1097 dc
649 1069 729 1096 domo
755 1067 873 1095 infantia:
888 1074 964 1098 meat,
980 1065 1064 1092 oblita

272 1127 332 1147 sum
349 1118 431 1154 patris
454 1117 519 1149 mei,
538 1121 664 1143 renascor
686 1114 713 1141 in
727 1112 845 1140 Christo.
869 1111 936 1145 Quid
950 1118 999 1146 pro
1013 1110 1064 1137 hoc

273 1164 404 1192 mercedis
418 1162 542 1198 accipio?
555 1160 681 1195 Sequitur
696 1168 702 1186 :
718 1158 752 1186 Et
766 1158 926 1193 concupiscet
937 1165 983 1184 res:
990 1159 1065 1184 deco-

271 1218 323 1237 rem
337 1214 420 1236 tuum.
435 1208 492 1236 Hoc
505 1214 569 1242 ergo
583 1205 648 1233 illud
663 1212 787 1240 magnum
800 1208 841 1231 est
852 1202 1063 1231 Sacramentum.

277 1256 391 1290 Propter
400 1255 451 1281 hoc
463 1253 595 1288 relinquet
603 1253 684 1279 homo
693 1255 806 1286 patrem,
816 1254 843 1277 et
855 1254 968 1277 matrem
977 1256 1065 1282 suam,

273 1308 300 1329 et
315 1301 461 1328 adlimrebit
481 1299 557 1327 uxori
577 1306 645 1331 suae,
663 1302 690 1326 et
702 1301 781 1325 erunt
793 1296 883 1329 ambo,
920 1296 977 1332 39
1009 1296 1065 1330 jam

274 1355 340 1380 non,
352 1351 380 1374 ut
391 1346 437 1378 ibi,
452 1345 479 1373 in
493 1340 632 1373 unacarne
644 1342 721 1378 (Gen.
733 1342 761 1369 2.
772 1342 829 1377 u),
842 1341 889 1369 sed
905 1342 931 1369 in
944 1348 999 1368 uno
1009 1348 1065 1376 spt-

273 1393 339 1421 ritu.
360 1392 417 1420 Non
430 1396 471 1419 cst
490 1397 604 1426 sponsus
620 1394 680 1416 tuus
693 1395 831 1423 arrogans,
850 1395 903 1415 non
924 1387 1066 1421 superbus,

275 1439 467 1474 Ethiopissam
481 1436 672 1464 duxituxorem
682 1443 689 1461 :
698 1434 786 1462 statim
796 1438 825 1461 ut
836 1433 951 1461 volueris
959 1433 1067 1468 sapien-

275 1486 338 1513 tiam
351 1484 443 1512 audire
457 1482 514 1511 veri
528 1481 689 1513 Salomonis,
705 1484 733 1508 et
744 1479 777 1508 ad
791 1487 853 1508 eum
866 1479 972 1507 veneris
986 1499 993 1512 ,
1007 1486 1068 1507 con-

275 1530 393 1558 fitebitur
414 1529 461 1556 tibi
486 1531 581 1556 cuneta
596 1534 656 1562 qua:
669 1525 753 1559 novit,
768 1530 795 1553 et
810 1525 918 1552 inducet
940 1530 965 1553 te
980 1533 1026 1552 rex
1041 1525 1068 1552 in

276 1574 428 1603 cubiculum
439 1581 528 1607 suum,
539 1577 567 1600 et
578 1572 674 1599 mirum
687 1571 713 1598 itt
727 1570 834 1598 modqu
850 1570 940 1597 colore
954 1574 1066 1603 mutato,

275 1628 365 1650 sermo
377 1621 423 1648 tibi
437 1620 482 1648 ille
500 1618 640 1647 conveniet
656 1626 662 1644 :
679 1616 741 1650 Qua
762 1621 798 1644 est
815 1618 874 1650 ista,
886 1624 943 1651 aure
955 1616 1069 1643 ascendit

276 1667 396 1694 dealbata
415 1665 502 1701 (Cant.
517 1666 544 1693 5.
559 1664 586 1691 6.
602 1668 624 1691 et
639 1663 667 1691 8.
682 1662 722 1699 5).

311 1712 339 1740 2.
369 1711 487 1739 Domina:
507 1710 615 1746 virgines
630 1708 760 1735 vocandae.
772 1722 808 1729 —-
823 1707 886 1735 limo
907 1707 1019 1741 idcirco,
1033 1708 1069 1735 mi

278 1759 392 1788 Domina
409 1757 597 1789 Eustochium,
612 1755 702 1783 scribo
724 1754 881 1791 (Dominam
897 1753 996 1789 quippe
1020 1761 1070 1781 vo-

277 1812 340 1832 care
353 1804 440 1831 debeo
450 1809 577 1838 sponsam
592 1800 698 1829 Domini
714 1800 784 1835 mei)
808 1804 837 1827 ut
851 1807 883 1827 ex
895 1799 955 1834 ipso
969 1799 1071 1834 princi-

278 1851 324 1887 pio
335 1849 457 1878 lectionis
470 1855 641 1884 agnosceres,
657 1854 710 1874 non
735 1854 778 1874 me
799 1853 870 1873 nunc
889 1845 994 1873 laudem
1007 1845 1071 1873 Vir-

279 1894 399 1934 giiiitatis
420 1903 480 1924 esse
493 1895 639 1928 dicturum,
654 1900 735 1929 quam
753 1892 872 1927 probasti
891 1892 1030 1927 optimam,
1044 1897 1072 1921 et

278 1948 421 1972 consecuta
449 1950 479 1970 es
500 1950 507 1969 :
529 1948 580 1969 nec
611 1943 830 1968 enumeraturum
861 1937 1000 1965 molestias
1020 1946 1071 1965 nll-

280 1991 408 2026 ptiarum,
424 1988 561 2025 quomodo
576 1992 669 2015 uterus
685 1986 856 2022 intumescat,
871 1984 960 2012 infans
973 1985 1070 2020 vagiat,

282 2036 383 2064 cruciet
398 2035 500 2071 pellex,
515 2033 612 2061 domus
631 2039 696 2059 cura
710 2031 849 2064 sollicitet,
863 2035 890 2057 et
903 2031 993 2058 omnia
1012 2038 1073 2065 qu.u

282 2086 409 2117 putantur
420 2080 501 2112 bona,
513 2085 586 2106 mors
597 2081 718 2105 extrema
735 2075 872 2110 praecidat.
885 2075 989 2103 Habent
1000 2075 1072 2103 enim

283 2131 311 2155 et
334 2126 468 2154 maritata:
481 2123 605 2152 ordinem
621 2129 711 2154 suum,
731 2120 906 2148 honorabiles
920 2120 1037 2155 nuptias,
1047 2124 1074 2148 et

287 2171 377 2200 cubile
390 2169 589 2198 immaculatum
604 2167 696 2203 (Hebr.
714 2166 780 2201 15);
802 2165 849 2193 sed
867 2171 894 2193 ut
912 2166 1074 2201 iulelligercs

288 2218 335 2246 tibi
350 2216 459 2245 exeunti
471 2215 505 2243 de
522 2214 650 2246 Sodoma,
668 2211 816 2240 timendum
831 2219 891 2239 csse.
912 2212 961 2239 Lot
984 2213 1075 2240 uxoris

287 2263 440 2298 exemplum
454 2259 556 2296 (Gener.
572 2259 628 2293 i9).
644 2257 722 2285 Nulla
736 2262 776 2285 est
793 2257 864 2284 enim
879 2257 906 2284 in
920 2257 971 2284 hoc
986 2258 1075 2284 libello

286 2309 416 2336 adulatio.
427 2306 557 2334 Adulator
566 2304 667 2340 quippe
676 2302 790 2331 blandus
804 2302 928 2330 inimicus
938 2308 989 2330 est.
999 2303 1075 2330 Nulla

286 2358 337 2384 erit
362 2353 497 2382 Rhetorici
520 2359 617 2387 pompa
641 2350 792 2383 sermonis,
808 2348 847 2385 (i)
863 2357 923 2384 qua:
946 2353 971 2376 te
996 2350 1077 2376 etiam

292 2402 363 2428 inter
386 2398 503 2434 Angelos
529 2401 646 2429 statuat,
671 2400 699 2424 et
726 2395 891 2423 beatitudine
911 2395 1078 2430 Virginitatis

289 2445 421 2481 exposita,
439 2443 567 2472 mundum
583 2442 708 2477 subjiciat
722 2441 835 2476 pedibus
850 2442 913 2468 tuis.

326 2492 353 2519 5.
368 2490 437 2518 Nolo
464 2489 511 2516 libi
525 2488 617 2516 venire
630 2487 783 2522 superbiam
805 2487 839 2514 de
861 2488 1009 2522 proposito,
1030 2488 1079 2515 sed

291 2540 427 2566 timorem.
447 2535 549 2565 Onusta
570 2533 675 2561 incedis
699 2540 776 2564 auro,
796 2533 866 2560 latro
888 2533 935 2560 tibi
956 2534 1080 2562 vitandus

291 2588 342 2612 cst.
363 2581 485 2610 Stadium
511 2585 553 2607 est
573 2578 631 2606 lucc
651 2578 704 2605 vita
727 2578 895 2611 mortalibus,
912 2579 956 2606 hic
970 2585 1082 2607 conten-

292 2630 392 2661 dimus,
408 2631 438 2654 ut
461 2625 524 2653 alibi
547 2630 719 2652 coronemur.
748 2622 832 2651 Nemo
848 2623 919 2650 inter
939 2630 1080 2659 serpentes

291 2680 318 2703 cl
331 2673 488 2708 scorpiones
513 2675 626 2698 securus
650 2668 806 2703 ingreditur.
829 2668 863 2696 Et
877 2669 1013 2698 inebriatus
1032 2676 1080 2706 cst,

323 2752 361 2782 (α)
376 2749 447 2782 Hane
452 2745 587 2782 _1_:pistolam
591 2751 728 2782 “magnus
741 2749 810 2782 parte
822 2747 939 2782 ext-scribit
949 2748 1081 2779 Aquisgra-

290 2776 370 2809 ’nebs’e
378 2776 511 2806 Concilium
523 2776 644 2809 aanimi}.
658 2777 704 2801 sub
715 2776 838 2809 Ludotico
848 2777 902 2807 Pio,
919 2776 1082 2809 cumque‘ste-

302 2807 345 2838 {ins
367 2809 527 2836 emendatiori
543 2807 721 2840 codicehusum‘
733 2807 853 2840 videatur,
876 2807 990 2840 quaedam
998 2816 1030 2833 ex
1051 2816 1082 2834 eo

301 2837 343 2869 (ᾇξᾷ
355 2843 509 2873 adnotantes,
523 2837 639 2873 ejusmodi
653 2840 691 2862 est
712 2837 786 2867 istud,
810 2837 853 2864 sed
875 2837 898 2864 ἐι
917 2839 1020 2870 formosa
1035 2846 1043 2865 :
1056 2843 1082 2865 et

291 2882 348 2901 mox
360 2872 445 2903 oblitus
455 2877 508 2903 sum
515 2872 729 2903 patrisnemtscor,
741 2872 788 2893 etc.

320 2907 333 2933 t
336 2906 360 2934 1)
377 2902 447 2934 Apud
459 2899 572 2928 Gravium
583 2900 625 2926 sed
637 2899 679 2931 qui
689 2899 760 2925 etimn
772 2902 803 2925 te.

905 183 1026 212 SANCTI
1047 182 1236 211 IIIERONYMI

1850 183 1902 212 596

1111 240 1197 275 inquit
1217 239 1354 273 Dominus,
1377 239 1478 275 gladius
1499 247 1567 267 metu
1582 239 1608 266 in
1629 239 1693 266 calo
1710 239 1787 275 (Isai.
1803 240 1859 275 δι),
1874 246 1902 269 et

1112 291 1140 313 tu
1154 293 1247 321 pacem
1262 285 1401 314 arbitraris
1421 285 1447 313 in
1463 289 1544 319 terra,
1562 293 1621 320 qua:
1642 285 1755 313 tribulos
1777 292 1900 320 generat,

1111 337 1139 359 et
1151 332 1253 367 spinas,
1267 339 1347 366 quam
1362 338 1474 366 serpens
1493 331 1629 359 comedit?
1644 330 1682 366 (b)
1697 330 1758 358 Non
1771 336 1808 358 est
1830 332 1903 359 nobis

1112 378 1257 405 colluctatio
1271 378 1391 405 adversm
1404 385 1505 405 carnem
1516 381 1539 405 et
1549 377 1710 413 sanguinem,
1723 377 1768 404 sed
1781 377 1904 404 adversus

1113 424 1281 459 principatus,
1296 428 1318 451 et
1334 427 1467 458 potestates
1489 423 1566 458 hujus
1580 423 1679 455 mundi,
1696 427 1720 449 et
1732 427 1842 450 rectores
1855 423 1904 449 Ita-

1111 477 1169 496 rum
1182 469 1350 500 tenebrarum,
1366 470 1484 495 (ulvursns
1500 468 1643 503 spiritualia
1658 469 1775 503 nequities
1790 469 1816 496 in
1827 469 1903 495 cale-

1112 516 1192 543 stibus
1212 515 1319 552 (Epltee.
1334 516 1359 543 6.
1378 515 1432 551 12).
1447 515 1547 550 Magnis
1567 515 1736 542 inimicorum
1753 516 1904 542 circumda-

1113 570 1173 590 mur
1183 562 1344 598 agminibus,
1353 562 1467 589 hostium
1480 563 1556 597 plena
1569 568 1630 589 sunt
1643 563 1743 589 omnia.
1755 563 1828 591 Cano
1842 572 1903 591 FRA-

1113 615 1189 640 ctus,
1201 612 1228 636 et
1240 608 1307 635 cinis
1321 608 1408 635 futura
1423 613 1483 642 post
1497 608 1644 641 modicum,
1657 614 1755 643 pugnat
1769 610 1827 637 sola
1841 617 1902 637 cum

1113 655 1169 690 90
1206 654 1336 689 pluribus.
1358 654 1423 681 (lum
1444 659 1533 681 autent
1555 655 1634 682 fuerit
1659 655 1799 688 dissoluta,
1814 660 1841 682 et
1855 664 1904 684 ve-

1114 700 1185 727 ucrit
1197 700 1322 735 princeps
1343 699 1436 726 mundi
1461 699 1551 734 huius,
1566 704 1592 727 et
1617 700 1748 727 invenerit
1773 701 1798 727 in
1824 701 1903 736 ea(c)

1114 746 1217 781 peccati
1241 746 1317 778 nihil,
1334 751 1397 772 ttmc
1420 753 1514 773 secura
1537 746 1630 773 audies
1653 754 1700 780 per
1723 746 1903 781 Prophetam:

1116 791 1178 819 Non
1191 792 1287 819 timebis
1301 800 1317 818 a
1337 792 1425 818 timore
1439 797 1581 818 nocturno:
1597 800 1613 818 a
1630 793 1722 827 sagitta
1745 792 1844 818 volante
1860 801 1906 827 per

1115 837 1193 871 diem,
1208 841 1225 864 lt
1243 837 1343 873 negotio
1365 837 1555 871 perambulante
1579 837 1604 863 in
1627 837 1743 869 tenebris,
1757 838 1787 864 ab
1803 838 1906 864 incursu

1115 889 1139 911 et
1158 884 1284 911 datmonio
1304 885 1455 911 meridiano.
1471 884 1567 911 Cadent
1586 893 1601 910 a
1626 885 1703 911 latere
1725 890 1767 912 tuo
1790 885 1869 918 mille,
1883 891 1906 912 et

1115 930 1202 958 det-em
1213 930 1295 957 millia
1307 939 1322 957 a
1336 931 1431 958 dextris
1447 931 1506 963 tuis,
1523 931 1557 957 ad
1570 936 1592 958 te
1604 936 1688 958 autem
1701 940 1750 959 non
1766 933 1906 967 appropin-

1116 977 1228 1012 quabant
1245 977 1304 1012 (Ps.
1322 976 1366 1005 90.
1426 977 1464 1009 (5).
1479 978 1555 1011 Quod
1577 978 1598 1004 si
1614 985 1707 1004 eorum
1723 982 1749 1004 te
1764 978 1906 1005 multitudo

1116 1022 1271 1054 turbaverit,
1288 1026 1316 1050 et
1340 1022 1372 1049 ad
1396 1023 1498 1057 singula
1520 1023 1689 1049 incitamenta
1711 1023 1834 1050 vitiorum
1850 1032 1907 1051 cat-

1116 1068 1188 1103 peris
1206 1072 1333 1101 mstuare,
1349 1073 1375 1095 ct
1391 1068 1487 1094 dixerit
1503 1068 1548 1094 tibi
1562 1068 1689 1102 cogitatio
1704 1073 1765 1095 tua:
1780 1068 1842 1103 quid
1865 1069 1905 1096 fa-

1117 1113 1239 1141 ciemus?
1254 1113 1429 1148 respondebit
1451 1113 1496 1140 tibi
1513 1113 1644 1140 Eliszeus:
1662 1113 1725 1140 Noli
1738 1115 1833 1147 timere,
1845 1115 1906 1149 quia

1116 1160 1202 1196 plures
1227 1159 1356 1187 nobiscum
1379 1165 1448 1192 sunt,
1463 1168 1539 1194 quam
1557 1168 1613 1186 cum
1635 1160 1696 1191 illis,
1717 1165 1744 1187 et
1769 1160 1867 1193 orabit,
1880 1166 1908 1188 et

1116 1205 1209 1234 dicet:
1231 1205 1350 1237 Domine,
1375 1206 1446 1240 aperi
1473 1206 1560 1233 oculos
1585 1205 1677 1241 puclla:
1696 1211 1754 1239 ttae,
1777 1211 1803 1232 ut
1825 1207 1907 1232 videat

1117 1252 1154 1287 (4.
1175 1252 1237 1287 Reg.
1254 1251 1363 1286 6.16):
1387 1257 1414 1279 et
1437 1252 1537 1286 apertis
1561 1252 1647 1279 oculis
1675 1252 1777 1279 ridebis
1801 1252 1905 1287 igneum
1948 1250 1956 1254 ’

1116 1305 1237 1332 currum,
1250 1298 1294 1333 qui
1310 1302 1335 1326 te
1350 1298 1382 1325 ad
1397 1298 1550 1332 exemplum
1568 1298 1633 1325 Elim
1649 1299 1674 1325 iu
1698 1303 1770 1325 aslra
1785 1298 1908 1325 sustollat

1119 1344 1179 1380 (Ps.
1198 1345 1321 1380 125.7);
1342 1349 1370 1372 et
1385 1350 1446 1372 tunc
1470 1345 1529 1371 la‘ta
1546 1346 1667 1373 cantabis
1683 1355 1688 1372 ε
1712 1346 1803 1372 Anima
1822 1351 1908 1372 nostra

1117 1391 1184 1418 sicut
1197 1399 1284 1426 passer
1298 1397 1382 1427 erepta
1395 1397 1430 1419 est
1445 1395 1475 1419 de
1489 1393 1577 1427 laqueo
1597 1393 1737 1418 venantium
1759 1400 1767 1419 :
1793 1392 1908 1428 Laqueus

1118 1437 1242 1464 contritus
1254 1441 1301 1470 est,
1318 1442 1342 1464 et
1353 1446 1398 1464 nos
1415 1438 1513 1465 liberati
1527 1446 1612 1464 sanius
1629 1437 1708 1470 (Ibid.
1725 1437 1764 1472 2).

1154 1482 1181 1510 ι.
1194 1482 1226 1509 ιη
1236 1483 1284 1510 hac
1294 1483 1343 1509 vita
1355 1483 1426 1510 nulla
1436 1488 1471 1510 est
1482 1488 1549 1510 certa
1560 1483 1845 1516 viderim—Quamdiu
1858 1486 1909 1511 hoc

1120 1528 1206 1564 fragili
1225 1535 1343 1564 corporo
1366 1529 1528 1561 delincrnur,
1547 1529 1672 1564 quamdiu
1698 1529 1826 1556 habemus
1851 1530 1909 1557 llic-

1119 1582 1227 1603 saurum
1243 1575 1323 1602 istum
1338 1575 1363 1602 in
1380 1576 1450 1602 vasis
1476 1575 1600 1602 fictilibus
1614 1575 1651 1609 (2.
1670 1575 1727 1602 Cor.
1746 1576 1784 1608 ti),
1802 1581 1828 1602 et
1841 1583 1908 1602 con-

1119 1622 1233 1657 cupiscit
1243 1622 1354 1657 spiritus
1366 1622 1496 1648 adversus
1509 1629 1629 1653 carnem,
1646 1626 1672 1649 et
1693 1629 1756 1648 caro
1780 1622 1908 1648 adversus

1120 1668 1245 1703 spiritum
1267 1666 1364 1703 (Galat.
1381 1668 1419 1702 5),
1433 1668 1502 1694 nulla
1519 1672 1559 1694 est
1575 1673 1646 1695 certa
1667 1668 1787 1695 victoria.
1805 1668 1908 1695 Adver-

1120 1714 1206 1742 sarius
1220 1719 1311 1741 noster
1326 1714 1365 1749 (ιι)
1383 1714 1514 1746 diabolus,
1537 1719 1660 1748 tanquam
1681 1714 1721 1741 leo
1743 1715 1848 1749 rugiens
1859 1715 1908 1740 ali-

1120 1768 1201 1796 quem
1215 1760 1344 1788 dcvorare
1360 1767 1492 1794 quaerens,
1507 1760 1630 1786 circumit
1651 1759 1687 1794 (l.
1708 1759 1776 1787 l’etr.
1799 1760 1839 1792 5).
1855 1759 1909 1787 Po-

1121 1808 1194 1838 suisti
1216 1806 1341 1837 tenebras,
1364 1807 1401 1832 ait
1427 1806 1521 1838 David,
1535 1812 1556 1832 et
1583 1807 1649 1841 facta
1670 1810 1705 1831 est
1728 1814 1788 1832 nox.
1806 1805 1838 1832 ln
1854 1806 1911 1839 ipsa

1122 1851 1309 1889 pertransibunt
1323 1860 1408 1879 οηιιιοε
1431 1852 1514 1878 ὑρδιὶιιι
1536 1851 1620 1886 sylvm.
1639 1850 1722 1877 Catuli
1749 1851 1848 1878 (corium
1864 1861 1910 1878 ru-

1122 1901 1228 1936 gieutee,
1244 1903 1271 1925 ut
1293 1900 1404 1933 rapiant,
1418 1905 1440 1925 ct
1456 1904 1569 1933 qmernnt
1591 1907 1606 1924 a
1629 1898 1682 1925 Deo
1697 1907 1777 1925 escam
1791 1900 1836 1925 sibi
1852 1900 1910 1934 (l’s.

1123 1946 1185 1973 107).
1209 1944 1267 1980 20).
1290 1944 1346 1971 Non
1360 1944 1456 1979 quarrit
1478 1944 1600 1971 diabolus
1627 1944 1748 1971 homines
1773 1945 1910 1972 inﬁdeles:

1124 1999 1177 2019 non
1191 1998 1240 2018 eos
1252 1990 1296 2025 qui
1312 1989 1378 2017 foris
1392 1994 1464 2022 sunt,
1482 1995 1505 2016 et
1523 1997 1636 2023 quorum
1652 1997 1748 2016 carnes
1772 1998 1818 2017 rex
1832 1991 1914 2026 Assy-

1123 2037 1181 2064 rius
1204 2037 1230 2063 iu
1247 2036 1300 2063 olla
1325 2036 1487 2063 succendit:
1505 2035 1537 2062 dc
1564 2035 1682 2062 Ecclesia
1699 2035 1795 2062 Christi
1818 2043 1913 2071 rapere

1124 2083 1245 2111 festinat.
1263 2082 1338 2109 Escae
1352 2082 1410 2116 ejus
1433 2081 1580 2108 secundum
1605 2081 1711 2108 Abacuc
1726 2081 1818 2108 electa:
1840 2087 1914 2109 sunt.

1124 2128 1175 2156 Job
1185 2128 1345 2155 subvertere
1356 2128 1439 2161 cupit,
1450 2132 1475 2154 ct
1489 2127 1617 2153 devorato
1627 2126 1705 2160 Juda,
1716 2126 1747 2153 ad
1759 2127 1915 2155 cribrandos

1126 2173 1273 2209 Apostolos
1295 2175 1395 2208 expetit
1420 2177 1588 2207 potestatem.
1615 2171 1673 2199 Non
1699 2173 1771 2199 venit
1793 2173 1915 2200 Salvator

1125 2228 1219 2256 pacem
1244 2220 1351 2248 mittere
1365 2228 1444 2255 super
1465 2225 1574 2252 terram,
1591 2219 1639 2247 sed
1661 2219 1788 2254 gladium.
1813 2219 1918 2247 Cecidit

1127 2266 1246 2299 Lucifer,
1263 2266 1308 2301 qui
1324 2273 1402 2293 mane
1417 2266 1574 2297 oriebatur;
1590 2269 1616 2292 ct
1630 2265 1675 2291 ille
1689 2264 1734 2299 qui
1750 2264 1775 2290 in
1789 2264 1917 2292 Paratliso

1128 2312 1286 2340 deliciarum
1308 2311 1424 2339 nutrittts
1437 2316 1488 2343 cst,
1504 2311 1602 2338 meruit
1616 2309 1709 2337 audire
1722 2319 1729 2337 :
1745 2310 1778 2337 Si
1791 2310 1918 2337 exaltatus

1160 2411 1196 2443 (Ir)
1213 2410 1396 2443 Aeeuralissima
1404 2410 1514 2443 quaedam
1528 2409 1598 2443 hujus
1610 2415 1631 2443 ei
1641 2408 1719 2443 istoin;
1732 2408 1806 2443 editio
1817 2409 1920 2433 seorsim

1128 2439 1212 2467 Ruina:
1223 2441 1337 2466 adornata
1356 2448 1394 2464 an.
1414 2439 1485 2465 1562.
1498 2439 1564 2471 apud
1573 2440 1641 2464 Paul.
1654 2439 1796 2471 Mamurium,
1813 2445 1861 2470 qua
1873 2445 1921 2463 non

1130 2480 1185 2497 raro
1205 2476 1310 2500 utemur,
1333 2471 1399 2495 addit
1412 2472 1457 2495 hoc
1470 2470 1530 2500 loco,
1552 2470 1611 2496 dicit
1623 2470 1754 2502 apostolus.
1766 2470 1822 2494 Mox
1835 2470 1922 2502 deer-at

1130 2504 1194 2535 apud
1205 2502 1567 2535 BenctlietinunrInterpretem
1580 2500 1669 2526 nomen
1680 2504 1794 2530 rectores,
1806 2500 1870 2532 quod
1890 2506 1922 2524 ex

1132 2531 1204 2559 editis
1214 2534 1325 2557 omnibus
1336 2539 1364 2556 ac
1375 2532 1432 2557 Mss.
1445 2531 1618 2563 supplcvimus.

1163 2565 1198 2595 (ε)
1214 2564 1332 2588 Victorius
1341 2563 1366 2587 in
1377 2569 1405 2587 ca
1413 2561 1481 2591 nihil,
1494 2561 1586 2595 alrsrpie
1598 2563 1698 2594 peccati.

1163 2591 1201 2626 (α’)
1218 2595 1275 2620 Mss.
1287 2599 1374 2624 magno
1381 2600 1482 2618 numero
1492 2591 1603 2623 labatur,
1610 2600 1683 2624 quam
1691 2599 1784 2623 vocem.
1793 2592 1857 2626 quod
1866 2591 1923 2626 alibi

1132 2622 1221 2658 saepius
1231 2622 1408 2658 occurrat._uc_c
1420 2630 1497 2654 penes
1506 2622 1676 2658 Hieronymum
1688 2628 1781 2648 tantum
1789 2622 1853 2658 ,ξω
1865 2622 1926 2646 alios

1131 2654 1335 2688 quoquerLalinos
1346 2654 1642 2688 Scriptores,semelhoc
1654 2654 1707 2688 loco
1718 2654 1864 2688 monendum
1877 2657 1924 2682 est,

1133 2684 1236 2718 proferri
1249 2692 1280 2718 es
1294 2684 1432 2718 Graecorum
1454 2685 1549 2718 monete
1571 2685 1668 2710 dialecti
1688 2685 1896 2716 pronuntiatione,
1909 2690 1926 2709 οι

1132 2715 1166 2749 ῖιὰρ
1179 2715 1653 2749 Aetia.inquiuubGramtnatiei,mare
1664 2715 1708 2747 μὲι
1718 2722 1749 2741 και
1760 2722 1793 2741 τὸ,
1806 2719 1927 2749 suam,»

1132 2745 1241 2777 ξάὲλουταν,
1253 2745 1336 2777 Εοιρε
1347 2746 1437 2777 quippe
1450 2753 1493 2777 pro
1505 2746 1561 2775 Dia,
1574 2745 1701 2777 proferunt
1713 2750 1758 2777 la,
1770 2750 1796 2771 et
1808 2752 1852 2777 pro
1869 2745 1927 2770 Diu-

1132 2754 1241 2777 ζάπλουταν,
1253 2753 1336 2770 mores
1347 2753 1437 2800 quippe
1450 2753 1493 2777 pro
1505 2753 1561 2775 ma,
1574 2753 1701 2777 prorerunt
1713 2753 1758 2776 la,
1770 2753 1796 2771 et
1808 2753 1852 2777 pro
1869 2753 1927 2770 1m-

1132 2778 1224 2810 pluton,
1239 2776 1364 2810 zaplaton.
1402 2777 1441 2800 inc
1453 2780 1478 2801 et
1487 2784 1619 2810 palmariro
1630 2782 1724 2810 eos?”
1731 2776 1812 2810 Latini
1820 2780 1928 2810 lat-onus

1134 2807 1197 2838 'Quin
1208 2811 1235 2832 et
1249 2807 1393 2832 Azabenicns
1401 2814 1445 2837 pro
1458 2807 1615 2838 Adiabenicas
1623 2807 1762 2838 prmferunt
1773 2807 1844 2838 Hier.
1857 2807 1927 2831 codd.

1133 2836 1158 2864 in
1170 2838 1288 2864 Chronico
1299 2837 1327 2862 ad
1334 2844 1373 2869 an.
1385 2836 1450 2869 201.,
1458 2842 1489 2869 et,
1495 2845 1540 2868 pro
1552 2836 1673 2869 Ιλίιπηῖιηι,
1684 2838 1750 2869 quod
1762 2842 1802 2863 est
1809 2837 1929 2869 Hispania:

1133 2869 1255 2905 oppidum,
1280 2868 1380 2894 lanitmt
1401 2867 1461 2899 legit
1482 2867 1594 2899 [sidorus,
1608 2867 1704 2900 aliaque
1724 2868 1748 2894 id
1768 2867 1930 2901 genus'quatn

1136 2905 1246 2932 plurima.
