4136 6332
180 5520 223 5638 λ

335 408 438 470 397

337 523 511 595 fueris.
535 529 591 578 ut
615 520 808 590 aquila,
831 520 950 576 inde
979 519 1241 575 detraham
1270 527 1336 585 te,
1361 518 1483 573 dicit
1509 517 1756 572 Dominus
1791 518 1918 587 (Αὺο,

336 613 550 682 dimi).
583 612 799 668 Dixerat
823 612 966 668 enim
988 612 1039 666 in
1062 611 1223 667 corde
1243 626 1378 678 suo;
1411 610 1581 682 Super
1607 610 1776 664 sidera
1801 609 1914 664 caeli

335 723 518 776 ponam
539 706 707 760 sedem
736 722 920 772 meam,
952 714 997 759 et
1026 721 1111 759 ero
1135 704 1316 759 similis
1346 703 1607 759 Altissimo
1631 701 1781 775 (lsai.
1821 702 1909 759 14.

334 801 442 871 15).
472 799 628 856 Unde
681 799 920 870 quotidie
992 799 1100 870 91
1175 797 1243 852 ad
1281 811 1377 853 eos
1422 797 1512 867 qui
1567 811 1666 866 per
1708 795 1906 851 scalam

330 891 499 946 Jacob
538 889 612 960 (a)
655 890 974 945 somniantis
1024 889 1390 954 descendunt,
1441 888 1678 957 loquitur
1724 887 1903 942 Deus:

333 981 442 1054 Ego
481 982 590 1036 dixi
616 983 690 1036 dii
723 984 862 1048 estis,
899 991 946 1036 et
983 981 1081 1051 ﬁlii
1110 981 1354 1036 Altissimi
1381 997 1574 1036 omnes.
1616 980 1712 1035 Vos
1739 989 1908 1035 autem

331 1081 456 1128 sicut
483 1067 712 1127 homines
751 1073 1060 1138 moriemini,
1087 1082 1134 1127 et
1175 1083 1417 1143 tanquam
1447 1089 1578 1126 unus
1621 1071 1685 1125 de
1711 1070 1905 1142 princi-

332 1165 474 1237 pibus
517 1165 709 1219 cadetis
751 1165 866 1236 (Ps.
897 1167 988 1221 8|.
1032 1164 1086 1220 6.
1133 1164 1213 1235 7).
1253 1163 1460 1219 Cecidit
1507 1163 1649 1218 enim
1701 1163 1906 1231 primus

331 1257 594 1324 diabolus,
639 1266 695 1312 et
753 1273 873 1312 cum
922 1264 1029 1312 stet
1056 1257 1195 1312 Deus
1237 1257 1290 1311 in
1340 1271 1608 1328 synagoga
1653 1255 1900 1319 deorum,

329 1349 381 1404 in
413 1348 588 1404 medio
633 1361 812 1405 autem
862 1349 996 1404 deos
1039 1349 1333 1414 discernat,
1369 1347 1659 1418 Apostolus
1705 1346 1772 1401 iis
1812 1346 1904 1416 qui

326 1440 397 1496 dii
424 1456 543 1496 esse
588 1441 863 1507 desinunt,
890 1441 1079 1497 scribit
1122 1459 1136 1496 :
1189 1441 1285 1496 Ubi
1332 1441 1464 1495 enim
1507 1441 1561 1494 in
1600 1437 1739 1494 vobis
1783 1447 1901 1493 sunt

327 1531 662 1586 dissensiones
703 1543 750 1588 et
798 1534 1170 1598 wmnlationes,
1203 1549 1370 1587 nonns
1408 1532 1636 1586 homines
1683 1531 1825 1598 estis,
1853 1539 1902 1585 et

323 1623 598 1678 secundum
625 1624 879 1678 hominem
905 1625 1174 1678 ambulatis
1314 1623 1434 1680 Cor.
1464 1624 1521 1680 3.
1554 1623 1651 1695 5)?

395 1715 448 1769 5.
490 1713 547 1770 Si
597 1715 888 1786 Apostolus
932 1730 1026 1770 vas
1072 1713 1374 1783 electionis,
1407 1723 1464 1770 et
1509 1725 1793 1786 separatus
1841 1715 1895 1770 in

323 1804 668 1877 Evangelium
694 1805 914 1872 Christi,
946 1807 1014 1861 oh
1056 1807 1233 1861 carnis
1277 1808 1494 1863 aculeos
1523 1815 1578 1864 et
1627 1808 1897 1863 incentiva

327 1898 572 1954 vitiorum
604 1901 848 1969 reprimit
877 1915 1072 1970 corpus
1102 1915 1280 1969 suum,
1309 1910 1361 1956 et
1389 1901 1631 1956 servituti
1657 1900 1891 1970 subjicit,

324 2005 390 2043 ne
414 1991 532 2044 aliis
572 1990 873 2060 prmdicans
901 1991 1017 2060 ipse
1055 1991 1315 2060 reprobus
1359 1991 1698 2057 inveniatur;
1733 2000 1786 2047 et
1819 2001 1897 2046 ta-

319 2095 438 2134 men
469 2081 612 2154 videt
654 2081 816 2136 aliam
849 2082 1021 2152 legem
1070 2083 1122 2137 in
1155 2083 1412 2138 membris
1437 2084 1550 2138 suis
1581 2097 1891 2154 repugnan-

321 2180 426 2225 lem
459 2172 559 2243 legi
593 2173 789 2229 mentis
815 2188 948 2242 sum,
981 2184 1034 2230 et
1066 2176 1338 2244 captivum
1376 2189 1438 2231 se
1468 2175 1520 2230 in
1559 2175 1730 2246 legem
1771 2176 1896 2232 duci

320 2267 540 2333 peccati,
589 2269 632 2323 si
680 2279 800 2338 post
851 2269 1170 2333 nuditatem,
1215 2269 1436 2340 ieiunia,
1470 2270 1686 2336 l‘amem,
1713 2285 1898 2326 carce-

316 2372 448 2421 rem,
480 2358 711 2429 ﬂagella,
739 2362 1026 2432 supplicia,
1060 2363 1113 2417 in
1141 2363 1491 2432 semetipsum
1522 2379 1774 2420 reversus
1801 2380 1897 2420 ex-

314 2449 510 2505 clamat
543 2469 558 2505 :
603 2451 802 2520 Infelix
830 2468 920 2521 ego
946 2452 1120 2518 homo,
1146 2453 1259 2518 quis
1286 2469 1364 2507 me
1409 2453 1646 2508 liberabit
1690 2453 1753 2508 de
1782 2471 1898 2510 cor-

312 2557 432 2611 pore
458 2544 634 2596 mortis
665 2543 818 2614 hujus
848 2541 1024 2615 (Rom.
1053 2544 1107 2596 7.
1133 2542 1248 2614 2t),
1279 2552 1333 2598 tn
1365 2552 1418 2600 te
1456 2553 1614 2615 putas
1640 2561 1890 2602 securam

311 2649 430 2691 csse
478 2633 719 2690 debere?
757 2635 920 2702 Cave,
951 2651 1154 2707 qureso,
1187 2651 1254 2692 ne
1281 2639 1496 2712 quando
1537 2639 1607 2696 de
1655 2648 1708 2696 te
1751 2640 1891 2696 dicat

311 2725 496 2782 Deus:
535 2725 690 2797 Virgo
716 2726 884 2782 Israel
929 2729 1131 2796 cecidit,
1182 2738 1231 2784 et
1277 2746 1380 2784 non
1425 2740 1497 2786 est
1543 2732 1630 2802 qui
1681 2733 1888 2787 suscitet

309 2827 415 2864 eain
467 2811 664 2883 (Amos.
697 2811 748 2866 5.
780 2811 860 2882 2).
911 2813 1188 2869 Audenter
1236 2813 1473 2885 loquar:
1526 2815 1660 2871 Cum
1710 2817 1890 2871 omnia

311 2903 478 2972 possit
505 2903 669 2971 Deus,
694 2905 958 2960 suscitare
988 2906 1250 2976 virginem
1282 2923 1388 2963 non
1420 2917 1600 2979 potest
1627 2920 1748 2981 post
1773 2912 1888 2966 rui-

311 3010 453 3050 nam.
485 2995 633 3050 \'alet
663 2995 880 3066 quidem
929 2997 1161 3053 liberare
1190 2998 1259 3054 de
1305 3015 1487 3070 pmna,
1517 3001 1609 3057 sed
1640 3017 1744 3057 non
1777 3003 1891 3059 vult

309 3099 569 3142 coronare
598 3095 929 3157 corruptam.
976 3089 1285 3146 Timeamus
1329 3091 1472 3147 illam
1517 3093 1883 3164 PrOpbetiam,

310 3193 378 3235 ne
413 3181 464 3234 in
491 3181 648 3237 nobis
693 3183 856 3238 etiam
887 3184 1266 3254 compleatur:
1305 3184 1535 3258 Virgines
1575 3187 1721 3244 bonae
1760 3190 1890 3255 deﬁ-

308 3270 437 3325 cient
479 3271 680 3342 (Amos.
722 3272 777 3328 8.
826 3274 939 3345 15).
981 3275 1218 3333 Observa
1246 3277 1373 3348 quid
1399 3278 1564 3344 dicat,
1593 3289 1639 3334 et
1668 3281 1886 3352 virgines

308 3359 449 3416 bona:
496 3363 770 3432 deﬁcient;
825 3365 949 3436 quia
1003 3375 1130 3422 sunt
1173 3376 1231 3424 et
1275 3369 1511 3439 virgines
1554 3371 1730 3427 malae.
1786 3372 1886 3439 Qui

307 3454 501 3520 viderit,
533 3455 722 3526 inquit,
752 3458 1011 3513 mulierem
1039 3459 1108 3514 ad
1133 3462 1587 3530 concupiscendum
1615 3481 1749 3530 eant,
1770 3466 1885 3535 jam

307 3547 578 3602 moechatus
611 3557 684 3604 est
707 3565 818 3604 eam
857 3551 909 3604 in
935 3551 1088 3607 corde
1113 3567 1205 3607 suo
1233 3552 1447 3623 (Matth.
1489 3555 1539 3610 5.
1576 3555 1694 3628 28).
1739 3556 1884 3612 Perit

311 3653 456 3710 ergo,
485 3650 540 3696 et
582 3651 767 3699 mente
795 3643 1096 3715 virginitas.
1143 3645 1262 3700 Istae
1287 3655 1414 3701 sunt
1446 3647 1678 3718 virgines
1705 3649 1880 3716 malae,

309 3731 539 3802 virgines
584 3747 770 3802 carne,
822 3749 928 3789 non
977 3737 1206 3806 spiritu:
1239 3737 1476 3808 virgines
1518 3739 1718 3810 stultae,
1764 3756 1884 3811 qua:

308 3821 480 3877 oleum
511 3839 616 3878 non
649 3823 929 3893 habentes,
963 3827 1327 3884 excluduntur
1356 3844 1383 3883 a
1412 3843 1633 3900 Sponso.

377 3912 432 3968 ϐ.
470 3913 523 3970 Si
577 3926 756 3972 autem
789 3925 845 3973 et
871 3918 977 3973 illa:
1007 3935 1127 3988 quae
1171 3920 1409 3989 virgines
1460 3932 1607 3991 sunt,
1634 3923 1703 3979 ob
1750 3924 1884 3980 alias

308 4011 482 4061 tamen
525 4008 736 4078 culpas,
771 4009 1080 4082 virginitate
1108 4025 1397 4081 corporum
1427 4029 1533 4069 non
1573 4015 1879 4072 salvantur:

307 4099 431 4170 quid
460 4099 550 4156 ﬁet
575 4101 703 4169 illis,
729 4118 848 4174 qua:
879 4104 1271 4174 prostituerunt
1296 4106 1536 4162 membra
1564 4107 1788 4176 Christi,
1828 4117 1885 4165 et

309 4200 649 4249 mutaverunt
697 4194 951 4266 templum
997 4194 1178 4252 Sancti
1227 4197 1458 4268 Spiritus
1512 4199 1564 4254 in
1621 4199 1883 4270 lupanar?

313 4281 457 4340 lllico
483 4285 704 4342 audient
731 4303 746 4340 :
778 4305 798 4339 s
851 4286 1148 4356 Descende,
1179 4289 1308 4345 sede
1337 4291 1390 4344 in
1423 4299 1564 4346 terra
1591 4291 1744 4362 virgo
1774 4291 1881 4347 ﬁlia

315 4374 600 4449 Babylonis
631 4397 645 4435 :
674 4378 802 4435 sede
832 4379 885 4434 in
930 4389 1092 4446 terra,
1119 4396 1225 4435 non
1253 4389 1334 4436 est
1355 4381 1547 4435 solium
1572 4381 1694 4436 ﬁli:e
1721 4382 1884 4438 Chal-

310 4467 591 4528 dtcorum:
639 4486 746 4529 non
791 4472 1070 4530 vocaberis
1114 4473 1252 4528 ultra
1301 4474 1500 4542 mollis,
1533 4483 1587 4531 et
1627 4475 1877 4533 delicata.

308 4563 502 4633 Accipe
547 4564 771 4634 molam,
804 4565 947 4621 mole
993 4564 1240 4633 farinam,
1291 4566 1593 4637 discooperi
1634 4568 1881 4624 velamen

307 4662 472 4724 tuum,
493 4656 704 4714 denuda
731 4673 910 4724 crura,
933 4659 1102 4714 transi
1127 4659 1369 4727 ﬁumina,
1392 4661 1718 4717 revelabitur
1740 4663 1883 4732 igno-

305 4749 465 4805 minia
497 4759 606 4817 tua,
639 4751 976 4822 apparebunt
1005 4751 1294 4822 opprobria
1327 4760 1414 4807 tua
1441 4771 1459 4805 ι
1493 4751 1648 4823 (Isai.
1672 4755 1789 4825 47).
1815 4754 1883 4810 Et

305 4837 405 4898 hoc
432 4851 554 4912 post
584 4843 678 4898 Dei
707 4843 828 4898 Filii
867 4843 1152 4913 thalamos,
1225 4844 1334 4916 92
1406 4854 1528 4916 post
1565 4845 1746 4902 oscula
1773 4845 1881 4900 fra-

303 4937 506 5004 truelis,
532 4945 588 4994 et
604 4938 808 5008 sponsi,
829 4937 916 4992 illa
941 4938 1008 4993 de
1024 4953 1127 5008 qua
1144 4937 1412 5009 quondam
1435 4953 1617 4993 sermo
1639 4938 1882 5008 Prophe-

303 5027 435 5083 ticus
454 5029 802 5085 concinebat:
834 5029 1004 5085 Astitit
1026 5029 1200 5100 regina
1219 5044 1252 5081 a
1271 5028 1463 5082 dextris
1482 5029 1606 5094 tuis,
1623 5029 1678 5082 in
1703 5029 1881 5084 vestitu

303 5116 564 5186 deaurato,
607 5121 924 5175 circumdata
949 5121 1193 5175 uarietate
1222 5118 1338 5190 (Ps.
1379 5119 1471 5176 44.
1505 5118 1620 5189 10),
1651 5119 1880 5176 nudabi-

302 5215 424 5274 tur;
457 5219 512 5266 et
549 5212 850 5282 posteriora
877 5213 991 5283 ejus
1036 5219 1303 5282 ponentur
1347 5211 1400 5266 in
1442 5210 1632 5268 faciem
1676 5211 1878 5282 ipsius:

302 5301 506 5358 sedebit
535 5303 606 5358 ad
643 5318 810 5374 aquas
839 5303 1166 5368 solitudinis,
1206 5301 1286 5374 (1)
1316 5303 1491 5373 posito
1521 5317 1670 5372 vase,
1699 5312 1755 5360 et
1793 5303 1878 5359 di-

303 5396 559 5451 varicabit
585 5395 749 5466 pedes
775 5411 901 5452 suos
940 5397 1086 5452 omni
1132 5396 1452 5462 transeunti,
1493 5405 1549 5450 et
1597 5411 1766 5467 usque
1811 5395 1877 5450 ad

304 5489 560 5544 verticem
587 5489 873 5559 polluetur.
903 5489 1140 5545 Rec'rtus
1166 5503 1374 5542 suntm
1400 5488 1631 5543 hominis
1653 5488 1759 5560 [aL
1787 5488 1880 5542 ho-

313 5579 707 5652 mini]subiisse
724 5582 1050 5653 conjugium,
1081 5579 1381 5634 ambulasse
1406 5595 1499 5648 per
1517 5579 1688 5649 plana,
1717 5596 1877 5650 quam

324 5786 336 5797 ἱ
362 5713 436 5788 (a)
465 5714 723 5797 Benedicti.
747 5712 1141 5769 Edit.somniante
1157 5748 1173 5774 ,
1207 5709 1336 5774 quod
1367 5717 1512 5761 antea
1532 5713 1881 5764 emendaverat

297 5775 470 5839 Episco
505 5789 563 5825 us
580 5775 831 5828 Reatlnus.

362 5838 435 5900 tl)
462 5790 518 5889 lit
542 5837 652 5888 aliis
675 5839 828 5904 libris,
862 5845 1063 5893 notante
1087 5838 1230 5891 Grav.
1257 5835 1462 5900 portabit
1486 5848 1615 5888 ivssa.

1706 399 2035 458 EPISTULA
2075 398 2241 456 XXII.

3493 413 3608 470 308'

2023 514 2089 568 ad
2133 513 2324 569 altiora
2359 513 2686 583 tendentem,
2718 515 2769 570 in
2799 519 3122 588 profundum
3164 523 3357 581 inferni
3382 526 3595 585 cadere.

2022 605 2100 662 Ne
2129 607 2214 660 ﬁat
2248 607 2475 663 obsecro
2501 608 2690 664 civitas
2727 612 3006 678 meretrix,
3034 615 3205 671 ﬁdelis
3233 617 3384 687 Sion,
3415 621 3496 691 (2)
3529 637 3598 678 ne

2023 709 2143 770 post
2193 699 2473 756 Trinitatis
2516 701 2828 773 hospitium,
2862 705 2933 759 ibi
2980 706 3255 764 daemones
3297 712 3512 781 saltent,
3539 723 3597 770 et

2019 789 2214 845 sirenae
2243 791 2539 860 nidilieent,
2569 803 2623 849 et
2649 793 2858 851 hcricii.
2885 795 3003 852 Non
3027 799 3268 856 solvatur
3305 801 3467 859 fascia
3495 819 3595 874 pe-

2018 880 2276 948 ctoralis;
2325 881 2420 936 sed
2453 883 2635 938 statim
2679 893 2736 938 ut
2787 885 2952 941 libido
2999 887 3298 947 titillaverit
3344 907 3592 963 sensum,

2019 982 2113 1028 aut
2148 973 2401 1029 blandum
2433 976 2723 1048 voluptatis
2768 977 3072 1035 incendium
3101 981 3245 1038 dulci
3290 999 3390 1040 nos
3416 987 3597 1044 calore

2017 1065 2334 1134 perfuderit,
2365 1081 2709 1138 erumpamus
2738 1070 2791 1126 in
2819 1087 3004 1127 vocem
3037 1090 3052 1127 :
3081 1073 3334 1132 Dominus
3369 1079 3597 1132 auxilia-

2016 1163 2095 1209 tor
2123 1173 2280 1222 meus,
2300 1173 2400 1212 non
2425 1158 2606 1213 timebo
2635 1161 2757 1231 quid
2785 1162 2945 1232 faciat
2973 1164 3098 1218 mihi
3117 1171 3236 1219 caro
3262 1165 3432 1238 (Psal.
3470 1169 3594 1226 117.

2014 1247 2095 1318 9).
2145 1247 2222 1322 (b)
2293 1250 2426 1306 Cum
2481 1253 2752 1320 paululum
2807 1253 3028 1312 interior
3085 1257 3248 1312 homo
3291 1259 3430 1315 inter
3471 1260 3598 1315 vitia

2015 1347 2174 1409 atque
2217 1341 2447 1397 virtutes
2483 1344 2710 1412 eruperit
2755 1343 3036 1414 ﬂuctuare,
3085 1347 3292 1404 dicito:
3344 1368 3365 1405 c
3417 1350 3596 1419 Quare

2015 1431 2182 1487 tristis
2212 1447 2272 1488 es
2297 1434 2474 1488 anima
2498 1450 2638 1502 mea,
2662 1444 2716 1491 et
2740 1452 2906 1508 quare
2935 1441 3228 1496 conturbas
3268 1443 3394 1500 me?
3423 1444 3593 1513 Spera

2013 1523 2067 1579 in
2101 1524 2332 1580 Domino
2378 1524 2482 1598 [al.
2521 1525 2688 1600 Deo],
2731 1529 2854 1600 quia
2896 1532 3195 1589 conﬁtebor
3221 1533 3322 1600 illi,
3355 1535 3594 1593 salutare

2011 1614 2191 1670 vultus
2220 1617 2347 1681 mei,
2374 1627 2429 1672 et
2465 1617 2605 1673 Deus
2633 1635 2784 1674 meus
2811 1641 2831 1674 ι
2871 1621 2988 1692 (Ps.
3019 1623 3107 1679 41.
3139 1624 3250 1695 12).
3280 1625 3417 1681 Nolo
3443 1629 3591 1683 sinas

2009 1706 2364 1776 cogitationes
2395 1723 2661 1765 crescere.
2690 1709 2834 1765 Nihil
2874 1712 2925 1766 in
2957 1722 3008 1767 te
3047 1713 3424 1787 Babylonium,
3455 1718 3588 1775 nihil

2007 1796 2338 1852 eonfusionis
2365 1797 2660 1855 adolescat.
2696 1800 2828 1855 Dum
2859 1819 3056 1873 parvus
3085 1816 3167 1860 est
3193 1804 3388 1874 hostis,
3423 1809 3591 1865 inter-

2008 1886 2109 1942 ﬁce
2136 1905 2151 1942 :
2182 1890 2444 1959 nequitia,
2484 1906 2551 1945 ne
2592 1892 2794 1948 zizania
2824 1905 3092 1964 crescant,
3121 1897 3350 1953 elidatur
3394 1899 3446 1954 in
3488 1915 3593 1956 se.

2007 1980 2176 2036 mine.
2207 1982 2344 2036 Audi
2372 1982 2712 2039 Psalmistam
2742 1985 3006 2042 dicentem
3033 2006 3046 2040 :
3088 2007 3107 2042 1
3135 1988 3267 2044 Filia
3297 1991 3594 2064 Babylonis

2006 2073 2242 2141 misera,
2312 2075 2504 2131 beatus
2553 2079 2642 2147 qui
2708 2079 2968 2134 retribuet
3022 2081 3114 2136 tibi
3177 2083 3596 2139 retributionem.

2005 2172 2149 2217 tuam
2183 2166 2255 2235 (c)
2281 2181 2440 2236 quam
2472 2168 2766 2224 retribuisti
2798 2171 2973 2225 nobis.
3008 2170 3200 2227 Beatus
3245 2174 3334 2244 qui
3364 2175 3584 2243 tenebit,

2004 2263 2060 2310 et
2109 2255 2292 2311 allidet
2323 2257 2573 2327 parvulos
2623 2267 2744 2315 tuos
2770 2259 2836 2314 ad
2867 2260 3079 2316 Petram
3117 2281 3138 2316 ι
3189 2262 3308 2336 (Ps.
3341 2265 3465 2321 156.
3498 2266 3581 2338 8).

2004 2347 2139 2414 Quia
2181 2349 2324 2404 enim
2372 2350 2702 2422 impossibile
2744 2364 2828 2409 est
2857 2355 2909 2409 in
2953 2371 3172 2412 sensum
3215 2358 3445 2416 hominis
3472 2376 3579 2417 non

2003 2441 2208 2498 irrucre
2237 2443 2475 2498 innatant
2505 2444 2859 2500 medullarum
2889 2448 3148 2516 calorem,
3178 2451 3266 2506 ille
3311 2452 3589 2521 laudatur,_

2001 2532 2090 2587 ille
2133 2533 2454 2603 praedicatur
2496 2537 2702 2602 beatus,
2738 2538 2828 2608 qui
2860 2548 2916 2592 ut
2945 2541 3170 2610 cmperit
3197 2543 3432 2612 cogitare
3456 2559 3580 2600 sor-

1999 2623 2144 2693 dida,
2174 2628 2356 2682 statim
2385 2629 2638 2685 interﬁcit
2662 2632 2943 2700 cogitatus,
2973 2644 3028 2690 et
3049 2633 3218 2690 allidit
3237 2636 3303 2692 ad
3335 2647 3573 2709 petram:

1997 2727 2142 2789 petra
2171 2731 2338 2774 autent
2365 2719 2598 2777 Christus
2627 2733 2701 2778 est
2735 2724 2811 2796 (1.
2841 2724 2963 2780 Cor.
2994 2727 3147 2798 101).

2067 2810 2123 2867 7.
2159 2809 2460 2885 Hieronymi
2480 2816 2780 2871 tentationes
2814 2817 2866 2872 in
2890 2819 3208 2876 eremo.—0
3241 2821 3449 2893 quoties
3474 2837 3575 2896 ego

1997 2902 2115 2974 ipse
2141 2904 2194 2960 in
2225 2921 2408 2962 eremo
2433 2909 2783 2975 constitutus,
2813 2910 2940 2966 etin
2971 2911 3058 2966 illa
3089 2923 3234 2967 vasta
3261 2915 3573 2984 solitudine,

1994 3012 2114 3067 qua:
2135 3007 2322 3054 exusta
2351 2999 2484 3056 solis
2508 2999 2818 3068 ardoribus,
2837 2999 3112 3058 horridum
3138 3004 3408 3061 Monachis
3435 3023 3580 3076 pra:-

1995 3097 2102 3143 stat
2146 3087 2542 3158 habitaculum,
2583 3091 2834 3163 putabam
2883 3109 2970 3150 me
3012 3094 3270 3150 Romanis
3314 3097 3580 3154 interesse

1993 3179 2221 3237 deliciis.
2267 3182 2533 3240 Sedebam
2578 3186 2750 3252 solus,
2783 3186 2907 3258 quia
2952 3188 3310 3244 amaritudine
3340 3189 3576 3260 repletus

1992 3288 2162 3329 eram.
2214 3274 2517 3330 llorrebant
2559 3291 2718 3332 sacco
2749 3278 2990 3334 membra
3015 3277 3298 3345 deformia,
3326 3289 3381 3336 et
3407 3297 3573 3352 squa-

1993 3365 2100 3420 lida
2119 3367 2258 3421 cutis
2279 3368 2438 3422 situm
2464 3369 2766 3440 :ethiopica:
2788 3370 2968 3426 carnis
2989 3371 3304 3428 obduxerat.
3321 3371 3573 3440 Quotidie

1992 3456 2264 3530 lacrymar,
2293 3459 2534 3530 quotidie
2576 3460 2829 3531 gemitus,
2853 3473 2910 3518 et
2949 3461 2996 3518 si
3023 3464 3237 3535 quando
3267 3480 3572 3537 repugnan-

1992 3556 2099 3603 tem
2130 3563 2353 3604 somnus
2375 3549 2661 3606 imminens
2683 3553 3065 3624 oppressisset,
3091 3554 3231 3610 nuda
3262 3555 3424 3611 humo
3447 3571 3570 3612 ossa

1992 3640 2077 3692 vix
2110 3637 2368 3693 limrentia
2387 3640 2727 3696 collidebam.
2753 3643 2824 3697 De
2840 3643 2975 3698 cihis
2998 3659 3125 3700 vero
3147 3655 3202 3700 et
3231 3655 3356 3716 potu
3389 3656 3562 3714 taceo,

1990 3742 2110 3783 cum
2133 3730 2291 3784 etiam
2318 3729 2629 3801 languentes
2702 3733 2809 3803 93
2849 3733 2930 3806 (tl)
2953 3735 3192 3791 Monacbi
3221 3751 3357 3808 aqua
3377 3736 3570 3809 frigida

1992 3831 2228 3888 utantur,
2254 3831 2306 3877 et
2334 3835 2546 3879 coctum
2572 3826 2774 3895 aliquid
2797 3827 3093 3899 accepisse,
3125 3829 3331 3885 luxuria
3363 3832 3452 3885 sit.
3474 3830 3570 3888 Ille

1991 3913 2154 3983 igitur
2196 3929 2318 3984 ego,
2351 3916 2440 3984 qui
2470 3915 2539 3970 ob
2565 3915 2828 3987 gehennae
2859 3929 3082 3986 metum,
3114 3921 3205 3975 tali
3235 3936 3321 3978 me
3350 3937 3570 3979 carcere

1991 4004 2107 4076 ipse
2133 4005 2537 4074 damnaveram,
2576 4010 2922 4080 scorpionum
2961 4021 3165 4067 tantum
3196 4013 3374 4070 socius
3403 4023 3458 4070 et
3484 4015 3568 4072 le-

1989 4113 2190 4162 rarum,
2226 4114 2370 4169 saepe
2397 4099 2578 4156 choris
2605 4101 2896 4158 intereram
2936 4105 3256 4176 puellarum.
3283 4107 3564 4167 Pallebant

1991 4207 2084 4247 ora
2111 4192 2354 4262 jejuniis,
2384 4204 2438 4250 et
2483 4209 2638 4250 mens
2663 4194 2948 4252 desideriis
2990 4198 3247 4254 aestuabat
3277 4199 3331 4256 in
3376 4200 3569 4273 lrigido

1989 4298 2236 4354 corpore,
2265 4295 2319 4340 et
2346 4294 2472 4340 ante
2493 4285 2765 4342 hominem
2794 4287 2868 4362 (ε)
2893 4305 2986 4345 sua
3005 4289 3116 4361 jam
3157 4292 3208 4346 in
3233 4306 3397 4349 carne
3424 4309 3568 4365 pra:-

1988 4386 2280 4445 mortuum,
2309 4377 2421 4432 sola
2449 4377 2728 4435 libidinum
2760 4380 3004 4437 incendia
3037 4382 3351 4440 bulliebant.
3386 4384 3570 4455 Itaque

1990 4468 2136 4524 omni
2187 4469 2387 4524 auxilio
2434 4469 2754 4538 destitutus,
2802 4473 2869 4527 ad
2914 4472 3040 4528 Jesu
3081 4473 3325 4544 jaeebam
3381 4475 3568 4545 pedes,

1989 4559 2225 4630 rigabam
2254 4560 2527 4633 lacrymis,
2559 4562 2710 4618 crine
2742 4562 3052 4634 tergebam;
3098 4573 3152 4618 et
3179 4575 3568 4636 repugnantem

1989 4663 2206 4706 carnem
2272 4651 2734 4707 hebdomadarum
2790 4653 2964 4707 inedia
3020 4653 3391 4725 subjugabam.
3451 4657 3570 4714 Non

1989 4741 2250 4798 erubesco
2301 4742 2632 4798 infelicitatis
2682 4758 2818 4798 meae
2869 4745 3138 4800 miseriam
3172 4747 3243 4818 (ι’)
3282 4748 3567 4805 conliteri.

1991 4832 2119 4903 quin
2151 4833 2328 4904 potius
2355 4833 2548 4904 plango
2579 4849 2666 4889 me
2701 4849 2806 4890 non
2838 4850 2982 4903 esse,
3025 4837 3170 4908 quod
3215 4838 3425 4895 luerim.
3457 4840 3570 4898 Me-

2074 4965 2124 5028 b)
2157 4966 2422 5031 Yictorius,
2447 4972 2500 5031 et
2520 4979 2630 5031 cum
2651 4973 2754 5030 post
2777 4965 3045 5031 paululum.

2074 4967 2124 5028 b)
2157 4967 2422 5025 Victorius,
2447 4972 2500 5016 et
2520 4979 2630 5017 cum
2651 4973 2754 5030 post
2777 4967 3045 5031 paululum.

2053 4967 2123 5100 (c)
2157 5029 2418 5100 Eseiderat
2438 5030 2501 5078 ab
2523 5030 2666 5100 editis
2694 5037 2838 5100 antea
2855 5032 3188 5100 commajslud
3227 5033 3404 5083 Psalml
3428 5047 3574 5098 quam

1986 5089 2248 5159 retribuisti
2281 5089 2435 5159 nobis,
2454 5092 2580 5154 qttod
2611 5106 2716 5159 ‘nos
2738 5107 2767 5141 e
2790 5093 2981 5142 duobus
3021 5093 3317 5159 hissratque
3342 5089 3571 5159 ea,'qua2
3647 5111 3652 5120 ·

1988 5153 2114 5221 apud
2138 5167 2286 5221 supra
2328 5151 2580 5221 laudatum
2595 5153 2992 5221 Aquisgraneuse
3015 5151 3276 5206 Concilium
3300 5167 3395 5218 est,
3411 5151 3414 5152 ν
3429 5151 3574 5221 hujus

1989 5214 2214 5278 epistolae
2233 5215 2466 5274 lectione,
2490 5214 2786 5278 suile-cimus.

2051 5276 2129 5339 (ά)
2162 5277 2350 5327 Nomen
2383 5277 2600 5327 Monachi
2632 5292 2694 5327 ex
2731 5278 2977 5343 plerisque
3018 5279 3165 5329 editis
3203 5292 3262 5329 ac
3283 5279 3398 5330 Mss.
3423 5292 3572 5342 repo-

1986 5341 2313 5466 Τῐξὲῗὶίιιωε
2345 5400 2597 5466 expedita,
2617 5416 2709 5466 nec
2731 5403 2847 5452 vitio
2866 5404 3092 5466 immunis
3127 5411 3232 5452 erat.
3256 5411 3363 5464 [ost
3384 5402 3568 5450 Εινιιςιιι.

1989 5463 2252 5512 Martiantei
2277 5463 2427 5512 lectio
2447 5470 2555 5513 ante
2579 5463 2817 5514 hominem
2839 5478 2980 5514 suum
3015 5464 3126 5527 jam
3165 5477 3216 5513 m
3258 5463 3407 5512 carne
3446 5476 3572 5525 prte-

1986 5531 2262 5665 ’Ἢαῖἓυτξ
2281 5584 2681 5665 νετῑταεοιξίίιετίν
2707 5594 2758 5636 ει
2779 5583 3440 5665 etiwiwt}-993"51‘.9:99???
3457 5583 3568 5665 lli?-

1989 5647 2114 5720 edi'ti
2150 5647 2260 5698 libri
2283 5647 2486 5707 omnes,
2511 5647 2727 5707 Erasmo,
2753 5657 2804 5698 et
2827 5649 3146 5697 lienedictino
3170 5649 3442 5706 interprete
3481 5659 3570 5694 cx-

1986 5719 2570 5882 :elfglfolltltliﬂi{t‘gljub9l
2593 5770 2827 5822 meretrix
2850 5768 3014 5823 civitas
3035 5767 3216 5834 ﬁdelis,
3230 5774 3327 5817 etc.
3354 5766 3425 5817 Ev
3455 5767 3566 5818 Isai.

2027 5867 2040 5880 .
2065 5848 2140 5882 tux
2170 5847 2196 5881 il
2240 5868 2274 5882 ι.
2305 5873 2316 5881 .
2347 5869 2359 5881 .

2027 5867 2040 5880 .
2058 5842 2196 5896 juxla
2222 5842 2359 5882 1.1.x.
