4136 6332
537 372 647 445 399

536 490 671 547 mini
691 501 781 545 me
799 486 1143 555 clamantem,
1164 486 1306 544 diem
1342 487 1535 547 crebro
1569 478 1816 563 jun'xisse
1853 503 1978 545 cum
2016 499 2115 544 no-

534 591 645 650 cte,
682 594 780 636 nec
810 579 958 651 prius
982 594 1011 633 a
1040 580 1274 652 pectoris
1302 594 1549 638 cessasse
1576 580 1911 647 verberibus,
1948 591 2115 651 quam

534 673 764 741 rediret,
810 671 1040 728 Domino
1094 672 1444 745 increpante,
1501 671 1884 743 tranquillitas.
1936 669 2114 741 Ipsam

533 780 749 839 quoque
780 763 1029 821 cellulam
1061 780 1262 833 meam,
1284 764 1433 836 quasi
1455 763 1837 836 cogitationum
1875 775 2116 817 mearum

531 857 807 913 consciam
841 856 1313 928 pertimescebam.
1349 857 1419 912 Et
1445 855 1687 912 mihimet
1712 856 1880 911 iratus
1899 863 1955 910 et
1981 852 2114 924 rigi-

442 1006 447 1007 ,
528 946 653 1016 dus,
698 946 849 1005 solus
876 948 1089 1007 deserta
1118 948 1491 1023 penetrabam.
1536 944 1717 1003 Sicubi
1744 960 1980 1013 concava
2003 944 2116 1011 vai-

529 1038 690 1106 lium,
733 1054 927 1116 aspera
954 1039 1239 1104 montium,
1266 1039 1476 1111 rupium
1507 1047 1778 1111 praerupta
1803 1034 2110 1105 cernebam,

529 1130 602 1190 ibi
635 1146 770 1189 mea:
796 1130 1059 1195 orationis
1090 1131 1262 1193 locus,
1293 1129 1365 1184 ibi
1411 1128 1542 1184 illud
1590 1126 1907 1184 miserrima:
1935 1126 2116 1183 carnis

527 1221 891 1295 ergastulum;
922 1214 1004 1291 et,’
1024 1230 1083 1277 ut
1106 1220 1223 1293 ipse
1248 1218 1379 1277 mibi
1403 1220 1556 1279 testis
1576 1227 1661 1275 est
1686 1219 1968 1285 Dominus,
1993 1226 2116 1290 post

528 1314 727 1371 multas
756 1314 1040 1393 lacrymas,
1066 1300 1185 1385 post
1215 1312 1354 1369 c0310
1387 1308 1714 1369 iultzerentes
1741 1310 1948 1373 oculos,
1972 1324 2112 1364 non-

528 1394 803 1477 nunquam
837 1394 1060 1467 videbar
1089 1403 1219 1465 mihi
1265 1402 1530 1460 interesse
1575 1402 1881 1473 agminibus
1926 1401 2111 1473 Angee

529 1495 731 1563 lorum,
763 1503 818 1555 et
863 1495 1018 1561 laetus
1058 1493 1409 1567 gaudensque
1455 1493 1736 1551 cantabam
1767 1508 1782 1546 :
1816 1490 1944 1547 Post
1986 1502 2033 1547 re
2059 1490 2109 1546 in

530 1586 739 1649 odorem
784 1597 1157 1661 unguentorum
1198 1596 1402 1643 tuorum
1444 1601 1704 1640 curramus
1741 1583 1917 1655 (Cant.
1947 1585 1999 1639 1.
2029 1581 2110 1656 5).

599 1680 654 1738 8.
681 1680 737 1738 Si
758 1689 934 1736 autem
954 1680 1031 1754 (a)
1051 1680 1155 1737 hoc
1173 1679 1438 1736 sustinent
1457 1677 1551 1746 illi,
1570 1677 1658 1750 qui
1681 1690 1842 1732 exeso
1862 1689 2109 1747 corpore,

527 1771 656 1827 solis
681 1771 1086 1843 cogitationibus
1114 1779 1502 1843 oppugnantur.
1537 1769 1663 1842 quid
1694 1769 1889 1842 patitur
1913 1769 2110 1843 puella,

526 1875 647 1931 qua:
684 1860 889 1916 deliciis
932 1859 1161 1923 fruitur?
1203 1859 1402 1932 Nempe
1441 1859 1569 1927 illud
1613 1861 1851 1932 Aposwli
1881 1876 1901 1917 :
1936 1861 2113 1917 Vivens

528 1961 730 2009 mortua
757 1962 830 2019 est
859 1951 908 2025 (1
942 1952 1055 2015 Iiui
1106 1952 1160 2008 5.
1188 1952 1264 2025 6).
1300 1952 1357 2009 Si
1386 1951 1509 2025 quid
1541 1952 1717 2024 itaque
1744 1954 1799 2009 in
1826 1969 1911 2012 me
1936 1961 2112 2025 potest

526 2058 646 2099 esse
671 2043 898 2121 consilii,
922 2045 966 2100 si
993 2053 1212 2115 experto
1235 2043 1492 2111 creditur,
1514 2042 1615 2104 hoc
1642 2044 1869 2116 primum
1895 2060 2111 2115 maneo.

527 2135 630 2191 hoc
655 2135 894 2196 obtestor
916 2177 930 2202 ,
960 2144 1017 2191 ut
1044 2150 1236 2208 sponsa
1263 2135 1462 2194 Christi
1488 2136 1673 2202 vinum
1702 2135 1866 2211 fugiat
1895 2155 1994 2211 pro
2017 2154 2112 2196 ve-

526 2242 685 2283 neno.
729 2226 855 2295 limo
882 2226 1136 2289 adversus
1164 2226 1578 2284 adolescentiam
1611 2228 1781 2298 prima
1810 2244 1958 2285 arma
1988 2238 2112 2287 sunt

525 2320 850 2382 daemonum.
892 2306 1007 2380 Non
1039 2321 1117 2379 sic
1146 2321 1360 2376 avaritia
1386 2322 1554 2392 quatit
1576 2363 1591 2388 ,
1637 2320 1784 2380 inﬂat
1820 2322 2066 2394 superbia
2091 2364 2111 2392 ,

524 2408 754 2474 delectat
787 2410 1024 2469 ambitio.
1055 2412 1234 2469 Facile
1259 2412 1377 2468 aliis
1402 2428 1648 2470 caremus
1676 2414 1851 2482 vitiis;
1894 2413 1981 2472 hic
2010 2414 2111 2470 hos

524 2504 623 2561 stis
646 2505 798 2562 nobis
823 2506 1059 2562 inclusus
1080 2514 1183 2563 est.
1211 2507 1557 2577 Quocumque
1603 2508 1891 2579 pergimus,
1932 2507 2113 2564 nobis-

525 2610 647 2652 cum
692 2605 963 2666 portamus
1006 2595 1299 2659 inimicum.
1343 2595 1515 2655 VINUI
1562 2612 1632 2652 ετ
1675 2612 2067 2655 Αυαιεεεεκτιλ
2094 2639 2112 2665 ,

525 2687 722 2757 duplex
750 2688 1051 2751 incendium
1076 2688 1359 2760 voluptatis
1383 2699 1484 2745 est.
1513 2689 1649 2758 Quid
1675 2690 1849 2746 oleum
1880 2690 2110 2748 flamma:

525 2779 844 2852 adjicimus?
879 2779 1014 2854 Quid
1052 2780 1256 2836 ardenti
1292 2781 1607 2851 corpusculo
1647 2781 1880 2839 fomenta
1910 2781 2109 2853 ignium

526 2870 938 2935 ministramus?
985 2870 1181 2927 Paulus
1252 2868 1364 2951 94
1434 2871 1497 2926 ad
1525 2870 1859 2927 Timotheum
1890 2890 1903 2924 :
1937 2890 1956 2923 ι
1993 2869 2111 2931 1am

525 2960 655 3026 noli,
679 2961 881 3032 inquit,
906 2977 1096 3035 aquam
1121 2962 1323 3029 bibere,
1346 2962 1441 3019 sed
1464 2963 1645 3029 viuum
1683 2962 1896 3023 modico
1938 2972 2109 3032 utere,

526 3061 742 3125 propter
770 3055 1100 3115 stomachum
1127 3063 1295 3121 tuum,
1326 3063 1381 3111 et
1413 3054 1715 3131 frequentes
1747 3066 1862 3111 tuas
1891 3056 2110 3120 infirmi-

525 3152 663 3200 tates
690 3163 712 3205 λ
737 3145 815 3216 (1.
849 3140 979 3207 Tim.
1012 3145 1066 3202 5.
1091 3144 1207 3218 23).
1234 3145 1366 3203 Vide
1388 3147 1581 3218 quibus
1606 3148 1780 3205 eausis
1805 3148 1911 3202 vini
1965 3147 2111 3219 potio

525 3234 849 3294 concedatur
870 3277 885 3302 ,
915 3245 973 3293 ut
1002 3252 1066 3293 ex
1109 3237 1210 3293 hoc
1252 3237 1511 3296 stomachi
1552 3239 1707 3295 dolor
1731 3281 1745 3305 ,
1779 3247 1832 3294 ct
1862 3239 2112 3311 frequens

527 3325 834 3391 mederetur
861 3326 1159 3385 infirmitas.
1192 3327 1260 3394 Et
1288 3344 1355 3384 ne
1379 3330 1531 3391 nobis
1558 3330 1777 3387 forsitan
1799 3330 1865 3387 de
1887 3339 2111 3405 aegrota-

529 3416 762 3482 tionibus
789 3418 1167 3487 blandiremur,
1193 3420 1455 3475 modicum
1482 3421 1733 3492 prmcepit
1754 3437 1873 3477 esse
1897 3437 2114 3478 sumen—

525 3498 683 3581 dum,
712 3513 903 3569 medici
932 3513 1106 3589 petius
1131 3515 1375 3579 consilio,
1400 3531 1560 3588 quam
1589 3515 1824 3586 Apostoli
1858 3533 1871 3571 :
1902 3515 2025 3572 licet
2055 3525 2111 3572 et

526 3604 817 3673 Aposmlus
856 3605 925 3661 sit
962 3605 1199 3663 medicus
1237 3606 1526 3678 spiritualis
1557 3624 1570 3662 :
1602 3617 1753 3663 etne
1797 3607 2111 3665 Timotheus

527 3697 888 3754 imbecillitate
941 3710 1221 3777 superatus
1249 3739 1267 3767 ,
1314 3698 1586 3770 Evangelii
1636 3699 1957 3771 pnedicandi
2006 3716 2111 3762 non

527 3800 711 3873 posset
748 3791 968 3861 implere
1003 3790 1281 3850 discursus
1308 3812 1321 3848 :
1349 3794 1580 3865 alioquin
1611 3808 1670 3849 se
1697 3793 1895 3850 dixisse
1923 3793 2114 3851 memi-

526 3891 719 3945 nerat:
747 3900 766 3936 ι
796 3882 988 3947 \‘iuum
1018 3883 1071 3939 in
1108 3898 1213 3955 quo
1239 3895 1323 3940 est
1362 3884 1572 3943 luxnria
1607 3903 1628 3939 ι
1655 3884 1674 3957 (
1700 3882 1892 3957 Ephes.
1919 3878 2112 3958 5.18)

524 3973 637 4042 Et,
693 3992 714 4028 ι
767 3974 967 4031 bonum
1011 3983 1096 4035 est
1151 3974 1354 4033 homini
1399 3977 1579 4032 vinum
1631 3991 1736 4031 non
1789 3976 2015 4043 bibere,
2060 3986 2115 4032 et

523 4081 745 4130 carnem
786 4081 889 4127 non
937 4066 1259 4127 manducare
1287 4087 1307 4123 ι
1337 4065 1358 4140 (
1385 4067 1537 4124 Rom.
1581 4069 1668 4131 Η.
1706 4068 1772 4125 2|
1802 4068 1846 4141 ).
1875 4068 1988 4125 Noe
2030 4069 2111 4123 vi,

525 4174 658 4219 num
681 4158 847 4226 bibit,
876 4168 927 4215 et
956 4158 1249 4217 inebriatus
1275 4167 1356 4217 est
1381 4159 1548 4231 (Gen.
1577 4160 1631 4217 9.
1657 4159 1718 4215 2|
1739 4161 1778 4232 ).
1809 4160 1937 4217 Post
1962 4160 2113 4223 Dilu-

526 4242 674 4308 vium
699 4288 715 4315 ,
744 4249 864 4307 rudi
900 4249 1074 4309 adhuc
1109 4251 1307 4306 saeculo
1331 4292 1347 4318 ,
1379 4259 1434 4306 et
1462 4259 1587 4306 tunc
1613 4250 1842 4327 primum
1879 4251 2112 4322 plautata

527 4349 684 4408 vinea
716 4340 982 4405 inebriare
1005 4342 1183 4398 vinum
1210 4341 1428 4398 forsitan
1457 4342 1746 4401 nesciebat.
1778 4343 1845 4402 Et
1868 4353 1925 4398 ut
1953 4344 2111 4399 intelq

526 4429 660 4503 ligas
689 4430 974 4504 Scriptura:
1005 4433 1059 4493 in
1087 4432 1334 4494 omnibus
1360 4441 1749 4489 sacramentum
1775 4473 1791 4498 ,
1832 4433 2111 4505 Margarita

525 4525 723 4599 quippe
748 4534 830 4581 est
852 4539 1034 4586 sermo
1062 4524 1173 4591 Dei,
1200 4534 1254 4580 et
1279 4538 1350 4580 ex
1378 4524 1520 4578 omni
1553 4532 1700 4594 parte
1729 4523 1887 4580 forari
1915 4535 2109 4599 potest,

525 4624 649 4683 post
669 4598 986 4673 ebrietatem
1017 4615 1233 4671 nudatio
1274 4614 1536 4673 femorum
1565 4614 1847 4675 subsecuta
1897 4598 1980 4676 est
1999 4658 2013 4683 ,
2045 4616 2108 4670 Ιίς

528 4706 654 4770 bido
678 4707 859 4786 juncta
888 4709 1129 4769 luxuriae.
1157 4709 1311 4772 Prius
1362 4710 1505 4764 enim
1550 4698 1738 4766 vcutcr
1779 4708 2104 4775 extenditur,

527 4808 581 4852 ct
609 4799 686 4854 sic
705 4807 897 4859 ccctcra
927 4800 1163 4855 membra
1184 4800 1535 4863 concitantur.
1564 4818 1584 4857 ι
1610 4799 1941 4856 Mandueavit
1964 4802 2107 4860 enim

530 4892 774 4962 populus,
803 4899 856 4947 et
883 4890 1034 4956 bibit,
1067 4902 1117 4949 et
1149 4903 1495 4953 surrexerunt
1520 4893 1705 4950 ludere
1734 4912 1756 4949 ι
1786 4891 1980 4963 (Exod.
2014 4893 2105 4957 52.

528 4982 623 5053 6).
646 4981 748 5046 Lot
774 4982 977 5036 amicus
1022 4982 1116 5045 Dei
1157 4982 1209 5040 iu
1254 4994 1434 5038 monte
1461 4985 1698 5041 salvatus
1723 4984 1946 5057 (Gener.
1978 4985 2046 5047 l9
2066 4988 2104 5056 ),

527 5083 583 5130 et
620 5076 689 5130 de
722 5081 801 5129 tot
835 5074 1067 5135 millibus
1106 5075 1285 5146 populi
1320 5076 1673 5147 solus‘justus
1713 5078 1994 5146 inventus,
2026 5079 2108 5132 iu-

527 5166 765 5231 ebriatur
789 5183 820 5221 a
848 5164 1056 5223 tiliabus
1091 5167 1235 5233 suis;
1273 5175 1328 5222 et
1365 5166 1488 5221 licet
1524 5168 1627 5223 illae
1662 5176 1907 5236 putarent
1941 5185 2112 5241 graius

527 5259 811 5321 hominum
835 5257 1093 5316 defecisse
1116 5299 1129 5323 ,
1163 5266 1218 5313 et
1247 5258 1348 5313 hoc
1373 5258 1605 5314 facerent
1632 5259 1920 5316 liberorum
1945 5263 2109 5333 magis

526 5351 795 5411 desiderio
817 5364 1019 5421 ,,quam
1048 5348 1317 5404 libidinis:
1346 5358 1521 5405 tamen
1551 5351 1790 5407 sciebant
1819 5353 1987 5417 virum
2021 5353 2112 5423 ju-

528 5452 710 5509 stum,
751 5441 854 5501 hoc
897 5441 998 5497 nisi
1038 5440 1242 5495 ebrium
1274 5454 1379 5497 non
1407 5455 1527 5498 esse
1561 5442 1843 5503 facturum.
1871 5443 2111 5519 Denique

528 5536 655 5617 quid
684 5535 890 5603 fecerit,
917 5535 1176 5604 ignoravit
1199 5551 1213 5587 :
1236 5542 1290 5589 et
1314 5548 1612 5604 quanquam
1646 5536 1893 5592 voluntas
1915 5553 2019 5592 non
2041 5539 2113 5597 sit

529 5628 583 5689 in
615 5629 858 5697 crimine,
889 5638 1065 5684 tamen
1091 5640 1246 5682 error
1274 5624 1329 5680 in
1359 5625 1510 5696 culpa
1535 5636 1637 5682 est.
1666 5625 1794 5688 lude
1821 5639 2112 5706 nascuntur

593 5759 667 5822 (η)
698 5759 856 5827 Aliter
877 5772 1023 5827 supra
1035 5756 1238 5827 laudata
1256 5754 1453 5827 Manutii
1473 5756 1593 5827 edit.
1616 5757 1666 5811 Si
1687 5756 1949 5825 antetalius
1973 5756 2115 5811 susti-

529 5831 589 5881 uc
610 5820 1233 5881 .t'teutalioues'libidinum,
1256 5820 1339 5872 aut
1361 5828 1522 5875 exeso.
1549 5825 1647 5870 etc.
1848 5820 1862 5825 '
1936 5833 1961 5837 "
1998 5832 2001 5833 ν

1829 367 2069 429 εΑΝειῚ
2108 365 2489 431 HIERONYMI

2218 479 2462 539 Moabitae
2478 523 2497 550 ,
2523 490 2578 540 et
2600 482 2927 543 Ammonita’.
2946 529 2962 557 ,
2987 486 3187 545 inimici
3214 478 3403 557 israel,
3427 488 3520 562 qui
3548 504 3716 564 usque
3740 496 3807 553 ad
3861 526 3871 557 ι

2218 584 2464 648 quartam
2484 583 2539 631 et
2555 575 2812 634 decimam
2835 580 3161 651 progeniem,
3181 590 3235 637 et
3254 594 3427 655 usque
3446 581 3501 638 in
3522 591 3805 656 aeternum,

2220 682 2328 731 non
2353 666 2723 739 ingrediantur
2751 669 2802 726 iu
2831 670 3123 728 Eccicsiam
3155 673 3270 729 Dei.

2226 758 2229 761 ’
2290 756 2345 815 9..
2376 755 2521 813 Elias
2543 773 2668 838 gum
2706 758 2919 817 Jzzabcl
2952 760 3174 832 fugeret,
3204 771 3259 819 et
3283 763 3383 820 sub
3436 780 3638 837 quercu
3662 767 3810 838 jace-

2219 855 2302 902 ret
2327 845 2497 902 lassus
2622 847 2676 902 in
2702 820 3281 917 solitudine,'venientc
3304 853 3371 909 ad
3397 820 3471 910 se.
3488 820 3809 928 Ᾰηέιῖιέἶέιῖ-

2219 936 2464 1005 scitatur,
2487 946 2537 996 et
2561 938 2751 994 dicitLr
2771 940 2819 997 ei
2843 959 2856 996 :
2886 958 2907 994 ι
2931 940 3122 1018 Surge,
3144 951 3200 998 et
3219 942 3500 1001 manduca.
3527 946 3804 1018 Respexit,

2220 1036 2275 1084 et
2303 1044 2429 1085 ecce
2452 1029 2518 1085 ad
2545 1040 2705 1101 caput
2731 1032 2845 1104 eius
2872 1033 3024 1104 panis
3048 1029 3125 1107 (ᾗ)
3150 1033 3430 1108 collyrida,
3455 1046 3510 1093 et
3538 1053 3629 1094 vas
3653 1055 3807 1111 aqua:

2220 1116 2299 1189 (l.
2328 1118 2455 1192 Reg.
2485 1120 2570 1177 19.
2590 1121 2625 1178 5
2645 1130 2692 1177 et
2713 1126 2791 1195 ι).
2816 1122 3016 1179 Revera
3042 1126 3280 1205 nunquid
3298 1143 3402 1183 non
3432 1137 3638 1198 poterat
3666 1131 3807 1188 Deus

2219 1209 2490 1266 conditum
2521 1210 2572 1267 ei
2600 1227 2808 1268 meram
2838 1214 3069 1283 mittere,
3096 1224 3151 1273 et
3176 1217 3379 1274 electos
3406 1219 3576 1288 cibos,
3605 1230 3660 1278 et
3687 1237 3806 1279 car-

2219 1316 2315 1357 nes
2339 1304 2652 1367 contusione
2683 1306 2950 1363 mutatas?
2995 1306 3223 1366 Elisaeus
3247 1308 3386 1367 filios
3412 1310 3803 1384 Prophetarum

2215 1394 2331 1477 95
2398 1396 2585 1452 invitat
2609 1396 2679 1453 ad
2708 1399 3014 1471 prandium,
3042 1408 3098 1459 et
3144 1400 3328 1459 herbis
3362 1405 3661 1477 agrestibus
3707 1421 3804 1465 eos

2217 1476 2387 1553 alens,
2408 1502 2700 1546 consonum
2717 1490 3087 1563 prandentium
3107 1490 3256 1549 audit
3270 1476 3558 1552 clamorem
3578 1514 3593 1552 :
3620 1515 3640 1550 ι
3657 1496 3804 1558 Mors

2217 1577 2270 1633 in
2294 1578 2397 1635 olla
2425 1574 2451 1633 ἐ
2473 1580 2548 1655 (4.
2578 1581 2706 1656 Reg.
2730 1584 2785 1640 4.
2813 1583 2926 1657 40).
2951 1582 3227 1643 HomoDei
3239 1602 3342 1644 non
3356 1588 3520 1647 iratus
3539 1599 3621 1647 est
3631 1592 3799 1664 cocis,

2217 1667 2455 1726 lautioris
2493 1672 2638 1732 enim
2676 1689 2875 1731 mensas
2911 1674 3351 1739 censuetudiuem
3387 1696 3499 1743 non
3532 1681 3799 1751 habebat,

2216 1757 2312 1814 sed
2352 1757 2522 1816 farina
2558 1762 2787 1835 desuper
2810 1767 2950 1837 jacta
2973 1807 2988 1833 ,
3017 1770 3426 1827 amaritudinem
3454 1772 3749 1830 dulcaravit
3781 1792 3797 1833 :

2216 1846 2402 1908 eadem
2435 1855 2654 1925 spiritus
2672 1858 2866 1915 virtute
2882 1900 2899 1926 ,
2920 1874 3023 1930 qua
3047 1860 3256 1933 Moyses
3277 1874 3575 1922 mutaverat
3597 1865 3801 1923 Marem

2216 1939 2269 1995 in
2299 1940 2655 2001 dulcedinem.
2682 1944 2899 2004 Necnon
2940 1960 2997 2006 et
3033 1951 3151 2007 illos
3174 1954 3261 2027 qui
3306 1954 3375 2010 ad
3400 1970 3523 2013 eum
3549 1971 3799 2028 compre-

2216 2032 2553 2093 hendendum
2575 2048 2848 2109 venerant,
2872 2042 3042 2098 oculis
3061 2045 3258 2115 pariter
3272 2060 3335 2102 ac
3351 2056 3531 2105 mente
3549 2056 3797 2117 caecatos,

2216 2139 2338 2181 cum
2387 2127 2440 2183 in
2488 2126 2783 2187 Samariam
2823 2134 3033 2191 nescios
3073 2136 3404 2204 induxisset,
3434 2140 3677 2209 qualibus
3702 2156 3801 2197 eos

2216 2216 2387 2286 epulis
2416 2218 2560 2280 refici
2609 2221 2991 2293 imperaverit,
3049 2227 3287 2283 ausculta
3312 2269 3326 2295 ,
3364 2247 3383 2281 ι
3415 2228 3562 2286 Pone
3587 2231 3684 2297 eis,
3712 2231 3797 2286 in-

2216 2305 2367 2377 quit,
2409 2322 2599 2379 panem
2654 2320 2707 2371 et
2748 2327 2980 2385 aquam;
3018 2316 3379 2385 manducent,
3411 2328 3465 2374 et
3493 2318 3672 2376 bibant
3696 2362 3712 2384 ,
3743 2328 3801 2377 et

2216 2398 2552 2459 remittantur
2573 2402 2640 2459 ad
2668 2404 2947 2465 Dominum
2972 2422 3126 2463 suum
3158 2427 3178 2467 ι
3210 2411 3287 2480 (4.
3314 2409 3443 2485 Reg.
3471 2411 3522 2467 6.
3549 2412 3665 2485 2‘2).
3689 2411 3797 2468 Po-

2218 2489 2316 2545 tuit
2354 2497 2410 2550 ct
2455 2492 2656 2550 Danicli
2697 2495 2765 2551 de
2809 2497 2970 2569 regiis
3011 2496 3229 2563 ferculis
3275 2502 3574 2572 opulentior
3613 2517 3797 2559 mensa

2219 2580 2528 2648 transferri;
2554 2584 2648 2641 sed
2670 2585 2885 2645 Abaeuc
2900 2588 2951 2644 ei
2978 2604 3272 2646 messorum
3300 2586 3575 2662 prandium
3601 2602 3796 2663 portat,

2215 2673 2448 2731 arbitror
2474 2678 2824 2743 rusticanum.
2869 2679 3099 2754 ideoque
3127 2692 3181 2740 et
3210 2684 3571 2743 desideriorum
3599 2686 3674 2741 vir
3697 2700 3798 2758 ap.

2216 2765 2443 2835 pellatus
2470 2777 2552 2825 est
2572 2811 2588 2839 ,
2617 2772 2741 2841 quia
2772 2787 2961 2843 panem
2992 2774 3240 2835 desiderii
3283 2792 3388 2836 non
3417 2779 3800 2851 manducavit,

2217 2864 2273 2912 et
2299 2856 2478 2913 vinum
2507 2864 2950 2930 concupiscentia:
2977 2880 3080 2921 non
3111 2866 3261 2923 bibit.

2289 2946 2376 3004 £0.
2402 2947 2810 3012 innumerabilia
2834 2963 2955 3012 sunt
2977 2955 3047 3012 de
3064 2956 3349 3039 Scripturis
3372 2957 3548 3014 divina
3571 2975 3801 3031 respon-

2217 3052 2274 3094 sa
2299 3080 2315 3105 ,
2343 3055 2462 3112 qua:
2486 3043 2662 3113 gulam
2692 3045 2984 3115 damnent,
3014 3056 3070 3104 et
3097 3049 3363 3120 simplices
3391 3049 3543 3106 cibos
3572 3052 3801 3122 probent

2218 3126 2312 3207 (at.
2342 3131 2646 3207 prmbeant].
2677 3134 2875 3192 Verum
2905 3138 3027 3210 quia
3053 3154 3195 3196 nunc
3223 3155 3331 3198 non
3358 3150 3440 3197 est
3469 3143 3797 3213 propositum

2218 3222 2288 3279 de
2309 3223 2527 3294 jejuniis
2553 3227 2848 3298 disputare,
2876 3240 2929 3286 et
2958 3232 3200 3289 universa
3227 3234 3438 3304 exequi,
3470 3234 3552 3291 sui
3581 3244 3635 3291 et
3663 3236 3801 3297 tituli

2217 3315 2289 3370 sit
2330 3326 2385 3373 et
2428 3318 2708 3380 voluminis
2731 3363 2746 3389 ,
2786 3323 2900 3379 lure
2937 3322 3203 3383 sufficiant
3242 3341 3405 3396 paura
3432 3327 3500 3385 de
3532 3328 3795 3398 plurimis.

2219 3406 2469 3480 Alioquin
2498 3411 2571 3466 ad-
2595 3414 2894 3485 exemplum
2924 3414 3134 3484 horum,
3165 3419 3363 3488 poteris
3390 3419 3482 3475 tibi
3515 3422 3625 3491 ipsa
3651 3422 3803 3477 εοιιξτ

2219 3514 2367 3571 gere,
2396 3504 2664 3574 quomodo
2693 3506 2895 3577 primus
2920 3508 2986 3564 de
3014 3509 3256 3579 paradiso
3282 3510 3462 3577 homo,
3491 3515 3662 3568 ventri
3689 3530 3802 3569 mas

2218 3591 2300 3664 gis
2321 3592 2598 3661 obediens,
2617 3611 2774 3666 quam
2798 3597 2928 3664 Deo,
2952 3599 3004 3654 in
3032 3598 3167 3657 hanc
3188 3601 3537 3674 lacrymarum
3560 3604 3801 3674 όι-Ῑθςῑιιε

2219 3690 2304 3738 est
2331 3684 2542 3747 vallem.
2590 3685 2659 3742 Et
2688 3687 2862 3757 ipsum
2892 3690 3173 3748 Dominum
3201 3690 3423 3751 Satanas
3452 3693 3590 3751 fame
3620 3706 3799 3755 lenta~

2220 3773 2353 3829 verit
2382 3775 2434 3834 iu
2463 3775 2696 3833 deserto.
2728 3778 2796 3834 Et
2822 3780 3108 3850 Apostolus
3129 3784 3363 3840 clamitet
3390 3803 3403 3840 :
3437 3803 3455 3838 ι
3488 3784 3638 3842 Esca:
3662 3803 3798 3843 ven-

2220 3866 2309 3934 tri,
2331 3876 2385 3924 et
2403 3879 2591 3929 venter
2610 3873 2746 3927 escis
2769 3891 2781 3926 :
2803 3873 2944 3930 Deus
2955 3886 3128 3933 autem
3145 3875 3284 3934 hunc
3309 3889 3363 3934 et
3377 3877 3493 3935 illas
3509 3878 3748 3936 destruet
3775 3901 3796 3937 ι

2220 3959 2318 4034 (l.
2345 3959 2464 4017 Cor.
2497 3962 2550 4018 6.
2579 3962 2708 4035 13).
2747 3963 2815 4021 Ει
2867 3965 2935 4021 de
2968 3966 3293 4037 luxuriosis,
3319 3988 3339 4022 ι
3376 3985 3599 4040 quorum
3656 3971 3804 4032 Deus

2219 4065 2407 4109 venter
2433 4062 2516 4109 est
2551 4074 2570 4110 ι
2605 4051 2865 4128 (Philipp.
2894 4058 2973 4130 ὅ).
2997 4059 3054 4115 Id
3084 4060 3223 4116 enim
3248 4061 3376 4116 colit
3404 4063 3762 4134 unusquisque
3781 4105 3796 4128 ,

2218 4146 2359 4217 quod
2404 4146 2592 4219 diligit.
2638 4149 2714 4205 Ex
2758 4164 2864 4221 quo
2906 4153 3131 4209 sollicite
3178 4153 3557 4224 previdendum
3593 4165 3713 4221 est,
3748 4164 3804 4210 ut

2217 4253 2350 4309 quos
2378 4242 2631 4297 saturitas
2654 4240 2721 4297 de
2751 4242 2995 4311 paradiso
3020 4245 3261 4314 expulit,
3294 4244 3513 4305 reducat
3537 4247 3760 4301 esuries.

2290 4331 2376 4385 Η.
2419 4329 2555 4386 Deus
2596 4349 2694 4387 non
2732 4333 3008 4392 delectatur
3039 4346 3212 4392 nostra
3241 4336 3431 4392 inedia.
3470 4368 3542 4378 —
3577 4335 3726 4406 Quod
3755 4336 3799 4392 si

2216 4420 2447 4481 volneris
2472 4423 2817 4492 respondere,
2847 4431 2898 4479 te
2924 4424 3086 4480 nubili
3114 4428 3279 4497 stirpe
3301 4438 3629 4499 generatam,
3658 4436 3800 4485 s’em-

2216 4526 2312 4582 per
2340 4512 2395 4566 in
2433 4511 2675 4580 deliciis,
2707 4528 2920 4584 semper
2946 4514 2998 4570 in
3030 4515 3258 4587 plumis,
3291 4533 3397 4573 non
3438 4532 3595 4588 posse
3620 4534 3650 4573 a
3675 4519 3805 4578 vino

2216 4611 2271 4658 et
2292 4602 2735 4665 esculentioribus
2761 4605 2897 4660 cibis
2920 4606 3189 4663 abstinere
3211 4648 3225 4673 ,
3254 4622 3361 4665 nec
3382 4608 3463 4665 bis
3493 4610 3695 4679 legibus
3723 4610 3803 4664 vi-

2216 4708 2341 4755 vere
2368 4696 2677 4764 districtius,
2708 4697 3076 4767 respondebo:
3099 4700 3228 4757 Vive
3250 4716 3379 4773 ergo
3403 4702 3518 4773 lege
3546 4708 3802 4774 tua,‘qu:e
3856 4768 3857 4775 η

2219 4785 2311 4844 Dei
2353 4801 2459 4842 non
2489 4796 2662 4857 potes.
2699 4786 2813 4843 Non
2841 4788 2983 4858 quod
3020 4789 3162 4850 Deus
3188 4790 3555 4848 universitatis
3578 4793 3806 4853 Creator
3842 4816 3862 4858 ;

2215 4888 2269 4934 et
2299 4879 2553 4939 Dominus
2574 4921 2589 4947 ,
2620 4877 2991 4934 intestinorum
3017 4891 3325 4938 uestrorum
3350 4884 3524 4954 rugitu
3550 4891 3604 4941 ct
3629 4884 3803 4947 inani-

2218 4979 2325 5027 tate
2344 4971 2563 5035 ventris,
2590 4968 2961 5041 pulmonisque
2983 4970 3280 5037 delectetur
3296 4974 3519 5041 ardore;
3542 4974 3643 5031 Sed
3661 4975 3803 5049 quod

2215 5064 2371 5118 aliter
2400 5060 2648 5133 pudicitia
2680 5068 2792 5122 tuta
2821 5075 2943 5117 esse
2979 5076 3086 5118 non
3122 5064 3312 5135 possit.
3339 5063 3441 5123 Iob
3466 5065 3577 5123 Deo
3602 5074 3762 5127 carus
3785 5107 3800 5132 ,

2184 5142 2270 5213 ‘et
2317 5153 2623 5209 testimonio
2666 5151 2831 5222 ipsius
2874 5151 3245 5215 immaculatos
3282 5161 3339 5217 et
3373 5154 3805 5226 simplex,-audi
3908 5174 3914 5183 ·

2272 5326 2576 5436 ﬁngam:
2594 5337 2622 5374 a
2635 5323 2911 5381 Victoria”
2933 5325 3053 5384 edit.
3066 5325 3279 5380 vet-bats
3299 5325 3573 5391 ualitudine,
3591 5334 3644 5380 ct
3656 5326 3813 5393 μιιιο

2213 5392 2337 5440 intra
2355 5392 2596 5440 nunquid.

2277 5400 2676 5513 ὣηέἷέᾳέῗὲιῖηεί
2702 5447 2863 5497 minus
2885 5446 3059 5513 Latino
3076 5449 3310 5513 vocabulo
3329 5450 3499 5513 dicere
3522 5456 3650 5502 amat
3664 5457 3812 5503 vetus

2213 5509 2704 5578 Latinus‘iuterpres,
2729 5516 2797 5578 ut.
2824 5522 2890 5558 ex
2931 5509 3039 5561 abis
3068 5512 3329 5578 Scriptura
3351 5511 3472 5578 locis
3508 5522 3677 5578 patet;
3724 5514 3810 5563 ubi

2212 5570 2482 5638 Collyritift.
2508 5568 2880 5638 et_'couyridant
2901 5576 3129 5638 occurrit.
3148 5568 3258 5633 Nec
3294 5568 3675 5638 proinde'nobis'
3704 5588 3811 5638 pro-

2212 5630 2355 5697 batu'r
2379 5630 2576 5681 Victorii
2602 5630 2895 5697 emendatio,
2920 5634 3003 5696 qui
3027 5630 3222 5697 Collyra
3254 5630 3510 5688 substituit
3535 5632 3601 5688 ex
3624 5630 3805 5697 Pla'uti,

2213 5692 2517 5764 aliorumque
2535 5691 2795 5764 exemplis,
2821 5706 2917 5764 non
2938 5691 3004 5745 ἰιι
3023 5691 3161 5764 vere;
3174 5697 3267 5764 sed
3292 5704 3347 5747 ut.
3362 5696 3643 5764 elegantius
3665 5691 3806 5764 lege;

2213 5707 2517 5801 aliorumque
2535 5707 2778 5754 exemptis
2821 5707 2917 5742 nun
2951 5707 3004 5745 ut
3023 5709 3161 5755 vere,
3178 5707 3267 5746 sed
3292 5707 3347 5747 ut.
3362 5707 3643 5763 elegantius
3665 5707 3806 5764 tege-

2213 5763 2311 5804 ret.
2337 5755 2440 5827 Pan
2460 5767 2492 5803 ο
2514 5758 2622 5827 post
2638 5753 2729 5827 ubi
2749 5728 2928 5803 dicitur
2946 5756 3186 5827 numquid
3224 5769 3320 5807 non
3355 5765 3564 5821 poterat.
3602 5759 3809 5810 Gravius

2216 5816 2427 5876 negandi
2452 5813 2731 5866 particulam
2756 5817 2973 5883 exouugri
2989 5813 3146 5867 habet,

2718 5896 2727 5899 ’
2910 5895 2945 5929 σ
