4136 6332
521 367 630 429 ιοδ

521 481 663 537 unde
701 481 816 536 sine
854 478 1050 550 nuptiis
1078 477 1220 536 aliud
1257 493 1449 536 nomen
1479 477 1745 535 uxorum?
1789 477 1898 534 imo
1953 475 2096 533 unde

522 589 716 630 novum
761 573 1175 629 concubinarum
1223 573 1430 645 genus?
1475 572 1600 628 Plus
1646 571 1870 628 inferam
1911 569 2100 626 :unde

519 666 826 731 meretrices
875 666 1135 721 univirze?
1178 666 1379 736 Eadem
1419 664 1616 730 domo,
1661 679 1767 720 uno
1809 663 2092 728 cubiculo,

517 774 662 827 sati-ac
691 774 796 814 uno
823 768 1066 827 tenentur
1091 767 1145 814 et
1177 757 1372 823 lectulo
1391 800 1406 827 ,
1433 766 1488 813 et
1519 756 1840 826 suspiciosos
1874 773 1972 812 nos
1995 770 2096 810 νος

515 859 677 913 eaut,
725 850 770 908 si
817 849 1010 932 aliquid
1059 849 1442 904 exisdmamus.
1509 847 1696 902 Frater
1737 843 1812 917 (α)
1851 859 2092 898 sororem

516 939 773 1009 virginem
801 937 1037 1004 deserit,
1065 938 1309 994 caelibem
1335 936 1537 1007 spernit
1565 936 1712 1006 virgo
1741 949 2049 1005 germanum
2075 973 2092 999 ,

517 1029 735 1084 fratrem
759 1032 948 1100 qumrit
973 1039 1308 1095 extraneum,
1353 1035 1409 1082 et
1453 1041 1573 1087 cum
1605 1026 1656 1081 in
1682 1025 1870 1083 eodem
1900 1040 2094 1096 propo-

515 1124 618 1177 sito
659 1136 778 1177 esse
819 1137 879 1177 se
920 1121 1206 1186 simulent,
1239 1127 1482 1192 qumrunt
1521 1119 1815 1184 alienorum
1852 1117 2092 1188 spiritale

514 1213 762 1275 solatium
793 1255 807 1280 ,
857 1221 916 1269 ut
960 1213 1102 1275 domi
1154 1212 1378 1267 habeant
1427 1211 1640 1275 carnale
1687 1209 2088 1266 commercium.

514 1304 816 1361 Istiusmodi
868 1305 1111 1360 homines
1156 1303 1404 1360 Salomon
1454 1303 1507 1358 in
1559 1301 1864 1357 Proverbiis
1888 1300 2093 1370 spernit

515 1394 610 1466 [ιιι.
641 1393 860 1468 argnit.]
889 1411 903 1448 :
936 1394 1152 1458 dicens;
1187 1411 1206 1446 ι
1239 1391 1483 1462 Alligabit
1509 1391 1627 1462 quis
1651 1390 1704 1445 in
1731 1390 1850 1445 sinu
1878 1389 2050 1459 ignem
2072 1429 2088 1454 ,

514 1497 568 1542 et
597 1488 908 1543 vestimenta
939 1486 1054 1556 ejus
1082 1501 1186 1540 non
1215 1482 1628 1539 comburentur?
1668 1483 1772 1536 Aut
1800 1480 2091 1534 ambulabit

515 1594 674 1646 super
694 1577 952 1633 carbones
990 1577 1144 1646 ignis,
1173 1584 1228 1632 et
1266 1574 1428 1647 pedes
1465 1574 1607 1630 illius
1636 1588 1741 1630 non
1776 1571 2037 1627 ardebunt
2063 1588 2084 1624 ι

514 1667 693 1741 (Prov.
725 1668 776 1723 6.
809 1667 897 1723 27.
923 1666 1055 1739 28)?

585 1759 670 1814 15.
699 1758 943 1828 Explosis
974 1758 1132 1828 igitur
1156 1766 1210 1813 et
1238 1755 1606 1816 exterminatis
1633 1755 1715 1810 his
1741 1769 1862 1827 qua:
1892 1753 2087 1810 nolunt

510 1861 632 1903 esse
657 1849 913 1918 virgines,
936 1847 1032 1902 sed
1053 1845 1246 1914 videri,
1281 1861 1421 1901 nunc
1447 1845 1514 1900 ad
1555 1855 1607 1900 te
1634 1844 1764 1899 mihi
1798 1845 1976 1900 omnis
2003 1845 2091 1900 di-

511 1940 716 2010 rigatur
767 1940 980 2006 oratio,
1026 1953 1145 2008 quae
1195 1947 1396 2008 quanto
1439 1937 1606 2008 prima
1654 1936 1908 1992 Romamn
1938 1936 2089 1992 urbis

511 2031 662 2100 virgo
686 2029 880 2085 nobilis
908 2043 1028 2084 esse
1058 2029 1266 2099 cmpisti
1286 2069 1299 2092 ,
1331 2035 1486 2083 tanto
1529 2027 1620 2083 tibi
1651 2027 1885 2096 amplius
1933 2026 2087 2082 labo-

511 2121 734 2177 randum
763 2129 865 2186 est,
898 2136 966 2177 ne
985 2129 1040 2176 et
1067 2119 1421 2192 praesentibus
1450 2119 1604 2174 bonis
1632 2133 1837 2182 careas,
1865 2128 1919 2173 et
1946 2116 2090 2172 lutu-

511 2213 606 2268 ris.
642 2213 707 2267 Et
735 2211 948 2282 quidem
981 2211 1255 2266 molestias
1277 2209 1604 2279 nuptiarum,
1646 2217 1699 2264 et
1725 2208 1925 2262 incerta
1952 2221 2085 2262 con-

505 2303 636 2372 jugii
692 2302 989 2358 domestico
1027 2300 1274 2372 exemplo
1333 2299 1599 2366 didicisti,
1655 2313 1776 2354 cum
1817 2312 1972 2353 soror
1996 2306 2085 2352 tua

512 2393 723 2450 Bfesilla
765 2402 922 2450 aetate
947 2393 1152 2464 major,
1179 2391 1273 2448 sed
1300 2389 1576 2462 proposito
1614 2390 1790 2446 minor
1808 2429 1824 2456 ,
1853 2397 1972 2458 post
1997 2403 2088 2444 ac-

508 2494 722 2555 ceptum
752 2485 1024 2550 maritum,
1055 2484 1285 2555 septimo
1305 2496 1491 2539 mense
1513 2480 1724 2536 viduata
1751 2489 1852 2536 est.
1883 2479 1928 2536 Ο
1953 2479 2088 2535 iule-

508 2576 580 2632 lis
609 2575 843 2646 humana
871 2575 1109 2640 conditio
1137 2583 1192 2632 et
1221 2574 1380 2630 futuri
1413 2574 1594 2630 nescia
1624 2589 1639 2627 :
1681 2580 1737 2628 et
1768 2571 2087 2642 virginitatis

508 2680 806 2734 coronam,
859 2674 916 2722 et
969 2667 1278 2737 nuptiarum
1329 2665 1562 2735 perdidit
1611 2665 1966 2734 voluptatem.
2017 2664 2083 2720 Et

511 2776 813 2832 quanquam
857 2761 1149 2818 secundum
1178 2762 1442 2832 pudicitiae
1467 2761 1688 2833 gradum
1722 2771 1898 2817 teneat
1920 2761 2089 2818 vidui-

513 2863 618 2920 tas,
647 2863 824 2917 tamen
894 2855 1008 2927 99
1076 2855 1368 2925 quasillam
1393 2868 1490 2923 per
1519 2863 1786 2909 momenta
1817 2854 2086 2910 sustinere

509 2947 782 3022 existimas
802 2936 1010 3020 cruces,
1034 2954 1362 3017 spectantem
1385 2944 1617 3017 quotidie
1647 2945 1698 2999 in
1723 2959 1928 3011 sorore,
1943 2944 2086 3015 quod

508 3039 622 3109 ipsa
653 3037 980 3110 perdiderit,
1010 3046 1064 3094 et
1088 3051 1208 3095 cum
1234 3035 1503 3096 difﬁcilius
1531 3045 1750 3105 experta
1779 3047 1959 3092 careat
1986 3052 2083 3092 νο-

510 3132 736 3205 luptate,
767 3133 1030 3187 minorem
1049 3129 1391 3185 continentia:
1415 3128 1486 3200 (ὁ)
1513 3127 1712 3185 habere
1740 3127 2085 3197 mercedem?

509 3225 588 3284 Sit
621 3234 796 3281 tamen
824 3233 879 3281 et
907 3225 994 3280 illa
1018 3238 1230 3288 secura,
1261 3222 1331 3276 sit
1352 3221 1614 3292 gaudens.
1647 3220 1987 3278 Centesimus
2031 3230 2086 3277 et

509 3317 874 3387 sexagesimus
922 3315 1122 3369 fruetus
1144 3313 1212 3369 de
1257 3329 1362 3368 uno
1395 3323 1517 3366 sunt
1567 3313 1771 3368 semine
1799 3313 2081 3376 castitatis,

578 3409 666 3467 16.
706 3405 860 3478 Virgo
881 3407 1020 3462 debet
1047 3407 1220 3477 fugere
1253 3404 1603 3460 Matronarmn
1627 3406 1952 3460 consortium.
1994 3403 2083 3458 Vi-

506 3499 724 3567 duarum
749 3498 888 3565 vitia,
914 3507 959 3551 et
988 3496 1312 3564 Ctericornm.
1341 3527 1414 3537 —
1431 3496 1565 3551 Nolo
1590 3496 1786 3552 habeas
1812 3499 2082 3552 consortia

509 3598 870 3651 matronarum
891 3606 904 3642 :
925 3589 1052 3650 nolo
1071 3589 1136 3650 ad
1162 3589 1420 3652 nobilium
1449 3588 1640 3645 domos
1662 3590 1886 3646 accedas
1911 3607 1926 3645 :
1957 3592 2083 3646 nolo

509 3691 562 3738 te
609 3681 918 3752 frequenter
946 3681 1128 3744 videre
1152 3721 1168 3747 ,
1196 3681 1339 3753 quod
1362 3689 1716 3750 contemnens
1738 3724 1751 3746 ,
1781 3683 1932 3752 virgo
1961 3697 2082 3738 esse

505 3771 741 3840 voluisti,
774 3771 865 3828 Sic
905 3771 1005 3827 sibi
1048 3771 1226 3829 solent
1269 3771 1596 3842 applandere
1641 3773 1968 3828 muliercula:
2015 3772 2082 3828 de

499 3861 769 3946 jndicibus
793 3861 922 3918 viris
947 3904 962 3931 ,
990 3871 1044 3917 et
1090 3861 1145 3918 in
1187 3861 1362 3946 aliqua
1391 3862 1574 3932 positis
1629 3861 1905 3937 dignitate.
1931 3862 1986 3916 Si
2014 3861 2079 3932 ad

502 3943 844 4021 Imperatoris
879 3967 1098 4009 uxorem
1123 3943 1398 4008 concurrit
1441 3953 1664 4008 ambitio
1695 3953 2039 4011 salutantium
2062 3994 2078 4022 ,

499 4059 598 4099 cur
623 4054 677 4100 ttt
709 4044 837 4102 lacis
857 4043 1103 4114 injuriam
1133 4045 1249 4100 viro
1266 4045 1396 4099 tuo?
1418 4045 1497 4099 Ad
1525 4045 1756 4100 hominis
1776 4046 2077 4117 conjugetn,

501 4136 596 4202 Dei
628 4152 822 4206 sponsa
853 4137 981 4206 quid
1025 4137 1320 4208 properas?
1361 4137 1514 4195 Di~ee
1559 4137 1611 4191 in
1658 4137 1758 4198 hac
1789 4149 1941 4207 parte
1987 4153 2077 4196 su-

503 4225 741 4300 perbiam
771 4235 1012 4298 sanctam
1035 4243 1048 4278 :
1069 4228 1206 4285 scito
1238 4235 1289 4283 te
1317 4227 1421 4281 illis
1437 4242 1556 4282 csse
1578 4227 1875 4290 meliorem.
1900 4227 2084 4300 Neque

504 4307 634 4374 vero
661 4331 841 4372 earum
874 4325 1081 4371 tantum
1110 4325 1161 4372 te
1207 4318 1364 4388 cupio
1391 4317 1667 4374 declinare
1712 4333 2038 4389 Congressus
2061 4363 2077 4388 ,

499 4423 622 4477 quae
651 4407 964 4463 maritorum
994 4407 1248 4463 inﬂantur
1289 4408 1584 4478 honoribus
1604 4450 1618 4473 ,
1644 4425 1779 4480 quas
1805 4413 2084 4465 eunucho-

500 4499 724 4570 chorum
764 4514 952 4570 greges
983 4500 1217 4568 sopiunt,
1241 4507 1295 4554 et
1325 4499 1378 4554 in
1414 4515 1638 4570 quarum
1673 4490 1906 4554 vestibus
1950 4511 2084 4556 atte-

510 4599 668 4653 nuata
699 4592 750 4644 in
785 4590 930 4645 [ilum
960 4591 1072 4645 auri
1106 4591 1319 4646 metalla
1353 4599 1635 4657 texuntur;
1668 4591 1761 4646 sed
1789 4593 1948 4647 etiam
1991 4610 2082 4649 eas

503 4679 649 4752 fuge,
678 4697 811 4751 quas
832 4682 1020 4748 viduas
1045 4684 1337 4738 necessitas
1364 4682 1508 4748 fecit,
1535 4699 1640 4737 non
1662 4684 1904 4739 voluntas
1937 4704 1948 4738 :
1975 4703 2080 4741 non

499 4771 643 4842 quod
679 4780 908 4839 mortem
956 4772 1028 4844 (c)
1053 4783 1238 4843 optare
1283 4773 1565 4843 debuerint
1600 4775 1954 4845 maritorum;
1987 4778 2081 4836 sed

564 4947 874 5014 (a)_Variant
900 4948 997 5014 hoc
1020 4946 1134 5014 loco
1169 4956 1339 5001 vetera
1363 4963 1505 5014 manu
1529 4957 1728 5014 exarata
1753 4953 2079 5014 exemplaria,

501 5010 588 5062 sed
614 5009 904 5072 plerumque
942 5009 1139 5073 addunt,
1167 5018 1335 5060 Frater
1357 5011 1441 5073 qui
1477 5011 1710 5073 spiritalis
1747 5019 1834 5062 est.
1861 5009 1980 5070 Quze
2017 5009 2083 5062 ta-

501 5025 588 5062 seu
614 5025 904 5072 plerumque
942 5025 1139 5064 acuunt,
1167 5025 1335 5060 Frater
1357 5025 1441 5073 qui
1477 5025 1710 5119 ἴξιν-παυς
1747 5025 1834 5062 εει.
1861 5025 1980 5070 uuze
2017 5025 2081 5062 ta-

501 5084 615 5134 nien
657 5073 1012 5134 u0n__agnoscit
1047 5071 1305 5133 Sulpicius,
1350 5073 1432 5133 qtti
1528 5073 1699 5134 ialngo,
1730 5073 1786 5120 L.
1831 5076 2081 5134 periodum

502 5133 626 5203 hanc
650 5145 714 5180 ex
759 5131 1056 5194 Hieronymo
1086 5131 1277 5192 recitat,
1324 5131 1547 5195 tauquam
1570 5131 1807 5184 mendacis
1831 5131 1947 5187 ’stili
1970 5151 2083 5199 spe-

501 5207 679 5242 cuueu.

564 5254 636 5315 (ὁ)
672 5254 979 5317 Ῡριιιδιὶοιυθε
996 5254 1112 5304 editi
1129 5254 1474 5308 continentiam
1487 5255 1604 5317 sciat
1623 5253 1818 5309 habere.
1830 5265 1923 5306 etc.
1943 5259 2080 5317 Quod

499 5315 1048 5374 subditdecentesimo,
1077 5317 1457 5376 ctsexagesimo
1501 5316 1674 5372 fructu,
1717 5317 1884 5372 alludit
1909 5315 2078 5370 llatth.

501 5391 608 5440 cap.
633 5379 706 5427 15.
735 5391 780 5440 v_.
801 5379 856 5440 8._
875 5393 897 5431 ᾳ
920 5376 1024 5429 Alia
1045 5377 1332 5440 ceciderunt
1368 5377 1416 5429 itt
1436 5385 1612 5426 terram
1635 5378 1822 5434 bonum,
1838 5387 1889 5428 et
1903 5381 2084 5435 dabant.

500 5436 707 5504 fructum
729 5436 859 5493 aliud
880 5439 1220 5496 centesimum,
1239 5436 1364 5498 aliud
1380 5441 1767 5504 sexagesimum,
1791 5439 1918 5490 aliud
1933 5445 2082 5504 trige-

499 5503 692 5562 simum,
716 5517 740 5546 ι
773 5513 935 5562 quem.
961 5507 1254 5562 postremum
1287 5499 1646 5562 conjugio'dum
1669 5509 1906 5562 comparat
1931 5540 1944 5557 ,
1969 5499 2082 5552 con-

497 5561 733 5630 ferendns
750 5559 842 5630 est
863 5559 974 5630 euut
994 5561 1057 5630 8._
1082 5559 1300 5630 Cypriae.
1325 5559 1390 5609 de
1414 5559 1576 5611 ﬂabit.
1605 5559 1792 5624 Virgini
1820 5576 1865 5625 p.
1892 5563 1970 5613 73.
1995 5564 2083 5612 ali-

499 5631 576 5673 ter
591 5625 789 5673 rationis
813 5624 928 5672 istas
949 5623 1170 5671 instituit.

562 5685 633 5747 (c)
667 5684 980 5735 Prtefcrimus
1002 5683 1336 5747 Cistercicnsis
1368 5683 1454 5732 Ms.
1479 5682 1759 5747 lectionem,
1786 5690 1956 5747 utpote
1992 5698 2082 5732 ve-

498 5745 698 5809 riorem,
725 5756 777 5797 et
799 5745 1184 5809 Hieronymiauze
1209 5747 1358 5793 tuenti
1385 5747 1541 5809 magis
1562 5745 1864 5796 conl'ormctu
1887 5759 1898 5796 :
1938 5753 2084 5797 antea

504 5807 633 5870 enim
658 5817 763 5864 erat
785 5808 877 5864 alio
899 5807 1048 5864 sensu
1071 5811 1352 5870 optaverint.

1816 364 2054 420 SANCTI
2093 364 2471 422 HlEllONYMl

3673 375 3778 434 «101

2206 477 2348 548 quod
2374 477 2551 533 datam
2573 479 2906 544 occasionem
2935 481 3205 554 pudicitiae
3229 496 3338 540 non
3364 482 3594 543 libenter
3621 500 3778 547 accc.

2202 571 2402 640 perint.
2432 572 2583 628 Nunc
2608 588 2737 629 vero
2767 583 2971 632 tantum
2994 587 3144 633 veste
3171 584 3374 633 mutata
3415 578 3642 649 pristina
3670 595 3775 635 non

2201 670 2438 715 mutatur
2462 661 2703 718 ambitio.
2735 663 2994 720 Prmcedit
3034 680 3228 722 caveas
3267 666 3346 737 (α)
3393 666 3776 725 Basternarum

2200 751 2333 806 ordo
2363 754 2772 811 semivirorum:
2801 765 2856 811 et
2895 757 3208 813 rubentibus
3242 757 3444 823 buccis,
3473 759 3611 816 cutis
3642 759 3774 814 farta

2200 845 2555 913 distenditur,
2582 857 2638 902 ot
2662 864 2754 903 eas
2793 859 2948 918 putes
2987 853 3212 908 maritos
3242 868 3349 908 non
3375 854 3653 920 amisisse,
3680 855 3775 910 sed

2199 955 2459 1008 qum-rere.
2488 941 2650 1003 Plena
2679 941 3048 1008 adulatoribus
3067 943 3279 1012 domus,
3309 944 3464 1016 plena
3494 947 3772 1002 conviviis.

2199 1029 2386 1085 Clerici
2446 1032 2573 1101 ipsi,
2623 1047 2759 1103 quos
2813 1032 2869 1088 in
2923 1034 3233 1105 magisterio
3284 1050 3406 1092 esse
3465 1047 3778 1107 oportuerat

2196 1118 2454 1180 det-trina:
2485 1122 2683 1191 pariter
2703 1133 2756 1178 et
2783 1123 3010 1190 timoris,
3040 1125 3348 1180 osculantur
3371 1127 3543 1196 capita
3575 1136 3778 1183 matro-

2197 1227 2418 1278 narum,
2447 1223 2498 1267 et
2540 1223 2752 1290 extenta
2797 1229 2994 1282 manu,
3025 1224 3084 1270 ut
3121 1214 3439 1273 benedicere
3486 1232 3580 1273 eos
3619 1228 3774 1290 putes

2197 1304 2358 1371 velle,
2388 1305 2430 1358 si
2464 1285 2695 1372 uisscias,
2729 1305 2897 1376 pretia
2937 1307 3209 1377 accipiunt
3237 1307 3527 1365 salutandi.
3553 1285 3663 1366 [lite
3693 1311 3774 1366 in-

2197 1394 2375 1460 terim,
2393 1411 2510 1464 quze
2535 1394 2853 1452 Sacerdotes
2869 1411 2967 1452 suo
2988 1397 3220 1454 viderint
3240 1398 3479 1470 indigere
3500 1401 3771 1471 prasidio,

2195 1483 2473 1554 eriguntur
2502 1485 2554 1539 in
2581 1487 2887 1556 superbiam
2923 1503 2937 1540 :
2962 1495 3017 1542 et
3041 1487 3164 1558 quia
3193 1489 3508 1544 maritorum
3537 1502 3773 1562 experta

2194 1575 2564 1644 dominatum,
2599 1577 2868 1633 viduitatis
2906 1578 3198 1648 pmferunt
3241 1577 3540 1639 libertatem
3566 1625 3582 1652 ,
3611 1596 3772 1641 castae

2193 1677 2487 1736 vocantur,
2523 1679 2577 1724 et
2626 1668 2699 1743 (ε)
2741 1669 2984 1737 Nonum,
3065 1673 3222 1756 ιοο
3291 1683 3347 1730 et
3392 1685 3513 1747 post
3560 1694 3770 1738 comam

2196 1761 2411 1818 dubiam
2442 1803 2456 1826 ,
2502 1764 2788 1833 Apostolus
2813 1765 3101 1821 somniant.

2266 1857 2354 1911 17.
2381 1855 2499 1910 Sint
2529 1855 2620 1911 tibi
2647 1856 2832 1952 εροίω,
2862 1873 2996 1938 quas
3017 1858 3222 1938 jejunia
3251 1868 3466 1917 tenuant
3485 1905 3502 1931 ,
3533 1865 3726 1935 quibus
3751 1909 3767 1934 ,

2195 1947 2367 2018 pallor
2404 1947 2458 2003 in
2501 1946 2638 2026 facie
2662 1946 2746 2005 ist
2769 1991 2786 2018 ,
2820 1963 2952 2020 quas
2993 1959 3046 2005 et
3074 1961 3205 2006 mtas
3251 1954 3494 2022 probavit
3537 1966 3592 2012 et
3622 1958 3725 2012 vita
3751 1999 3768 2024 ,

2193 2054 2312 2110 quze
2338 2040 2576 2112 quotidie
2599 2043 2650 2096 in
2670 2043 2922 2100 cordibus
2960 2046 3072 2100 suis
3096 2056 3294 2102 canunt
3326 2064 3340 2100 :
3370 2065 3390 2100 ι
3424 2046 3524 2104 Ubi
3558 2050 3770 2119 pascis?

2193 2130 2284 2185 ubi
2308 2131 2472 2187 cubas
2511 2133 2564 2187 in
2592 2133 2814 2190 meridie
2851 2153 2871 2188 ι
2913 2135 3081 2205 (Cant.
3115 2137 3165 2191 l.
3193 2136 3292 2206 6)!
3318 2138 3447 2206 Qua:
3473 2155 3536 2196 cx
3575 2139 3768 2206 aiiectu

2191 2223 2376 2279 dicunt
2428 2241 2441 2278 :
2497 2243 2518 2282 ι
2571 2225 2738 2296 Cupio
2787 2225 3026 2294 dissolvi,
3085 2237 3139 2284 et
3175 2245 3298 2286 esse
3319 2245 3440 2286 eum
3492 2232 3704 2290 Christo
3741 2255 3760 2287 ι

2193 2314 2449 2389 (Philipp.
2502 2317 2554 2385 1.
2599 2317 2714 2389 23).
2760 2317 2891 2374 Esto
2920 2320 3155 2390 subjecta
3183 2323 3530 2393 parentibus:
3559 2326 3767 2382 imitare

2192 2423 2446 2478 sponsum
2514 2420 2682 2465 tuum.
2733 2411 2906 2466 Rarus
2960 2414 3030 2477 sit
3079 2429 3326 2486 egressus
3371 2417 3421 2472 in
3469 2418 3763 2486 publicum,
3849 2488 3854 2494 '

2191 2499 2452 2572 Martyres
2492 2502 2583 2558 tibi
2610 2514 2918 2574 quzerantur
2972 2506 3024 2560 in
3055 2507 3298 2571 cubiculo
3335 2516 3446 2564 tuo.
3486 2509 3762 2581 Nunquam

2190 2607 2351 2649 causa
2383 2594 2556 2651 deerit
2595 2597 2953 2666 procedendi,
2981 2598 3028 2652 si
3056 2614 3269 2679 semper
3292 2601 3502 2670 quando
3546 2616 3766 2667 necesse

2189 2693 2289 2749 est,
2324 2700 2636 2756 processura
2662 2686 2756 2741 sis.
2787 2686 2868 2742 Sit
2895 2689 2986 2742 tihi
3009 2689 3314 2746 moderatus
3341 2692 3511 2757 cibus,
3542 2701 3596 2747 et
3636 2708 3765 2756 nune

2191 2788 2350 2844 quam
2389 2783 2575 2831 venter
2589 2777 2850 2846 expletus.
2883 2777 3068 2833 Plures
3091 2779 3283 2849 quippe
3306 2789 3452 2846 sunt,
3485 2797 3602 2851 qua:
3625 2797 3750 2843 cum

2194 2865 2320 2919 vino
2343 2866 2447 2920 sint
2475 2866 2667 2922 sobria:
2691 2909 2706 2932 ,
2737 2867 2983 2923 ciborum
3031 2869 3272 2939 largitate
3314 2880 3436 2924 sunt
3465 2867 3650 2926 ebriae.
3680 2870 3764 2926 Ad

2190 2956 2483 3026 orationem
2518 2957 2612 3011 tibi
2642 2967 2800 3013 nocte
2824 2959 3082 3028 surgenti,
3115 2975 3218 3014 non
3246 2959 3528 3030 indigestio
3550 2971 3763 3016 ructum

2191 3048 2347 3106 faciat
2365 3092 2380 3116 ,
2407 3049 2502 3106 sed
2533 3051 2782 3106 inanitas.
2807 3052 3066 3107 Crebrius
3111 3052 3228 3121 lege
3252 3095 3268 3119 ,
3292 3053 3440 3109 disce
3483 3055 3765 3126 quamplu-

2190 3141 2343 3209 rima.
2374 3141 2598 3210 Tenenti
2622 3141 2861 3206 codicem
2887 3157 3108 3198 somnus
3132 3143 3377 3215 obrepat,
3400 3153 3450 3200 el
3481 3145 3764 3201 cadentem

2190 3232 2380 3287 faciem
2408 3233 2598 3303 pagina
2643 3243 2829 3288 sancta
2857 3234 3132 3303 suscipiat.
3173 3234 3292 3290 Sint
3319 3235 3412 3290 tibi
3458 3237 3760 3306 quotidiana

2183 3323 2406 3394 jcjunia,
2435 3331 2490 3390 et
2520 3323 2738 3380 refectio
2758 3323 2826 3395 (ο
2851 3326 3150 3379 satietatem
3180 3325 3402 3397 fugiens.
3424 3326 3578 3382 Ntntt.
3599 3344 3762 3383 ruon-

2189 3424 2274 3470 nst
2323 3430 2479 3476 ntnuo
2521 3414 2802 3484 triduoque
2872 3416 3223 3483 transmisso,
3278 3432 3498 3472 vacuum
3552 3431 3764 3489 portare

2189 3516 2449 3573 ventrem,
2478 3507 2522 3561 si
2553 3495 2752 3576 pariter
2789 3506 3046 3575 obruatur
3065 3547 3080 3573 ,
3106 3508 3152 3562 si
3172 3501 3591 3578 compensctur‘,
3617 3518 3764 3573 satu-

2191 3599 2348 3653 ritate
2370 3597 2652 3666 jejunium.
2685 3596 2831 3652 Illico
2860 3613 3012 3661 meus
3043 3599 3240 3668 repleta
3271 3598 3544 3668 torpescit,
3569 3609 3622 3654 et
3644 3601 3763 3655 irri-

2187 3696 2307 3758 gata
2356 3687 2546 3742 humus
2589 3687 2771 3757 spinas
2822 3686 3102 3743 libidinum
3140 3689 3418 3758 germinat.
3449 3687 3501 3743 Si
3547 3689 3763 3766 quando

2188 3781 2424 3837 senseris
2464 3781 2790 3836 exteriorem
2840 3779 3112 3840 hominem
3158 3779 3340 3838 liorem
3387 3780 3762 3844 adolescentiae

2188 3874 2478 3944 suspirare,
2510 3882 2564 3928 et
2590 3881 2809 3943 accepto
2855 3874 3010 3940 cibo,
3050 3890 3172 3929 cum
3217 3883 3268 3929 te
3307 3874 3358 3928 iu
3389 3873 3587 3943 lectulo
3612 3889 3764 3940 conto

2191 3965 2418 4036 positam
2450 3965 2621 4019 dulcis
2648 3965 2924 4020 libidinum
2969 3982 3160 4036 pompa
3201 3966 3554 4030 concusserit,
3587 3967 3764 4046 arripe

2188 4069 2396 4129 Seutum
2445 4058 2598 4122 fidei,
2651 4059 2704 4112 in
2733 4074 2840 4128 quo
2891 4059 3070 4129 ignitae
3117 4059 3311 4114 diaboli
3359 4061 3765 4130 exstinguuntur

2188 4153 2412 4222 sagitta).
2453 4169 2471 4206 ι
2501 4150 2698 4204 Omnes
2727 4149 3110 4212 adulterantes,
3139 4148 3546 4219 quasiclibanus
3571 4169 3589 4202 ι
3619 4149 3760 4219 (Ou.

2187 4246 2240 4300 7.
2269 4244 2352 4316 4)
2405 4242 2567 4310 corda
2624 4258 2834 4312 eorum.
2888 4245 2959 4298 At
2989 4253 3041 4298 tu
3070 4242 3266 4298 Christi
3311 4242 3560 4297 comitata
3605 4243 3765 4297 vesti-

2250 4461 2327 4523 (tt)
2364 4460 2539 4523 iisdem
2557 4471 2684 4520 pene
2703 4459 2870 4516 verbis
2884 4459 3124 4523 sequioris
3139 4472 3294 4523 sexus
3309 4457 3763 4523 fastumreprejieu-

2186 4517 2385 4572 dentem
2411 4517 2796 4583 CbrysbstOmum
2821 4517 3016 4583 praestat
3037 4521 3205 4570 audire
3237 4520 3402 4568 ltomil.
3432 4517 3530 4568 XX.
3551 4517 3603 4569 in
3624 4517 3760 4566 Paul.

2186 4537 2385 4572 αυιιιειη
2411 4537 2502 4572 Lnl‘
2523 4537 2796 4570 'SOSlonlum
2821 4537 3016 4583 pra’swt
3037 4537 3205 4570 auutt‘c
3238 4537 3402 4568 [1011111.
3432 4537 3530 4568 Διὶ.
3556 4537 3603 4569 ΙΙΙ
3625 4537 3760 4566 ιἰιυι.

2186 4585 2245 4634 ad
2279 4584 2459 4646 Ephes.
2487 4537 2546 4632 ἃ.
2571 4595 2596 4642 ἦ
2626 4596 2710 4646 γυνή
2733 4599 2939 4645 χρυσοῖοριι
2968 4595 3028 4632 καὶ
3062 4594 3118 4632 ἰπὶ
3140 4591 3283 4644 (tam;
3304 4593 3435 4632 λευκῶν
3456 4594 3606 4646 quiest»
3629 4594 3767 4641 πρὸιεσι

2186 4643 2420 4709 τιμῖιίίιτσςι,
2437 4643 2788 4709 narravisti;in
2811 4643 2940 4705 ἀέοίας
2972 4654 3058 4709 ἱχιιρ
3082 4655 3142 4709 ιρι
3175 4655 3351 4709 ὶυνοζιχωχ
3381 4655 3499 4703 lqme
3530 4643 3765 4709 llasterua

2187 4702 2349 4756 autem
2369 4702 2475 4756 erat
2497 4702 2714 4754 L’e‘eticae'
2731 4702 2889 4767 genus
2905 4702 3081 4754 nostris
3095 4703 3202 4754 fere
3225 4702 3404 4764 simile,
3426 4702 3494 4752 ut
3515 4702 3656 4751 dosct
3679 4715 3764 4750 ve-

2187 4776 2267 4818 tus
2290 4769 2584 4832 epigramma
2605 4779 2618 4813 1

2370 4825 2527 4878 iurea
2548 4834 2791 4877 matronas
2813 4825 2996 4889 claudit
3025 4833 3254 4877 Basterna
3277 4826 3497 4889 pudicas,

2432 4900 2547 4949 (iure
2570 4889 2769 4954 radians
2790 4888 3009 4954 patulum
3028 4896 3181 4954 gestat
3205 4886 3426 4954 utrinque
3447 4886 3588 4954 latas.

2188 4948 2492 5014 Augustinus
2534 4950 2591 4999 ad
2615 4948 2904 5014 Nebridium
2938 4948 3113 5014 εμῄθ.
3167 4968 3189 4996 ιι
3210 4948 3427 5014 mittatur
3450 4961 3513 5014 ne
3536 4948 3592 4996 ad
3618 4954 3668 5014 te
3696 4960 3773 4996 ac-

2186 5011 2623 5079 commodissimum
2650 5012 2750 5079 tibi_
2763 5011 3075 5079 vehiculum?
3099 5026 3207 5060 nam
3232 5013 3476 5079 basterna
3494 5011 3696 5058 innoxie
3723 5017 3774 5079 te

2190 5077 2303 5124 Vehi
2329 5087 2471 5136 posse
2517 5083 2685 5124 noster
2728 5072 3022 5136 Lucinianus
3043 5081 3212 5123 auctor
3234 5080 3338 5136 __cst.
3382 5090 3405 5117 ν
3433 5071 3552 5122 Haec
3595 5085 3695 5122 vox
3726 5071 3772 5118 in

2189 5137 2251 5185 lsi
2275 5132 2358 5186 lori
2378 5134 2588 5198 Glossar.
2609 5135 2888 5198 exponitur,
2903 5140 3028 5198 tecta
3049 5132 3303 5192 manualia,
3321 5140 3434 5198 puta
3456 5139 3773 5198 gestatortam

2187 5199 2281 5248 sell
2300 5210 2500 5260 .m,quae
2525 5195 3048 5260 famulorummanibus
3058 5195 3358 5260 portaretur.
3379 5195 3477 5260 Sed
3501 5206 3562 5242 ex
3591 5195 3769 5260 eodem

2188 5255 2438 5319 Originum
2461 5257 2494 5304 l.
2520 5257 2595 5304 20.
2620 5270 2663 5304 e.
2693 5257 2767 5303 12.
2809 5256 3030 5306 lecticam
3050 5255 3382 5319 jumentorum
3403 5258 3548 5306 dorso
3593 5255 3771 5317 imponi

2185 5320 2394 5377 solitam,
2419 5319 2494 5369 alii
2521 5319 2918 5376 interpretantur.

2245 5381 2320 5490 δι’)
2353 5376 2546 5429 Nonnus
2569 5390 2682 5433 non,
2707 5377 2832 5438 quod
2857 5379 2962 5426 aliis
2987 5382 3142 5430 visum
3183 5385 3274 5435 est,
3299 5392 3328 5427 a
3349 5383 3610 5428 senectute
3631 5376 3773 5432 dixit,

2313 5442 2440 5490 quod
2466 5442 2527 5488 ita
2552 5438 2912 5490 appellarentur
2939 5441 3168 5490 Virgines
3190 5442 3296 5490 Deo
3335 5442 3547 5490 devota;
3589 5446 3640 5486 et
3663 5451 3773 5490 quae

2187 5438 2274 5491 sed
2303 5438 2440 5503 quod
2466 5438 2912 5503 itaappellareutur
2939 5441 3168 5502 Virgines
3190 5442 3296 5503 Deo
3335 5442 3547 5503 devota;
3566 5446 3640 5503 Δει
3663 5451 3774 5498 quae

2187 5500 2491 5568 eastejvitam
2513 5500 2774 5560 degerent.
2800 5500 3064 5568 Fulbertus
3082 5506 3127 5551 in
3169 5502 3469 5568 ptepitentiis
3492 5500 3772 5568 Laieornm,

2187 5562 2238 5615 si
2259 5562 2363 5622 quis
2387 5571 2598 5611 Nonmun
2621 5561 2910 5624 corruperit,
2935 5571 3115 5623 septem
3153 5561 3290 5612 armis
3313 5561 3555 5624 paeniteat.
3584 5561 3657 5608 Ad
3681 5573 3775 5608 ue-

2189 5638 2298 5672 natu
2322 5631 2503 5676 antem,
2529 5635 2672 5683 (piam
2695 5622 2887 5671 dubiam
2912 5622 3066 5680 vocat,
3095 5627 3202 5674 vide
3226 5622 3449 5672 Terentii
3474 5623 3775 5682 interpretes

2191 5687 2236 5734 in
2265 5684 2377 5747 illud
2404 5685 2449 5732 in
2475 5683 2952 5747 l’hortnione,’(.'oma
2968 5685 3115 5747 dubia
3136 5684 3409 5747 apponitur.

2255 5745 2324 5806 (ί)
2351 5746 2444 5807 ιιι-υ
2487 5743 2748 5807 satietatem
2775 5746 2959 5807 fugiens
2992 5743 3357 5796 11οιιιιιιιζ1ἑι111.
3383 5745 3528 5807 hujus
3564 5744 3774 5793 scot‘sun

2199 5806 2420 5868 cpistelw
2442 5806 2507 5855 ad
2533 5817 2776 5867 vesperam
2817 5806 3099 5857 satietatem.
