4136 6332
360 377 464 440 ωδ

333 497 491 570 ῥὶς,
519 502 573 552 et
599 494 937 552 sermonibus
962 495 1077 567 ejus
1117 494 1320 551 intenta
1342 537 1357 562 ,
1381 493 1468 550 die
1501 512 1514 549 :
1548 514 1566 547 1
1606 493 1794 550 Nonne
1839 510 1934 551 cor

362 597 601 646 nostrum
643 587 841 643 ardens
889 596 1006 643 erat
1047 587 1100 642 in
1157 589 1279 654 via,
1333 602 1454 642 cum
1494 586 1730 657 aperiret
1782 585 1939 642 nobis

362 679 516 736 Jesus
534 678 836 748 Scripturas
860 696 878 731 1
914 677 1171 749 (1.110.21.
1190 678 1280 748 52)
1304 679 1328 732 ?
1357 677 1426 732 Et
1452 677 1580 732 illud
1615 693 1630 732 :
1665 695 1683 728 1
1712 677 1939 746 Ignitum

363 772 626 843 eloquium
675 782 823 828 tuum
871 772 1239 838 vehementer,
1268 781 1322 826 et
1347 785 1534 826 servus
1587 780 1712 825 tuus
1747 769 1942 826 dilexit

363 863 490 918 illud
524 883 542 915 1
573 861 748 932 (Paul.
780 861 929 933 118).
964 861 1190 917 Difﬁcile
1238 869 1324 918 est
1361 861 1650 916 humanam
1707 861 1938 915 animam

363 953 561 1024 aliquid
591 969 697 1008 non
724 969 927 1019 amare,
957 962 1013 1009 et
1033 968 1258 1009 necesse
1285 965 1387 1019 est,
1410 961 1468 1006 ut
1493 952 1547 1006 in
1576 964 1942 1026 quoscumque

364 1063 514 1103 mens
539 1057 722 1102 nostra
765 1048 1006 1102 trahatur
1043 1046 1288 1102 allectus.
1329 1044 1520 1101 Carnis
1544 1060 1697 1100 amor
1723 1045 1941 1115 spiritus

363 1153 545 1194 amore
577 1138 652 1209 (α)
705 1147 1011 1208 superatur.
1063 1137 1396 1198 Desiderium
1438 1135 1707 1194 desiderio
1786 1137 1940 1213 101

363 1229 729 1300 restinguitur.
760 1228 1024 1304 Quidquid
1062 1227 1187 1283 inde
1213 1228 1472 1284 minuitur
1496 1269 1514 1295 ,
1555 1227 1679 1282 hinc
1721 1228 1938 1281 crescit.

363 1320 498 1388 Quin
533 1304 720 1388 potius
771 1334 987 1390 semper
1028 1319 1103 1391 (ὁ)
1134 1319 1404 1392 ingemina
1431 1359 1447 1384 ,
1491 1327 1546 1375 et
1589 1319 1755 1378 dicito
1783 1333 1944 1388 super

363 1409 620 1464 lectulum
654 1419 800 1466 tuum
836 1431 850 1466 :
887 1427 907 1463 1
942 1409 998 1465 111
1027 1409 1275 1465 noctibus
1300 1409 1518 1480 qumsivi
1555 1425 1712 1480 quem
1757 1409 1944 1464 dilexit

363 1499 536 1554 anima
563 1513 680 1555 mea
715 1497 884 1571 (Cant.
916 1500 971 1555 5.
996 1498 1072 1572 1).
1101 1498 1416 1556 Mortiﬁcate
1439 1514 1588 1570 ergo,
1610 1499 1944 1570 lnquitApo-

364 1589 551 1657 stolus,
569 1592 807 1646 membra
830 1599 1005 1647 vestra
1018 1607 1137 1662 qua:
1149 1599 1275 1646 sunt
1286 1606 1449 1665 super
1463 1601 1660 1646 terram
1675 1611 1693 1644 1
1722 1589 1939 1663 (Colon.

365 1683 419 1738 3.
465 1682 566 1753 5).
615 1681 769 1739 Unde
814 1691 870 1738 et
919 1684 1035 1754 ipse
1079 1693 1263 1758 postea
1331 1683 1662 1743 confidenter
1712 1683 1936 1739 aiebat:

371 1791 389 1828 1
429 1766 562 1829 Vivo
587 1785 766 1830 autem
793 1815 808 1841 ,
832 1775 944 1845 jam
970 1790 1076 1831 non
1103 1791 1224 1847 ego,
1256 1776 1385 1830 vivlt
1408 1790 1538 1830 vero
1569 1774 1623 1830 in
1671 1789 1758 1830 me
1785 1773 1944 1830 Chri-

366 1876 480 1923 stus
517 1885 537 1920 1
575 1867 774 1939 (Galat.
801 1867 859 1924 2.
888 1868 1005 1940 90).
1032 1869 1133 1938 Qui
1161 1869 1447 1926 mortiﬁcat
1474 1870 1711 1926 membra
1733 1885 1847 1936 sua,
1891 1879 1943 1926 et

366 1959 419 2014 in
447 1960 674 2031 imagine
702 1962 1074 2032 perambulat,
1107 1978 1212 2018 non
1247 1963 1398 2018 timet
1427 1962 1607 2018 dicere
1641 1981 1655 2018 :
1692 1983 1710 2016 1
1747 1963 1944 2019 Factus

365 2067 482 2106 smn
509 2053 645 2108 sicut
668 2062 787 2108 uter
812 2053 865 2108 in
896 2055 1085 2124 pruina
1113 2072 1133 2106 1
1175 2053 1346 2125 (Paul.
1379 2053 1499 2109 118.
1529 2053 1645 2124 85).
1677 2053 1942 2125 Quidquid

367 2141 418 2194 in
452 2157 536 2195 me
563 2142 659 2198 l'uit
681 2143 920 2199 lnnnoris
949 2144 1186 2201 libidinis
1207 2155 1486 2203 excoctum
1516 2154 1633 2209 est;
1661 2146 1725 2204 Et
1753 2163 1767 2201 :
1807 2164 1825 2199 1
1861 2146 1945 2200 111-

367 2233 570 2289 ﬁrmata
587 2237 783 2290 suntin
800 2236 1005 2306 jejunio
1021 2251 1191 2307 genua
1214 2253 1353 2302 mea;
1382 2257 1401 2290 1
1427 2238 1520 2292 Et:
1552 2255 1571 2288 1
1599 2238 1797 2292 oblitus
1825 2254 1943 2292 sum

367 2325 688 2381 manducare
716 2341 910 2395 panem
940 2341 1138 2381 meum.
1166 2328 1207 2380 Α
1237 2341 1369 2381 voce
1395 2328 1621 2395 gemitus
1643 2328 1746 2387 mei
1774 2327 1946 2382 adita:-

365 2417 430 2470 sit
458 2433 520 2472 os
543 2434 719 2473 meum
749 2418 900 2473 carui
923 2433 1056 2472 mea:
1085 2436 1103 2471 1
1127 2417 1246 2490 (Ps.
1279 2419 1402 2474 101.
1435 2417 1516 2490 6).

436 2509 546 2564 18ρ
561 2510 688 2564 Esto
712 2509 894 2564 cicada
922 2509 1180 2565 noctium.
1210 2509 1348 2563 Lava
1377 2525 1472 2579 per
1499 2509 1736 2580 singulas
1763 2519 1946 2567 noctes

361 2601 560 2658 lectum
592 2611 758 2666 tuum,
793 2602 1042 2674 laerymis
1088 2603 1190 2658 tuis
1233 2611 1457 2658 stratum
1502 2603 1632 2672 riga.
1672 2602 1861 2672 Vigila,
1894 2610 1948 2657 et

360 2697 440 2750 sis
470 2696 606 2750 sicut
633 2711 822 2767 passer
861 2695 914 2751 in
945 2696 1253 2752 solitudine.
1306 2696 1480 2751 Psalle
1523 2697 1732 2766 spiritu,
1779 2695 1947 2766 psalle

362 2797 417 2845 ut
445 2802 653 2841 sensu:
693 2806 711 2839 1
742 2787 993 2854 Benedic,
1044 2789 1221 2843 anima
1261 2803 1400 2854 mea,
1438 2787 1742 2854 Dominum,
1785 2796 1838 2842 et
1877 2802 1947 2843 ne

365 2879 702 2943 obliviscaris
727 2894 918 2936 omnes
940 2869 1328 2935 retributiones
1357 2881 1474 2950 ejus
1515 2896 1530 2934 :
1575 2879 1666 2949 qui
1697 2878 1948 2948 pr0pitia-

368 2979 452 3029 tur
477 2969 685 3025 cunctis
707 2970 1076 3040 iniquitatibus
1106 2972 1209 3027 tuis
1234 2989 1247 3026 :
1271 2972 1371 3040 Qui
1398 2979 1552 3026 sanat
1575 2986 1764 3026 omnes
1795 2971 1947 3026 111111-

367 3062 580 3115 mltates
607 3070 742 3128 luas,
763 3071 817 3115 et
844 3061 1057 3116 redimlt
1081 3077 1146 3121 ex
1174 3063 1521 3134 corruptione
1548 3063 1710 3117 vitam
1747 3043 1890 3117 tuam
1922 3081 1942 3115 1

369 3151 541 3221 (Psal.
589 3152 712 3207 101.
771 3153 822 3206 1.
875 3161 921 3205 et
956 3153 1117 3223 seqq).
1159 3153 1225 3207 Et
1261 3158 1380 3223 quis
1421 3163 1661 3209 nostrum
1690 3169 1757 3208 ex
1785 3151 1949 3208 corde

371 3246 548 3300 dicere
577 3254 752 3312 potest
779 3262 792 3298 :
823 3262 841 3294 1
871 3244 1003 3314 Quia
1032 3245 1268 3302 cinerem
1297 3253 1547 3318 tanquam
1593 3259 1781 3315 panem
1806 3259 1952 3298 man-

371 3336 652 3404 ducahain,
691 3347 744 3392 et
774 3338 1046 3407 potionem
1077 3353 1250 3394 meam
1274 3353 1398 3394 eum
1443 3337 1568 3396 ﬂetu
1598 3339 1886 3393 miscebam
1923 3357 1942 3391 1

375 3428 492 3496 (Ps.
527 3429 783 3494 101.10).
834 3430 913 3484 An
958 3445 1061 3484 non
1103 3429 1335 3486 ﬂendum
1355 3441 1456 3498 est,
1480 3446 1584 3486 non
1603 3430 1946 3502 gemendum,

375 3535 492 3573 cum
526 3537 611 3576 me
657 3538 845 3576 rursus
877 3536 1103 3592 serpens
1148 3522 1336 3578 invitat
1371 3523 1434 3577 ad
1480 3523 1694 3578 illicitos
1751 3522 1950 3578 cibos?

375 3609 504 3664 Cum
548 3614 614 3666 de
661 3613 908 3681 paradiso
955 3613 1283 3684 Virginitatis
1337 3613 1563 3682 ejectos,
1611 3613 1803 3669 tunicis
1841 3615 1954 3670 vult

356 3703 569 3756 .vestire
607 3703 866 3771 pellieeis,
915 3718 1046 3772 quas
1092 3703 1238 3758 Elias
1267 3704 1333 3757 ad
1365 3703 1669 3783 paradisum
1717 3703 1948 3767 rediens,

381 3791 598 3860 projccit
629 3792 678 3845 in
708 3793 942 3847 terram?
973 3793 1108 3874 Quid
1139 3793 1267 3848 mihi
1296 3803 1350 3848 et
1378 3794 1658 3862 voluptati,
1681 3809 1798 3870 qua:
1827 3793 1950 3847 ιη’οο

380 3885 428 3938 vi
473 3888 640 3967 perit?
678 3887 803 3958 quid
849 3903 983 3953 eum.
1018 3887 1120 3942 hoc
1150 3887 1291 3942 dulci
1320 3897 1374 3942 et
1402 3887 1681 3951 niortil'ero
1711 3888 1951 3944 carmine

381 3981 712 4050 sirenarum?
748 3981 884 4041 Nolo
931 3990 982 4040 te
1013 3981 1088 4039 illi
1131 3981 1413 4051 subjaccre
1440 3981 1739 4043 sentcntiae,
1769 3996 1868 4048 qua
1901 3981 1953 4034 in

382 4072 644 4134 hominem
685 4083 768 4130 est
810 4074 956 4128 illata
996 4073 1268 4128 damnatio
1300 4090 1313 4126 :
1354 4092 1373 4127 1
1405 4071 1460 4127 111
1489 4072 1785 4137 doloribus,
1818 4081 1871 4129 et
1900 4073 1951 4128 in

382 4163 734 4220 anxietatibus
782 4166 958 4236 paries
987 4183 1005 4217 1
1059 4163 1213 4236 (ϐίη.
1245 4167 1298 4220 5.
1334 4165 1445 4236 16).
1475 4165 1710 4221 Mulieris
1741 4165 1822 4229 lex
1855 4165 1953 4223 ista

382 4263 480 4317 est,
533 4270 637 4308 non
670 4271 825 4310 mea:
863 4275 881 4308 1
913 4255 980 4310 Et
1018 4255 1086 4310 ad
1131 4257 1304 4311 virum
1349 4256 1632 4311 conversio
1672 4265 1779 4311 tua.
1814 4274 1832 4308 1
1877 4256 1957 4312 Sit

386 4347 662 4401 conversio
703 4347 848 4402 illius
889 4347 954 4402 ad
998 4349 1269 4416 maritum,
1315 4365 1434 4419 qua:
1461 4348 1630 4402 virum
1666 4362 1769 4402 non
1799 4346 1957 4402 habet

382 4437 670 4502 Christum.
697 4439 762 4494 Et
781 4439 846 4494 ad
865 4451 1184 4506 extremum,
1220 4460 1239 4494 1
1268 4451 1440 4496 1110110
1468 4441 1734 4496 morieris.
1763 4459 1781 4491 1
1810 4439 1957 4494 Finis

384 4527 480 4583 iste
523 4529 783 4601 conjugii;
833 4547 1008 4586 meum
1037 4533 1367 4603 propositum
1395 4533 1510 4588 sine
1549 4547 1678 4586 sexu
1707 4541 1808 4585 cst.
1851 4531 1957 4593 Ha-

382 4617 537 4685 beant
580 4633 757 4691 nupta:
801 4637 954 4687 suum
985 4633 1214 4698 tempus,
1243 4635 1295 4678 et
1324 4624 1551 4690 titulum.
1584 4622 1709 4676 Mihi
1736 4622 1957 4694 virgini-

384 4717 459 4767 tas
488 4711 538 4765 in
563 4710 724 4766 Maria
750 4711 1029 4777 dedicatur
1054 4723 1106 4767 et
1130 4714 1364 4777 Christo,

451 4803 537 4863 l9.
575 4803 720 4867 Dicat
749 4803 941 4880 aliquis
972 4822 986 4857 :
1016 4804 1082 4866 Et
1102 4803 1266 4858 audes
1289 4804 1486 4880 nuptiis
1508 4802 1814 4869 detrahere,
1839 4819 1958 4873 qum

381 4907 410 4964 a
454 4895 559 4949 Deo
603 4895 898 4961 benedicta:
937 4883 1103 4956 sunt?
1150 4897 1265 4952 Non
1306 4906 1389 4960 est
1419 4897 1704 4951 detrahere
1733 4898 1954 4964 nuptiis,

383 4999 500 5039 cum
529 4986 632 5042 illis
657 4987 932 5057 virginitas
1011 4989 1165 5061 102
1239 4988 1556 5042 antefertur.
1575 4987 1742 5040 Nemo
1761 4987 1958 5042 malum

383 5076 520 5138 bono
549 5089 843 5160 comparat.
867 5079 1173 5146 Glorientur
1202 5089 1256 5136 et
1299 5089 1499 5160 nuptm,
1531 5095 1652 5134 cum
1681 5095 1709 5132 a
1736 5079 1960 5148 virgini-

383 5168 476 5223 bus
497 5169 604 5224 sint
632 5170 900 5226 secundae.
929 5189 946 5222 1
971 5171 1227 5238 Crescite,
1251 5172 1345 5238 ait,
1365 5178 1420 5226 et
1443 5170 1889 5240 multiplicamini,
1907 5179 1961 5226 et

383 5263 579 5330 replete
625 5271 822 5318 terram
853 5282 871 5314 1
908 5261 1113 5331 (lienes.
1146 5264 1198 5330 l,
1227 5263 1345 5332 28).
1374 5261 1596 5326 Crescat
1624 5271 1678 5317 et
1704 5261 1960 5330 multipli-

381 5363 528 5410 cetur
557 5355 670 5423 illc,
699 5356 789 5426 qui
814 5356 1128 5425 impleturus
1151 5366 1234 5412 est
1257 5365 1474 5419 terram.
1499 5355 1672 5423 Tuum
1694 5371 1882 5426 agmen
1906 5355 1958 5410 in

441 5512 514 5574 (η)
546 5513 747 5576 Quidam
757 5512 891 5569 editi,
904 5513 1081 5575 quibus
1096 5511 1673 5576 Aquisgranensiisynodi
1695 5511 1840 5563 lectio
1855 5528 1962 5563 con-

381 5576 512 5635 cinit,
537 5593 558 5620 ι
577 5588 784 5623 necesse
810 5580 906 5631 est,
931 5582 983 5623 ut
999 5575 1046 5622 in
1063 5586 1396 5635 quoscumque
1409 5575 1550 5624 mens
1570 5583 1732 5624 nostra
1749 5577 1962 5625 trahatur

381 5634 597 5697 alii-ctus,
619 5637 778 5685 carnis
801 5649 934 5684 amor
953 5634 1149 5697 spiritus
1185 5634 1350 5697 amore
1371 5643 1650 5697 superetur.
1688 5653 1710 5697 11

390 5754 399 5763 ο
445 5696 518 5758 (h)
551 5699 730 5763 Yerius
751 5693 1361 5763 fortassenaliijttgemina;
1384 5693 1781 5763 supertectulum
1805 5712 1962 5763 meum

382 5756 430 5803 in
445 5756 656 5808 tractibus
671 5765 768 5808 etc.
797 5757 925 5807 unde
937 5757 1117 5806 Cantici
1135 5756 1405 5820 versiculus
1421 5756 1526 5820 ipse
1549 5760 1814 5811 inchoatur.
1839 5761 1961 5812 Infra

384 5829 528 5879 pauca
545 5821 764 5883 quaedam
786 5819 1100 5872 emcudamus
1120 5817 1320 5870 minoris
1341 5817 1590 5871 momenti.

1735 376 2065 435 EPISTULA
2104 377 2267 434 XXII.

3518 387 3626 447 608

2043 496 2194 552 costis
2219 503 2316 552 est.
2358 514 2377 548 1
2407 497 2648 555 Crescite
2672 506 2726 555 et
2765 501 3213 574 multiplicamini,
3242 523 3262 559 1
3302 504 3406 563 hoc
3443 507 3628 578 exple-

2045 594 2131 640 tur
2170 587 2401 643 edictum
2442 599 2566 660 post
2609 592 2911 660 paradisum
2959 604 3014 650 et
3042 596 3359 664 nuditatem,
3401 607 3457 654 et
3491 599 3626 658 ficus

2043 675 2196 743 folia,
2227 681 2561 750 auSpicantia
2594 682 2920 753 pruriginem
2962 686 3289 755 nuptiarum.
3333 689 3530 758 Nubat,
3571 699 3628 746 et

2047 768 2280 824 nubatur
2310 769 2422 834 ille,
2450 772 2543 840 qui
2588 772 2638 826 iu
2694 774 2892 829 sudore
2944 775 3095 831 faciei
3151 779 3387 835 comedit
3430 795 3626 851 panem

2045 871 2220 926 suum,
2253 861 2405 932 cujus
2429 871 2568 918 terra
2601 863 2829 919 tribulos
2851 876 2902 920 et
2934 867 3116 936 spinas
3137 879 3377 938 generat,
3401 879 3456 926 et
3475 871 3630 940 cujus

2048 949 2212 1006 herba
2260 955 2502 1009 sentibus
2544 955 2854 1012 sull’ocatur.
2886 957 3062 1014 Meum
3095 973 3278 1015 semen
3321 961 3630 1017 centenaria

2048 1042 2203 1114 fruge
2231 1045 2539 1104 facundum
2569 1058 2668 1104 est.
2723 1067 2742 1102 1
2767 1049 2883 1106 Non
2922 1065 3114 1108 omnes
3151 1053 3370 1122 capiunt
3407 1053 3632 1109 verbum

2047 1133 2164 1200 Dei,
2193 1137 2286 1191 sed
2319 1137 2372 1192 hi
2399 1138 2592 1208 quibus
2608 1139 2788 1195 datum
2809 1151 2892 1196 est
2914 1159 2934 1196 1
2966 1140 3178 1214 (Matth.
3203 1142 3290 1199 19.
3318 1143 3430 1214 11).
3451 1143 3631 1199 Alium

2048 1231 2352 1282 eunuchum
2385 1230 2682 1286 necessitas
2720 1229 2902 1299 faciat,
2935 1247 3022 1288 me
3049 1233 3318 1288 voluntas.
3356 1250 3375 1286 1
3398 1231 3634 1303 Tempus

2047 1319 2408 1388 amplexandi,
2451 1331 2508 1377 et
2550 1331 2764 1392 tempus
2804 1323 3107 1379 abstinendi
3148 1339 3178 1378 a
3209 1323 3580 1395 complexibus
3613 1339 3630 1378 :

2048 1418 2258 1480 tempus
2300 1412 2544 1468 mittendi
2572 1413 2798 1484 lapides,
2827 1423 2881 1470 et
2901 1423 3110 1486 tempus
3131 1415 3413 1486 colligendi
3443 1433 3463 1468 1
3502 1413 3633 1486 (Ec-

2047 1499 2168 1556 cles.
2216 1501 2270 1556 3.
2317 1502 2395 1573 5).
2444 1503 2736 1575 Postquam
2767 1505 2835 1561 de
2864 1505 3058 1561 duritia
3091 1505 3365 1562 nationum
3392 1505 3634 1576 generati

2048 1602 2174 1649 sunt
2202 1593 2294 1648 11111
2327 1595 2578 1662 Abrahze,
2609 1597 2682 1668 (c)
2713 1608 2996 1668 coeperunt
3027 1615 3046 1650 1
3071 1599 3242 1653 sancti
3268 1598 3472 1668 lapides
3495 1596 3636 1653 volvi

2048 1699 2211 1753 super
2254 1693 2451 1738 terram
2480 1705 2498 1738 1
2548 1685 2728 1757 (ΖαεΙι.
2775 1687 2828 1744 9.
2877 1688 2990 1760 16).
3039 1688 3397 1744 Petranseunt
3439 1688 3637 1759 quippe

2049 1774 2231 1831 mundi
2277 1775 2430 1830 istius
2462 1776 2722 1842 turbines,
2752 1786 2808 1832 et
2847 1779 2898 1832 in
2932 1793 3095 1835 curru
3123 1779 3237 1844 Dei,
3269 1789 3510 1834 rotarum
3538 1793 3633 1834 ce-

2049 1865 2260 1924 leritate
2292 1867 2598 1924 volvuntur.
2629 1866 2906 1924 Consuant
2929 1870 3157 1936 tunicas,
3182 1871 3270 1940 qui
3295 1871 3634 1926 inconsutam

2049 1958 2331 2013 desursum
2365 1961 2592 2014 tunicam
2623 1961 2986 2031 perdiderunt,
3021 1978 3156 2032 quos
3179 1963 3383 2032 vagitus
3402 1962 3637 2018 delectat

2050 2049 2350 2112 infantium,
2383 2052 2436 2104 in
2463 2053 2579 2120 ipso
2601 2053 2740 2107 lucis
2765 2055 2986 2108 exordio
3017 2053 3144 2110 ﬂetu
3170 2054 3462 2126 lugentium
3490 2054 3635 2124 quod

2051 2141 2158 2193 nati
2189 2151 2332 2197 sunt.
2369 2141 2476 2194 Eva
2511 2143 2562 2195 in
2594 2143 2846 2212 paradiso
2876 2145 3026 2215 virgo
3055 2145 3155 2199 fuit
3187 2162 3200 2198 :
3233 2155 3354 2215 post
3380 2145 3638 2215 pelliceas.

2052 2232 2279 2292 tunicas,
2307 2232 2512 2286 initium
2546 2234 2774 2301 sumpsit
2803 2235 3129 2304 nuptiarum.
3163 2236 3274 2291 Tua
3301 2238 3449 2306 regio
3482 2251 3636 2306 para-

2050 2321 2196 2375 disus
2242 2331 2343 2376 est.
2400 2322 2568 2376 Serva
2613 2322 2752 2392 quod
2783 2335 2902 2378 nata
2929 2339 3011 2393 es,
3041 2331 3097 2380 et
3122 2324 3208 2381 die
3239 2343 3253 2381 :
3286 2343 3306 2378 1
3341 2325 3634 2380 Revertere

2049 2413 2225 2465 anima
2259 2429 2373 2466 mea
2419 2413 2470 2466 111
2512 2413 2751 2486 requiem
2800 2423 2944 2469 tuam
2975 2434 2994 2468 1
3052 2415 3171 2486 (Ps.
3207 2415 3328 2471 124.
3375 2415 3452 2486 7).
3481 2414 3549 2470 Et
3576 2421 3637 2470 ut

2052 2502 2192 2557 scias
2221 2503 2580 2574 virginitatem
2604 2521 2723 2562 esse
2737 2516 2960 2574 naturze,
2979 2507 3193 2576 nuptias
3208 2515 3327 2579 post
3341 2505 3592 2562 delictum
3617 2523 3632 2562 :

2052 2594 2200 2664 virgo
2225 2596 2463 2650 nascitur
2492 2611 2619 2652 caro
2648 2596 2713 2651 dc
2742 2597 2962 2666 nuptiis,
2997 2608 3050 2653 et
3078 2598 3130 2652 111
3161 2597 3334 2653 fructu
3378 2595 3633 2663 reddens,

2051 2685 2193 2755 quod
2229 2686 2281 2740 in
2326 2687 2505 2744 radice
2544 2687 2870 2758 perdiderat.
2923 2707 2942 2741 1
2973 2689 3130 2746 Exiet
3169 2690 3312 2760 virga
3350 2689 3419 2745 de
3453 2689 3636 2745 radice

2049 2775 2223 2843 Jesse,
2249 2787 2303 2832 et
2342 2779 2442 2834 llos
2473 2778 2539 2833 dc
2566 2779 2745 2835 radice
2771 2781 2888 2851 ejus
2913 2781 3166 2837 ascendet
3192 2799 3213 2834 1
3249 2779 3400 2853 (lani.
3432 2783 3517 2838 11.
3553 2783 3633 2853 1).

2051 2868 2213 2940 Virga
2258 2869 2426 2925 Mater
2470 2881 2555 2926 est
2622 2872 2853 2941 Domini,
2900 2873 3152 2944 simplex,
3207 2888 3357 2944 pura,
3401 2874 3635 2943 sincera,
3684 2880 3686 2882 ’

2051 2963 2200 3018 1111110
2230 2965 2562 3019 extrinsecus
2592 2965 2833 3035 genuine
2859 2965 3186 3032 coluercnte,
3215 2977 3270 3021 et
3290 2965 3355 3019 ad
3383 2966 3638 3020 similitu-

2051 3054 2232 3111 dinem
2261 3055 2352 3110 Dci
2385 3056 2464 3128 (d)
2497 3057 2693 3112 unione
2726 3056 2996 3112 Imcunda.
3041 3055 3217 3126 Virga:
3259 3056 3360 3113 llos
3387 3056 3640 3112 Christus

2053 3160 2156 3213 est,
2187 3148 2374 3204 dicens
2404 3165 2416 3201 :
2447 3167 2465 3200 (
2500 3147 2610 3219 Ego
2640 3149 2740 3203 llo;
2764 3148 2960 3218 campi,
2985 3157 3040 3203 et
3061 3148 3228 3204 lilium
3251 3148 3576 3202 convallium
3614 3167 3633 3200 1

2053 3238 2229 3307 (Cant.
2261 3238 2316 3291 2.
2348 3235 2422 3308 1).
2455 3237 2554 3306 Qui
2585 3249 2635 3292 et
2665 3237 2716 3292 in
2745 3238 2850 3292 alio
2879 3239 3013 3303 loco,
3041 3237 3175 3308 lapis
3196 3236 3519 3308 prmdicatur
3545 3238 3640 3292 ab-

2053 3330 2252 3384 scissus
2288 3329 2356 3384 de
2399 3339 2582 3384 monte
2623 3330 2740 3384 sine
2785 3330 3031 3383 manibus
3055 3347 3074 3382 1
3123 3327 3284 3399 (Dan.
3315 3327 3395 3400 Ξ),
3430 3329 3637 3398 signiti-

2053 3431 2208 3476 cante
2231 3420 2520 3492 Propheta,
2542 3421 2800 3492 virginem
2825 3421 3149 3476 nasciturum
3165 3436 3290 3476 esse
3306 3421 3373 3475 de
3394 3419 3634 3491 Virgine.

2053 3514 2237 3568 Manus
2280 3515 2476 3584 quippe
2505 3513 2841 3584 accipiuntur
2879 3529 2976 3584 pro
3008 3529 3174 3584 opere
3214 3515 3541 3584 nuptiarum,
3581 3523 3640 3568 ut

2056 3605 2128 3658 ibi
2161 3621 2174 3660 :
2211 3624 2228 3655 1
2252 3605 2477 3658 Sinistra
2507 3604 2624 3674 ejus
2649 3604 2749 3658 sub
2779 3605 2952 3673 capite
2979 3619 3121 3670 meo,
3153 3612 3209 3659 et
3246 3605 3463 3659 dextera
3496 3603 3639 3659 illius

2055 3695 2446 3764 amplexabitur
2469 3712 2552 3749 me
2573 3715 2591 3746 1
2621 3693 2792 3764 (Cant.
2816 3694 2896 3763 2).
2923 3695 2978 3748 In
3001 3695 3158 3764 hujus
3179 3709 3370 3750 sensus
3392 3695 3640 3764 congruit

2063 3787 2216 3858 103
2290 3786 2616 3840 voluntatem
2643 3785 2802 3840 etiam
2834 3785 2962 3838 illud
2990 3827 3006 3851 ,
3033 3783 3176 3854 quod
3220 3785 3488 3849 animalia,
3518 3799 3640 3854 qua:

2059 3879 2111 3932 iu
2130 3881 2320 3931 Arcam
2341 3877 2451 3931 Noe
2475 3877 2598 3930 bina
2621 3876 2962 3942 inducuntur,
2987 3876 3259 3930 immunda
3279 3884 3434 3931 sunt:
3468 3876 3641 3946 impar

2058 3970 2199 4023 enim
2231 3982 2485 4028 numerus
2512 3975 2591 4021 est
2623 3966 2872 4021 mundus.
2906 3967 2974 4020 Et
3000 3965 3211 4038 Moyses
3237 3977 3290 4021 et
3315 3966 3471 4021 Jesus
3494 3965 3640 4022 Nave

2059 4059 2216 4116 nudis
2244 4059 2296 4113 in
2325 4067 2564 4112 sanctam
2592 4057 2812 4112 Terram
2841 4057 3066 4128 pedibus
3085 4058 3344 4128 jubentur
3365 4059 3637 4114 incedere.

2060 4151 2124 4210 Et
2156 4149 2398 4220 discipuli
2428 4149 2544 4206 sine
2584 4149 3070 4204 calceamentorum
3117 4165 3304 4214 onere,
3335 4159 3390 4206 et
3414 4151 3641 4207 vinculis

2060 4245 2276 4316 pellium
2293 4244 2357 4299 ad
2378 4244 2813 4314 prmdieationem
2835 4244 2958 4299 novi
2978 4244 3250 4314 Evangelii
3269 4243 3601 4299 destinantur
3623 4262 3637 4300 :

2059 4339 2123 4391 Et
2152 4337 2367 4400 milites,
2397 4335 2735 4396 vestimentis
2760 4334 2886 4392 Iesu
2916 4344 3062 4390 sorte
3084 4335 3293 4397 divisis,
3313 4335 3513 4405 caligas
3535 4349 3642 4389 non

2063 4428 2326 4486 habebant
2355 4427 2460 4500 [:tl.
2494 4425 2749 4499 habuere]
2777 4441 2909 4496 quas
2941 4427 3209 4482 tollerent.
3241 4425 3350 4480 Nec
3375 4427 3518 4480 enim
3548 4440 3644 4494 po-

2061 4530 2198 4576 terat
2224 4521 2419 4576 haberc
2453 4520 2727 4586 Dominus,
2757 4519 2897 4589 quod
2928 4518 3273 4588 prohibuerat
3297 4517 3488 4571 servis.

2132 4613 2221 4668 20.
2248 4611 2432 4666 Laudo
2460 4611 2690 4679 nuptias,
2721 4610 2878 4664 laudo
2901 4608 3228 4678 conjugium,
3253 4609 3346 4664 sed
3367 4608 3489 4679 quia
3512 4609 3644 4665 mihi

2061 4704 2301 4774 virgines
2347 4710 2608 4778 generant
2654 4717 2667 4753 :
2723 4700 2844 4769 lego
2891 4699 2957 4754 de
2986 4699 3153 4770 spinis
3181 4714 3379 4766 rosam,
3408 4699 3474 4756 de
3503 4709 3644 4758 terra

2126 4837 2196 4900 (ε)
2228 4835 2402 4887 Confer
2424 4837 2472 4900 in
2497 4834 2768 4885 Zachariam
2792 4832 3190 4896 Commentarios,
3209 4835 3292 4884 ubi
3315 4835 3420 4886 haec
3434 4835 3645 4887 dilucide

2061 4897 2304 4949 sententia
2329 4897 2618 4960 explicatur,

2127 4961 2205 5022 (11)
2233 4957 2823 5024 Intelligosingularilntc,
2837 4971 2916 5024 cui
2935 4957 3104 5008 Graece
3115 4973 3225 5024 pota,
3239 4959 3505 5024 respondet
3517 4974 3649 5024 ;_quo

2063 5020 2212 5078 sensu
2236 5020 2416 5083 saepius
2439 5020 2548 5080 alibi
2574 5033 2742 5083 vocem
2766 5021 2985 5083 unionem
3008 5020 3154 5083 sumit
3185 5020 3339 5072 llicrf
3363 5032 3416 5072 ut
3433 5025 3480 5071 in
3514 5020 3647 5073 Οέοο

2062 5098 2167 5148 cap.
2184 5085 2274 5149 15.
2298 5080 2358 5132 ad
2375 5083 2462 5149 gn.
2495 5080 2870 5149 Virgasjmpleag
2885 5089 2929 5149 et
2946 5081 3230 5149 purissima,
3250 5091 3295 5134 cl
3319 5092 3542 5149 UN_IO.\’E
3561 5086 3648 5146 ru:-

2063 5143 2240 5197 cnitda.
2261 5151 2357 5194 etc.
2375 5145 2436 5207 Et
2452 5147 2500 5193 in
2517 5143 2622 5207 cap.
2635 5143 2711 5207 40.
2732 5143 2974 5194 Ezechiel.
2995 5147 3055 5195 ad
3076 5143 3243 5207 verba,
3257 5151 3312 5195 El
3328 5144 3548 5207 columna
3561 5143 3648 5196 ea-

2063 5221 2233 5257 rnm...
2260 5219 2354 5256 una
2376 5206 2509 5267 hinc,
2532 5205 2586 5267 et
2601 5205 2755 5256 altera
2773 5207 2907 5268 inde,
2932 5215 3030 5256 Non
3053 5205 3207 5266 dixit,
3232 5208 3404 5269 inquit,
3431 5206 3646 5269 dum..."

2062 5271 2150 5320 sed
2192 5282 2305 5329 una,
2347 5269 2430 5325 qui
2453 5269 2694 5333 perfectus
2717 5275 2784 5318 est
2807 5267 3051 5333 incruenta,
3076 5277 3120 5318 et
3145 5267 3376 5333 _(;NIQZ\'_I;:
3389 5267 3648 5333 δαὶ-11111111-

2063 5338 2144 5380 tur
2161 5329 3238 5394 0011111,ίο10.γυηάρεηψεψι111110111101111111001
3253 5330 3296 5378 id
3309 5330 3400 5394 sibi
3417 5329 3646 5388 voluisse,

2065 5403 2117 5443 ut
2139 5393 2548 5457 quemadmodum
2555 5391 2703 5457 Deus
2728 5393 2872 5457 Pater
2895 5391 3109 5457 vernum
3131 5391 3264 5457 solus
3283 5391 3468 5452 absque
3493 5397 3650 5457 matre

2064 5451 2238 5516 gignit,
2264 5455 2334 5504 sic
2355 5454 2504 5516 Maria
2528 5454 2676 5516 Virgo
2699 5453 2801 5502 sola
2815 5455 3000 5516 absque
3021 5456 3120 5516 viro
3134 5453 3374 5516 Christum
3397 5451 3646 5512 genuerit.

2064 5513 2169 5567 Nec
2191 5513 2368 5566 desunt
2389 5515 2593 5565 aliorum
2617 5513 2816 5566 Patrum
2841 5513 3084 5576 exempla.
3109 5513 3194 5576 qui
3219 5523 3450 5576 eo‘sensu
3476 5522 3648 5576 vocem

2065 5579 2196 5651 ξιιῐιιη
2212 5579 2521 5651 usurpatas.
2538 5585 2590 5626 ει
2613 5577 2934 5651 mediame-
2957 5569 3649 5651 ³11ιὲ³ῖὶνέ,ίΗΗΡΐΞΕἚΤΞΞίΡΞῖ

2066 5647 2184 5690 late.
2212 5634 2410 5688 Interim
2428 5634 2632 5689 Cistecm
2652 5639 2743 5688 Ms.
2760 5634 2814 5687 et
2831 5639 2912 5686 alii
2929 5637 3118 5699 quidam
3136 5634 3307 5699 legunt
3323 5634 3519 5699 unitate,
3536 5645 3650 5694 qua!

2065 5703 2312 5762 synonima
2337 5699 2502 5751 uniom'
2533 5713 2624 5748 vox
2661 5709 2763 5756 est,
2791 5706 2845 5748 ut
2883 5692 3392 5762 apud_'_l‘er;tullianum
3414 5692 3650 5762 adversus

2067 5753 2310 5812 liraxeam
2332 5763 2577 5812 invenitur
2595 5775 2609 5822 ;
2629 5753 2902 5824 quanquam
2914 5753 2982 5806 ex
2999 5756 3087 5804 SS.
3113 5755 3309 5824 Patrum
3327 5765 3475 5824 sensu
3490 5753 3648 5808 unita

2071 5825 2263 5889 proprio
2284 5824 2340 5874 ad
2365 5813 2607 5886 naturam,
2628 5813 2739 5876 tinio
2761 5813 2817 5873 a'd
2842 5829 3095 5884 personam
3117 5815 3292 5868 referri
3315 5813 3489 5867 soleat.
