4136 6332
404 349 506 410 409

401 473 581 534 nupta,
614 461 810 533 cogitat
837 477 954 532 qum
981 471 1104 517 sunt
1134 461 1363 525 Domini,
1392 468 1446 515 ut
1475 461 1546 516 sit
1570 470 1753 516 sancta
1783 478 1976 532 corpo-

401 571 458 612 re
491 563 545 610 et
570 553 757 624 Spiritu
779 571 797 606 ι
833 553 879 624 (1
911 551 1032 609 Cor.
1058 554 1110 606 7.
1139 554 1230 608 3|.
1259 562 1304 606 et
1328 552 1491 624 seqq).
1521 553 1652 608 Nam
1673 569 1792 623 qua:
1813 564 1976 624 nupta

401 656 500 709 est,
532 645 735 716 cogitat
768 661 888 716 qua:
924 654 1047 699 sunt
1072 644 1278 710 mundi,
1305 643 1579 715 quomodo
1605 645 1812 713 placeat
1836 646 1976 700 viro.

465 715 564 795 22:
598 715 838 803 Quantas
886 736 1158 792 molestias
1206 736 1437 790 habeant
1477 737 1709 803 nuptite,
1751 744 1806 790 et
1847 743 1980 805 quot

399 827 843 888 sollicitudinibus
870 827 1188 894 vinciantur,
1218 827 1270 880 in
1288 842 1352 880 eo
1370 826 1507 880 libro
1529 840 1686 894 quem
1715 825 1978 880 adversus

399 924 694 982 llelvidium
724 924 791 978 de
820 923 988 978 heatze
1019 922 1196 976 Mariae
1223 928 1477 991 perpetua
1520 919 1832 987 Virginitate
1858 916 1975 971 edi-

396 1015 588 1080 dimus,
616 1024 744 1084 puto
775 1013 1010 1070 breviter
1037 1027 1378 1081 expressum.
1419 1009 1570 1066 Nunc
1596 1009 1783 1064 eadem
1809 1008 1976 1078 repli-

395 1120 516 1161 care
547 1104 860 1174 perlongum
895 1111 1078 1168 esset;
1109 1111 1164 1157 et
1190 1103 1233 1156 si
1258 1102 1340 1157 cui
1374 1103 1566 1170 placet,
1590 1101 1658 1156 de
1687 1100 1776 1155 illo
1805 1107 1978 1170 potest

394 1199 608 1253 haurire
635 1196 912 1253 fonticulo.
944 1196 1141 1252 Verum
1164 1211 1232 1250 ne
1255 1199 1464 1264 penitus
1488 1194 1670 1249 videar
1695 1194 1972 1248 omisisse:

399 1290 554 1368 100
624 1304 767 1344 nunc
795 1289 993 1354 dicam,
1017 1289 1158 1359 quod
1179 1305 1301 1344 cum
1329 1288 1616 1359 Apostolus
1657 1288 1774 1342 sine
1810 1287 1977 1342 inter-

392 1382 648 1436 missione
677 1396 839 1436 orare
868 1395 966 1436 nos
982 1380 1188 1449 iubeat,
1212 1380 1366 1450 etqui
1395 1381 1448 1434 in
1463 1379 1714 1450 eoujugio
1739 1378 1974 1434 debitum

391 1470 568 1536 solvit,
579 1485 733 1526 orare
751 1486 856 1525 non
871 1470 1040 1540 possit
1059 1489 1075 1526 :
1093 1477 1187 1525 aut
1201 1484 1418 1526 oramus
1431 1485 1663 1540 semper,
1675 1478 1728 1523 et
1743 1469 1976 1539 virgines

391 1575 574 1620 sumus
604 1578 618 1615 :
647 1569 741 1618 aut
767 1576 926 1617 orare
952 1561 1270 1627 desinimus,
1300 1569 1357 1615 ut
1378 1560 1627 1629 conjugio
1655 1560 1972 1615 serviamus.

398 1673 416 1708 ι
454 1655 590 1711 Etsi
619 1657 880 1724 nupserit,
910 1656 1101 1727 inquit,
1139 1657 1310 1726 virgo,
1342 1670 1446 1710 non
1473 1663 1661 1726 peccat
1688 1672 1700 1708 :
1726 1653 1975 1713 Tribula-

392 1749 590 1806 tionem
619 1759 793 1804 tamen
816 1749 994 1804 carnis
1025 1749 1299 1805 habebunt
1326 1748 1632 1817 hnjusmodi
1653 1747 1759 1820 »(1.
1779 1745 1897 1803 Cor.
1919 1746 1973 1800 7.

389 1840 504 1912 ΩΒ).
552 1842 618 1897 Ει
662 1842 715 1896 in
761 1841 1023 1912 principio
1074 1841 1240 1898 libelli
1285 1840 1539 1911 praefatus
1583 1855 1723 1905 sum,
1771 1855 1857 1895 me
1907 1839 1975 1895 de

393 1933 657 2003 angustiis
701 1934 1024 2004 nuptiarum,
1071 1941 1164 1986 aut
1209 1931 1338 1987 nihil
1383 1932 1632 1996 omnino,
1676 1938 1768 1984 aut
1807 1943 1974 2000 pauca

392 2022 652 2079 dicturum
686 2034 778 2080 :et
807 2038 947 2078 nunc
972 2023 1158 2078 eadem
1187 2024 1470 2087 admoneo,
1502 2032 1557 2076 ut
1599 2021 1644 2076 si
1675 2019 1764 2076 tibi
1804 2021 1978 2089 placet

391 2116 530 2172 scire
567 2127 694 2186 quot
741 2117 1004 2172 molestiis
1033 2118 1182 2186 virgo
1208 2116 1373 2169 libera
1395 2157 1410 2180 ,
1439 2125 1567 2183 quot
1599 2129 1733 2167 uxor
1761 2114 1975 2166 astricta

392 2213 480 2275 εἰ,
515 2210 660 2280 legas
689 2209 1078 2265 Tertullianum
1105 2210 1170 2264 ad
1201 2210 1428 2262 amicum
1461 2206 1864 2275 Philosophum,
1898 2207 1974 2275 (α)

393 2300 535 2357 etde
560 2300 878 2372 Virginitate
902 2301 1041 2355 alios
1059 2300 1290 2364 libellos,
1312 2307 1368 2354 et
1388 2299 1528 2354 beati
1554 2296 1803 2368 Cypriani
1826 2296 1979 2350 volu-

391 2408 512 2450 men
543 2393 841 2463 egregium,
867 2400 922 2448 et
945 2391 1105 2462 Papze
1131 2390 1342 2447 Damasi
1366 2404 1531 2456 super
1557 2389 1659 2444 hac
1679 2403 1761 2456 re,
1792 2401 1975 2455 versu,

391 2487 659 2556 proslgue
698 2486 1031 2554 composita;
1060 2493 1116 2539 et
1157 2483 1424 2538 Ambrosii
1457 2481 1624 2537 nostri
1663 2497 1780 2551 qua:
1809 2495 1980 2551 nuper

387 2578 608 2647 scripsit
636 2575 702 2630 ad
729 2574 980 2630 Sororem
1009 2575 1284 2645 opuscula.
1331 2573 1384 2628 In
1415 2574 1605 2643 quibus
1631 2581 1776 2627 tanta
1803 2586 1864 2628 se
1895 2570 1978 2626 ef-

388 2667 522 2721 fudit
564 2667 808 2737 eloquio,
843 2675 900 2721 ut
928 2666 1180 2736 quidquid
1209 2666 1275 2721 ad
1317 2664 1498 2720 Iaudes
1526 2664 1786 2734 virginum
1817 2665 1980 2735 pertic

388 2765 500 2822 nct,
528 2757 861 2826 exquisierit,
891 2756 1235 2826 expresserit,
1268 2756 1550 2812 ordinarit.

455 2849 549 2904 25.
573 2849 735 2904 Nobis
750 2848 966 2904 diverso
987 2849 1196 2904 tramite
1214 2847 1589 2904 incedendum.
1608 2847 1976 2918 Virginitatem

389 2956 494 2997 non
517 2948 721 2999 tantum
743 2940 1034 3006 efferimus,
1052 2939 1146 2995 sed
1167 2953 1464 2995 servamus.
1483 2938 1589 2994 Nec
1607 2939 1798 2994 sufficit
1815 2940 1976 3007 scire,

391 3033 526 3104 quod
547 3034 740 3087 bonum
760 3031 967 3096 est,nisi
985 3029 1314 3086 custodiatur
1328 3029 1581 3086 attentius
1592 3029 1732 3100 quod
1747 3029 1976 3085 electum

391 3134 472 3184 cst
491 3143 505 3179 :
524 3125 644 3194 quia
659 3123 788 3178 illud
803 3122 986 3193 judicii
1003 3123 1214 3188 est,hoc
1232 3122 1431 3178 laboris
1449 3138 1462 3174 :
1483 3130 1536 3177 et
1553 3119 1680 3175 illud
1695 3135 1981 3177 commune

391 3232 508 3270 cum
529 3217 788 3287 pluribus,
805 3215 906 3270 hoc
919 3231 1039 3269 cum
1059 3214 1258 3285 paucis.
1282 3231 1301 3266 ι
1317 3213 1415 3281 Qui
1442 3213 1881 3283 perseveraverit,
1907 3213 1982 3268 in-

392 3311 695 3379 quit,usque
711 3310 762 3363 in
778 3309 934 3364 linem
947 3309 1051 3370 ,hic
1066 3309 1242 3364 salvus
1257 3309 1360 3362 erit
1379 3307 1618 3378 «Matth.
1635 3307 1724 3363 ‘24.
1749 3309 1816 3363 15
1831 3308 1872 3377 ).
1891 3307 1977 3374 Et,

400 3419 416 3454 ι
443 3402 806 3466 multivocati,
837 3401 984 3471 pauci
1012 3417 1142 3456 vero
1168 3401 1364 3470 electis
1392 3399 1552 3470 (Ibid.
1587 3399 1681 3455 20.
1713 3401 1798 3456 16.
1822 3399 1974 3454 e192.

396 3494 502 3560 l-l).
535 3495 716 3565 Itaque
758 3495 1000 3550 obtestor
1033 3503 1085 3550 te
1107 3509 1287 3549 coram
1309 3495 1436 3561 Deo,
1457 3502 1512 3549 et
1529 3492 1744 3549 Christo
1765 3493 1912 3559 Jesu,
1927 3502 1981 3549 et

395 3589 578 3643 electis
604 3589 818 3658 Angelis
845 3587 961 3657 ejus
992 3588 1067 3658 (ὑ)
1110 3595 1170 3642 ut
1193 3587 1464 3642 custodias
1495 3603 1612 3656 quae
1643 3587 1875 3656 cmpisti,
1911 3602 1980 3643 ne

397 3696 515 3735 vasa
545 3681 730 3752 templi
760 3680 1008 3746 Domini,
1041 3695 1161 3750 qua:
1208 3679 1340 3734 solis
1384 3678 1765 3734 Sacerdotibus
1794 3677 1980 3734 videre

397 3788 704 3828 concessmn
731 3781 834 3840 est,
860 3773 1012 3828 facile
1040 3775 1092 3828 in
1118 3771 1384 3842 publicum
1409 3772 1645 3842 proferas
1670 3788 1684 3835 ;
1711 3786 1777 3826 ne
1797 3785 1981 3826 sacra-

398 3866 530 3922 rium
581 3867 672 3922 Dei
703 3867 981 3937 quisquam
1028 3863 1279 3934 profanus
1321 3864 1563 3934 aspiciat.
1602 3863 1707 3919 Oza
1736 3865 1928 3918 Arcam
1964 3904 1979 3930 ,

399 3973 550 4030 quam
593 3975 698 4013 non
742 3957 934 4013 licebat
974 3966 1212 4027 tangere,
1258 3956 1560 4026 attingens,
1607 3955 1777 4010 subita
1810 3964 1982 4009 morte

402 4061 694 4120 prostratus
715 4059 819 4107 est.
840 4050 1021 4120 Neque
1046 4049 1188 4104 enim
1213 4063 1304 4102 vas
1330 4062 1572 4111 aureum,
1596 4054 1646 4101 et
1668 4055 1980 4117 argenteum

401 4153 502 4199 tam
519 4159 698 4200 carum
721 4143 829 4198 Deo
848 4142 1138 4213 fuit,quam
1157 4140 1412 4211 templum
1431 4139 1670 4210 corporis
1685 4137 1978 4208 virginalis.

402 4238 674 4294 Prmcessit
703 4238 910 4303 umbra,
940 4252 1082 4293 nunc
1111 4228 1517 4292 veritasest."l‘u
1545 4235 1758 4304 quidem
1776 4233 1982 4303 simpli-

398 4329 796 4401 citerloqucris,
817 4328 1098 4399 etiguotos
1177 4326 1329 4399 107
1406 4340 1646 4397 quosque
1680 4325 1758 4395 (1)
1789 4323 1979 4378 blanda

399 4436 500 4474 non
532 4420 784 4491 despicis,
818 4419 912 4476 sed
956 4419 1116 4474 aliter
1159 4418 1341 4472 vident
1379 4416 1633 4486 impudici
1675 4415 1833 4471 oculi.
1865 4414 1981 4470 Nox

398 4528 600 4570 nonum
628 4513 820 4568 anima:
863 4510 1312 4585 pulchritudinem
1343 4508 1711 4576 considerare,
1737 4507 1831 4563 sed
1859 4522 1980 4563 cor-

397 4650 444 4702 ia
467 4653 640 4706 [alitus
662 4651 907 4704 corticibus
927 4650 1054 4701 hunc
1077 4648 1235 4704 locum
1256 4648 1326 4703 ita
1348 4647 1442 4711 legi
1463 4660 1480 4698 :
1508 4647 1672 4702 Divisa
1692 4653 1760 4698 est
1785 4645 1917 4708 virqo
1936 4657 1982 4702 et

396 4715 596 4777 mulier;
626 4716 754 4780 quod
791 4727 1064 4780 quanquam
1081 4711 1632 4780 habeatsuuntsensum,
1659 4716 1704 4762 et
1722 4723 1753 4758 α
1779 4723 1854 4780 me
1872 4723 1984 4772 quo-

398 4772 594 4841 quepro
615 4772 847 4841 qualitate
869 4772 962 4841 _loci
984 4774 1054 4841 sic
1073 4772 1363 4841 edissertant
1372 4772 1451 4841 sit,
1471 4779 1630 4841 tamen
1646 4777 1839 4841 non__est_
1866 4786 1985 4835 apo.

397 4831 573 4895 statim
588 4831 815 4901 uéritalis,
835 4837 1075 4901 siquidem
1090 4833 1332 4901 Apostolus
1345 4831 1412 4883 ita
1421 4832 1615 4901 scripsit
1621 4846 1647 4901 ;_
1661 4831 1984 4901 sollicitare“

398 4893 502 4963 qua:
524 4909 632 4952 siml
655 4893 842 4964 mundi,
863 4893 1099 4964 quomodo
1127 4893 1316 4964 placeat
1341 4894 1503 4964 uxori,
1525 4893 1572 4964 et
1596 4893 1776 4964 divisus
1796 4903 1870 4964 est
1894 4909 1912 4945 :
1937 4902 1983 4964 et
2032 4935 2035 4937 .

398 4955 500 5014 ἠιιέ
522 4963 754 5026 sententia
777 4955 992 5026 deﬁnita,
1018 4955 1372 5026 transgreditur
1396 4956 1462 5005 ad
1495 4955 1708 5026 Virgines
1723 4995 1736 5014 ,
1760 4961 1805 5004 et
1829 4957 1981 5026 conti.

397 5032 582 5090 nentes,
594 5032 639 5075 et
661 5025 748 5090 ait.
773 5018 948 5090 mulier
965 5018 1184 5090 innupta,
1204 5018 1420 5090 ett’irgo
1440 5018 1611 5090 coqitat
1624 5024 1866 5090 _qaw‘sugt
1891 5027 1986 5090 Do-

398 5086 528 5150 ptini.
554 5079 674 5147 Qua
697 5087 904 5150 Vulgata
924 5079 1189 5150 lectio'est}
1211 5081 1318 5150 Vid.
1341 5079 1706 5150 Augustiu._l_ib.
1726 5080 1790 5128 de
1809 5079 1984 5150 Sancta

710 5117 1238 5214 ’ἑὲἕῗῖξζῗὲῐῖἱυῗὶἰέ
1251 5117 1796 5205 ἰιᾚιιῖῧῆιὶὶῐιίιὶζὲέιί
1809 5117 1982 5193 ΐῖῐῖῖ

399 5208 658 5274 lectionem
678 5208 805 5260 hanc
826 5209 1059 5274 explicat.
1237 5267 1250 5274 _
1421 5267 1478 5274 ___
1591 5267 1602 5274 _
1764 5263 1776 5274 .

426 5334 430 5338 _
459 5273 531 5338 (ᾳ)
564 5273 669 5338 Non
695 5261 937 5338 probatur
950 5273 1114 5338 nobis,
1124 5267 1253 5338 quod
1274 5261 1980 5338 add_itVictorlt1sscribetttent,

399 5326 565 5384 titulus
582 5326 712 5384 enini
732 5333 844 5384 libri
863 5334 1054 5389 videtur
1091 5326 1264 5388 fuisse,
1298 5328 1369 5379 Ad
1387 5328 1594 5378 amicum
1625 5326 1981 5388 PhilosOphmn,

398 5409 546 5507 quam
575 5396 689 5447 alibi
727 5405 895 5468 contra
925 5394 1169 5447 Joviaian.
1208 5395 1350 5450 citat,
1375 5391 1463 5440 sed
1496 5391 1678 5461 jamdiu
1715 5389 1981 5438 intercidit.

439 5459 550 5507 aulo
584 5466 710 5507 post.
745 5458 946 5507 Cisterc.
981 5470 1070 5505 ms.
1105 5454 1233 5507 quod
1267 5465 1422 5507 nuper
1452 5458 1644 5507 scripsit
1674 5449 1739 5500 ad
1772 5463 1981 5500 sororem

439 5459 550 5510 aulo
584 5466 710 5517 post.
745 5449 946 5517 cisterc.
981 5470 1070 5508 ms.
1105 5454 1233 5517 quod
1267 5449 1422 5517 nuper
1452 5449 1644 5517 scripsit
1674 5449 1739 5517 ad
1772 5463 1983 5500 sororem

398 5513 694 5583 opusculum.
739 5513 868 5571 Tres
903 5525 1066 5583 autem
1084 5513 1344 5583 Ambrosii
1376 5513 1485 5583 libri
1520 5513 1636 5564 sunt
1666 5513 1725 5562 ad
1763 5525 1985 5562 sororem

399 5576 735 5642 Mareellinam,
759 5595 884 5644 quos
901 5580 1060 5644 adaa.
1083 5578 1194 5627 3H.
1221 5576 1454 5644 exaravit.

461 5645 533 5708 (ὁ)
558 5645 701 5708 ΗςενιχξἈ
715 5635 771 5694 iit
780 5635 1022 5708 custodias
1045 5635 1378 5708 qutecmpisti,
1397 5651 1460 5688 ex
1484 5635 1792 5708 Cisterciensi
1815 5649 1984 5708 manu-

400 5699 577 5770 scripto
596 5713 649 5757 et
669 5705 1036 5765 llomnalmjns
1047 5699 1200 5752 libelli
1219 5699 1435 5770 editione
1453 5699 1740 5770 addidimus,
1761 5700 1888 5770 quod
1906 5713 1984 5750 su.

402 5757 678 5833 periorlhus
701 5770 765 5833 ita
787 5757 1061 5833 nectau'ttu‘,
1085 5769 1137 5813 ut
1160 5761 1559 5833 necessari-anisi!
1581 5761 1694 5809 sint.
1728 5757 1734 5759 ⁷
1777 5757 1793 5763 ’
1862 5757 1872 5774 ¹

463 5831 535 5895 (ι)
571 5822 775 5884 Gravius
795 5829 923 5880 addit
948 5820 1057 5878 vult
1070 5836 1199 5887 voce,
1226 5820 1273 5882 id
1307 5828 1384 5873 est
1404 5821 1579 5874 blanda
1603 5834 1730 5873 iure.

1742 346 2074 404 El‘lSTOLA
2117 347 2282 404 XXII.

3553 368 3661 426 H0

2081 479 2293 534 porum.
2328 464 2587 521 Ezechias
2617 468 2924 527 thesaurum
2956 473 3049 529 Dei
3081 481 3345 531 monstrat
3381 476 3656 549 Assyriis:

2081 554 2176 611 sed
2201 556 2405 626 Assyrii
2429 571 2532 611 non
2554 557 2852 615 debuerunt
2871 563 3071 630 videre,
3094 567 3233 636 quod
3255 579 3528 637 cuperent.
3558 570 3661 625 De-

2081 647 2245 717 nique
2286 649 2653 719 frequentibus
2695 652 2853 708 bellis
2881 655 3062 712 Juda'a
3088 660 3362 723 convulsa,
3395 675 3520 715 vasa
3549 662 3661 730 pri-

2082 754 2225 793 mum
2253 740 2463 800 Domini
2493 752 2647 813 capta
2677 752 2837 814 atque
2865 748 3116 803 translata
3143 760 3289 806 sunt.
3313 751 3454 810 later
3473 754 3660 824 epulas

2081 839 2136 883 et
2179 832 2598 888 concubinarum
2635 850 2825 905 greges
2868 838 3024 908 (quia
3071 841 3238 908 palma
3285 843 3526 900 vitiorum
3577 853 3662 900 est

2082 920 2306 978 honesta
2340 924 2598 996 polluere)
2627 925 2906 982 Balthasar
2936 937 3082 998 potat
3122 930 3174 985 in
3203 931 3408 1000 phialis.

2150 1012 2241 1069 24.
2295 1013 2374 1070 Ne
2422 1015 2658 1072 declines
2701 1033 2889 1074 aurem
2934 1027 3078 1075 tuam
3123 1022 3174 1076 in
3213 1023 3372 1078 verba
3420 1025 3658 1082 malitiae.

2080 1101 2234 1172 Szrpe
2255 1105 2399 1160 enim
2427 1105 2681 1164 indecens
2701 1109 2900 1178 aliquid
2923 1111 3224 1180 loquentes,
3245 1122 3450 1170 tentant
3466 1117 3661 1174 mentis

2080 1194 2383 1263 arbitrium,
2425 1198 2470 1254 si
2520 1199 2751 1256 libenter
2778 1201 2964 1259 audias
2995 1205 3143 1273 virgo
3186 1205 3326 1274 quod
3366 1206 3580 1273 dicitur,
3613 1209 3661 1264 si

2079 1284 2145 1340 ad
2161 1285 2382 1341 ridicula
2401 1304 2625 1358 qumque
2647 1291 2894 1360 solvaris,
2909 1293 3166 1364 quidquid
3182 1295 3401 1359 dixeris,
3419 1296 3660 1363 laudant;

2079 1376 2339 1448 quidquid
2385 1381 2687 1450 negaveris,
2735 1395 2930 1453 negant
2962 1402 2976 1438 :
3010 1385 3084 1456 (c)
3121 1385 3344 1444 facetam
3390 1397 3580 1442 vocant
3607 1396 3663 1444 et

2079 1477 2341 1536 sanctam,
2369 1472 2498 1526 etin
2522 1487 2626 1542 qua
2649 1475 2828 1530 nullus
2855 1474 3094 1530 sitdolus
3120 1495 3133 1534 :
3157 1476 3298 1534 Ecce
3322 1492 3449 1534 vere
3468 1478 3661 1533 ancilla

2078 1557 2302 1625 Christi,
2331 1559 2574 1620 dicentes
2608 1581 2622 1618 :
2653 1579 2781 1620 ecce
2810 1573 2920 1620 tota
2959 1565 3294 1637 simplicitas.
3331 1567 3446 1622 Non
3476 1577 3535 1623 ut
3571 1567 3660 1624 illa

2081 1651 2321 1718 horrida,
2352 1654 2542 1723 turpis,
2569 1657 2862 1724 rusticana,
2892 1659 3172 1724 terribilis,
3196 1668 3252 1714 et
3271 1675 3390 1730 qua:
3414 1659 3534 1716 ideo
3554 1661 3664 1716 for-

2078 1742 2219 1796 sitan
2249 1743 2496 1800 maritum
2523 1761 2630 1802 non
2658 1746 2864 1813 habuit,
2893 1751 3014 1819 quia
3046 1750 3286 1806 invenire
3319 1767 3424 1806 non
3465 1751 3658 1821 potuit.

2078 1835 2318 1892 Naturali
2348 1838 2598 1894 ducimur
2624 1841 2788 1896 malo.
2813 1841 3195 1900 Adulatoribus
3214 1844 3411 1899 nostris
3434 1843 3662 1899 libenter

2079 1928 2347 1998 favemus,
2381 1940 2436 1987 et
2461 1947 2766 2003 quanquam
2808 1950 2907 1990 nos
2947 1935 3364 2006 reSpoudeamus
3392 1935 3658 2005 indignos,

2081 2031 2138 2077 et
2166 2022 2370 2078 calidus
2411 2023 2575 2080 rubor
2615 2039 2709 2080 ora
2753 2025 3069 2094 perfundat;
3095 2035 3326 2082 attamen
3356 2027 3420 2082 ad
3450 2027 3659 2081 laudem

2081 2130 2231 2168 suam
2267 2116 2593 2171 intrinsecus
2619 2117 2794 2173 anima
2825 2120 3052 2173 laetatur.
3083 2118 3287 2188 Sponsa
3317 2119 3511 2174 Christi
3539 2133 3661 2173 arca

2081 2217 2164 2260 est
2189 2207 2540 2274 Testamenti,
2573 2209 2899 2264 intrinsecus
2926 2219 2980 2264 et
3005 2211 3338 2265 extrinsecus
3368 2209 3616 2264 deaurata
3642 2250 3656 2274 ,

2082 2309 2265 2353 cus'os
2295 2297 2428 2368 legis
2453 2298 2684 2356 Domini.
2712 2299 2863 2356 Sicut
2889 2301 2940 2355 in
2966 2300 3058 2356 illa
3087 2300 3219 2356 nihil
3247 2300 3392 2356 aliud
3418 2300 3537 2365 fuit,
3561 2300 3661 2354 nisi

2085 2387 2280 2442 tabula:
2303 2388 2655 2455 Testamenti,
2695 2389 2764 2444 ita
2791 2399 2846 2445 et
2876 2390 2930 2446 in
2961 2401 3012 2446 te
3035 2391 3214 2447 nullus
3240 2390 3310 2448 sit
3334 2392 3665 2446 extrinsecus

2082 2481 2363 2548 cogitatus.
2391 2479 2567 2550 Super
2589 2481 2688 2536 hoc
2715 2481 3143 2551 propitiatorium
3171 2483 3320 2552 quasi
3345 2497 3505 2551 super
3523 2479 3666 2536 Che-

2083 2571 2283 2637 ruhim,
2327 2571 2518 2628 sedere
2539 2573 2652 2628 vult
2679 2572 2955 2630 Dominus.
2987 2573 3147 2629 Mittit
3174 2574 3468 2644 discipulos
3493 2587 3622 2631 suos
3646 2614 3665 2639 ,

2083 2672 2139 2718 ut
2169 2664 2218 2717 in
2253 2675 2304 2720 te
2331 2665 2470 2720 sicut
2507 2666 2559 2722 in
2593 2665 2736 2736 pullo
2761 2666 2925 2722 asinae
2952 2667 3159 2734 sedeat,
3189 2667 3334 2723 curis
3359 2676 3409 2722 te
3446 2665 3671 2721 saecula-

2083 2757 2232 2812 ribus
2259 2757 2339 2826 (ἓ)
2365 2758 2570 2824 solvat,
2603 2767 2659 2813 ut
2687 2757 2866 2827 paleas
2887 2767 2944 2813 ct
2966 2759 3160 2815 lateres
3185 2757 3400 2828 Egypti
3430 2755 3668 2812 derelin-

2083 2865 2276 2920 quens,
2317 2850 2534 2922 Moyscn
2577 2851 2822 2920 sequaris
2853 2852 2904 2906 in
2937 2866 3142 2918 eremo,
3171 2859 3228 2908 et
3263 2860 3458 2905 terram
3489 2861 3673 2916 repro-

2083 2942 2356 2998 missionis
2375 2944 2627 2998 introeas.
2651 2942 2820 2998 Nemo
2837 2943 2903 2997 sit
2921 2943 3010 3013 qui
3034 2942 3336 3012 prohibeat,
3357 2954 3462 2995 non
3478 2947 3670 3004 mater,

2086 3052 2192 3094 non
2236 3051 2428 3104 soror,
2473 3051 2578 3092 non
2625 3045 2879 3106 cognata,
2914 3052 3019 3092 non
3056 3047 3342 3106 germanus
3377 3050 3389 3086 :
3420 3031 3676 3088 Dominus

2087 3135 2140 3184 te
2181 3127 2538 3184 necessariam
2572 3126 2750 3183 habet.
2794 3127 2947 3196 Quod
2976 3129 3020 3182 si
3063 3126 3332 3181 voluerint
3371 3122 3628 3195 impedire
3657 3166 3672 3191 ,

2087 3221 2312 3276 timeant
2351 3218 2558 3290 ﬂagella
2587 3218 2899 3284 Pharaonis,
2933 3218 3022 3289 qui
3064 3216 3317 3288 populum
3349 3215 3442 3272 Dei
3483 3214 3550 3269 ad
3579 3231 3675 3270 co-

2087 3313 2302 3370 lendum
2345 3329 2468 3368 cum
2517 3314 2708 3368 nolens
2744 3311 3048 3376 dimittere,
3097 3324 3284 3380 passus
3328 3319 3410 3366 est
3452 3323 3515 3364 ea
3554 3323 3676 3378 quze

2087 3405 2286 3474 scripta
2326 3413 2470 3459 sunt.
2499 3403 2656 3459 .lesus
2699 3404 2970 3474 ingressus
3015 3403 3067 3457 in
3116 3401 3419 3472 Templum,
3461 3415 3525 3456 ea
3556 3414 3676 3469 qua)

2087 3494 2296 3565 Templi
2323 3503 2626 3560 nouerant,
2659 3495 2903 3564 projecit.
2938 3494 3078 3548 Deus
3098 3493 3238 3548 enim
3268 3491 3469 3546 zelotes
3496 3499 3596 3554 est,
3622 3498 3678 3543 et

2088 3604 2194 3642 non
2225 3586 2338 3641 vult
2381 3586 2555 3642 Patris
2605 3585 2823 3640 domum
2870 3585 2986 3640 fieri
3029 3585 3338 3653 speluncam
3385 3582 3671 3634 latronum.

2089 3679 2334 3749 Alioquin
2360 3679 2447 3734 ubi
2476 3694 2581 3734 atra
2608 3685 2978 3742 numerantur,
3001 3675 3090 3729 ubi
3113 3682 3237 3729 sunt
3261 3687 3438 3726 cavea:
3465 3670 3671 3724 colum-

2089 3774 2298 3837 barum,
2335 3780 2389 3826 et
2414 3771 2730 3841 simplicitas
2755 3776 3032 3831 enecatur,
3065 3764 3155 3819 ubi
3183 3765 3234 3819 in
3268 3770 3486 3832 pectore
3516 3758 3678 3828 virgi-

2089 3866 2196 3921 nali
2215 3864 2552 3921 smcnlarium
2619 3863 2779 3934 108
2840 3858 3177 3930 negotiorum
3195 3870 3320 3910 cura
3337 3861 3678 3916 a'stuat,sta..

2091 3959 2182 4012 tim
2204 3957 2380 4012 velum
2400 3955 2606 4026 Templi
2620 3952 2879 4008 scinditur
2899 3967 2914 4016 ;
2934 3961 3164 4018 sponsus
3179 3944 3455 4012 consurgit
3483 3943 3672 4005 iratus,

2089 4059 2143 4105 et
2166 4049 2292 4105 dicit
2319 4065 2331 4102 :
2356 4047 2681 4117 Relinquetur
2698 4043 2834 4098 robis
2853 4041 3035 4094 domus
3055 4045 3218 4092 restra
3239 4036 3434 4090 deserta
3461 4031 3672 4103 (Matth.

2092 4143 2181 4198 15.
2207 4139 2318 4214 58).
2343 4140 2483 4210 Lege
2512 4135 2879 4206 Evangelium,
2904 4139 2959 4186 et
2979 4129 3099 4185 vide
3125 4126 3393 4200 quomodo
3417 4125 3581 4180 Maria
3608 4123 3676 4178 ad

2091 4233 2254 4305 pedes
2283 4230 2493 4288 Domini
2532 4227 2745 4291 sedens,
2766 4223 2985 4280 Marthre
3020 4220 3204 4288 studio.
3227 4217 3562 4290 praaferatur.
3609 4214 3678 4270 Et

2092 4333 2240 4381 certe
2266 4322 2346 4396 (ά)
2375 4319 2582 4376 Martha
2599 4316 2786 4374 sedulo
2808 4312 3187 4384 hospitalitatis
3209 4309 3389 4364 ofﬁcio
3405 4350 3419 4374 ,
3452 4307 3677 4362 Domino

2089 4428 2250 4488 atque
2264 4410 2538 4484 discipulis
2559 4411 2678 4482 ejus
2699 4408 3002 4470 convivium
3019 4402 3476 4476 _praeparabat,eui
3493 4400 3673 4466 Jesus,

2097 4528 2115 4562 ι
2149 4507 2376 4575 Martha,
2398 4506 2588 4576 inquit,
2617 4501 2842 4567 Martha,
2873 4498 3098 4555 sollicita
3124 4509 3204 4562 es,
3227 4505 3280 4549 et
3302 4492 3528 4547 turbaris
3549 4506 3674 4559 erga

2091 4603 2319 4674 plurima
2353 4617 2367 4654 :
2400 4613 2569 4672 pauca
2612 4605 2794 4651 autem
2838 4589 3141 4649 necessaria
3189 4594 3311 4642 sunt
3338 4628 3351 4652 ,
3382 4593 3439 4639 ut
3466 4599 3626 4637 unum
3658 4600 3672 4636 :

2092 4694 2252 4750 Maria
2282 4693 2476 4748 bonam
2521 4698 2723 4759 partem
2769 4684 2960 4754 elegit,
2993 4695 3112 4751 qua:
3155 4694 3260 4734 non
3307 4675 3578 4735 auferetur
3607 4674 3675 4728 ah

2093 4803 2156 4843 ea
2195 4806 2216 4840 ι
2264 4784 2414 4856 (Luc.
2449 4784 2538 4838 1ο.
2586 4781 2678 4835 ll.
2722 4788 2767 4833 et
2795 4776 2956 4848 seqq),
2987 4775 3117 4830 Esto
3152 4783 3204 4830 et
3234 4783 3287 4827 tu
3317 4770 3497 4829 Maria.
3539 4766 3676 4822 cibis

2094 4877 2344 4948 praeferto
2390 4872 2712 4930 doctrinam.
2744 4869 2972 4926 Sorores
3005 4876 3108 4922 tua:
3133 4865 3410 4929 cursitent,
3450 4871 3503 4917 ct
3530 4877 3678 4930 qua:-

2094 4978 2216 5026 raut
2237 4966 2506 5040 quomodo
2531 4964 2805 5021 Christum
2844 4961 3109 5032 hospitem
3141 4957 3451 5027 suscipiant.
3483 4954 3563 5008 Tu
3591 4968 3676 5016 μετ

2096 5061 2203 5120 mel
2233 5059 2414 5116 saeculi
2443 5072 2606 5114 onere
2629 5055 2723 5130 [aL
2747 5050 2958 5124 honore]
2981 5051 3239 5124 proiecto,
3269 5046 3397 5104 sede
3420 5045 3486 5102 ad
3514 5044 3678 5116 pedes

2155 5199 2226 5262 (ε)
2252 5197 2350 5262 1in
2373 5197 2579 5260 facetam
2599 5191 2680 5262 alii
2703 5191 2843 5262 codd.
2863 5186 3154 5262 castan1,alii
3167 5183 3669 5262 inrtocsntenglegqpt:

2160 5245 2238 5322 (ii)
2256 5245 2466 5322 Nomen
2484 5255 2691 5322 Martha,
2712 5254 2838 5318 quod
2863 5245 3083 5322 hoeloco
3104 5250 3379 5322 deerat.‘ex
3533 5245 3679 5322 editis

2095 5309 2648 5385 ac‘M'ss._sumilevi_mus
2711 5309 2810 5385 tim}
2838 5329 2904 5364 ex
2936 5313 3108 5385 iisdem
3126 5312 3246 5361 duas
3269 5309 3679 5385 aliasgvoces,‘cui

2091 5372 2250 5436 .Ieﬁsus.
2285 5372 2436 5433 Paulo
2470 5381 2608 5437 infra,
2649 5372 2732 5429 ubi
2769 5389 2923 5441 pauca
2947 5381 3128 5441 ‘autem
3164 5372 3436 5441 necessaria
3478 5372 3678 5441 suntin

2095 5429 2248 5498 iani;
2267 5429 2403 5508 (alii;
2422 5429 2582 5494 aliter
2601 5429 2840 5491 'bodiei‘ni
2873 5437 3072 5508 codices
3103 5436 3227 5484 sacri
3266 5429 3677 5508 maritum

2270 5488 2608 5569 \liahven—tivpro
2619 5488 2869 5569 int—artum
2902 5499 3124 5569 plcrique
3156 5490 3479 5569 utantuscriuptiﬁ
3489 5488 3680 5569 habent

2093 5547 3444 5631 'iiim’iifiih'éﬁiiiiniidﬁiiigidctogin(numq.si
3459 5547 3676 5631 uillas}-

2890 5609 2962 5672 wet
3000 5609 3369 5692 Οιδηηρὶοάρῃῇ2
3379 5613 3463 5692 Δἱ

2628 5674 2753 5754 cura:
2774 5694 2816 5735 δί.
2837 5698 2917 5736 tut
2937 5707 3032 5746 ποια
3051 5674 3112 5730 ἰαὶ
3135 5674 3226 5734 ing.
3249 5674 3401 5723 Nobis
3419 5674 3466 5720 in
3481 5674 3677 5742 ancipiti

2092 5773 2148 5807 re
2175 5760 2428 5810 immutare
2452 5751 2547 5801 non
2570 5751 2764 5811 placuit.
2926 5810 2929 5811 ν
3021 5801 3042 5811 _
3126 5806 3136 5811 _
3271 5796 3284 5811 ,
3318 5795 3418 5811 ’,με

2157 5792 2645 5881 ciiiilius?
2654 5792 2859 5868 sulcant,
2883 5810 2936 5855 ut
2960 5801 3201 5853 referatur
3225 5796 3286 5856 ad
3303 5792 3580 5864 discipulos.
