4136 6332
367 370 466 434 413

362 584 429 640 lis
478 595 636 653 quam
672 590 892 634 necesse
915 583 1015 639 est,
1067 587 1134 627 ne
1177 571 1398 642 gloriam
1434 567 1684 638 fugiendo
1707 578 1936 634 qumras.

365 673 546 728 Plures
569 671 712 725 enim
738 665 1059 738 paupertatis
1086 662 1166 732 (η)
1191 703 1206 726 ,
1253 658 1652 723 ttiiserieordiaa,
1680 667 1838 726 alque
1860 654 1940 724 je-

359 763 490 834 junii
525 761 754 817 arbitros
775 759 1123 822 declinantes,
1151 768 1251 809 ttoc
1304 766 1415 807 IP30
1455 766 1674 805 curtum
1700 750 1938 818 placere,

363 853 500 925 quod
525 854 736 924 placere
759 857 1142 905 contemnunt:
1170 857 1225 901 et
1250 845 1440 900 mirum
1475 845 1528 897 in
1563 841 1776 896 modum
1803 840 1939 904 laus,

367 948 493 1003 dum
517 947 730 1012 vitatur,
761 943 1046 1014 appetitur.
1075 938 1294 995 Caeteris
1325 933 1806 1007 perturbationibus
1827 931 1945 1001 qui-

363 1041 460 1095 bus
483 1038 716 1095 hominis
741 1049 890 1091 mens
918 1033 1130 1104 gaudet.
1156 1030 1418 1099 mgrescit,
1447 1034 1625 1098 sperat
1654 1036 1709 1081 et
1733 1023 1942 1091 metuit,

370 1129 520 1202 111
595 1127 774 1197 plures
803 1126 1017 1180 invenio
1052 1130 1353 1178 extraneos.
1383 1119 1495 1174 lloc
1521 1117 1650 1172 vitio
1679 1116 1830 1186 pauci
1853 1113 1948 1168 ad-

365 1223 576 1277 modum
626 1229 750 1275 sunt
791 1219 878 1288 qui
901 1216 1171 1271 caruerint
1202 1232 1216 1269 :
1248 1222 1304 1269 et
1345 1212 1435 1267 ille
1459 1219 1538 1266 est
1575 1210 1828 1280 optimus,
1856 1205 1946 1276 qui

366 1313 513 1383 quasi
542 1312 593 1364 in
619 1309 842 1380 pulchro
863 1321 1108 1377 corpore,
1127 1320 1242 1359 rara
1265 1318 1534 1358 natvorum
1552 1301 1711 1356 sorde
1733 1312 1945 1368 resper-

365 1405 520 1474 gitur.
541 1401 720 1471 Neque
738 1413 864 1455 vero
885 1412 1096 1463 moneo,
1115 1411 1183 1450 ne
1201 1394 1269 1449 de
1289 1393 1486 1449 divitiis
1505 1391 1772 1462 glorieris,
1792 1405 1859 1443 ne
1880 1386 1950 1444 de

367 1495 576 1565 generis
594 1492 869 1547 nobilitate
891 1499 940 1544 te
949 1489 1138 1559 jactes,
1152 1502 1221 1542 ne
1239 1496 1289 1541 te
1308 1484 1515 1541 exteris
1539 1481 1813 1553 praeferas.
1826 1479 1951 1535 Scio

371 1585 718 1640 humilitatem
741 1592 882 1636 tuam
904 1598 916 1636 :
935 1581 1049 1634 scio
1065 1588 1114 1633 te
1127 1593 1190 1634 ex
1215 1576 1403 1632 aﬂectu
1425 1575 1604 1630 dicere
1626 1589 1640 1626 :
1665 1591 1683 1624 ι
1705 1571 1948 1632 Domine,

366 1693 472 1733 non
504 1687 585 1733 est
612 1677 900 1731 exaltatum
941 1687 1035 1728 cor
1070 1685 1268 1736 meum,
1302 1683 1474 1737 neque
1513 1665 1637 1721 elati
1663 1671 1787 1719 sunt
1813 1661 1954 1717 oculi

371 1770 474 1825 mei
508 1787 525 1820 ι
559 1768 578 1838 (
604 1767 742 1821 l’ml.
781 1763 903 1822 150.
936 1763 1030 1833 1).
1052 1761 1184 1817 Novi
1206 1759 1342 1830 apud
1368 1769 1440 1824 te,
1469 1765 1524 1821 et
1561 1757 1700 1826 apud
1729 1763 1952 1809 matrem

374 1870 535 1925 tuam,
559 1856 880 1926 superbiam,
926 1869 1024 1926 per
1049 1867 1206 1924 quam
1229 1850 1469 1905 diabolus
1501 1847 1713 1910 cecidit,
1749 1844 1956 1916 penitus

374 1949 544 2004 locum
567 1965 670 2002 non
695 1946 911 2001 habere.
945 1943 1097 1998 Unde
1120 1941 1186 1996 ad
1233 1951 1286 1996 te
1315 1955 1476 2010 super
1515 1953 1578 1994 ea
1609 1937 1843 1993 scribere
1868 1950 1958 1989 su-

376 2041 633 2111 perﬂuum
677 2039 766 2092 sit.
819 2035 1198 2092 Stultissimum
1223 2033 1419 2102 quippe
1447 2038 1530 2086 est
1554 2029 1765 2092 docere,
1813 2023 1958 2096 quod

377 2131 582 2186 noverit
625 2130 712 2184 ille
754 2143 912 2198 quem
943 2125 1157 2180 doceas.
1199 2123 1304 2180 Sed
1330 2137 1399 2177 ne
1429 2121 1527 2175 hoc
1563 2120 1734 2189 ipsum
1756 2117 1851 2172 tibi
1873 2117 1954 2186 jao

378 2222 626 2278 ctantiam
643 2227 881 2290 generet,
899 2217 1039 2288 quod
1051 2215 1229 2271 smculi
1243 2212 1550 2283 jactantiam
1560 2209 1924 2278 contempsisti
1939 2224 1956 2274 ;

380 2327 449 2367 ne
491 2310 740 2382 cogitatio
769 2309 923 2362 tacita
952 2306 1224 2373 subrepat,
1251 2312 1308 2356 ut
1337 2302 1458 2371 quia
1491 2300 1541 2354 in
1567 2299 1768 2352 auratis
1794 2297 1957 2351 vesti-

381 2406 480 2460 bus
505 2404 715 2473 placere
742 2397 961 2464 desisti,
985 2398 1193 2466 placere
1227 2392 1438 2449 coneris
1463 2388 1808 2445 in-sordidis:
1838 2395 1894 2440 et
1915 2386 1961 2441 si

380 2496 594 2566 quando
641 2494 694 2548 in
755 2499 1075 2546 conventum
1129 2485 1351 2539 fratrum
1397 2481 1612 2536 veneris
1669 2479 1753 2533 vel
1807 2491 1962 2532 soro-

380 2602 524 2651 rum,
557 2584 631 2654 (b)
658 2582 908 2636 humilies
933 2577 1144 2643 sedeas,
1189 2573 1426 2630 scabello
1466 2581 1517 2627 te
1553 2572 1790 2627 causeris
1828 2568 1964 2623 indi-

379 2690 562 2746 gnam.
597 2672 792 2728 Vocem
843 2685 910 2725 ex
960 2666 1239 2731 industria,
1289 2664 1437 2734 quasi
1467 2662 1706 2718 confecta
1726 2659 1962 2730 jejuniis.

383 2779 490 2820 non
519 2773 737 2826 tenues;
765 2769 820 2816 et
865 2757 1161 2814 deficientis
1195 2756 1392 2810 imitata
1418 2768 1678 2824 gressum,
1731 2750 1966 2806 humeris

385 2855 628 2910 innitaris
656 2851 897 2907 alterius.
931 2849 1068 2905 Sunt
1094 2848 1288 2916 quippe
1319 2844 1586 2900 nonnulla:
1605 2843 1967 2898 exterminan-

389 2956 470 3000 tes
491 2943 656 2998 facies
683 2956 828 3008 suas,
861 2949 918 2996 ut
949 2947 1242 3010 appareant
1285 2935 1587 2990 hominibus
1616 2935 1920 3003 jejunantes
1952 2950 1966 2987 :

389 3050 508 3104 qua:
553 3033 734 3088 statim
787 3039 844 3086 ut
899 3030 1130 3100 aliquem
1179 3027 1425 3104 viderint,
1479 3026 1852 3096 ingemiscunt,
1881 3024 1974 3079 de;

392 3101 604 3180 mittunt
629 3123 991 3194 supercilium,
1024 3129 1282 3189 etoperta
1322 3101 1476 3184 facie,
1507 3118 1593 3172 vix
1638 3131 1798 3171 unum
1842 3131 1973 3171 oeu-

394 3218 522 3282 lum,
547 3217 770 3270 liberant
793 3213 948 3284 [Mss.
987 3209 1194 3283 librant]
1217 3209 1280 3264 ad
1298 3208 1602 3263 videndum.
1623 3207 1793 3262 Vestis
1810 3207 1972 3276 ‘pulla,

396 3306 660 3378 cingulum
691 3318 935 3359 sacceum
961 3344 975 3367 ,
1007 3311 1060 3356 et
1085 3301 1312 3356 sordidis
1341 3299 1585 3355 manibus
1615 3298 1975 3369 pedibusque,

397 3406 577 3453 venter
599 3396 763 3461 solus,
802 3395 924 3465 quia
951 3393 1116 3448 videri
1146 3407 1250 3446 non
1290 3400 1484 3462 potest,
1515 3400 1702 3445 testuat
1721 3390 1858 3445 cibo.
1887 3389 1980 3444 His

398 3489 630 3561 quotidie
654 3487 896 3543 Psalmus
922 3487 1007 3540 ille
1031 3484 1270 3540 canitur:
1294 3502 1312 3535 ι
1339 3484 1591 3538 Dominus
1612 3481 1888 3552 dissipabit
1912 3481 1980 3551 (ρ)

401 3596 517 3634 ossa
549 3581 820 3634 hominum
843 3579 940 3633 sibi
975 3576 1290 3648 placentium
1327 3594 1346 3628 ι
1381 3576 1400 3645 (
1433 3574 1574 3628 Paul.
1607 3574 1694 3629 52.
1724 3573 1815 3646 6).
1851 3575 1982 3628 Alia:

403 3670 535 3723 virili
593 3669 772 3723 habitu
796 3709 812 3734 ,
841 3675 988 3722 veste
1019 3675 1238 3733 mutata,
1267 3666 1584 3720 erubescunt
1613 3679 1734 3720 esse
1776 3664 1985 3719 femina:

405 3760 538 3823 quod
591 3767 729 3814 nata:
765 3766 909 3822 sunt,
967 3757 1170 3812 crinem
1213 3764 1506 3825 amputant,
1547 3764 1604 3808 et
1651 3755 1987 3823 impudenter

407 3853 609 3922 erigunt
635 3851 802 3906 facies
842 3849 1192 3906 eunuchinas.
1221 3847 1355 3903 Sunt
1389 3862 1508 3916 quae
1539 3845 1726 3900 ciliciis
1755 3846 1987 3901 vestiun-

410 3953 524 4007 tur,
559 3951 612 3997 et
632 3941 853 3997 cucullis
891 3937 1215 4003 fabrefactis,
1249 3945 1306 3992 ut
1329 3937 1398 3992 ad
1439 3936 1711 3991 infantiam
1747 3935 1986 4000 redeant,

409 4032 679 4087 imitantur
706 4041 927 4086 noctuas
959 4039 1014 4086 et
1037 4029 1297 4085 bubones.

479 4123 568 4178 28.
587 4122 692 4179 Sed
725 4137 792 4178 ne
814 4132 1017 4177 tantum
1038 4119 1219 4175 videar
1243 4119 1515 4189 disputare
1535 4119 1603 4174 de
1681 4120 1836 4190 112
1909 4117 1990 4172 fe-

413 4216 585 4280 minis,
603 4217 744 4271 viros
763 4230 971 4286 quoque
987 4215 1128 4284 fuge,
1145 4228 1278 4284 quos
1292 4212 1488 4267 videris
1503 4210 1993 4282 eatenatos,quibus

414 4308 621 4362 feminei
645 4317 829 4362 contra
858 4306 1166 4376 Apostolum
1189 4311 1384 4370 crines,
1403 4305 1670 4358 hircorum
1696 4303 1878 4367 barba,
1914 4305 1995 4357 ni-

414 4417 561 4470 grum
595 4402 834 4471 palliunt,
863 4410 914 4454 et
937 4400 1060 4453 nudi
1086 4400 1138 4453 in
1171 4399 1422 4467 patientia
1445 4397 1656 4466 frigoris
1675 4395 1997 4466 pedes.li:nc

416 4493 587 4546 omnia
619 4499 928 4562 argumenta
953 4497 1079 4544 sunt
1103 4490 1318 4542 diaboli.
1351 4488 1534 4542 Talem
1580 4487 1706 4541 olim
1735 4487 1812 4558 (ά)
1846 4487 1997 4540 Anti-

419 4599 581 4650 mum,
612 4585 772 4639 talem
795 4598 965 4653 nuper
985 4582 1343 4652 SOphronium
1366 4581 1534 4634 Roma
1561 4578 1996 4650 congemuit.Qui

419 4685 692 4745 postquam
720 4674 977 4729 nobilium
1003 4673 1321 4728 introierunt
1345 4672 1553 4738 domus,
1583 4683 1637 4727 et
1675 4672 2000 4741 deceperunt

420 4771 758 4826 mulierculas
804 4780 1051 4825 oneratas
1093 4769 1342 4840 peccatis,
1390 4784 1600 4839 semper
1623 4752 1909 4834 discentes,
1946 4776 2001 4824 et

425 4875 688 4932 nunquam
715 4859 782 4914 ad
812 4860 1084 4915 scientiam
1127 4858 1366 4913 veritatis
1393 4859 1762 4928 pervenientes
1791 4899 1805 4924 ,
1834 4859 2002 4913 tristi-

425 4953 548 5007 tiam
572 4953 826 5008 simulant
846 4970 861 5019 ;
886 4961 940 5007 et
959 4953 1109 5022 quasi
1135 4952 1287 5022 longa
1301 4950 1523 5021 jejuuia,
1541 4950 1747 5006 furtivis
1767 4953 2002 5006 noctium

424 5045 553 5100 cibis
583 5044 872 5115 protrahun
917 5043 1121 5099 ""i’udet
1144 5044 1324 5098 dicere
1357 5042 1580 5113 reliqua,
1615 5057 1680 5098 ne
1702 5043 1884 5126 videar
1912 5057 2004 5113 po-

491 5194 577 5259 (a)_
596 5195 754 5259 Aliter
767 5053 1397 5259 CistSsziLnsmaupertalis,
1414 5196 1638 5259 miserita,
1656 5204 1799 5259 atque
1806 5198 2004 5259 jejunii,

491 5194 578 5261 (τι)Δ
596 5195 754 5261 Aliter
767 5194 1397 5261 CisteMgnsmqupertalis,
1414 5196 1638 5260 miserita,
1656 5204 1799 5260 atque
1806 5198 2004 5261 jejunii,

429 5261 482 5306 ut
501 5255 712 5320 arbitror
729 5293 744 5316 ,
769 5255 1326 5320 ριονὶαηιἯεὸιὶηὰηιρδ.

490 5317 564 5382 (b)
584 5319 691 5390 Non
719 5317 1083 5390 ittiprobolquod
1099 5320 1293 5390 quidam
1310 5319 1429 5390 Mss:
1445 5320 1630 5372 habent
1652 5320 1786 5372 humi
1807 5321 1979 5390 seder
1991 5361 2004 5385 ,

430 5377 596 5443 plures
619 5377 1037 5443 tamen—humilius
1059 5377 1246 5443 sedens,
1273 5388 1326 5428 ut
1350 5383 1540 5443 vitiatos
1577 5391 1886 5443 praeteream.
1930 5377 2010 5435 Sic

433 5440 574 5500 paulo
605 5447 716 5504 post
758 5442 968 5504 negandi
1002 5440 1282 5504 particulam
1321 5442 1514 5502 quidam
1550 5440 1698 5492 etiam
1725 5446 1840 5495 editi
1865 5447 2008 5494 omit-

432 5507 542 5611 ἔξω
564 5503 739 5611 erodem
761 5503 924 5551 tamen
961 5515 1108 5552 sensu
1132 5537 1145 5561 ,
1171 5504 1210 5551 si
1244 5507 1406 5552 tenues
1446 5505 1646 5554 verbum
1688 5506 1747 5555 ad
1785 5509 2013 5569 superius

523 5576 580 5611 re
601 5576 728 5611 eras.

523 5576 728 5612 releras.

494 5624 566 5736 l?
588 5624 643 5674 in
667 5623 857 5696 Gallie.,
872 5628 924 5673 et
947 5623 1095 5687 Vulg.
1121 5635 1228 5693 ossa
1238 5635 1402 5672 eorum
1417 5625 1501 5687 qui
1513 5624 1782 5694 hominibus
1804 5628 2010 5692 placent.

497 5687 517 5736 l
558 5688 576 5736 l
601 5687 729 5736 Sunt
741 5699 824 5736 aut
847 5685 1014 5736 legant
1037 5692 1288 5734 Antonium
1311 5696 1396 5736 pro
1424 5694 1622 5736 anumo.
1641 5691 1723 5736 nui
1739 5698 1876 5736 certe
1901 5705 2010 5736 ner-

497 5685 576 5749 (d)
601 5687 729 5754 sunt
741 5686 831 5754 qui
847 5685 1014 5754 legarit
1037 5685 1288 5754 lenonium
1311 5696 1396 5754 pro
1424 5685 1626 5754 innima,
1641 5691 1723 5751 qui
1739 5685 1876 5741 certe
1901 5705 2015 5754 per-

437 5745 602 5859 psum
649 5745 934 5819 Monachum
958 5745 1092 5795 illum
1117 5747 1533 5810 interpretantur,
1568 5745 1627 5798 ad
1658 5745 1816 5813 'quem
1855 5745 2016 5804 exstat

490 5819 725 5859 teronvmt
749 5807 951 5859 epistola
977 5806 1052 5857 l2.

490 5808 725 5872 ieronymi
749 5807 951 5870 epistola
977 5806 1052 5857 l2.

1681 353 2029 414 .EPISTOLA
2069 348 2238 409 XXII.

364 491 540 550 rlaris.
571 486 679 544 Nec
706 485 836 540 satis
855 477 1099 552 religiosa
1131 477 1262 534 velis
1287 475 1477 542 videri,
1500 488 1599 530 nec
1620 472 1736 544 plus
1763 471 1938 527 humi—

3514 344 3621 400 ιη

2045 468 2152 524 tius
2177 466 2376 533 invehi,
2402 480 2560 536 quam
2585 477 2824 520 monere.
2863 465 2996 551 Sunt
3021 461 3109 520 alii
3153 461 3257 535 (de
3285 461 3391 518 mei
3417 460 3623 517 ordinis

2043 557 2345 613 hominibus
2369 556 2594 627 loquor)
2619 556 2707 626 qui
2733 555 2850 610 ideo
2890 555 3318 626 Presbyteratum
3349 562 3405 610 et
3431 553 3622 608 Diaco-

2045 660 2225 705 uatum
2255 649 2512 714 ambiunt,
2545 657 2604 703 ut
2629 648 2882 703 mulieres
2915 648 3158 703 licentius
3182 647 3411 704 videant.
3437 645 3625 702 Omnis

2045 739 2129 794 bis
2157 755 2281 794 cura
2298 739 2365 795 de
2385 738 2640 804 vestibus,
2668 737 2712 791 si
2741 736 2878 791 bene
2897 737 3092 797 oleant.
3117 737 3160 791 si
3187 752 3301 806 pes.
3324 736 3442 790 laxa
3461 734 3621 804 pelle,

2047 846 2153 887 non
2178 830 2380 886 folleat.
2405 829 2592 885 Crines
2615 827 2909 884 calamistri
2939 827 3160 897 vestigio
3177 837 3448 892 rotantur;
3474 824 3627 895 digiti

2047 921 2115 977 de
2138 921 2348 976 annuli:
2370 921 2579 976 radiant
2609 937 2622 974 :
2649 927 2707 975 et
2728 933 2795 973 ne
2821 918 3025 988 plantas
3047 915 3310 970 humidior
3327 917 3410 970 via
3439 929 3628 984 asper-

2048 1020 2158 1080 gat,
2187 1011 2276 1065 vix
2297 1009 2608 1079 imprimunt
2646 1022 2854 1062 summa
2893 1007 3131 1076 vestigia.
3175 1003 3334 1059 Tales
3375 1019 3499 1059 cum
3545 1003 3628 1058 via

2049 1100 2212 1167 deris,
2261 1114 2487 1172 sponsos
2530 1099 2698 1170 magis
2726 1097 2988 1153 aestimato
3017 1110 3172 1166 quam
3217 1092 3472 1149 Clericos.
3501 1094 3632 1161 Qui-

2051 1190 2172 1246 dam
2211 1191 2263 1245 in
2312 1190 2416 1245 hoc
2460 1204 2620 1245 omne
2661 1188 2896 1244 studium
2938 1187 3205 1256 vitamque
3231 1193 3542 1255 posuerunt,
3575 1194 3635 1240 ut

2051 1290 2412 1336 matronarum
2442 1280 2656 1334 nomina
2679 1319 2694 1344 ,
2723 1279 2933 1342 domos,
2982 1291 3264 1346 moresque
3283 1283 3630 1346 cognoscant.

2054 1373 2131 1426 Ex
2161 1371 2355 1441 quibus
2381 1385 2568 1435 unum,
2595 1370 2687 1438 qui
2717 1368 2874 1439 hujus
2901 1368 3032 1422 artis
3056 1376 3139 1423 est
3163 1366 3434 1437 princeps,
3457 1365 3636 1421 brevi-

2057 1472 2138 1519 ter
2189 1464 2520 1534 strictimque
2565 1462 2863 1519 describam
2914 1479 2929 1518 :
2977 1477 3084 1533 quo
3131 1460 3336 1518 facilius
3381 1461 3636 1531 magistro

2053 1557 2291 1627 cognito,
2349 1555 2636 1625 discipulos
2664 1568 3035 1625 recognoscas.
3079 1550 3210 1608 Cum
3256 1551 3370 1607 sole
3411 1550 3637 1607 festinus

2057 1647 2296 1716 exurgit;
2341 1645 2604 1700 salutandi
2647 1645 2698 1700 ei
2726 1645 2859 1700 ordo
2899 1644 3228 1715 disponitur;
3257 1643 3459 1698 viarum
3485 1656 3638 1697 com-

2054 1737 2252 1806 pendia
2298 1737 2658 1807 requiruntur,
2698 1745 2752 1791 et
2779 1750 2916 1804 pene
2940 1749 3108 1804 usque
3135 1733 3202 1788 ad
3229 1733 3472 1788 cubicula
3515 1731 3641 1788 dor-

2061 1828 2355 1890 mientium,
2384 1842 2545 1882 senex
2569 1828 2903 1899 importunus
2924 1825 3236 1896 ingreditur.
3266 1825 3322 1880 Si
3360 1824 3640 1893 pulvillum

2061 1920 2272 1984 viderit,
2295 1921 2340 1974 si
2369 1919 2586 1975 mantile
2613 1920 2850 1990 elegans,
2873 1919 2919 1975 si
2937 1917 3136 1989 aliquid
3171 1917 3478 1974 domestica:
3509 1930 3640 1986 sup-

2063 2012 2362 2080 pellectilis,
2397 2011 2595 2075 laudat,
2622 2013 2866 2077 miratur,
2898 2018 3165 2075 attrectat,
3205 2018 3262 2066 et
3297 2023 3357 2065 se
3399 2009 3482 2064 his
3505 2007 3643 2064 indi-

2061 2117 2188 2171 gere
2215 2118 2569 2172 conquerens,
2599 2118 2703 2157 non
2729 2112 2834 2156 tam
2862 2103 3305 2172 impetrat,quam
3325 2109 3640 2171 extorquet:

2063 2194 2186 2262 quia
2214 2193 2446 2261 singulae
2485 2201 2725 2246 metuunt
2766 2192 3110 2246 Veredarium
3168 2191 3313 2247 urbis
3347 2191 3640 2248 offendere.

2066 2284 2199 2338 lluic
2217 2284 2426 2338 inimica
2443 2286 2679 2347 castitas,
2698 2284 2906 2340 inimica
2925 2283 3123 2352 jejunia
3143 2301 3157 2339 :
3185 2283 3461 2354 prandium
3485 2284 3644 2339 nido-

2066 2374 2216 2430 ribus
2246 2374 2434 2444 probat
2453 2374 2526 2445 (ε)
2545 2383 2596 2429 et
2617 2374 2750 2428 altili
2779 2388 3134 2444 geranopepa,
3157 2390 3274 2444 qua:
3292 2374 3450 2446 vulgo
3469 2375 3645 2445 pipiao

2069 2464 2392 2520 nominatur.
2476 2465 2630 2535 113
2700 2464 2774 2519 Os
2823 2464 3105 2520 barbarum
3150 2473 3205 2520 et
3232 2479 3462 2535 procax,
3489 2473 3544 2521 et
3589 2467 3645 2521 in

2133 2642 2204 2704 (ε)
2238 2641 2577 2694 Dillicillimum
2595 2642 2726 2692 hunc
2748 2637 3030 2704 Hieronymi
3054 2644 3231 2702 locum,
3249 2657 3358 2694 eum
3382 2657 3412 2695 e
3436 2645 3550 2697 Mss.
3585 2645 3647 2696 li-

2070 2704 2206 2766 bris.
2231 2706 2315 2766 qui
2337 2712 2567 2766 corrupte
2603 2711 2654 2753 et
2687 2707 2819 2766 varie
2864 2704 3118 2764 exhibent,
3163 2707 3353 2756 restitui
3394 2708 3513 2756 satis
3551 2723 3649 2758 non

2072 2765 2260 2831 possit,
2291 2777 2354 2814 ex
2390 2765 2589 2831 ingenio
2617 2765 2878 2831 supplere,
2904 2771 3052 2828 atque
3076 2766 3323 2828 explicare
3336 2766 3651 2831 interpretes

2071 2825 2228 2891 conati
2252 2832 2380 2891 sunt.
2408 2825 2633 2874 Erasmus
2654 2825 2775 2891 {vel
2811 2825 3054 2891 τιδνπίπτα
3074 2840 3103 2876 a
3125 2825 3398 2891 coquendis
3426 2825 3647 2891 gruibus,

2075 2887 2154 2936 vel
2188 2889 2248 2952 ab
2272 2888 2594 2952 instrumento
2617 2887 2841 2952 quodam
2856 2887 3102 2952 iarinaeeo
3125 2887 3364 2952 τιρᾶνοιιόπτε
3387 2887 3652 2952 legendum

2075 2950 2284 3016 censuit.
2309 2947 2550 3016 Victorius
2573 2947 2693 3016 vero
2725 2955 2771 2997 et
2792 2947 2916 3016 altiii
2946 2947 3178 3016 legit,_et'
3198 2965 3303 3014 74,.»
3337 2963 3357 3000 ὀ
3385 2947 3652 3016 ntéw,_qui-

2077 3009 2170 3058 bus
2191 3021 2352 3074 senem
2373 3008 2703 3074 effeminatum
2719 3023 2777 3074 ne
2800 3008 3370 3074 mllem'deiicatmiique
3393 3008 3650 3074 signiﬁcari

2079 3070 2362 3134 contendit,
2395 3070 2479 3134 qui
2515 3083 2622 3134 cum
2661 3070 2880 3134 altilium
2900 3084 2956 3120 ac
2985 3070 3484 3134 saginataruniiaviut'n
3515 3087 3656 3134 escas

2082 3133 2327 3197 probaret,
2354 3130 2517 3197 Piin'zq
2539 3131 2646 3192 ipse
2669 3130 3101 3197 vulgoidicerettir.
3127 3134 3191 3182 At
3231 3133 3404 3197 Caelius
3427 3131 3656 3197 Rhodigi-

2081 3191 2228 3257 nus‘l.
2253 3194 2302 3240 5.
2326 3195 2490 3257 antiq._
2506 3191 2621 3257 lect.
2647 3191 2856 3254 capiti.
2896 3208 3134 3257 pecvéxttua
3164 3193 3378 3257 praefert,
3415 3209 3561 3248 senex
3582 3191 3655 3248 ῖε-

2081 3219 2174 3241 nua
2197 3219 2228 3244 ι.
2253 3219 2302 3240 υ.
2326 3219 2475 3254 allslq-
2506 3219 2621 3241 ιυυι.
2647 3219 2752 3254 ων.
2784 3219 2800 3242 ι
2818 3219 2856 3241 ι.
2896 3220 2918 3256 γ
2979 3219 3134 3244 manu
3167 3219 3378 3257 μιῖιςιιπι,
3415 3219 3560 3248 acrius
3583 3219 3655 3248 ιε-

2081 3251 2336 3322 muientus,
2361 3255 2517 3314 inquit
2562 3252 2645 3302 ille
2671 3293 2684 3313 ,
2727 3267 2868 3317 quem
2904 3219 3068 3322 552m
3099 3263 3212 3322 ipse
3557 3258 3660 3322 dici

2084 3315 2432 3382 conjecturam,
2456 3327 2584 3382 nam_
2611 3314 2764 3382 πιπιζεζν
2792 3314 2963 3382 sugere
2985 3314 3406 3382 sigtiiﬁcag.'Ca_-lii_
3424 3320 3655 3382 emenda-

2086 3369 2267 3446 tioni-in
2292 3369 2810 3446 pluijiitmm'improbat
2833 3369 3168 3427 Kldovra'ud'us
3188 3378 3432 3446 Οςηῇυιοιἶ
3455 3379 3538 3429 lib.
3575 3381 3657 3446 ‘20,

2087 3450 2191 3546 cap.
2217 3438 2264 3486 5.
2292 3430 2508 3506 'vultque
2546 3430 2653 3508 legi
2685 3437 2874 3488 debere
2917 3454 3181 3502 τιμινουπιπος,
3205 3432 3361 3503 vipio,
3393 3443 3497 3491 sive
3519 3430 3660 3494 aruis

2087 3509 2147 3546 Im
2169 3499 2260 3546 ius.
2288 3497 2441 3545 Aliam
2467 3509 2590 3546 vtam
2613 3512 2863 3546 IDEI'ESSUS
2886 3509 2962 3546 est
2994 3500 3300 3546 Martianmus
3317 3537 3333 3546 .
3359 3515 3507 3546 (mem
3544 3505 3660 3546 vida

2086 3497 2260 3569 guttus.
2288 3497 2441 3569 Aliam
2467 3499 2590 3569 via‘m
2603 3497 2863 3569 ingressus
2886 3497 2969 3569 est
2989 3497 3300 3569 Martiantet'ts
3317 3497 3508 3569 {quem
3544 3505 3662 3555 vide

2089 3557 2146 3606 ad
2171 3557 2351 3607 calcem
2376 3557 2504 3607 libri.
2530 3559 2630 3608 Nos
2651 3557 2704 3608 u't
2725 3562 3030 3610 brevissimis
3053 3565 3220 3612 verbis
3253 3557 3548 3614 sententiam
3571 3579 3659 3616 no-

2089 3627 2236 3684 stram
2263 3619 2568 3680 explicemus
2584 3654 2598 3677 ,
2625 3623 2820 3684 propius
2840 3623 3113 3670 accedimus
3135 3623 3440 3684 Aldovrando
3457 3660 3471 3684 ,
3497 3639 3552 3675 ac
3590 3626 3663 3677 le-

2089 3679 2304 3753 gendum
2329 3679 2550 3752 putamus
2568 3679 2771 3753 et'aqili
2792 3696 3032 3753 τιριιινεηςεππι,ι
3043 3696 3151 3753 quas:
3173 3683 3311 3753 vulgo
3332 3679 3492 3747 pipizb
3511 3686 3664 3737 nomi-

2089 3739 2250 3789 natur.
2350 3741 2514 3811 primis
2537 3743 2664 3811 enim
2687 3739 2807 3791 Mss.
2829 3739 2878 3790 in
2899 3739 3117 3811 hacrfe're
3136 3739 3344 3811 lectione
3365 3739 3667 3811 g'eranopepa

2093 3803 2402 3868 Consentium
2423 3834 2437 3860 ,
2475 3803 2828 3868 maxime_vero
2864 3805 2996 3853 vocis
3019 3803 3559 3868 tenninatione"l’epa'.
3584 3803 3669 3860 aut

2091 3873 2266 3924 pepan.
2291 3861 2408 3911 H120
2430 3869 2596 3930 autem
2627 3863 2757 3924 vulgi
2789 3877 3019 3930 sermone
3052 3863 3192 3914 facile
3231 3866 3357 3930 dicta
3393 3861 3502 3926 est,
3530 3861 3669 3930 quasi

2093 3921 2208 3994 aa,
2233 3937 2279 3998 al
2295 3937 2428 3998 πηγός
2444 3960 2467 3998 ,ν
2495 3921 2656 3998 pullus
2677 3921 2806 3985 quod
2844 3925 2992 3998 latina
3016 3939 3134 3976 voce
3157 3939 3292 3998 pepli
3315 3927 3380 3976 de
3401 3921 3668 3998 moi-eiul-

2095 3986 2224 4055 garis
2267 3983 2654 4055 loquelaau'paulo
2695 3983 2924 4055 corrupte
2967 3983 3374 4055 pronuntiaretur.
3418 3988 3672 4055 Siquidem

2094 4043 2211 4093 inihi
2237 4043 2652 4108 verosimillimum
2676 4053 2768 4103 est,
2794 4043 2938 4108 Gruls
2961 4043 3142 4108 pullum
3159 4085 3172 4108 ,
3195 4061 3284 4097 seu
3308 4043 3672 4102 rectius'mino-

2096 4117 2204 4174 rem
2250 4105 2582 4174 Cruein_qiim
2619 4105 2711 4174 bpe
2724 4105 2974 4174 vocabulo
2988 4105 3245 4174 significari
3268 4109 3478 4160 solitam.
3519 4119 3669 4174 liram

2096 4165 2242 4236 enim,
2268 4165 2636 4237 inquitllflinius
2653 4167 2701 4215 in
2724 4167 2808 4237 lib.
2838 4169 2894 4237 i0
2919 4165 3676 4237 mp.'491_g_mgm_iiga

2098 4239 2153 4298 re
2178 4227 2394 4298 gipiories
2417 4227 2500 4298 (al.
2528 4227 2769 4297 Pipiones)
2807 4230 2878 4298 sic
2918 4227 3082 4298 vocant
3109 4231 3392 4298 ΔΜΙΝΟῌΕὲ
3427 4229 3673 4286 GHUES:

2101 4295 2154 4338 et
2174 4287 2617 4359 corneliusiNepo’s
2638 4288 2686 4359 in
2710 4287 2871 4359 pretio
2886 4304 2997 4359 esse
3018 4293 3177 4359 dixit;
3213 4301 3264 4343 et
3286 4294 3437 4343 Varro
3457 4321 3536 4359 περι
3571 4305 3678 4348 ωεσ-

2100 4363 2243 4421 page",
2268 4357 2318 4398 et
2342 4349 2624 4421 lflutarchus
2647 4349 2778 4421 Orat.
2823 4353 2898 4421 ii.
2945 4353 3008 4400 de
3043 4349 3264 4421 Carn'ium
3298 4349 3677 4421 esu_sag'_inandi

2103 4412 2252 4481 etiam
2275 4411 2466 4481 modum
2492 4413 2712 4481 tradunt,
2733 4421 2787 4462 ut
2809 4413 2930 4462 alios
2955 4427 3080 4463 nunc
3115 4417 3346 4464 omittam.
3389 4411 3680 4481 Quo'daddit

2134 4472 2264 4541 ipizq
2284 4472 2428 4534 vulgo
2452 4475 2698 4541 notiiinari,
2734 4487 2821 4523 nos
2857 4488 2954 4522 non
2976 4482 3173 4531 movet,
3199 4483 3252 4523 ut
3275 4489 3340 4524 ex
3365 4472 3508 4538 prava
3536 4478 3678 4541 Vulgi

2121 4533 2294 4596 0&1uela
2325 4533 2413 4601 ptfo
2445 4533 2575 4601 pipio
2609 4536 2787 4583 dictum
2812 4543 3065 4601 putemus;
3083 4549 3200 4601 _na_m
3223 4533 3377 4601 πιπὶζῳζ
3399 4545 3474 4601 est
3498 4533 3681 4601 pipio'a

2102 4595 2239 4653 πιπὲζω
2273 4595 2453 4654 verbo;
2492 4595 2696 4656 ejusque
2740 4595 2954 4644 vocabuli
2991 4595 3057 4644 in
3080 4597 3236 4645 infima
3273 4599 3417 4646 etiam
3443 4595 3681 4651 latinitate

2104 4669 2244 4723 usum
2268 4656 2546 4723 Ducaugius
2569 4663 2717 4704 notat.
2740 4657 2878 4705 Nunc
2899 4670 3019 4723 vero
3039 4659 3109 4707 sic
3129 4660 3685 4723 rescribendumlegen-

2103 4718 2319 4786 dumque
2344 4716 2501 4765 locum
2535 4724 2756 4786 putamus
2780 4717 3102 4786 :___Prandium
3127 4719 3376 4770 nidoribus
3400 4716 3594 4786 probat",
3634 4730 3687 4777 et

2106 4777 2254 4841 ,ιρι-ᾳὴ
2277 4789 2470 4841 agapen
2493 4777 2702 4841 nominat
2730 4790 2747 4827 :
2772 4777 2878 4841 aiiis
2899 4792 3008 4841 quae
3032 4777 3686 4835 interseruntur'verbis're-

2106 4838 2334 4900 pudiatis;
2355 4838 2767 4908 qumSchoiiastaz
2785 4839 2849 4908 de
2872 4838 2980 4900 suo,
3005 4853 3177 4891 vocem
3199 4850 3348 4908 {erait
3363 4857 3569 4908 agapen,
3592 4859 3686 4897 seu

2105 4899 2206 4970 ἱιρᾳη
2213 4961 2222 4970 ,
2231 4899 2385 4970 ῥηταί(
2395 4899 2512 4960 quid
2535 4901 2608 4947 rei
2633 4908 2764 4970 esset
2789 4899 3372 4970 ignorantes,-et_altilem
3395 4899 3499 4955 'ra'ti
3533 4899 3689 4970 primo

2110 4959 2168 5008 ad
2193 4959 2304 5021 libri
2341 4959 2472 5008 oram
2506 4963 2768 5011 commenti
2791 4959 2904 5011 sunt
2923 4998 2936 5021 ,
2962 4959 3219 5014 deindein
3251 4973 3445 5016 textum
3477 4959 3690 5018 iniruse-

2110 5027 2240 5070 runt.
2268 5019 2838 5088 Erantliieronymianis
2876 5019 3177 5086 temporibus
3193 5062 3206 5085 ,
3231 5028 3344 5088 quin
3368 5029 3520 5078 multo
3543 5033 3690 5080 etiam

2110 5090 2244 5147 ante,
2269 5082 2521 5147 Christiani
2547 5082 2739 5145 quidam
2764 5082 3223 5147 intemperantiores
3243 5082 3325 5147 qui
3350 5103 3458 5138 cum
3481 5090 3690 5140 delicata

2111 5144 2309 5218 obsonia
2342 5144 2729 5218 conquirerent,
2754 5144 3108 5218 pararentque,
3133 5144 3384 5218 tum__hanc
3414 5164 3601 5218 agapen
3638 5159 3692 5202 et

2112 5216 2296 5272 sacram
2315 5207 2420 5272 sive
2438 5207 2628 5266 proprio
2646 5207 2840 5272 nomine
2855 5207 3392 5272 jei'un'agapendieere
3415 5207 3688 5271 audebant;

2114 5266 2242 5374 quod
2267 5267 2589 5316 vehementer
2611 5266 2867 5330 redarguit
2899 5266 3128 5320 Clemens
3161 5271 3475 5321 Alexandria.
3503 5276 3551 5322 in
3591 5266 3696 5322 Pte-

2148 5339 2293 5374 3202.
2321 5327 2403 5374 lib.
2430 5329 2505 5374 11.
2533 5341 2578 5374 c.
2619 5342 2763 5374 auem
2801 5329 2957 5374 locum
2998 5331 3076 5374 hic
3112 5337 3298 5374 tantum
3343 5333 3491 5374 latine
3533 5334 3690 5374 dabn_

2148 5339 2293 5400 agog.
2321 5327 2403 5376 lib.
2430 5329 2505 5376 ll.
2533 5327 2778 5400 c.._quem'
2801 5329 2957 5380 locum
2998 5331 3076 5379 hic
3112 5337 3298 5400 tantum
3329 5333 3491 5400 latine
3533 5334 3658 5382 dabo
3679 5372 3693 5389 .

2115 5400 2224 5455 eum
2249 5388 2706 5455 Grzecenonisit'ad
2732 5403 2900 5439 manus
2924 5405 2936 5440 :
2963 5391 3183 5455 Caritatis
3205 5393 3381 5455 inquit,
3405 5395 3520 5449 vita,
3544 5388 3690 5455 quain

2115 5449 2298 5520 audent
2319 5449 2512 5520 quidam
2533 5452 2740 5520 Agapen
2761 5465 2937 5520 vocare
2963 5491 2976 5514 ,
3002 5452 3247 5520 eil‘raenata
3275 5449 3450 5520 lingua
3475 5449 3690 5520 utentes.

2117 5509 2309 5574 Nempe
2332 5509 2551 5574 quietiam
2577 5509 2802 5574 prandida
2827 5509 3068 5570 nidorem,
3097 5521 3149 5562 et
3167 5515 3247 5574 jus
3268 5509 3560 5574 redolentia,
3585 5514 3696 5574 jul-

2121 5571 2288 5636 ehtjutn
2310 5571 2366 5622 ac
2388 5571 2608 5636 Salutare
2627 5573 2775 5636 Verbi
2798 5587 2946 5636 opus:
2972 5571 3379 5636 Sacram'Agapen
3397 5573 3511 5636 ollis
3529 5571 3698 5636 nescio

2157 5633 2306 5696 uibus
2325 5631 2582 5696 etliquido
2613 5635 2724 5696 jure
2746 5631 3102 5696 dedecorantes
3127 5631 3608 5696 joluquejhdelieiis
3646 5644 3700 5686 et

2143 5690 2254 5756 unto
2278 5693 2393 5743 illud
2415 5690 2591 5744 Nomen
2613 5690 2871 5756 maledicto
2915 5690 3289 5756 prosequentes.
3316 5690 3570 5743 Falluntur
3593 5699 3701 5745 exi-

2125 5754 2401 5826 stimatione
2425 5762 2479 5804 ut
2501 5755 2587 5826 qui
2612 5755 2702 5805 Dei
2728 5754 3013 5816 promiséum
3035 5754 3293 5816 prandiolis
3315 5767 3370 5802 se
3396 5768 3539 5818 posse
3566 5769 3701 5808 eme-

2126 5828 2183 5863 re
2217 5824 2603 5878 expectaverint.
