4136 6332
475 371 582 436 M3

475 485 714 543 convicia
748 494 961 552 semper
987 488 1274 536 armatum.
1316 478 1663 551 Quocumque
1715 487 1768 534 te
1812 477 2056 542 verteris,

477 577 679 646 primus
712 573 764 628 in
794 572 930 626 facie
953 580 1055 626 est.
1083 570 1347 640 Quidquid
1386 585 1584 626 novum
1623 569 1939 633 insonuerit,
1969 576 2060 622 aut

387 720 410 727 ρ
457 676 683 731 auctor,
707 671 801 718 aut
826 672 1173 732 exaggerator
1193 671 1276 717 est
1303 662 1476 716 famze.
1508 661 1643 730 Equi
1675 675 1768 729 per
1806 660 2058 714 horarum

476 765 745 809 momenta
765 763 1058 820 mutantur,
1079 762 1186 807 tam
1209 753 1380 818 nitidi,
1406 762 1618 822 tamque
1647 751 1868 818 feroces,
1895 760 1953 805 ut
1981 748 2056 820 (α)

474 843 686 898 Thracii
713 844 852 914 regis
878 842 1024 897 illurn
1047 850 1199 912 putes
1222 856 1341 897 esse
1365 855 1698 912 germanum.

555 934 644 990 29.
676 933 853 988 Variis
883 933 1107 988 callidus
1136 933 1306 987 hostis
1334 941 1532 1004 pugnat
1561 930 1789 986 insidiis.
1828 929 2050 1001 Sapienv

478 1024 586 1079 tior
628 1036 743 1080 erat
781 1024 1002 1079 coluber
1037 1023 1285 1078 omnibus
1327 1023 1514 1078 bestiis
1541 1063 1556 1088 ,
1595 1037 1729 1092 quas
1778 1028 2056 1076 creaverat

473 1118 733 1172 Dominus
757 1131 918 1187 super
943 1126 1160 1172 terram.
1186 1114 1341 1172 Unde
1359 1124 1412 1170 et
1439 1114 1729 1183 Apostolus
1759 1131 1772 1168 :
1800 1111 1945 1178 Non,
1966 1112 2052 1166 in-

471 1210 609 1279 quit,
634 1211 927 1281 ignoramus
952 1209 1061 1278 ejus
1081 1207 1312 1262 astutias.
1338 1205 1452 1260 Nec
1479 1219 1807 1260 AFI'BCTA'I‘E
1834 1217 2049 1268 soanss,

461 1288 575 1354 nec
612 1300 891 1369 exquisita:
937 1297 1215 1352 munditiae
1259 1295 1584 1351 conveniunt
1625 1293 1949 1350 Christiano.
1992 1293 2050 1348 Si

469 1390 599 1462 quid
627 1390 839 1462 ignoras
863 1429 880 1456 ,
909 1391 954 1444 si
981 1387 1105 1458 quid
1131 1387 1198 1443 de
1225 1385 1518 1456 Scripturis
1543 1386 1754 1442 dubitas
1778 1427 1794 1453 ,
1819 1386 2048 1439 interro-
2103 1401 2137 1444 /
2225 1383 2316 1438 30.
2365 1383 2497 1438 Cum
2545 1392 2671 1439 ante
2699 1396 2869 1438 annos
2896 1382 3157 1453 plurimos
3191 1383 3352 1440 domo
3372 1424 3388 1451 ,
3431 1385 3739 1455 parentibus

470 1495 536 1550 ga
567 1495 713 1546 eum,
734 1495 893 1551 quem
918 1478 1024 1533 vita
1045 1477 1422 1544 commendat,
1451 1485 1674 1532 excusat
1700 1485 1829 1531 tetas
1858 1507 1875 1542 ,
1910 1473 2049 1528 fama

469 1585 578 1626 non
604 1575 896 1641 reprobat;
921 1569 1010 1640 qui
1043 1569 1212 1638 possit
1236 1568 1452 1634 dicere,
1488 1584 1509 1620 ι
1544 1567 1872 1637 Desponsavi
1903 1565 2048 1620 enim

470 1677 572 1718 vos
614 1664 706 1719 uni
743 1665 880 1730 viro,
929 1663 1190 1732 virginem
1243 1671 1446 1718 castam
1477 1660 1735 1716 exhibere
1774 1658 1990 1714 Christo
2020 1672 2042 1710 ι

469 1753 547 1822 (2.
583 1752 701 1808 Cor.
731 1753 820 1810 Η.
860 1753 940 1822 2).
989 1753 1097 1807 Aut
1124 1753 1169 1808 si
1199 1767 1304 1807 non
1334 1761 1416 1808 est
1439 1751 1531 1822 qui
1564 1750 1733 1820 possit
1751 1762 2044 1818 exponere,

468 1857 656 1898 tractus
678 1857 774 1899 ss'r
797 1855 1008 1908 ALIQUID
1028 1844 1236 1900 nescire
1257 1858 1466 1910 secure,
1489 1857 1647 1914 quam
1668 1856 1790 1896 cum
1810 1839 2049 1911 periculo

467 1933 694 1990 discere.
719 1935 1010 2002 Memento,
1032 1936 1158 2006 quia
1173 1935 1225 1990 in
1252 1935 1432 1990 metlio
1453 1934 1766 2005 laqueorum
1782 1924 2046 1988 ambulas:

466 2033 523 2080 et
561 2025 743 2081 multa:
796 2036 1066 2082 vcterana:
1119 2027 1357 2096 virgines
1410 2026 1671 2081 castitatis
1737 2025 2050 2080 indubitatae

466 2116 521 2170 in
553 2117 674 2186 ipso
708 2117 898 2172 mortis
940 2117 1126 2172 limine
1169 2131 1425 2172 coronam
1469 2115 1751 2186 perdidere
1779 2115 1848 2171 de
1877 2115 2051 2170 mani-

466 2206 588 2262 bus.
613 2207 667 2262 Si
695 2223 815 2278 quae
837 2208 1100 2263 ancillulae
1129 2216 1254 2263 sunt
1287 2207 1511 2262 comites
1547 2208 1804 2276 propositi
1832 2207 1906 2261 tui
1933 2195 1947 2270 ,
1980 2220 2051 2261 ne

466 2299 694 2369 erigaris
722 2298 983 2354 adversus
1012 2313 1106 2354 eas
1131 2340 1145 2363 ,
1189 2314 1256 2352 ne
1289 2297 1492 2353 inﬂeris
1520 2305 1580 2352 ιιι
1600 2297 1838 2352 domina.
1872 2295 2048 2352 Unum

464 2405 724 2459 sponsum
751 2389 952 2445 habere
981 2389 1218 2458 cepistis
1237 2430 1252 2454 ,
1280 2389 1439 2444 simul
1467 2389 1712 2458 psallitis,
1743 2387 1941 2442 Christi
1974 2387 2052 2441 si-

463 2484 573 2542 mul
594 2497 792 2552 corpus
810 2482 1074 2551 accipitis,
1107 2481 1181 2553 (ὁ)
1209 2496 1304 2535 cur
1331 2482 1526 2534 menda
1552 2481 1764 2535 diversa
1786 2479 1892 2534 sit?
1917 2479 2049 2534 Pro-

466 2581 720 2627 vocentur
744 2582 800 2626 et
818 2573 958 2628 aliae.
1001 2572 1182 2626 Ilonor
1211 2571 1476 2639 virginum
1517 2571 1588 2625 sit
1618 2571 1858 2625 invitatio
1883 2578 2047 2626 crete-

463 2679 666 2720 rarum.
697 2664 849 2730 Quod
877 2665 920 2719 si
945 2665 1176 2734 aliquam
1202 2663 1440 2718 senseris
1463 2663 1812 2718 inﬁrmiorem
1837 2664 1887 2717 in
1919 2662 2042 2729 ﬁde,

461 2758 675 2828 suscipe
695 2800 708 2822 ,
738 2759 1020 2814 consolare
1048 2798 1065 2825 ,
1097 2757 1358 2821 blandire,
1389 2765 1446 2811 et
1465 2756 1771 2826 pudicitiam
1800 2757 1941 2814 illius
1962 2755 2046 2811 fac

462 2850 849 2904 Iucrumtuum.
868 2849 922 2906 Si
951 2864 1054 2920 qua
1076 2849 1312 2914 simulat,
1341 2846 1892 2917 fugieusservitutem,
1920 2847 2044 2902 huic

461 2952 643 3012 aperte
673 2941 985 3012 Apostolum
1017 2941 1134 3011 lege
1167 2957 1182 2995 :
1219 2958 1239 2992 ί
1272 2939 1461 2994 Melius
1499 2947 1582 2996 est
1625 2943 1850 3006 nubere,
1881 2955 2041 3010 quam

459 3033 541 3088 uri
563 3053 582 3086 ο
629 3034 708 3104 (l.
742 3031 862 3088 Cor.
894 3033 948 3087 1.
978 3032 1059 3102 9).
1102 3031 1208 3087 Eas
1255 3040 1435 3087 autem
1467 3032 1701 3102 virgines
1746 3041 1800 3087 et
1830 3031 2037 3099 viduas,

465 3122 623 3196 ιιι
691 3139 812 3195 quae
865 3127 1052 3179 otiosa:
1094 3133 1149 3180 et
1199 3123 1425 3179 curiosa:
1468 3123 1658 3180 domos
1705 3125 2041 3180 circumeunt

458 3226 842 3279 matronarum,
875 3230 995 3285 qua:
1022 3215 1219 3271 rubore
1241 3216 1428 3270 frontis
1456 3215 1527 3286 (ρ)
1555 3216 1757 3282 attrito,
1779 3219 2038 3287 parasitos

459 3306 677 3360 vincunt
728 3307 1061 3372 mimorum,
1111 3307 1261 3374 quasi
1311 3307 1565 3376 quasdam
1619 3317 1795 3377 pestes
1844 3309 2036 3378 abjice.

462 3416 482 3449 ι
518 3387 882 3468 Co’rrumpunt
922 3414 1100 3454 mores
1140 3401 1310 3454 bonos
1354 3400 1813 3456 confabulationes
1863 3404 2033 3471 pessi-

456 3503 558 3543 mae
585 3506 604 3540 ι
641 3488 716 3561 (i.
738 3488 856 3544 Cor.
893 3490 1107 3557 15.55).
1132 3489 1284 3545 Nulla
1313 3490 1416 3545 illis
1439 3491 1539 3544 nisi
1563 3493 1764 3546 ventris
1783 3507 1909 3547 cura
1932 3502 2032 3560 est,

455 3586 510 3632 et
533 3594 650 3647 quae
669 3579 838 3634 ventri
861 3589 986 3633 sunt
1007 3580 1267 3649 proxima.
1289 3580 1589 3635 Istiusmodi
1616 3581 1816 3637 hortari
1834 3583 2031 3648 solent,

453 3677 508 3726 et
536 3670 720 3728 dicere
754 3690 770 3727 :
800 3671 866 3727 Mi
893 3672 1106 3737 catella,
1139 3673 1298 3729 rebus
1327 3675 1432 3728 tuis
1453 3683 1602 3730 utere
1627 3715 1643 3740 ,
1673 3685 1730 3731 et
1757 3676 1875 3732 vive
1903 3677 2031 3733 dum

453 3765 591 3821 vivis
618 3784 630 3820 :
661 3775 717 3822 et
741 3767 978 3837 nunquid
1009 3767 1130 3822 liliis
1179 3767 1282 3821 tuis
1303 3782 1487 3822 servas
1513 3767 1537 3822 .7
1566 3772 1583 3838 (
1614 3769 1636 3823 l
1667 3769 1686 3840 )
1721 3769 1932 3824 Vinosae
1961 3778 2034 3824 at-

452 3873 556 3928 que
583 3859 814 3924 lascivaz,
841 3859 1050 3929 quidvis
1081 3860 1203 3914 mali
1233 3860 1502 3914 insinuant
1529 3901 1545 3927 ,
1578 3876 1642 3916 ac
1668 3860 1868 3917 ferreas
1898 3876 2034 3932 quo-

452 3966 556 4020 que
605 3959 814 4006 mentes
857 3950 925 4005 ad
962 3950 1180 4005 delicias
1227 3951 1528 4006 emolliunt.
1588 3953 1694 4006 «Et
1722 3967 1844 4007 cum
1879 3953 2032 4007 luxu-

452 4043 602 4096 riata:
640 4042 836 4096 fuerint
880 4041 934 4096 in
988 4043 1224 4109 Christo,
1258 4041 1460 4098 nubere
1510 4044 1737 4110 volunt,
1768 4044 2032 4099 habentes

452 4135 873 4200 damnationem,
893 4135 1035 4206 quod
1066 4135 1290 4204 primam
1322 4135 1475 4188 fidem
1509 4135 1711 4190 irritam
1738 4135 1981 4190 fecerunt
2005 4155 2024 4189 ι

453 4225 474 4295 (
501 4227 550 4280 l.
579 4224 714 4280 Tim.
744 4227 798 4280 5.
828 4227 914 4280 il.
941 4225 1010 4279 12
1037 4225 1078 4294 ).
1119 4224 1230 4279 Nec
1267 4224 1358 4278 tibi
1388 4225 1585 4279 diserta
1637 4225 1862 4279 multutn
1894 4225 2031 4280 velis

452 4319 642 4385 videri,
658 4327 745 4372 aut
761 4318 838 4389 (ιι)
855 4317 1058 4388 Lyricis
1077 4318 1259 4371 festiva
1284 4318 1804 4380 carminibus,metro
1821 4318 2026 4374 ludere.

449 4409 566 4467 Non
591 4410 897 4466 delumbem
921 4417 1284 4464 matronarum
1307 4408 1522 4462 salivam
1542 4407 1765 4462 delicata
1782 4410 2027 4477 secteris,

450 4519 570 4574 quze
601 4516 742 4556 nunc
767 4501 976 4555 strictis
1003 4499 1255 4555 dentibus
1284 4541 1300 4564 ,
1336 4513 1477 4554 nunc
1521 4499 1677 4553 labiis
1705 4499 1981 4555 dissolutis
2007 4541 2025 4570 ,

450 4594 830 4649 balbutientem
854 4591 1089 4660 linguam
1113 4591 1165 4646 iu
1188 4588 1460 4646 dimidiata
1474 4591 1635 4645 verba
1659 4590 2024 4660 moderantur,

449 4686 708 4740 rusticum
737 4692 985 4754 putantes
1007 4699 1165 4738 omne
1187 4682 1329 4754 quod
1358 4684 1434 4753 (ε)
1465 4683 1722 4738 nascitur.
1742 4684 1891 4740 Adeo
1919 4685 2025 4742 illis

511 4861 586 4924 (a)
617 4858 872 4924 Diomedis
893 4856 1139 4924 videlicet,
1161 4859 1226 4924 de
1248 4861 1386 4922 cujus
1411 4863 1553 4924 equis
1576 4860 1774 4924 Lucret.
1801 4863 1883 4915 lib.
1908 4865 1957 4917 3.

666 4921 989 4989 £_t_l)t'oz_tiedis
1011 4921 1123 4989 equi
1138 4920 1374 4989 spirantes
1412 4920 1607 4972 naribus
1629 4923 1805 4989 ignem.

511 4983 583 5053 (ὁ)
616 4982 818 5042 Quidam
989 4979 1114 5053 apud
1138 4979 1435 5044 Victorinus
1453 4997 1540 5033 cur
1557 4979 1690 5037 metis
1711 4987 1917 5042 adversa
1938 4989 2020 5053 sit,

444 5045 526 5094 alii
566 5045 660 5094 cur
681 5055 815 5092 mens
838 5045 1028 5092 diversa
1048 5045 1128 5091 sit.

507 5107 764 5180 ςελῇηιεξ
776 5103 1120 5180 eratabs‘tirito,
1140 5105 1266 5180 quod
1292 5108 1578 5180 mutavimus
1601 5122 1662 5180 e_x
1689 5111 2019 5180 Cislerciensi,

442 5164 527 5275 aui
552 5164 699 5217 etiam
726 5164 933 5214 Parasiti
966 5164 1257 5217 diversaittes
1291 5168 1342 5216 in
1363 5169 1590 5230 modum,
1623 5173 1730 5221 fere
1757 5181 1809 5222 ut
1832 5164 2020 5236 priores

476 5241 551 5275 ua:
575 5230 833 5275 editiones.
858 5227 1034 5275 habet.
1063 5242 1147 5275 tiro
1170 5229 1404 5275 tmmsitos
1427 5231 1617 5275 vincunt
1653 5234 1920 5275 mimorum-

476 5241 551 5277 uae
575 5230 833 5290 editiones,
858 5227 1034 5286 habet,
1062 5242 1147 5290 pro
1170 5229 1404 5290 parasitos
1427 5227 1617 5282 vincunt
1653 5227 1920 5284 mimoritm.

507 5290 584 5360 (α)
619 5289 741 5360 Alite
763 5288 1016 5360 Editiones
1035 5288 1194 5360 lfyrici
1213 5291 1382 5354 festiva
1411 5295 1643 5345 ‘carminis
1663 5331 1678 5356 ,
1701 5303 1798 5344 etc.
1814 5303 1864 5345 et
1887 5297 2016 5359 apud

444 5349 670 5400 Grav'ium
696 5353 743 5399 in
781 5350 910 5399 circo
942 5364 1027 5411 pro
1049 5349 1215 5402 ii’tetro.

502 5413 571 5478 (ε)
608 5413 832 5478 Immutat
866 5411 1111 5461 Victorius
1135 5415 1182 5462 iu
1218 5417 1461 5475 noscitur;
1498 5417 1585 5466 sed
1609 5416 1866 5478 retinenda
1890 5420 2018 5478 prior

437 5470 592 5540 lectio
623 5474 837 5523 nascitur
862 5507 876 5531 ,
900 5486 1009 5535 qua:
1033 5483 1109 5524 est
1140 5485 1363 5526 veterum
1387 5470 1598 5527 omnium
1623 5470 1971 5540 exemplarium
1999 5517 2014 5540 ,

435 5536 769 5598 significatque
811 5544 931 5598 quot
975 5541 1185 5584 nativum
1220 5547 1314 5598 est,
1339 5551 1430 5586 seu
1469 5537 1709 5598 naturale.
1753 5536 2017 5590 Addeudus

435 5597 725 5659 omninogeSt
749 5597 988 5646 ltic’locus
1021 5599 1145 5659 apud
1169 5598 1416 5646 Zenonem
1452 5605 1665 5646 nostrum
1689 5597 1928 5646 Sermone
1950 5600 2014 5649 de

437 5656 700 5720 Evangelia
721 5673 822 5708 sec.
849 5659 1024 5707 Lucam
1046 5656 1110 5707 de
1133 5659 1311 5721 duplici
1333 5659 1654 5721 tentationum
1675 5663 1891 5721 _specie,
1915 5672 2012 5721 5m-

437 5718 596 5780 Justus
618 5722 805 5770 animus
826 5728 870 5770 ct
889 5733 1060 5778 parum
1081 5718 1253 5783 putans
1273 5731 1376 5768 esse
1399 5720 1525 5781 quod
1549 5718 1763 5769 nascitur
1787 5727 1882 5770 ctc.
1913 5719 2013 5772 Iino

495 5804 568 5866 (ί)
604 5801 829 5854 Fortasse
855 5803 1020 5854 verius
1043 5801 1218 5854 rinqu
1241 5835 1254 5864 ,
1279 5808 1329 5850 ut
1354 5800 1487 5849 alibi.

1755 347 1998 423 SANCTI
2036 350 2417 420 utsnoaviu

3633 347 3739 414 416

2165 473 2484 529 adulterium
2510 472 2672 529 etiam
2705 470 2900 543 linguas
2929 469 3106 540 placet
3141 487 3154 527 :
3187 487 3207 524 ι
3245 469 3378 540 Qute
3412 468 3557 526 enim
3587 482 3741 527 com-

2163 564 2457 619 municatio
2483 563 2589 618 luci
2617 563 2683 618 ad
2724 563 3021 618 tenebras?
3070 562 3171 630 Qui
3204 575 3504 617 consensus
3529 560 3743 620 Christo

2162 669 2286 709 eum
2317 655 2484 708 Belial
2517 672 2537 707 ι
2575 653 2650 723 (2.
2681 652 2800 708 Cor.
2829 654 2882 708 6.
2912 653 3047 724 14)?
3071 652 3210 722 Quid
3241 651 3366 707 facit
3392 667 3514 707 cum
3538 652 3744 710 Psalle-

2164 745 2248 800 rio
2276 745 2530 800 Horatius
2554 745 2577 798 ?
2607 760 2726 800 cum
2757 741 3065 816 Evangeliis
3091 745 3236 799 Maro
3261 745 3284 799 ‘l
3312 759 3434 801 cum
3482 747 3742 815 Apostolo

2162 836 2348 892 Cicero
2372 837 2396 890 ?
2420 836 2610 891 Nonne
2639 837 3032 892 scandalizatur
3053 835 3220 893 frater
3249 878 3265 906 ,
3317 838 3364 892 si
3399 847 3450 893 te
3471 838 3666 895 viderit
3685 842 3740 896 in

2159 927 2324 982 idolio
2353 928 2747 983 recumbentem
2774 927 2797 980 ?
2827 927 2893 982 Et
2914 928 3037 984 licet
3057 929 3236 983 omnia
3263 929 3461 984 munda
3483 930 3695 986 mundis
3720 971 3740 1000 ,

2159 1025 2214 1072 et
2251 1016 2384 1071 nihil
2429 1016 2797 1086 rejicieudum,
2828 1017 2970 1088 quod
3020 1032 3142 1072 cum
3192 1018 3482 1087 gratiarum
3531 1020 3743 1077 actione

2159 1107 2450 1177 percipitur
2473 1123 2488 1164 :
2516 1116 2694 1162 tamen
2717 1107 2877 1162 simul
2898 1107 3083 1164 bibere
3109 1123 3215 1164 non
3239 1108 3496 1166 debemus
3516 1111 3740 1168 calicem

2159 1197 2384 1265 Christi,
2414 1207 2471 1253 et
2494 1199 2717 1254 calicem
2744 1198 3157 1256 dmmouiorum.
3192 1201 3446 1258 Referam
3478 1203 3576 1260 tibi
3606 1220 3740 1261 mea:

2155 1289 2485 1345 infelicitatis
2513 1289 2816 1344 historiam.

2153 1473 2630 1544 sorore,eognatis,
2646 1481 2702 1528 et
2715 1473 2856 1544 quod
2871 1473 2953 1528 his
2965 1473 3230 1530 difﬁcilius
3241 1483 3343 1540 est,
3354 1479 3739 1535 consuetudine

2155 1563 2402 1620 lautioris
2425 1564 2553 1630 cibi,
2580 1573 2800 1634 propter
2815 1563 3077 1619 caelorum
3095 1579 3181 1620 me
3213 1580 3375 1634 regna
3441 1569 3594 1640 115
3650 1584 3738 1624 ca-

2153 1661 2413 1710 strassem
2433 1697 2447 1721 ,
2465 1663 2522 1711 et
2551 1657 2618 1726 (Ῑ)
2647 1655 3038 1726 Jerosolymam
3062 1657 3385 1712 militaturus
3407 1674 3684 1730 pergerem
3716 1698 3734 1726 ,
3775 1677 3777 1679 ί

2153 1736 2486 1802 Bibliotheca
2513 1785 2528 1812 ,
2561 1763 2720 1816 quam
2750 1747 2881 1802 mihi
2905 1748 3091 1802 Romae
3119 1762 3331 1804 summo
3361 1751 3544 1805 studio
3573 1767 3636 1806 ac
3661 1752 3734 1806 las

2152 1837 2283 1894 bore
2312 1837 2649 1894 confeceram
2675 1870 2691 1905 ,
2719 1851 2906 1895 carere
2931 1841 3154 1895 omnino
3181 1855 3286 1895 non
3321 1850 3583 1911 poteram.
3629 1843 3734 1898 Ita-

2153 1938 2262 1999 que
2289 1931 2455 1986 miser
2481 1942 2582 2001 ego
2624 1930 2861 1986 lecturus
2902 1931 3135 1986 Tullium
3167 1966 3183 1996 ,
3233 1932 3569 2002 jejuuabam.
3606 1935 3734 1992 Post

2154 2023 2392 2078 noctium
2417 2023 2642 2079 crebras
2664 2023 2872 2094 vigilias
2890 2062 2908 2088 ,
2937 2034 3060 2095 post
3106 2025 3370 2096 lacrymas
3397 2066 3413 2091 ,
3441 2039 3574 2098 quas
3598 2029 3732 2084 mihi

2156 2117 2548 2187 praiteritorum
2575 2117 2882 2173 recordatio
2905 2122 3246 2188 peccatorum
3272 2132 3340 2173 ex
3367 2117 3488 2174 imis
3516 2120 3734 2176 visceri-

2154 2210 2256 2264 bus
2272 2207 2518 2275 eruebat,
2543 2208 2622 2280 (g)
2639 2209 2861 2264 Plautus
2881 2209 3196 2266 sumebatur
3214 2210 3268 2266 ia
3291 2225 3479 2268 atauus
3502 2211 3594 2284 [ιιι.
3618 2229 3731 2267 ma.

2156 2295 2344 2371 nibus].
2371 2298 2426 2354 Si
2451 2299 2666 2368 quando
2695 2299 2750 2354 in
2779 2299 3155 2368 memetipsum
3181 2313 3432 2356 reversus
3453 2341 3470 2366 ,
3501 2300 3734 2372 Prophe-

2157 2400 2238 2445 tas
2274 2391 2459 2460 legerc
2485 2391 2771 2460 coepissem
2799 2432 2815 2457 ,
2862 2405 3042 2446 sermo
3074 2391 3329 2448 horrebat
3356 2393 3586 2449 incultus
3614 2410 3630 2459 ;
3674 2403 3732 2450 et

2155 2482 2275 2551 quia
2308 2481 2484 2538 lumen
2511 2483 2668 2538 caecis
2695 2482 2863 2537 oculis
2893 2497 2998 2537 non
3030 2482 3296 2548 videbam,
3323 2499 3428 2539 non
3453 2485 3731 2540 oculorum

2154 2571 2403 2642 putabam
2431 2573 2639 2642 culpam
2662 2587 2804 2637 esse,
2828 2573 2922 2628 sed
2945 2574 3095 2630 solis.
3125 2575 3256 2628 Dum
3279 2575 3350 2630 ita
3378 2591 3464 2630 me
3484 2576 3732 2646 antiquus

2153 2677 2376 2733 serpens
2396 2662 2491 2735 [al.
2521 2662 2700 2736 hostis]
2729 2663 2996 2731 iiluderet,
3024 2665 3078 2720 in
3103 2665 3273 2721 media
3304 2665 3471 2722 ferme
3493 2667 3732 2736 Quadraa
3777 2729 3788 2739 κ

2150 2755 2350 2823 gesima
2383 2754 2632 2809 medullis
2661 2754 2834 2810 infusa
2863 2753 3052 2821 febris,
3080 2769 3274 2826 corpus
3305 2757 3501 2813 invasit
3527 2759 3731 2814 exhau~

2151 2855 2291 2900 stum
2323 2864 2336 2900 :
2361 2855 2417 2900 et
2437 2847 2554 2900 sine
2581 2847 2688 2901 ulla
2716 2848 2904 2917 requie
2933 2849 2952 2916 (
2978 2847 3121 2918 quod
3145 2848 3289 2904 dictu
3319 2863 3531 2919 quoque
3553 2851 3729 2906 incre-

2149 2939 2313 2993 dibile
2343 2939 2454 3008 sit)
2487 2939 2564 2994 sic
2611 2937 2843 2994 infelicia
2874 2941 3110 2995 membra
3139 2939 3356 3009 depasta
3392 2949 3476 2996 est
3499 2981 3516 3007 ,
3549 2942 3626 3012 (Ii)
3671 2951 3728 2998 ut

2147 3032 2362 3086 ossibus
2390 3033 2474 3086 vix
2510 3032 2791 3087 hmrercm.
2822 3032 3038 3087 Interim
3072 3013 3327 3103 parantur
3355 3033 3596 3103 exequiae
3622 3075 3640 3101 ,
3673 3044 3729 3089 et

2145 3121 2324 3177 vitalis
2347 3123 2541 3178 animae
2566 3113 2735 3188 calo‘i',
2763 3133 2876 3178 toto
2907 3123 3226 3194 frigescente
3243 3125 3350 3195 jam
3373 3137 3604 3195 corpore
3627 3166 3644 3191 ,
3672 3127 3726 3181 in

2146 3213 2264 3267 solo
2314 3223 2520 3267 tantum
2595 3222 2811 3284 tepente
2863 3216 3172 3285 pectusculo
3225 3216 3514 3286 palpitabat
3545 3234 3559 3272 :
3590 3217 3724 3273 Cum

2145 3304 2322 3358 subito
2354 3316 2536 3372 t-aptus
2567 3305 2618 3357 in
2651 3307 2876 3374 spiritu,
2908 3309 2973 3361 ad
3006 3307 3234 3361 tribunal
3281 3306 3477 3375 judicis
3518 3321 3725 3376 pertra-

2146 3393 2246 3450 hor
2274 3410 2288 3457 ;
2323 3394 2408 3448 ubi
2440 3404 2643 3448 tantum
2670 3396 2909 3459 luminis,
2943 3406 2997 3450 et
3026 3405 3230 3450 tantum
3261 3406 3377 3452 erat
3405 3411 3471 3452 ex
3502 3398 3726 3453 circnma

2144 3484 2400 3537 stantium
2429 3484 2672 3539 claritate
2703 3485 2927 3555 fulgoris
2949 3527 2963 3550 ,
3013 3496 3071 3542 ιιι
3096 3487 3368 3557 projectus
3397 3487 3449 3542 in
3479 3497 3673 3543 terram
3701 3525 3718 3555 ,

2142 3587 2356 3630 sursum
2385 3577 2629 3645 aspicere
2659 3593 2765 3633 non
2792 3579 3067 3634 auderem.
3116 3579 3472 3650 Interrogatus
3498 3581 3563 3636 de
3589 3567 3724 3637 con-

2142 3665 2346 3720 ditione
2373 3701 2389 3732 ,
2420 3666 2786 3724 Christianum
2816 3683 2905 3725 me
2932 3685 3053 3726 esse
3081 3671 3356 3742 respondi.
3389 3670 3456 3726 Et
3499 3671 3590 3726 ille
3628 3673 3722 3741 qui

2141 3758 2805 3828 prtesidebatzlientiris,
2857 3762 2974 3829 ait,
3028 3762 3411 3820 Ciwronianus
3457 3776 3554 3830 es,
3609 3777 3720 3818 non

2139 3850 2522 3914 Christianus:
2557 3852 2648 3908 ubi
2697 3854 2842 3908 enim
2885 3854 3198 3922 thesaurus
3224 3863 3368 3919 tuus,
3397 3854 3467 3910 ibi
3492 3862 3498 3869 '
3521 3862 3577 3910 et
3625 3867 3721 3909 cor

2142 3951 2290 3997 tuum
2323 3943 2535 4013 (Matth.
2569 3943 2624 3999 (ἰ.
2649 3942 2766 4016 Si).
2799 3944 2946 4000 Illico
2967 3945 3232 4012 obmutui,
3262 3955 3312 4000 et
3336 3945 3474 4000 inter
3495 3945 3721 4000 verbera

2141 4035 2286 4103 (nam
2317 4035 2451 4088 caedi
2487 4049 2573 4090 me
2599 4034 2856 4106 jusserat)
2885 4036 3232 4090 conscienti—.e
3260 4036 3428 4106 magis
3461 4036 3580 4106 igne
3612 4045 3722 4090 ιυιη

2137 4126 2361 4196 qucbar,
2395 4127 2545 4182 illum
2576 4143 2783 4182 mecum
2813 4128 3136 4183 versiculum
3166 4138 3421 4198 reputans
3452 4146 3466 4183 :
3499 4147 3518 4179 ι
3557 4129 3612 4183 in
3640 4129 3720 4184 ἱιιδ

2139 4218 2292 4274 ferno
2317 4229 2494 4276 autem
2516 4221 2637 4290 quis
2660 4221 3002 4276 conﬁtebitur
3029 4221 3154 4277 tibi»
3179 4221 3298 4290 (Ps.
3327 4221 3381 4277 6.
3403 4222 3483 4294 6)?
3508 4220 3720 4278 Clama-

2136 4326 2196 4366 re
2249 4322 2425 4367 tamen
2473 4314 2631 4382 coepi,
2662 4317 2719 4368 et
2761 4312 2971 4382 eiulans
3021 4313 3202 4369 dicere
3233 4333 3245 4368 :
3273 4314 3532 4371 Miserere
3581 4315 3712 4381 mei,

2137 4405 2363 4460 Domine
2393 4445 2408 4471 ,
2439 4407 2703 4461 miserere
2732 4406 2859 4460 mei.
2892 4406 3016 4460 Haec
3043 4422 3142 4461 vox
3174 4407 3315 4462 inter
3341 4406 3544 4476 ﬂagella
3570 4421 3718 4462 resoo

2136 4495 2319 4550 nabat.
2367 4495 2606 4550 Tandem
2631 4495 2700 4550 ad
2731 4497 3074 4565 praesidentis
3102 4513 3274 4568 genua
3315 4499 3581 4568 provoluti
3623 4499 3716 4568 qui

2133 4587 2382 4641 astabant
2413 4628 2429 4654 ,
2479 4587 2842 4656 precabantur
2864 4629 2879 4654 ,
2914 4598 2972 4642 ut
2997 4589 3208 4644 veniam
3240 4590 3494 4645 tribueret
3527 4589 3714 4646 adole-

2132 4679 2350 4734 scentia:
2379 4719 2396 4745 ,
2443 4689 2499 4735 et
2528 4680 2699 4734 errori
2740 4680 2917 4734 locum
2949 4680 3277 4749 pmuitentia:
3304 4683 3668 4736 commodaret
3696 4716 3712 4749 ,

2132 4778 2417 4824 exacturus
2441 4769 2637 4824 deinde
2665 4769 2987 4836 cruciatum,
3019 4771 3065 4825 si
3097 4771 3384 4826 Gentilium
3412 4773 3712 4826 litterarum

2130 4860 2301 4915 libros
2323 4861 2612 4930 aliquando
2656 4861 2924 4932 legissem.
2956 4862 3072 4933 Ego
3105 4865 3196 4932 qui
3229 4863 3280 4918 in
3311 4871 3458 4918 tanto
3484 4865 3720 4920 constri-

2129 4961 2248 5008 ctus
2279 4952 2527 5018 articulo,
2559 4953 2756 5010 vellem
2788 4955 2950 5009 etiam
2979 4955 3183 5026 majora
3212 4956 3544 5026 promittere,
3567 4957 3718 5028 dejea

2128 5140 2181 5181 et
2223 5129 2458 5180 Minucius
2502 5126 2644 5178 Felix
2691 5129 2981 5192 inHOclavio
3016 5129 3130 5192 Cap.
3171 5128 3429 5192 XXXVIII.
3482 5131 3712 5180 editionis

2127 5193 2540 5254 Cantabrigiensis
2565 5203 2674 5252 pag.
2702 5190 2886 5254 182._et
2923 5206 3030 5254 seq.
3069 5187 3216 5241 0mm:
3239 5187 3368 5254 quod
3389 5193 3631 5254 nascitur,
3659 5199 3712 5254 at

2127 5205 2350 5244 Lantaurt
2392 5205 2540 5240 tensis
2565 5205 2674 5252 pag.
2702 5205 2806 5238 ωε.
2834 5205 2886 5238 et
2923 5206 3030 5254 seq.
3069 5205 3216 5241 omne
3239 5205 3366 5250 quoa
3389 5205 3631 5247 nasctmr,
3659 5205 3709 5241 ut

2125 5205 2394 5315 inriolabig
2419 5251 2509 5302 Dei
2529 5263 2715 5315 manus,
2747 5251 2878 5300 mitto
2899 5264 3042 5315 apere
3065 5251 3388 5315 corrumpitur
3422 5265 3496 5315 ec.
3543 5252 3709 5315 rideri

2125 5313 2300 5375 locum.
2335 5314 2457 5375 'I‘um
2483 5326 2568 5375 pro
2595 5312 2739 5369 adeo,
2763 5315 2890 5375 quod
2916 5310 2987 5375 re.
3003 5310 3350 5375 _osuimus,'alii
3374 5310 3509 5372 editi,
3538 5313 3672 5375 Inde.

2189 5373 2253 5439 (f)
2277 5373 2445 5439 Mallet
2467 5373 2804 5439 'l‘illemontius
2827 5373 3122 5439 .{itliOCItiatn
3146 5375 3319 5436 legere
3355 5388 3443 5439 pro
3463 5374 3708 5439 Jerosolye

2123 5431 2269 5494 main,
2293 5437 2423 5497 quod
2447 5438 2690 5494 nimirum,
2712 5449 2824 5484 cum
2844 5431 3244 5497 ltzecscriberet',
3271 5431 3481 5484 nondum
3503 5431 3706 5486 Jeroso~

2124 5499 2261 5560 lyram
2285 5496 2434 5560 fuisse
2476 5499 2616 5560 Hier.
2662 5498 2898 5546 videatur.
2944 5496 3042 5545 Sed
3068 5497 3526 5560 renuentibusllss.
3553 5506 3708 5560 atque

2125 5557 2268 5608 editis
2289 5559 2454 5620 libris,
2483 5559 2529 5607 id
2555 5573 2701 5606 unum
2729 5571 2962 5620 perquam
2987 5559 3235 5607 commode
3270 5557 3558 5618 intelligitur
3584 5557 3708 5608 iridi-

2123 5619 2594 5681 care,illuegquidem
2622 5622 2668 5668 in
2688 5619 2847 5667 animo
2872 5621 3097 5669 habuisse
3119 5653 3133 5676 ,
3153 5625 3206 5666 ut
3228 5622 3583 5681 pergeret,etsi
3602 5635 3706 5670 mu-

2123 5688 2221 5732 tato
2245 5679 2461 5741 consilto,
2481 5681 2747 5741 Antiochia:
2771 5683 2993 5741 primum,
3020 5689 3119 5728 l=um
3144 5681 3192 5727 in
3216 5679 3386 5741 eremo
3407 5684 3701 5733 substiterit.

2185 5741 2258 5863 (ἵέ
2292 5740 2417 5810 'l‘res
2439 5741 2552 5789 Mss.
2583 5740 2717 5789 Plato
2739 5737 3012 5810 sentiebatur
3035 5741 3085 5789 in
3107 5737 3348 5808 mimibus.

2185 5804 2235 5862 (t
2293 5799 2606 5852 Cistercicns.
2645 5807 2695 5852 ut
2733 5800 2916 5852 osstbus
2939 5812 3047 5852 ossa
3075 5813 3158 5853 tua;
3195 5800 3348 5853 lueret

2185 5799 2258 5862 (7t)
2293 5799 2606 5852 Cistercicns.
2645 5807 2695 5852 ut
2733 5800 2916 5852 ossibus
2939 5812 3047 5852 ossa
3075 5799 3158 5853 vix
3195 5800 3451 5853 luererent.
