4136 6332
370 399 472 464 11⁸1

375 543 495 585 rare
519 524 680 595 cepi,
702 530 758 579 et
783 533 972 577 nomen
999 517 1115 589 ejus
1141 515 1437 579 obtestans,
1464 511 1662 574 dicere,
1696 506 1946 594 Domine,

373 622 416 676 si
447 633 678 689 unquam
711 614 945 669 habuero
969 611 1182 667 codices
1210 607 1498 664 saeculares
1521 646 1538 672 ,
1567 603 1612 659 si
1659 601 1858 671 legero,
1895 609 1947 654 te

375 707 577 776 negavi.
611 705 667 759 In
699 705 813 759 haac
840 700 1161 757 sacramenti
1190 697 1352 752 verba
1374 694 1636 749 dimissus
1663 731 1678 756 ,
1702 697 1948 745 revertor

378 797 534 870 116
603 795 671 850 ad
711 808 977 864 superos;
1009 799 1064 845 et
1116 787 1432 844 mirantibus
1473 785 1680 839 cunctis
1705 823 1719 847 ,
1762 780 1947 834 oculos

373 898 555 958 aperto
596 895 750 940 tanto
792 885 1146 954 lacrymarum
1176 879 1347 933 imbre
1377 875 1642 946 perfusos,
1677 872 1944 937 utetiam,

375 978 663 1035 incredulis
695 977 854 1031 fidem
895 974 1126 1029 facerem
1157 985 1223 1026 ex
1253 969 1458 1024 dolore.
1488 965 1598 1020 Nec
1627 978 1756 1018 vero
1785 975 1948 1032 sopor

283 1103 288 1108 -
373 1070 459 1124 ille
486 1068 681 1129 fuerat,
711 1074 802 1120 aut
831 1079 966 1118 vana
995 1062 1225 1126 somnia,
1245 1058 1436 1130 quibus
1463 1070 1606 1125 smpe
1623 1052 1945 1109 deludimur.

372 1161 544 1215 Testis
573 1167 656 1214 est
681 1156 913 1212 tribunal
942 1153 1071 1209 illud
1095 1192 1112 1218 ,
1143 1160 1268 1206 ante
1295 1149 1435 1220 quod
1460 1147 1601 1218 jacui
1631 1187 1646 1211 ,
1681 1146 1832 1200 testis
1858 1143 1947 1214 ju-

371 1251 567 1305 dicium
599 1250 752 1305 triste
775 1289 790 1314 ,
821 1246 964 1318 quod
1020 1245 1170 1299 timui
1201 1259 1216 1297 :
1249 1243 1321 1297 ita
1354 1242 1482 1296 mihi
1515 1253 1787 1309 nunquam
1815 1252 1949 1292 con-

374 1340 537 1409 tingat
563 1338 616 1393 in
643 1337 804 1392 talem
836 1335 1072 1390 incidere
1101 1333 1470 1403 quatstionem.
1501 1329 1844 1403 (a)Liventes
1873 1325 1950 1381 fa-

377 1437 506 1483 teor.
537 1426 790 1482 habuisse
843 1441 928 1480 me
981 1424 1262 1494 scapulas,
1309 1423 1490 1492 plagas
1540 1420 1777 1475 sensisse
1831 1426 1953 1488 post

374 1531 659 1584 somnum,
705 1525 762 1572 et
812 1524 960 1571 tanto
1009 1515 1208 1570 dehinc
1254 1512 1432 1567 studio
1481 1511 1658 1566 divina
1712 1509 1949 1580 legisse,

373 1616 569 1677 quanto
599 1621 704 1661 non
727 1615 855 1661 ante
883 1604 1131 1660 mortalia
1155 1604 1414 1674 legeram.

444 1698 530 1752 5i.
562 1695 815 1752 Avaritize
858 1694 953 1749 tibi
997 1708 1211 1765 quoque
1256 1690 1532 1746 vitandum
1577 1699 1661 1745 est
1704 1689 1902 1744 malum
1934 1731 1949 1756 ,

374 1804 478 1842 non
506 1795 563 1842 ut
582 1786 754 1841 aliena
781 1801 887 1840 non
911 1794 1129 1855 appetas
1160 1782 1285 1856 (hoc
1307 1783 1449 1837 enim
1473 1789 1526 1836 et
1557 1780 1780 1849 publica:
1804 1780 1953 1849 leges

376 1878 620 1949 puniunt)
647 1877 742 1932 sed
763 1892 867 1947 quo
897 1887 982 1931 tua
1012 1917 1025 1940 ,
1056 1872 1133 1948 (ὁ)
1161 1889 1280 1944 qua:
1307 1874 1396 1927 tibi
1426 1881 1548 1926 sunt
1579 1872 1748 1925 aliena
1781 1911 1796 1935 ,
1848 1886 1952 1924 non

374 1983 572 2023 serves.
615 1986 634 2020 ι
669 1966 726 2023 Si
759 1968 811 2022 in
859 1967 1056 2030 alieno,
1122 1964 1314 2035 inquit,
1368 1963 1554 2017 lideles
1602 1979 1707 2016 non
1755 1961 1950 2026 fuistis,

371 2060 514 2129 quod
545 2071 780 2116 vestrum
811 2068 914 2126 est,
943 2058 1063 2130 quis
1092 2056 1241 2112 dabit
1267 2056 1420 2110 vobis
1456 2075 1474 2108 ι
1509 2053 1661 2126 (an.
1706 2054 1794 2110 16.
1829 2050 1954 2123 ηγρ

372 2151 560 2206 Aliena
596 2151 753 2206 nobis
793 2151 908 2204 auri
948 2148 1264 2219 argentique
1292 2158 1413 2201 sunt
1449 2146 1685 2214 pondera
1719 2187 1733 2210 ,
1770 2155 1961 2198 nostra.

375 2243 642 2310 possessio
668 2242 924 2312 spiritalis
950 2249 1034 2296 est
1065 2259 1080 2296 :
1109 2240 1179 2294 de
1200 2255 1302 2309 qua
1344 2239 1470 2292 alibi
1519 2238 1714 2291 dicitur
1744 2254 1757 2288 :
1797 2256 1815 2288 ι
1850 2237 1956 2290 Re-

370 2332 608 2402 demptio
662 2333 854 2387 anima:
905 2332 1026 2397 viri,
1053 2331 1282 2400 propria:
1331 2329 1526 2384 divitia:
1581 2328 1782 2397 (Prov.
1816 2329 1884 2382 15
1913 2329 1951 2396 ).

370 2424 539 2479 Nemo
559 2431 735 2494 potest
749 2422 957 2478 duobus
975 2421 1207 2476 dominis
1221 2419 1424 2475 servire
1453 2437 1465 2471 :
1504 2430 1596 2472 aut
1623 2420 1764 2473 enim
1791 2433 1954 2474 unum

369 2514 538 2577 odiet,
569 2522 623 2568 et
645 2515 873 2568 alterum
905 2511 1144 2576 amabit;
1177 2520 1269 2565 aut
1297 2525 1463 2565 unum
1489 2512 1718 2583 patietur
1745 2549 1761 2577 ,
1793 2521 1846 2566 et
1871 2513 1953 2565 al-

371 2614 548 2659 terum
578 2611 909 2659 contemnet.
934 2601 1050 2656 Non
1081 2603 1304 2672 potestis
1329 2601 1437 2656 Deo
1462 2601 1684 2667 servire,
1715 2611 1769 2656 et
1796 2617 1957 2657 mam-

369 2709 549 2748 mena:
588 2711 607 2745 ι
644 2691 857 2766 (Matth.
889 2693 941 2748 6.
969 2692 1085 2763 ει),
1117 2693 1168 2747 id
1196 2700 1280 2747 est
1311 2710 1330 2744 ‹
1364 2692 1582 2747 divitiis.
1618 2710 1637 2745 ι
1674 2693 1803 2747 Nam
1826 2709 1957 2763 gens

371 2785 447 2839 tili
474 2783 734 2855 Syrorum
760 2784 960 2854 lingua,
993 2783 1293 2839 Mammona
1325 2783 1524 2840 divitia:
1560 2794 1952 2854 nuncupantur.

371 2878 668 2932 Coorrnio
688 2891 870 2932 vrcrus
897 2914 914 2942 ,
945 2876 1112 2947 spinae
1139 2884 1264 2931 sunt
1292 2875 1434 2930 lidei.
1470 2877 1638 2933 Radix
1669 2879 1908 2932 avaritia:
1937 2915 1955 2944 ,

375 2986 501 3024 cura
544 2968 842 3038 gentilium.
892 2970 959 3023 At
1007 2968 1144 3023 dicis
1173 2986 1186 3021 :
1221 2969 1404 3023 Puella
1452 2985 1570 3023 sum
1603 2970 1827 3024 delicata
1859 3013 1875 3035 ,
1904 2979 1959 3025 et

378 3077 496 3129 quze
525 3059 770 3114 manibus
797 3059 930 3114 meis
958 3058 1201 3114 laborare
1233 3074 1338 3114 non
1366 3059 1588 3130 possim.
1633 3058 1690 3115 Si
1719 3061 1785 3115 ad
1811 3075 1960 3116 sene-

380 3162 517 3206 ctam
550 3164 767 3215 venero,
797 3150 840 3204 si
870 3159 1132 3220 aegrotare
1157 3164 1375 3220 erepere
1403 3192 1416 3214 ,
1449 3152 1568 3220 quis
1597 3151 1700 3206 mei
1734 3152 1957 3208 misere-

384 3243 522 3295 bitur
544 3241 568 3295 Τ
594 3239 732 3295 Audi
758 3240 1030 3310 Apostolis
1059 3241 1370 3310 loquentem
1398 3240 1580 3295 Jesum
1617 3259 1629 3294 :
1663 3259 1681 3294 ι
1713 3241 1789 3298 Νε
1810 3243 1959 3313 cogi-

385 3333 502 3386 tetis
529 3333 579 3386 in
615 3331 778 3386 corde
805 3340 989 3386 vestro
1015 3374 1028 3396 ,
1060 3331 1188 3400 quid
1233 3319 1565 3386 man-ducetis
1597 3355 1609 3387 :
1645 3348 1816 3402 neque
1842 3347 1961 3387 eor-

387 3424 501 3493 pori
530 3431 709 3477 vestro
737 3462 752 3488 ,
784 3422 912 3492 quid
940 3422 1257 3476 induamini.
1296 3422 1483 3478 Nonne
1515 3424 1690 3478 anima
1720 3426 1840 3494 plus
1879 3435 1962 3480 est

388 3532 542 3584 quam
569 3530 712 3580 esca,
741 3525 794 3570 et
825 3531 1017 3586 corpus
1051 3517 1167 3586 plus
1192 3533 1351 3587 quam
1381 3518 1758 3572 vestimentum
1787 3519 1810 3572 ?
1852 3518 1960 3572 Re-

389 3609 576 3675 .spicite
602 3609 834 3664 volatilia
866 3609 1022 3675 caeli,
1070 3610 1322 3678 quoniam
1371 3626 1476 3664 non
1522 3619 1746 3677 serunt,
1794 3625 1965 3680 neque

393 3707 613 3763 metunt,
647 3715 819 3769 neque
846 3711 1169 3768 congregant
1188 3700 1240 3753 in
1273 3699 1485 3762 horrea,
1517 3710 1570 3754 et
1597 3701 1757 3755 Pater
1785 3711 1965 3756 vester

392 3790 622 3844 t'lPiCSIiS
650 3791 820 3858 pascit
851 3791 938 3844 illa
980 3809 998 3842 r
1040 3791 1058 3860 (
1088 3789 1360 3845 Matt/1.5.
1387 3791 1478 3847 9.5.
1503 3789 1574 3845 26
1698 3791 1752 3845 Si
1804 3793 1966 3846 vestis

393 3879 637 3946 defuerit,
669 3880 776 3934 lilia
811 3890 1194 3950 proponantur.
1221 3879 1275 3934 Si
1307 3880 1559 3934 esurieris
1583 3920 1597 3945 ,
1630 3880 1814 3934 audias
1843 3881 1967 3934 bea-

397 3977 476 4022 tas
517 3984 773 4039 pauperes
824 3981 878 4026 et
916 3971 1235 4025 esurientes.
1281 3971 1336 4024 Si
1380 3971 1572 4039 aliquis
1619 3980 1669 4026 te
1716 3971 1968 4027 afflixerit

396 4060 547 4114 dolor
572 4104 586 4123 ,
639 4063 796 4132 legito
825 4081 839 4117 :
876 4081 894 4114 α
924 4063 1151 4132 Propter
1182 4063 1280 4117 hoc
1311 4064 1618 4133 complaceo
1647 4065 1780 4118 mihi
1807 4067 1859 4118 in
1887 4068 1968 4120 in-

399 4152 730 4208 firmitatibus
762 4154 914 4208 meis.
952 4173 971 4206 ι
1021 4154 1124 4217 Et,
1175 4172 1194 4205 ι
1233 4156 1387 4210 datus
1440 4164 1524 4209 est
1561 4157 1690 4211 mihi
1721 4157 1969 4214 stimulus

397 4245 570 4299 carnis
619 4262 770 4310 mea},
826 4247 1048 4316 angelus
1093 4247 1327 4312 Satanas,
1373 4249 1462 4318 qui
1495 4263 1579 4304 me
1610 4249 1910 4319 colaphizet
1944 4270 1963 4304 ι

397 4339 472 4405 (I.
502 4338 617 4391 Cor.
651 4339 717 4394 19.
770 4341 859 4394 50.
888 4342 971 4402 7).
1011 4341 1081 4410 (ο)
1113 4356 1179 4395 ηε
1207 4341 1454 4395 extollar.
1477 4341 1684 4396 Lmtare
1711 4343 1760 4396 in
1789 4345 1968 4398 omni-

401 4430 497 4483 bus
528 4430 740 4500 jndiciis
785 4432 897 4486 Dei.
947 4451 964 4482 ι
1003 4433 1384 4486 Εκιιιιτινειοιιηι
1410 4433 1550 4487 enim
1592 4435 1712 4488 lilia:
1742 4435 1891 4491 Judze
1918 4439 1971 4492 in

401 4521 881 4578 omnibuslndiciis
899 4525 1022 4588 tuis,
1047 4525 1286 4578 homine.
1303 4543 1320 4576 ι
1347 4525 1436 4578 Illa
1457 4526 1546 4579 tibi
1559 4539 1773 4596 semper
1794 4529 1846 4582 in
1878 4545 1973 4584 ore

403 4628 498 4666 vox
527 4625 742 4668 resonet
769 4633 783 4667 :
823 4633 840 4666 ι
883 4615 1060 4668 Nudus
1089 4617 1225 4669 exivi
1257 4617 1323 4670 de
1391 4618 1543 4688 117
1607 4628 1760 4672 utero
1789 4621 1974 4674 matris

405 4721 551 4771 mem,
582 4705 753 4759 nudus
784 4705 995 4760 redeam
1028 4724 1046 4757 ι
1077 4705 1214 4777 (Job.
1249 4709 1298 4760 i.
1327 4707 1443 4775 2t).
1480 4709 1576 4761 fit:
1615 4727 1634 4760 ε
1671 4709 1806 4762 Nihil
1837 4713 1980 4765 intu-

405 4795 556 4850 limus
603 4797 653 4850 in
701 4795 843 4851 hunc
893 4796 1169 4862 mundum,
1202 4813 1377 4867 neque
1422 4799 1631 4854 auferre
1673 4799 1802 4870 quid
1847 4817 1975 4872 pos-

401 4901 604 4942 SllinUS.
636 4907 656 4939 ι

472 4977 558 5030 '59..
601 4981 670 5032 At
699 4994 839 5033 nunc
865 4980 1140 5048 plerasque
1168 4979 1347 5034 videas
1374 4981 1600 5034 armaria
1627 4984 1857 5037 vestibus
1884 4987 1979 5039 sti-

406 5085 548 5138 pare,
573 5073 778 5126 tunicas
807 5085 1014 5127 mutare
1057 5074 1310 5141 quotidie,
1358 5081 1411 5125 et
1460 5081 1634 5128 tamen
1669 5075 1835 5130 tineas
1874 5093 1976 5131 non

409 5180 560 5232 posse
601 5182 879 5236 superare.
906 5167 1034 5234 Qua)
1062 5168 1359 5238 religiosior
1389 5167 1564 5232 fuerit,
1595 5185 1755 5223 unum
1786 5173 1981 5226 exterit

407 5252 709 5329 [πιπτει]
746 5257 1144 5322 vestimentum,
1176 5266 1231 5312 et
1273 5259 1443 5328 plenis
1479 5259 1617 5314 arcis
1644 5276 1845 5332 pannos
1872 5274 1980 5318 tra-

469 5406 542 5478 (α)
565 5408 828 5478 sequimur
840 5407 1042 5478 _Episco,
1062 5409 1087 5478 i_
1093 5408 1284 5478 Deatini
1310 5409 1472 5478 fidem,
1492 5413 1572 5478 qui
1599 5403 1803 5478 verbum
1825 5416 1981 5478 fateor

407 5469 681 5537 supplevit,
700 5477 756 5537 ut
777 5469 968 5537 videtur
987 5469 1039 5537 με
1068 5469 1203 5530 Mss,
1241 5473 1336 5519 etsi
1360 5484 1390 5520 e
1423 5469 1603 5523 nostris
1625 5476 1786 5526 nullus
1804 5469 1894 5537 {et
1917 5492 1982 5529 ne

411 5533 577 5594 excusi
600 5531 799 5594 quidem
821 5531 1148 5594 aliihabeant.

471 5591 541 5663 (b)
576 5586 916 5663 voculam_t_z'bi
933 5629 947 5653 ,
971 5605 1114 5663 quam
1137 5590 1490 5663 Martian._post
1511 5595 1696 5646 Erasm.
1724 5613 1981 5663 expunxe-
2045 5586 2057 5602 ’

410 5660 501 5710 rat,
525 5652 592 5724 εις
618 5654 764 5724 editis
786 5653 892 5724 aliis
908 5652 1003 5712 ,εἰ
1179 5652 1485 5724 reposuimus
1505 5669 1683 5724 :_supra
1709 5652 1855 5710 etiam
1878 5663 1982 5724 ple-

409 5724 561 5776 raque
581 5715 869 5778 hujusmodi,
893 5728 1002 5778 qua:
1028 5714 1148 5762 tanti
1171 5726 1265 5762 non
1288 5722 1420 5773 sunt,
1442 5722 1496 5764 ut
1517 5714 1774 5770 Lectorem
1793 5714 1982 5773 moi-en-

413 5780 506 5833 tur,
529 5776 908 5826 emeisdavimus.

465 5833 546 5899 ἵε)
579 5838 865 5888 Cistercicn.
893 5845 959 5889 Ne
981 5833 1183 5888 extollas
1201 5841 1246 5886 te
1275 5850 1288 5886 :
1322 5836 1515 5914 lavare,
1543 5847 1638 5890 etc.

1737 385 2067 449 EPISTOLA
2106 380 2274 441 XXII.

3534 387 3638 453 418

2054 501 2151 557 hit.
2197 501 2508 557 lnliciuntu'r
2543 494 2867 559 membranae
2895 506 3074 563 eolore
3098 515 3386 581 purpureo.
3432 509 3634 568 Aurum

2053 591 2298 662 liquescit
2337 593 2390 646 in
2438 593 2665 659 litteras,
2697 599 2924 663 gemmis
2969 599 3179 656 codices
3216 603 3531 668 vestiuntur,
3582 592 3638 660 et

2053 683 2226 738 nudus
2281 695 2404 739 ante
2458 683 2598 738 fores
2655 699 2838 739 earum
2881 685 3123 744 Christus
3171 694 3450 750 emoritur.
3500 678 3636 751 Cum

2053 789 2272 828 manum
2297 775 2472 844 egenti
2519 777 2871 844 porrexerint,
2897 778 3199 834 buccinant.
3245 782 3375 838 Cum
3401 784 3466 838 ad
3503 800 3637 856 aga-

2055 881 2156 938 pen
2186 869 2510 931 vocaverint,
2532 883 2707 937 praeco
2726 870 3058 926 conducitur.
3084 871 3202 927 Vidi
3227 889 3394 945 nttper
3418 877 3638 949 (nomen

2056 969 2236 1026 taceo,
2285 976 2352 1016 ne
2403 960 2645 1032 Satyram
2698 962 2872 1032 putes)
2922 963 3302 1020 nobilissimam
3353 970 3639 1026 mulierum

2054 1050 2413 1106 Romanarum
2457 1053 2510 1106 in
2552 1052 2772 1108 Basilica
2809 1053 2958 1109 Beati
2994 1056 3155 1122 Petri,
3194 1060 3456 1116 semiviris
3484 1071 3638 1118 antea

2055 1143 2387 1209 cedentibus,
2425 1145 2636 1213 propria
2666 1159 2846 1211 manu,
2875 1161 2980 1216 quo
3009 1148 3309 1218 religiosior
3341 1163 3636 1221 putaretur,

2053 1234 2290 1304 singulos
2335 1251 2579 1290 nummos
2608 1236 2890 1306 dispertire
2929 1241 3269 1310 pauperibus.
3319 1243 3524 1299 Interea
3555 1246 3639 1317 (ά)

2057 1322 2136 1397 [ut
2166 1339 2261 1379 usu
2291 1339 2449 1380 nosse
2481 1326 2730 1396 perfacile
2755 1327 2859 1401 est]
2889 1344 3022 1384 anus
3048 1331 3290 1400 quaedam
3325 1335 3476 1390 annis
3504 1351 3640 1405 pan~

2056 1415 2245 1486 nisque
2268 1417 2437 1472 obsita
2471 1422 2836 1488 prmcueurrit,
2873 1430 2928 1475 ut
2949 1422 3173 1478 alterum
3199 1440 3473 1481 nunnnum
3501 1426 3642 1484 acci-

2055 1507 2342 1576 peretzad
2403 1523 2561 1578 quam
2600 1526 2722 1565 cum
2779 1512 2968 1568 ordine
3015 1515 3379 1583 pervenisset,
3431 1533 3638 1589 pugnus

2056 1597 2346 1667 porrigitur
2377 1615 2474 1682 ppo
2504 1600 2743 1668 denario,
2775 1611 2829 1658 et
2852 1604 2982 1658 tanti
3013 1605 3252 1663 criminis
3272 1623 3397 1664 reus
3424 1613 3640 1678 sanguis

2056 1615 2346 1667 porrigitur
2442 1615 2474 1654 o
2504 1615 2743 1668 denario,
2775 1615 2829 1658 et
2852 1615 2982 1658 tanti
3013 1615 3252 1663 criminis
3272 1623 3397 1664 reus
3424 1615 3640 1678 sanguis

2054 1615 2588 1747 'ell‘unditurjtadix
2637 1693 2872 1746 omnium
2927 1695 3188 1751 malorum
3246 1708 3328 1752 est
3377 1702 3596 1755 avaritia
3620 1701 3668 1771 ,“

2058 1776 2286 1847 ideoque
2331 1778 2398 1833 ab
2444 1781 2700 1849 Apostolo
2740 1783 3002 1840 idolorum
3049 1791 3277 1842 servitus
3319 1791 3636 1859 appellatur.

2057 1868 2248 1934 Quaere
2287 1870 2514 1939 primum
2553 1888 2769 1941 regnum
2805 1875 2914 1940 Dei,
2944 1887 2998 1930 et
3027 1878 3139 1933 haec
3165 1881 3340 1933 omnia
3367 1897 3638 1950 apponen-

2062 1969 2146 2012 tur
2175 1959 2284 2012 tibi.
2329 1961 2440 2014 Non
2470 1963 2675 2018 oecidet
2710 1963 2849 2019 fame
2877 1967 3106 2022 animam
3132 1968 3328 2039 justam
3363 1971 3638 2030 Dominus.

2066 2066 2084 2098 ι
2113 2047 2299 2102 Junior
2328 2049 2423 2116 fui,
2455 2062 2508 2105 et
2536 2053 2708 2120 senui,
2741 2063 2794 2108 ct
2815 2071 2920 2111 non
2948 2058 3052 2112 vidi
3075 2059 3272 2128 justum
3298 2060 3633 2133 derelictum,

2060 2151 2232 2228 neque
2280 2155 2462 2194 semen
2499 2143 2615 2211 ejus
2657 2160 2904 2213 qumrens
2947 2164 3138 2218 panem
3169 2170 3188 2202 ι
3239 2151 3359 2222 (1’s.
3390 2155 3479 2209 56.
3517 2155 3638 2228 25).

2059 2226 2203 2280 Elias
2248 2231 2428 2284 corvis
2483 2233 2908 2292 ministrantibus
2963 2241 3214 2308 pascitur.
3275 2242 3440 2299 Vidua
3485 2226 3644 2303 Sare-

2061 2326 2239 2386 ptana,
2267 2322 2377 2390 ipsa
2401 2336 2521 2376 cum
2552 2324 2673 2379 filiis
2699 2338 2856 2384 nocte
2883 2332 3163 2398 moritura,
3190 2334 3510 2408 Pr0phetam
3541 2357 3640 2412 pa-3

2059 2406 2159 2461 scit
2200 2410 2443 2464 esuriens
2475 2430 2488 2465 :
2518 2423 2571 2467 et
2613 2415 2806 2470 mirum
2845 2419 2897 2473 in
2948 2422 3162 2477 modum
3218 2406 3440 2495 capsace
3486 2406 3639 2484 coni-

2061 2498 2225 2568 pleto,
2270 2502 2361 2571 qui
2404 2503 2627 2560 alendus
2666 2518 2908 2576 venerat,
2956 2512 3068 2567 alit.
3116 2515 3305 2571 Petrus
3347 2520 3641 2589 Apostolus

2060 2589 2229 2658 inquit
2259 2608 2273 2646 :
2307 2609 2328 2643 ‹
2358 2595 2672 2664 Argentum,
2706 2608 2759 2653 et
2796 2612 2984 2656 aurum
3018 2619 3121 2659 non
3151 2605 3342 2674 habeo,
3371 2610 3512 2680 quod
3541 2627 3640 2666 att-

2063 2689 2170 2737 tem
2215 2683 2407 2753 habeo,
2457 2687 2561 2743 hoc
2598 2691 2691 2745 tibi
2736 2692 2826 2747 do.
2883 2693 2938 2748 In
2989 2698 3204 2754 nomine
3257 2701 3465 2756 Domini
3516 2701 3644 2760 Jesu

2061 2787 2241 2845 surge,
2281 2787 2335 2832 et
2361 2778 2574 2835 ambula
2605 2800 2626 2834 ι
2658 2783 2794 2854 (Act.
2827 2786 2881 2842 3.
2915 2786 2992 2858 6).
3023 2791 3093 2845 At
3134 2807 3272 2848 nunc
3302 2795 3476 2863 multi,
3520 2797 3648 2854 licet

2063 2881 2312 2922 sermone
2351 2877 2580 2938 taceant,
2612 2890 2776 2944 opere
2806 2879 3094 2948 loquuntur
3118 2900 3136 2935 τ
3170 2883 3351 2939 Fidem
3393 2897 3448 2943 et
3476 2890 3646 2945 ntised

2063 2957 2345 3014 ricordiam
2377 2977 2482 3016 non
2507 2963 2678 3020 habeo
2707 2984 2720 3020 :
2750 2970 2890 3038 quod
2918 2983 3098 3028 autem
3137 2974 3327 3043 habeo,
3366 2991 3648 3050 argenturm

2064 3061 2120 3106 et
2147 3069 2356 3118 aurum,
2389 3055 2489 3111 hoc
2520 3061 2609 3114 tibi
2643 3079 2746 3117 non
2770 3063 2861 3119 do.
2898 3085 2917 3118 ι
2949 3067 3216 3126 Habentes
3237 3083 3414 3131 autem
3443 3080 3645 3138 victum

2065 3153 2120 3238 et
2146 3146 2412 3214 vestitum,-
2441 3149 2524 3206 his
2591 3155 2748 3227 ns
2806 3161 3040 3215 contenti
3057 3178 3242 3221 sumus
3270 3185 3289 3220 ι
3322 3168 3396 3238 (l.
3422 3170 3556 3225 Tim.
3590 3174 3649 3231 6.

2067 3237 2144 3306 8).
2172 3241 2307 3295 Audi
2329 3241 2516 3308 Jacob,
2546 3249 2671 3316 quid
2690 3266 2781 3302 sua
2802 3254 3042 3310 oratione
3060 3259 3292 3326 postulet
3373 3280 3391 3313 ι
3420 3263 3475 3318 Si
3491 3265 3652 3324 fuerit

2067 3328 2326 3387 Dominus
2342 3351 2491 3390 meus
2518 3354 2748 3405 mecntn,
2765 3349 3121 3402 etservaverit
3142 3366 3226 3406 me
3243 3351 3296 3406 in
3314 3354 3396 3408 via
3413 3354 3531 3422 hac,
3554 3375 3652 3429 per

2067 3436 2225 3511 qnam
2253 3440 2351 3493 ego
2379 3426 2480 3480 iter
2507 3427 2664 3494 facio,
2695 3441 2748 3485 et
2773 3433 2984 3489 dederit
3009 3439 3137 3493 mihi
3169 3458 3359 3511 panem
3385 3447 3450 3499 ad
3490 3426 3645 3504 man-

2069 3510 2393 3582 dueandum,
2445 3527 2500 3571 et
2552 3520 2800 3575 vestitum
2849 3524 2913 3577 ad
2945 3510 3281 3586 vestiendum
3319 3553 3339 3586 ι
3374 3535 3526 3607 (Gen.
3554 3540 3646 3595 28.

2068 3601 2186 3673 ‘20).
2243 3604 2470 3662 Tantum
2545 3617 2847 3668 necessaria
2902 3616 3218 3687 deprecatus
3267 3601 3395 3680 est
3428 3638 3482 3683 et
3531 3640 3654 3699 post

2071 3709 2239 3750 annos
2266 3697 2448 3768 viginti
2484 3702 2635 3759 dives
2662 3706 2930 3776 deminus,
2973 3724 3026 3766 et
3051 3714 3212 3770 ditior
3237 3727 3408 3788 pater,
3438 3723 3504 3777 ad
3532 3697 3652 3779 ter-

2072 3801 2185 3840 rain
2212 3792 2496 3846 revertitur
2516 3795 2789 3850 Chanaan.
2821 3799 3028 3858 Infinita
3057 3807 3123 3858 de
3151 3807 3444 3878 Scripturis
3462 3829 3651 3870 exem-

2073 3880 2158 3948 pla
2213 3894 2536 3952 suppetunt,
2595 3904 2714 3956 qua:
2765 3892 3045 3949 avaritiam
3093 3897 3323 3956 doceant
3377 3916 3499 3960 esse
3561 3905 3650 3960 fun

2071 3972 2336 4040 gicndam.

2145 4066 2234 4122 55.
2279 4067 2472 4122 Verum
2501 4071 2621 4140 quia
2654 4088 2797 4128 nunc
2833 4091 2896 4131 ex
2944 4090 3096 4147 parte
3139 4080 3207 4136 de
3238 4097 3300 4138 ca
3345 4085 3542 4143 dicitur
3578 4089 3656 4163 (et

2073 4171 2195 4223 suo,
2238 4158 2284 4213 si
2317 4158 2561 4216 Christus
2598 4167 2844 4221 annnerit
2878 4170 3133 4226 volumini
3172 4178 3495 4250 reservatur)
3529 4158 3655 4252 quid

2076 4260 2200 4303 ante
2230 4251 2298 4320 (c)
2329 4267 2434 4307 non
2467 4254 2647 4323 plures
2677 4272 2848 4313 annos
2876 4259 3061 4316 Nitriae
3087 4276 3296 4332 gestum
3326 4268 3416 4335 sit,
3448 4251 3652 4327 refere-

2078 4356 2216 4395 mus.
2246 4343 2470 4410 Quidam
2507 4362 2573 4401 ex
2615 4349 2864 4406 fratribus
2904 4355 3113 4422 parcior
3153 4360 3318 4428 magis
3348 4376 3506 4428 quam
3533 4378 3659 4418 avae

2078 4433 2210 4500 rior,
2242 4444 2296 4489 et
2327 4439 2574 4492 nesciens
2617 4440 2828 4510 triginta
2859 4446 3128 4513 argenteis
3159 4447 3444 4503 Dominum
3474 4453 3658 4506 vendi-

2081 4535 2213 4591 tum,
2243 4537 2458 4582 centum
2491 4531 2713 4596 solidos,
2743 4547 2876 4602 quos
2908 4534 3016 4589 lino
3057 4537 3285 4591 texendo
3312 4539 3656 4610 aequisierat,

2081 4621 2315 4674 moriens
2344 4621 2651 4692 dereliquit.
2683 4625 2872 4680 Initum
2894 4637 2975 4681 est
3005 4628 3143 4684 inter
3163 4630 3452 4690 Monachus
3475 4637 3660 4691 censi-

2083 4709 2214 4762 lium»
2235 4710 2379 4780 (nam
2412 4713 2464 4765 in
2505 4713 2694 4766 eodem
2734 4714 2853 4768 loco
2882 4715 3104 4772 circiter
3132 4721 3367 4791 quinque
3392 4725 3552 4780 inillia
3581 4727 3662 4782 dio

2083 4799 2212 4852 visis
2241 4801 2448 4854 cellulis
2477 4802 2806 4876 habitabant)
2845 4807 2978 4877 quid
3017 4809 3155 4865 facto
3189 4828 3323 4882 opus
3355 4827 3517 4872 esset.
3553 4819 3660 4875 Alii

2083 4893 2408 4959 pauperibus
2429 4894 2828 4952 distribuendos
2855 4916 2976 4956 esse
3003 4901 3249 4960 dicebant
3285 4925 3298 4960 :
3328 4908 3418 4964 alii
3458 4909 3662 4966 dandos

2087 4981 2338 5037 Ecclesiae
2364 5003 2378 5038 :
2411 4987 2644 5039 nennulli
2667 4993 2984 5055 parentibus
3008 4997 3375 5053 remittendos.
3403 4999 3663 5057 Macarius

2085 5093 2236 5141 vero,
2265 5088 2321 5132 et
2351 5079 2568 5145 Pantho,
2598 5093 2650 5136 et
2683 5082 2938 5150 Isidorus,
2971 5098 3021 5142 et
3056 5091 3259 5158 caueri,
3298 5107 3432 5162 quos
3479 5094 3664 5151 Patres

2086 5181 2300 5232 vocant,
2343 5170 2540 5225 Sancto
2583 5173 2633 5226 in
2663 5174 2739 5226 cis
2767 5175 3018 5246 loquente
3047 5180 3269 5250 Spiritu,
3307 5171 3662 5241 decreverunt

2089 5262 2426 5317 infodiendos
2481 5279 2602 5319 esse
2653 5265 2720 5334 (Ι)
2769 5283 2888 5322 etnn
2935 5269 3156 5325 domino
3201 5287 3319 5338 suo,
3373 5273 3662 5330 dicentes:

2095 5372 2114 5406 ι
2157 5353 2380 5410 Pecunia
2435 5365 2520 5412 tua
2575 5366 2749 5413 tecum
2782 5362 2853 5415 sit
2898 5362 2952 5416 in
2980 5363 3331 5433 perditionem
3369 5385 3388 5418 ι
3429 5365 3579 5437 (Act.
3607 5369 3662 5423 8.

2154 5539 2233 5604 (τι)
2267 5539 2403 5604 Idem
2428 5545 2571 5604 vetus
2587 5549 2693 5586 eoa.
2721 5538 2924 5604 nl_ttstii
2956 5549 3119 5592 nostra
3147 5541 3377 5604 perfacile
3418 5548 3490 5591 est
3517 5555 3536 5593 .'
3560 5551 3664 5593 tum
3703 5542 3708 5547 ’

2087 5599 2443 5667 ραὴοιῖδηορήια
2478 5602 2661 5661 absque
2683 5599 2819 5650 annis
2851 5614 2989 5650 voce.

2152 5665 2220 5726 (ε)
2257 5662 2413 5711 Unum
2439 5668 2622 5726 tantum
2649 5667 2789 5711 vetus
2817 5662 3084 5725 exemplar,
3111 5661 3324 5724 illudque
3347 5662 3563 5714 Victorio
3585 5672 3666 5716 tc-

2087 5722 2184 5781 ste,
2201 5722 2316 5774 ’mile
2342 5722 2610 5784 complures
2640 5735 2804 5772 marios.

2155 5787 2219 5849 (ῃ)
2255 5787 2408 5849 Antea
2434 5783 2538 5832 erat
2560 5795 2670 5849 eum
2691 5783 2858 5834 eodem
2881 5795 2900 5833 :
2923 5784 3049 5846 quod
3082 5783 3316 5834 edidimus
3337 5783 3530 5836 damma
3550 5799 3665 5849 suo,

2092 5860 2122 5897 ε
2165 5848 2279 5897 Mss.
2315 5845 2718 5907 depromi-simus.
