4136 6332
473 349 580 416 ιιθ

475 474 607 544 10).
663 468 773 526 Nec
801 468 902 523 hoc
941 459 1226 521 crudeliter
1281 462 1561 534 Quisquam
1602 468 1756 532 putet
1803 459 2000 516 factum
2037 476 2053 515 :

473 572 649 621 tantus
669 567 888 616 cunctos
912 571 1008 627 per
1036 565 1205 610 totam
1234 553 1521 626 [Egyptum
1548 562 1723 607 terror
1747 551 1971 617 invasit,
2002 559 2060 606 ut

473 668 640 709 unum
668 648 898 706 solidum
924 646 1210 711 dimisisse,
1241 645 1310 700 sit
1335 644 1593 699 criminis.

547 743 636 798 54.
678 740 748 795 Ει
771 737 1024 810 quoniam
1048 735 1428 791 Monachorum
1458 734 1681 789 fecimus
1701 733 2056 797 mentionem,

475 843 531 890 et
559 842 612 888 te
645 833 758 886 scio
796 829 1024 885 libenter
1052 826 1260 893 audire,
1296 841 1416 896 qua:
1457 833 1641 880 sancta
1687 831 1836 888 sunt,
1873 836 2059 876 aurem

474 923 744 993 paulisper
771 918 1135 976 accommoda.
1175 917 1300 973 Tria
1339 925 1462 970 sunt
1503 916 1555 968 in
1587 913 1824 984 ,λεπριο
1863 913 2060 981 genera

474 1012 877 1069 Monachorum.
906 1009 1104 1072 Unum,
1128 1006 1416 1072 Camobilw,
1442 1003 1583 1075 quod
1608 1004 1683 1057 i!li
1711 1005 1905 1064 Saurea
1929 1017 2062 1072 gen-

477 1103 559 1158 tili
583 1103 761 1173 lingua
791 1108 1006 1164 vocant,
1036 1112 1135 1154 nos
1161 1099 1214 1152 in
1238 1112 1502 1151 commune
1523 1095 1744 1149 virentes
1774 1107 2059 1164 possumus

474 1193 771 1264 appellare.
802 1189 1130 1256 Secundum,
1161 1181 1513 1251 Auachoretw,
1545 1187 1637 1256 qui
1676 1185 1778 1240 soli
1821 1184 2060 1238 habitant

473 1302 571 1357 per
600 1285 846 1349 deserta;
873 1293 926 1338 et
955 1278 1024 1338 ab
1053 1297 1118 1338 eo
1146 1279 1287 1352 quod
1319 1281 1504 1351 procul
1542 1280 1611 1335 ab
1641 1274 1948 1334 hominibus
1974 1293 2060 1333 re.

474 1376 758 1440 cesserint,
788 1382 1183 1443 nuncupantur.
1213 1364 1452 1427 Tertium
1481 1382 1650 1442 genus
1674 1379 1782 1433 est.
1808 1369 1884 1441 (a)
1914 1365 2058 1439 quod

475 1462 758 1520 Remoboth
798 1460 1002 1528 dicunt,
1033 1457 1382 1518 deterrimum
1461 1461 1618 1532 119
1692 1459 1818 1533 [al.
1859 1459 2058 1513 teterri-

475 1551 655 1630 mum]
683 1566 841 1627 alque
872 1548 1195 1626 neglectum,
1217 1562 1272 1609 et
1290 1552 1430 1624 quod
1471 1554 1522 1607 in
1551 1561 1732 1606 nostra
1782 1551 2057 1621 provincia

478 1659 569 1706 aut
583 1651 777 1715 solum,
805 1658 895 1703 aut
917 1648 1147 1718 primum
1157 1655 1259 1702 est.
1277 1645 1338 1701 lli
1352 1645 1464 1701 bini
1479 1644 1562 1700 vel
1589 1643 1750 1708 terni,
1767 1658 1869 1697 nec
1890 1643 2059 1697 multo

480 1739 662 1812 plures
690 1737 846 1796 simul
866 1732 1242 1804 habitant,suo
1263 1733 1521 1791 arbitratur
1544 1750 1611 1790 ac
1637 1734 1844 1790 ditiene
1876 1734 2062 1787 viven-

480 1834 594 1888 tes:
617 1839 670 1886 et
685 1831 750 1886 de
766 1845 832 1886 eo
847 1829 987 1900 quod
1011 1827 1391 1892 laboraverint,
1411 1826 1462 1880 in
1480 1825 1712 1880 medium
1734 1836 1914 1894 partes
1929 1838 2060 1876 cou-

477 1912 677 1989 lerunt,
707 1934 764 1977 ut
801 1919 1032 1976 habeant
1058 1919 1309 1974 alimenta
1337 1917 1662 1972 communia.
1686 1913 1943 1969 Habi‘tant
1963 1922 2059 1966 an-

478 2013 588 2074 tem
609 2031 766 2088 quam
794 2015 1082 2086 plurimum
1113 2013 1166 2068 in
1195 2012 1414 2067 urbibus
1434 2021 1488 2067 et
1513 2009 1750 2066 castellis
1779 2027 1794 2064 κ
1825 2019 1884 2064 et
1909 2007 2061 2078 quasi

478 2120 570 2165 ars
585 2109 874 2172 sitsancta,
895 2121 1001 2161 non
1025 2106 1149 2170 vita,
1178 2094 1433 2174 quidquid
1459 2101 1819 2166 vendiderint,
1844 2099 2063 2169 majoris

477 2208 562 2255 est
598 2198 774 2270 pretii.
806 2197 952 2253 Inter
996 2196 1093 2251 hos
1124 2210 1267 2264 sa’pe
1300 2203 1424 2247 sunt
1449 2192 1621 2262 jurgia
1657 2207 1670 2243 :
1701 2190 1822 2260 quia
1852 2204 1953 2243 suo
1985 2189 2063 2243 vi-

477 2299 668 2347 ventes
706 2289 850 2354 cibo,
877 2302 984 2342 non
1018 2281 1289 2357 patiuntur
1315 2300 1374 2339 se
1419 2283 1574 2337 alicui
1616 2297 1737 2337 esse
1766 2282 2059 2351 subjectos.

478 2381 684 2437 Revera
705 2382 882 2436 solent
908 2387 1116 2433 certare
1145 2376 1396 2446 jejuniis;
1430 2385 1483 2429 et
1508 2391 1621 2430 rem
1643 2375 1862 2438 secreti,
1894 2374 2064 2427 victo-

479 2471 573 2524 riae
591 2468 807 2524 faciunt.
831 2467 981 2538 Apud
1003 2466 1101 2520 hos
1127 2466 1370 2519 all'ectata
1391 2474 1515 2518 sunt
1541 2465 1752 2528 omnia;
1781 2463 1916 2518 laxm
1945 2479 2064 2518 ma-

481 2538 642 2625 nicae,
654 2557 837 2628 caliga:
859 2557 1177 2620 follicantes,
1195 2556 1356 2609 vestis
1377 2556 1608 2609 crassior
1622 2553 1770 2625 [διες.
1791 2553 2060 2626 grossior],

481 2649 670 2706 crebra
697 2649 958 2718 suspiria;
991 2647 1226 2702 visitatio
1274 2645 1571 2715 Virginum,
1602 2645 1866 2700 detractio
1891 2645 2065 2699 Cleri-

482 2750 704 2796 corum:
735 2747 788 2792 et
815 2733 859 2793 si
890 2738 1102 2809 quando
1126 2737 1242 2792 dies
1279 2736 1447 2791 fesms
1488 2737 1718 2803 venerit,
1755 2747 2064 2806 saturantur

482 2831 551 2886 ad
579 2830 858 2884 vomitum.

554 2921 646 2976 ‘55.
684 2916 1170 2974 Cwnobitw.——llis
1216 2919 1376 2988 igitur
1414 2917 1565 2987 quasi
1617 2910 1934 2987 quibusdam
1973 2933 2066 2988 pe-

483 3011 654 3066 stibus
674 3007 1066 3073 exterminatis,
1093 3010 1374 3064 veniamus
1394 3008 1461 3064 ad
1482 3023 1578 3063 eos
1597 3011 1685 3078 qui
1714 3010 1896 3080 plures
1919 3022 2060 3075 sunt,

484 3101 616 3157 etin
643 3114 928 3156 commune
959 3097 1222 3163 liahltant,
1257 3099 1307 3152 id
1335 3105 1436 3165 est,
1470 3110 1605 3169 quos
1631 3099 1811 3154 voeari
1835 3099 2065 3153 (ἐσεποὺὶ-

486 3203 564 3247 tas
589 3192 842 3247 diximus.
882 3191 1058 3245 Prima
1088 3190 1227 3259 apud
1257 3205 1350 3244 eos
1381 3190 1766 3246 confmderatio
1801 3199 1901 3254 est,
1934 3193 2064 3245 obe-

487 3282 602 3337 dire
629 3282 940 3352 majoribus,
969 3289 1024 3336 et
1050 3280 1308 3350 quidquid
1347 3281 1631 3351 jusserint,
1676 3281 1872 3336 facere.
1905 3283 2067 3337 Divisi

485 3381 612 3428 sunt
637 3387 732 3441 per
756 3371 1004 3427 decurias
1029 3381 1190 3440 atque
1215 3373 1508 3439 centurias,
1542 3373 1612 3426 ita
1656 3381 1713 3425 ut
1743 3389 1933 3427 novem
1973 3374 2068 3427 ho-

488 3463 722 3519 minibus
747 3463 990 3518 decimus
1031 3463 1231 3532 praesit.
1278 3463 1343 3516 Et
1372 3477 1557 3517 rursus
1584 3461 1770 3518 decem
1807 3467 2064 3533 pra‘pnsi-

489 3561 573 3607 tos
617 3552 717 3607 sub
757 3563 819 3608 se
865 3551 1192 3607 centesimus
1221 3552 1435 3609 habeat.
1484 3549 1698 3608 Manent
1726 3557 1957 3624 separati
1986 3558 2064 3626 (ὁ)

489 3643 746 3714 sejunctis
773 3642 1002 3698 cellulis.
1032 3636 1212 3711 Usque
1241 3642 1306 3697 ad
1345 3642 1533 3698 horam
1573 3659 1788 3710 nonam,
1821 3656 1876 3700 ut
1913 3649 2067 3702 insti-

487 3743 660 3789 tutum
691 3743 793 3801 est,
825 3749 982 3789 nemo
1006 3733 1177 3804 pergit
1205 3733 1272 3787 ad
1303 3734 1490 3798 alium,
1517 3735 1756 3806 exceptis
1787 3735 1868 3792 his
1898 3737 2066 3793 Deca-

487 3826 592 3894 nis,
641 3841 777 3897 quos
818 3823 1072 3892 diximus,
1109 3831 1170 3878 ut
1213 3823 1260 3879 si
1309 3826 1724 3896 cogitationibus
1769 3826 1905 3885 forte
1947 3830 2066 3900 quis

553 4029 625 4089 (a)
641 4088 644 4089 7
661 4027 776 4089 uss.
806 4035 964 4089 (uses,
983 4023 1062 4074 alii
1087 4024 1310 4089 sauciaes.
1331 4024 1574 4089 Tum_pr_o_
1586 4037 1647 4074 eo
1668 4026 1796 4088 quod
1823 4025 1942 4074 infra
1961 4033 2036 4075 est
2051 4060 2065 4084 ,

491 4085 740 4140 neinoboth
760 4125 772 4147 ,
798 4085 878 4136 alii
916 4085 1120 4147 Renuoth
1142 4125 1155 4143 ,
1189 4096 1241 4134 et
1267 4085 1504 4147 nemnotli.
1529 4085 1713 4135 Horum
1735 4089 2068 4137 conversatio-

489 4164 603 4199 nem
623 4185 638 4208 ,
660 4145 970 4198 sub'nomiue
1007 4146 1361 4208 Sarahaitarujn
1382 4185 1394 4204 ,
1421 4145 1580 4196 fusius
1599 4148 1832 4208 describit
1853 4147 2064 4199 Cassian.

491 4205 714 4260 (1011.18.
738 4221 844 4272 capi.
864 4210 921 4272 _7.
941 4207 1258 4272 Benedictus,
1277 4205 1609 4272 }_{uuibertu_s,_
1624 4209 1711 4272 lvo,
1722 4207 1922 4272 aliique.
1948 4208 2068 4260 Con-

490 4272 566 4319 ier
611 4272 776 4326 etiam,
796 4268 836 4317 Si
863 4269 1032 4326 lubet,
1055 4268 1256 4316 Petrum
1281 4268 1518 4318 Crinitum
1542 4268 1630 4316 Ill.
1658 4271 1734 4317 15.
1775 4268 1838 4320 de
1863 4272 2068 4321 honesta

491 4329 1017 4401 disciplina,_aliosque.
1045 4329 1182 4401 Quod
1205 4338 1368 4401 autem
1389 4330 1507 4401 dicit
1528 4328 1666 4401 Hier.
1690 4328 1926 4401 inmatura
1949 4343 2067 4382 Pro-

490 4380 663 4449 uincia,
689 4380 993 4438 Pdlwstiniun
1018 4380 1144 4452 unde
1168 4390 1312 4450 vulgo
1336 4380 1614 4452 intelligunt
1633 4391 1810 4439 eruditi
1829 4380 2068 4452 Vviri,icutn

492 4453 739 4502 Pannonia
762 4453 921 4514 potius
944 4449 1269 4514 signiﬁcetur,
1287 4449 1527 4514 au_t_ltalia
1550 4462 1564 4508 ;
1588 4451 1697 4512 quis
1731 4454 1860 4500 enim
1887 4449 1936 4502 in
1973 4456 2068 4503 Pa-

493 4515 704 4585 laestina,
730 4511 812 4585 ubi
835 4514 1054 4585 apprime
1074 4511 1952 4585 ﬂorebant.Monachot'umniustituta.,
1987 4524 2069 4566 aut

493 4576 676 4637 solum,
692 4571 697 4573 ’
712 4581 794 4637 aut
817 4571 1019 4637 primum
1043 4572 1132 4637 hoc
1154 4571 1470 4637 deterrimum
1493 4583 1653 4637 genus
1673 4574 1820 4623 fuisse
1843 4576 1934 4623 sibi
1961 4591 2070 4637 per-

494 4635 733 4684 suadeat?
771 4633 1031 4682 sarabaitze
1069 4633 1183 4682 dicti
1222 4634 1449 4683 videntur
1468 4645 1495 4682 a
1513 4635 1645 4694 :10,
1671 4637 1796 4697 quod
1819 4633 2070 4686 contuma-

497 4716 604 4764 cem
631 4703 1032 4764 ctrelractarium
1073 4708 1236 4759 sonat;
1276 4704 1357 4764 qui
1381 4700 1564 4753 malunt
1601 4703 1816 4754 Rembotlt
1852 4719 2017 4755 vocem
2042 4721 2069 4755 a

497 4763 670 4828 Crisaeo
703 4775 858 4828 έιξιξός,
883 4763 1010 4828 quod
1034 4776 1208 4828 nomen
1234 4763 1406 4828 vagum
1431 4765 1676 4816 hominem
1699 4804 1710 4824 ,
1749 4775 1897 4828 atque
1939 4782 2070 4815 erro-

497 4837 619 4887 nem_
635 4822 1144 4887 sig‘niﬁcatfdetortam
1168 4822 1317 4887 facile
1329 4828 1550 4877 credunt.
1578 4829 1668 4887 Qui
1695 4822 2069 4878 vero'lzelwbol/t

496 4881 760 4944 praeferant
786 4896 813 4931 a
833 4881 960 4939 nm)
978 4896 1066 4932 seu
1093 4881 1241 4942 Πὲηδ
1261 4887 1451 4936 arabica
1474 4881 1627 4946 voce‘.
1651 4902 1761 4952 qua:
1785 4892 2070 4939 monachum

502 4959 667 5010 notat,
713 4952 975 5002 deducunt.
1021 4952 1234 5004 Isidorus
1265 4955 1351 5004 lib.
1378 4956 1422 5005 2.
1447 4959 1513 5008 de
1537 4959 1673 5009 Ofiic.
1700 4959 1886 5009 Ea‘les.
1921 4974 1964 5008 c.
1993 4961 2068 5010 15.

497 5013 823 5080 Αξρῃριίονωπ
835 5015 1019 5080 ﬁngar:
1039 5014 1298 5067 sarabain
1316 5055 1329 5076 ,
1353 5016 1450 5080 sive
1475 5013 1682 5070 Rennila:
1704 5028 2037 5080 nuncupantur
2054 5055 2071 5080 ,

499 5075 718 5123 nimirum
766 5077 872 5129 1‘10
911 5075 1040 5125 idem
1060 5085 1197 5126 sonat
1217 5091 1272 5127 ac
1297 5078 1460 5129 Retulit
1482 5093 1497 5141 ;
1521 5083 1608 5130 sed
1637 5095 1729 5129 nou
1757 5075 1918 5129 tamen
1944 5075 2073 5129 Lall-'-

499 5155 561 5208 pa
586 5149 662 5208 est
684 5141 833 5208 altera
859 5147 1061 5208 nominis
1096 5146 1382 5208 etymologia
1419 5153 1607 5199 tazuctsi
1651 5163 1738 5208 pro
1775 5150 1940 5198 Latina
1990 5152 2072 5199 ha-

498 5202 660 5252 buerit
685 5206 830 5268 etiam
851 5206 956 5255 Odo
978 5202 1492 5268 Cluniacensistollit.
1519 5212 1564 5258 5.
1601 5228 1621 5255 α
1646 5202 1744 5258 Nos
1766 5213 1949 5268 miseri,
1979 5227 2071 5260 non

498 5276 664 5329 sumus
687 5265 920 5325 Monachi,
947 5276 1000 5318 ut
1021 5267 1139 5329 falso
1163 5271 1477 5329 nominamur,
1505 5272 1591 5319 sed
1613 5272 1894 5329 Sarailaitze,
1924 5265 1967 5318 id
1995 5281 2075 5322 est

499 5323 742 5400 lien‘uitze,
766 5329 847 5400 qui
867 5323 1044 5400 jugum.
1060 5327 1320 5400 Regularis
1335 5323 1601 5400 disciplinae
1625 5323 1893 5400 rein-liuius"
1911 5349 1932 5374 io
1957 5334 2075 5400 _l_'r0-

500 5385 618 5448 bant
644 5401 760 5436 vero
784 5385 1009 5438 ista'oiim
1032 5385 1212 5438 lectum
1240 5385 1473 5448 Renuorlt;
1504 5394 1634 5438 unde
1659 5391 1917 5448 “cunilae;
1957 5393 2076 5443 licet

499 5447 668 5511 aliiex
705 5449 961 5511 Ite/whom,
1003 5449 1224 5500 Relu'n'la:
1259 5451 1384 5498 l'acili
1419 5447 1697 5511 mutatione
1727 5457 1852 5511 apud
1878 5447 2076 5503 Latinos

501 5509 668 5577 scribit
693 5510 859 5566 velint,
887 5527 982 5574 quo
1008 5513 1310 5577 manifestius
1333 5520 1538 5573 utraque
1559 5509 1822 5574 appellatio
1845 5525 1907 5561 ex
1932 5514 2077 5577 zﬁgy-

502 5570 657 5630 ptiaco
679 5570 919 5622 sermone'
929 5581 1119 5622 constet
1138 5570 1281 5627 ἎἿΠΊ.

567 5637 774 5707 ςωηΕιήι
807 5643 883 5691 cui
907 5642 1291 5707 magis‘arridcat
1321 5639 1519 5707 Victorii
1557 5639 1705 5689 lectio
1721 5674 1751 5707 _,_
1770 5641 1855 5707 sed
1889 5643 2078 5707 junctis

504 5697 713 5804 militias.
751 5716 837 5764 pro
871 5697 1127 5765 sejunclt‘s;
1151 5700 1240 5751 sed
1271 5707 1324 5751 et
1353 5698 1496 5762 paulo
1517 5713 1660 5763 supra
1697 5700 1865 5753 divisis
1888 5697 2076 5758 cellulis

539 5769 641 5808 lSll.

1759 339 2001 405 SANCTI
2042 346 2422 406 lllERONYMl

3634 359 3742 417 ‘90

2165 459 2406 525 ﬂuctuat,
2437 461 2578 518 illius
2608 462 2914 521 consoletur
2945 466 3212 537 alloquiis.
3260 464 3389 522 Post
3419 466 3603 522 horam
3646 487 3746 524 no-

2164 567 2288 606 nam
2315 552 2368 606 in
2389 567 2672 609 commune
2697 556 3054 624 concurritur,
3077 551 3272 611 Psalmi
3299 569 3576 624 resonant,
3598 558 3746 615 Seri-

2163 650 2333 712 ptura:
2364 639 2657 698 recitantur
2685 651 2748 700 ex
2784 660 2953 701 more.
2985 647 3050 700 Et
3078 647 3362 716 completis
3388 649 3740 713 orationibus,

2164 732 2476 802 cunctisque
2509 719 2884 801 residentibus,
2929 720 3157 802 medius,
3200 751 3358 806 quem
3403 725 3622 792 Patrem
3643 754 3742 792 vo-

2163 831 2308 887 cant,
2337 821 2520 892 incipit
2562 824 2854 895 disputare.
2882 826 3000 891 Quo
3043 821 3312 894 loquente,
3347 822 3550 880 tantum
3582 828 3745 884 silen-

2167 915 2297 969 tium
2329 915 2407 982 fit,
2439 924 2498 970 ut
2523 931 2682 971 nemo
2711 917 2872 971 alium
2904 917 3193 986 respicere,
3233 923 3392 972 nemo
3418 921 3611 975 audeat
3644 937 3744 977 ex-

2163 1019 2372 1061 creare.
2403 1006 2644 1062 Dicentis
2671 1007 2790 1064 laus
2836 1008 2889 1062 in
2936 1007 3068 1062 ﬂetu
3119 1019 3204 1064 est
3253 1001 3604 1066 audientium.
3639 1001 3745 1068 Ta-

2163 1098 2268 1152 cite
2297 1096 2446 1169 [Leg.
2480 1098 2693 1170 Tacitth
2725 1099 3010 1154 volvuntur
3047 1115 3143 1169 per
3167 1115 3259 1154 ora
3294 1101 3566 1172 lacrymzn,
3594 1113 3650 1157 et
3675 1109 3744 1159 ne

2166 1187 2218 1241 in
2265 1189 2530 1258 singultus
2575 1189 2792 1259 quidem
2833 1191 3077 1260 erumpit.
3109 1191 3286 1246 dolor.
3327 1192 3461 1247 Cum
3506 1208 3634 1249 vero
3675 1193 3744 1250 de

2165 1293 2332 1348 regno
2361 1279 2580 1346 Christi,
2613 1289 2668 1335 et
2700 1280 2767 1335 de
2807 1278 2982 1334 futura
3015 1280 3366 1346 beatitudine,
3399 1291 3454 1336 et
3479 1281 3547 1336 de
3572 1273 3743 1352 gloria

2163 1372 2390 1440 coeperit
2427 1371 2750 1427 adnuntiare
2789 1381 3040 1435 ventura,
3074 1371 3260 1426 videas
3299 1383 3523 1428 cunctos
3552 1366 3743 1445 mode-

2164 1469 2282 1514 rato
2305 1461 2556 1531 suspirio,
2601 1461 2656 1516 et
2695 1461 2866 1517 oculis
2907 1461 2974 1517 ad
3015 1463 3210 1517 emtum
3255 1462 3465 1530 levatis,
3506 1465 3644 1520 intra
3681 1471 3744 1520 se

2163 1547 2345 1604 dicere
2373 1565 2388 1604 :
2425 1568 2444 1602 ι
2477 1550 2606 1617 Quis
2631 1548 2781 1605 dabit
2805 1551 2936 1605 mihi
2959 1554 3176 1620 [pennas
3208 1551 3346 1606 sicut
3373 1553 3655 1619 columbae,
3685 1556 3745 1610 et

2165 1639 2378 1704 volabo,
2394 1648 2451 1696 et
2468 1641 2801 1710 requiescam
2829 1657 2846 1694 ι
2880 1641 3000 1711 (Ps.
3028 1637 3118 1697 54.
3141 1642 3192 1711 7)
3217 1641 3240 1694 ἲ
3270 1641 3397 1697 Post
3425 1642 3541 1699 hazc
3558 1643 3742 1698 concl-

2165 1723 2292 1783 lium
2318 1721 2562 1798 solvitur,
2591 1740 2644 1787 et
2673 1748 3002 1802 unaqnmque
3026 1731 3241 1788 decuria
3263 1747 3382 1788 cum
3404 1745 3502 1789 suo
3522 1743 3744 1804 parente

2166 1819 2336 1890 pergit
2361 1821 2427 1874 ad
2456 1837 2685 1888 mensas,
2770 1824 2926 1894 120
2997 1823 3191 1893 quibus
3228 1839 3320 1893 per
3345 1823 3580 1895 singulas
3611 1825 3744 1882 heb‘6

2165 1909 2418 1966 domadas
2446 1903 2677 1968 vicissim
2703 1916 3023 1968 ministrant.
3050 1915 3238 1968 Nullus
3269 1916 3319 1969 in
3349 1917 3469 1970 cibo
3489 1917 3742 1986 strepitus
3780 1942 3782 1944 τ

2166 2016 2248 2060 est
2271 2022 2286 2070 δ
2309 2021 2467 2060 nemo
2487 2007 2776 2062 comedens
2802 1997 3054 2078 loquitur.
3079 2008 3285 2063 Vivitur
3313 2025 3468 2078 pane,
3489 2011 3741 2080 legumini

2165 2097 2265 2154 bus
2292 2109 2346 2154 et
2369 2100 2624 2167 oleribus,
2648 2117 2766 2172 quin
2795 2103 2907 2157 sale
2937 2103 3008 2174 (c)
3038 2104 3152 2157 solo
3181 2103 3525 2160 condiuntur.
3545 2104 3740 2162 Vinum

2167 2199 2372 2245 tantum
2400 2205 2559 2247 senes
2595 2194 2883 2263 accipiunt,
2914 2197 3107 2263 quibus
3158 2212 3278 2250 cum
3321 2197 3556 2266 parvulis
3597 2205 3743 2267 saepe

2166 2278 2226 2333 ﬁt
2252 2282 2551 2350 prandium,
2585 2292 2647 2338 ut
2675 2285 2901 2338 aliorum
2927 2285 3066 2340 fessa
3089 2297 3420 2342 sustentetur
3438 2299 3586 2354 retas,
3607 2288 3742 2343 alios

2165 2386 2284 2426 rum
2315 2387 2420 2427 non
2449 2373 2724 2444 frangatur
2750 2377 3028 2444 incipiens.
3068 2377 3270 2433 Dehinc
3295 2389 3618 2447 consurgunt
3643 2394 3742 2450 ραι

2166 2465 2316 2530 riter,
2342 2475 2397 2520 et
2422 2464 2621 2537 hymno
2639 2467 2804 2534 dicto,
2825 2468 2888 2522 ad
2914 2471 3170 2538 prmsepia
3192 2470 3416 2525 redeunt
3445 2489 3458 2523 :
3488 2471 3558 2526 ibi
3576 2484 3744 2540 usque

2166 2553 2232 2608 ad
2265 2571 2540 2625 vesperam
2569 2573 2690 2612 cum
2722 2559 2832 2613 suis
2863 2561 3228 2630 tuuisquisque
3271 2561 3525 2631 loquitur,
3565 2572 3620 2616 et
3657 2561 3743 2616 di-

2167 2643 2242 2699 cit
2273 2663 2286 2699 :
2323 2645 2536 2702 Vidistis
2566 2648 2717 2702 illum
2733 2659 2788 2704 et
2820 2651 3010 2704 illum?
3046 2661 3241 2721 quanta
3273 2651 3326 2706 in
3356 2652 3471 2722 ipso
3506 2652 3577 2706 sit
3618 2667 3743 2722 gra-

2169 2735 2281 2789 tia?
2309 2748 2566 2807 quantum
2591 2739 2861 2794 silentium
2885 2741 2908 2792 ?
2937 2758 3093 2810 quam
3125 2742 3430 2797 moderatus
3457 2739 3744 2798 incessus?

2168 2818 2221 2882 Si
2252 2829 2520 2885 iniirmum
2557 2831 2810 2899 viderint,
2839 2834 3185 2889 consolantur
3216 2851 3229 2887 :
3266 2835 3312 2888 si
3343 2835 3394 2888 in
3433 2835 3526 2890 Dei
3559 2849 3745 2890 amore

2169 2915 2481 2985 lerventem,
2515 2923 2866 2977 cohortantur
2907 2925 2973 2978 ad
3019 2924 3270 2978 studium.
3314 2923 3377 2978 Et
3417 2925 3542 2994 quia
3584 2934 3744 2980 nocte

2169 3019 2318 3065 extra
2349 3013 2618 3066 orationes
2658 3003 2897 3083 publicas
2929 3016 2979 3069 iu
3024 3030 3120 3070 suo
3157 3015 3318 3070 cubili
3343 3013 3583 3086 [Aliquot
3611 3015 3740 3071 Mss.

2168 3097 2435 3174 cubiculo]
2481 3106 2844 3175 unusquisque
2889 3107 3108 3175 vigilat,
3153 3107 3484 3162 circumeunt
3522 3108 3746 3164 cellulas

2169 3182 2526 3263 singulorum;
2558 3204 2613 3250 et
2645 3211 2775 3251 aure
2812 3198 3077 3266 apposita,
3109 3197 3233 3267 quid
3276 3198 3487 3263 faciant,
3518 3197 3745 3268 diligen-

2173 3297 2252 3342 ter
2281 3289 2583 3357 explorant.
2615 3292 2784 3358 Quem
2815 3293 3104 3347 tardiorctu
3135 3291 3604 3362 deprehenderint,
3637 3308 3744 3344 non

2171 3381 2448 3452 increpant
2477 3401 2491 3440 :
2525 3383 2618 3438 sed
2645 3385 2980 3439 dissimulato
3005 3386 3144 3454 quod
3169 3393 3382 3449 norunt,
3409 3400 3527 3439 eum
3549 3383 3745 3452 sacpius

2171 3473 2384 3527 visitant
2413 3493 2426 3528 :
2455 3487 2508 3529 et
2537 3476 2684 3545 prius
2712 3477 3047 3544 incipientes,
3079 3487 3368 3545 provocant
3397 3477 3562 3544 magis
3585 3492 3742 3530 orare

2170 3581 2327 3634 quam
2371 3576 2585 3636 cogunt.
2627 3566 2774 3636 Opus
2803 3567 2910 3622 diei
2953 3577 3152 3622 statum
3197 3578 3319 3622 est:
3349 3567 3490 3637 quod
3533 3568 3745 3621 Decauu

2169 3655 2461 3723 redditum,
2515 3657 2684 3713 fertur
2733 3658 2799 3713 ad
2844 3658 3230 3725 Oeconomum,
3269 3659 3357 3729 qui
3399 3668 3454 3713 et
3494 3659 3604 3729 ipse
3651 3667 3747 3726 prl'

2169 3747 2407 3816 singulos
2449 3763 2663 3804 menses
2705 3749 2848 3804 Patri
2877 3751 3115 3804 omnium
3146 3765 3265 3803 cum
3301 3763 3490 3819 magno
3515 3759 3746 3804 tremore

2170 3837 2345 3892 reddit
2401 3840 2684 3894 rationem.
2722 3841 2764 3894 Λ
2817 3855 2925 3908 quo
2970 3841 3130 3894 etiam
3165 3839 3269 3894 cibi
3313 3854 3434 3894 cum
3470 3837 3595 3894 facti
3633 3837 3744 3891 fue-

2171 3931 2298 3994 rint,
2325 3939 2717 4000 prargnstantttr
2741 3949 2753 3985 :
2777 3941 2830 3986 et
2853 3933 2973 4000 quia
2994 3947 3099 3984 non
3121 3931 3246 3986 licet
3265 3929 3444 3985 dicere
3459 3929 3700 4000 cuiquam
3729 3945 3742 3980 ι

2171 4021 2430 4076 Tunicam
2455 4032 2510 4077 et
2536 4037 2719 4092 sagum
2751 4031 3000 4092 textaque
3024 4022 3203 4092 juncis
3225 4030 3392 4078 strata
3421 4035 3525 4075 non
3551 4020 3746 4084 habeo.

2171 4114 2264 4168 ille
2290 4114 2361 4168 ita
2391 4105 2635 4168 universa
2671 4113 2998 4181 moderatur,
3034 4114 3114 4183 (ά)
3137 4123 3195 4169 ut
3222 4130 3378 4170 nemo
3407 4113 3532 4182 quid
3567 4123 3749 4184 postu-

2171 4207 2263 4271 let,
2293 4221 2452 4261 nemo
2477 4205 2757 4263 dehabeat.
2797 4208 2854 4261 Si
2884 4208 3004 4277 quis
3043 4223 3171 4264 vero
3195 4210 3422 4278 cmperit
3457 4221 3744 4278 :egrotarc.

2172 4297 2489 4354 transfertur
2533 4298 2600 4352 ad
2639 4299 2892 4356 exedram
2949 4299 3218 4362 latiorem.
3265 4310 3320 4354 et
3369 4311 3516 4354 cmto
3559 4317 3749 4354 senum

2172 4388 2474 4443 ministerio
2506 4389 2845 4454 confovetur,
2879 4400 2934 4444 ut
2976 4406 3076 4444 nec
3121 4391 3343 4445 delicias
3388 4391 3618 4452 urbium,
3650 4406 3752 4446 nec

2171 4479 2358 4534 matris
2385 4488 2590 4547 qumrat
2635 4479 2907 4537 affectum.
2955 4481 3248 4536 Dominicis
3288 4482 3476 4535 diebus
3522 4483 3752 4536 oratioai
3823 4479 3845 4534 τ’

2175 4578 2379 4624 tantum
2415 4576 2472 4622 et
2498 4568 2816 4623 lectionibus
2855 4580 3043 4624 vacant
3071 4589 3084 4623 :
3116 4571 3256 4642 quod
3285 4571 3498 4640 quidem
3529 4582 3582 4626 et
3607 4573 3752 4626 omni

2175 4673 2414 4733 tempore
2439 4663 3011 4732 completisopusculis
3039 4665 3254 4718 faciunt.
3286 4665 3530 4732 Quotidie
3555 4664 3754 4732 aliquid

2174 4747 2241 4809 de
2271 4753 2559 4823 Scripturis
2609 4753 2849 4807 discitur.
2883 4754 3152 4823 Ji-juuium
3190 4756 3350 4809 totius
3386 4755 3511 4810 anni
3549 4757 3757 4822 aequale

2175 4853 2278 4912 est,
2307 4854 2525 4914 excepta
2571 4845 3008 4915 Quadragesima,
3062 4847 3112 4900 in
3152 4863 3254 4916 qua
3290 4849 3402 4901 sola
3445 4848 3759 4903 conceditur

2173 4938 2469 4992 districtius
2500 4939 2679 4993 vivere
2723 4938 2813 5009 (ε).
2847 4939 2895 4993 Α
2935 4939 3250 4994 Pentecoste
3275 4954 3444 4995 emine
3481 4950 3759 4996 mutantur

2178 5023 2228 5084 in
2257 5029 2476 5101 prandia
2509 5047 2524 5084 :
2553 5045 2659 5101 quo
2685 5039 2738 5085 et
2766 5031 3037 5086 traditioni
3081 5031 3471 5088 Ecclesiasticze
3509 5033 3754 5100 satisfiat,

2243 5225 2312 5297 (ς)
2337 5219 2573 5297 Plerique
2595 5225 2710 5297 Mss.
2731 5225 2831 5276 sale
2851 5227 3022 5297 etgoleo
3043 5232 3352 5284 condiuntur.
3368 5234 3480 5285 Mox
3501 5251 3563 5286 ex
3582 5238 3756 5288 iisdem

2181 5287 2667 5362 et‘ltoni.‘
2833 5288 3003 5350 quibus
3037 5307 3147 5342 cum
3169 5297 3400 5358 parvulis,
3429 5308 3524 5348 etc.
3551 5314 3638 5362 pro
3662 5287 3761 5362 quo

2180 5355 2322 5396 antea
2343 5354 2511 5395 eratet
2536 5344 2765 5406 parvulis:

2348 5407 2898 5484 Fecerant-omnesante
2919 5411 3255 5484 AMartianaaum
3290 5417 3434 5484 editi,
3465 5423 3546 5482 qui
3591 5420 3764 5484 legunt

2333 5466 2744 5546 ᾖ
2760 5469 2929 5546 Ita-treat
2947 5508 2960 5530 ,
2998 5475 3076 5546 vel
3121 5466 3764 5546 nemgnoytilmjbcal—

2182 5530 2669 5604 {'Pll‘fe'lyf)!fliam
2695 5531 2754 5604 in!
2795 5531 2908 5604 Mss.
2941 5541 3022 5604 est
3047 5537 3207 5604 lectio.
3233 5539 3452 5590 Verbum
3486 5530 3761 5604 deliciae:

2184 5590 2276 5663 etsi
2299 5590 2556 5663 barbarum
2582 5602 2667 5648 pro
2689 5590 2846 5641 minus
2869 5593 3045 5645 habere
3066 5633 3080 5657 ,
3105 5598 3222 5647 olim
3260 5590 3546 5663 usurpatum
3568 5590 3766 5657 docent

2185 5649 2412 5710 exempla
2436 5662 2529 5697 non
2555 5663 2719 5710 pauca.

2237 5708 3133 5791 ςςξξ,.]¹ξ³ηι.ἱι.ῑιέξ..ῐξξξςῑνξῖςέε.ς(ηαδςίια
3154 5720 3220 5768 ad
3245 5726 3550 5791 ιταιιςεοειεη
3576 5765 3588 5789 ,
3617 5742 3766 5791 quan

2188 5767 2368 5830 aliquot
2396 5767 2826 5831 manuscriptorum
2849 5788 2942 5833 ope
2970 5767 3450 5835 lectionem—tuetur.
