4136 6332
297 262 395 325 nl

296 392 348 435 ct
376 384 616 435 ventrem
644 372 766 432 cibo
791 386 901 431 non
941 377 1168 430 onerent
1200 366 1493 441 duplicato.
1521 363 1680 424 Tales
1718 365 1877 424 Philo

296 469 557 530 Platonici
582 471 850 526 sermonis
869 467 1104 524 imitator
1132 480 1146 519 :
1182 463 1317 519 tales
1342 460 1632 534 Iosephus,
1660 458 1884 517 Graecus

296 567 500 636 Livius,
554 564 607 622 in
656 562 889 620 secunda
917 560 1151 619 Judaica:
1187 558 1510 632 captivitatis
1556 557 1777 614 historia
1808 553 1884 629 (α)

296 661 533 717 Essenos
559 656 744 712 refert.

366 751 458 807 56.
501 747 700 805 Verum
754 745 878 820 quia
929 760 1075 803 nunc
1128 744 1197 803 de
1252 742 1565 816 Virginibus
1619 740 1884 808 scribens,

300 846 455 916 12],
532 857 669 914 pene
683 840 1011 912 superfluum
1023 839 1092 896 de
1106 837 1381 895 Monachis
1396 836 1684 909 disputavi,
1698 835 1765 890 ad
1782 843 1882 890 ter.

298 937 429 990 tium
456 950 630 1006 genus
656 934 888 1000 veniam,
917 946 1054 1004 quos
1078 932 1445 988 Anachoretas
1467 937 1697 994 vocant;
1722 926 1813 999 qui
1833 933 1890 983 et

297 1028 366 1084 de
378 1028 653 1085 Cmnobiis
669 1037 951 1093 exeuntes.
971 1036 1202 1097 excepto
1216 1042 1351 1097 pane
1368 1034 1422 1081 et
1439 1025 1573 1094 sale,
1591 1022 1658 1079 ad
1671 1022 1888 1080 deserta

299 1121 434 1178 nihil
466 1120 753 1191 perferunt
773 1120 1027 1192 amplius.
1078 1120 1248 1190 llnjus
1286 1120 1409 1176 vitte
1435 1127 1624 1175 auctor
1667 1116 1885 1183 Paulus,

298 1217 596 1271 illustrator
617 1215 885 1272 Antonius
918 1232 933 1271 ;
957 1225 1011 1271 et
1034 1224 1091 1269 ut
1118 1212 1184 1268 ad
1205 1214 1482 1285 superiora
1503 1210 1887 1279 conscendam,

298 1308 550 1381 princeps
579 1308 816 1366 Joannes
862 1306 1101 1379 Baptista
1148 1305 1269 1362 fuit.
1322 1304 1508 1361 Talem
1547 1319 1677 1361 vero
1714 1304 1888 1387 virum

297 1401 561 1459 Jeremias
586 1416 800 1474 quoque
838 1399 1107 1471 Propheta
1146 1398 1425 1467 describit,
1457 1398 1643 1454 dicens
1678 1412 1692 1452 :
1729 1413 1749 1448 ‹
1787 1394 1891 1451 Bo-

300 1511 432 1553 num
463 1503 547 1553 est
584 1495 703 1551 viro
745 1510 867 1550 cum
916 1494 1213 1565 portaverit
1252 1492 1438 1564 jugum
1465 1490 1535 1546 ah
1572 1490 1890 1546 adolescen-

304 1592 374 1647 tia
405 1605 522 1647 sua.
551 1589 772 1647 Sedebit
793 1588 1087 1655 solitarius,
1115 1596 1170 1644 et
1197 1586 1414 1652 tacebit,
1440 1586 1690 1658 quoniam
1716 1592 1896 1639 sustu-

301 1683 365 1738 lit
393 1697 555 1753 super
583 1698 643 1739 se
661 1682 871 1754 jugum,
901 1689 956 1738 et
981 1680 1129 1737 dabit
1157 1679 1475 1751 percutienti
1498 1692 1556 1734 se
1579 1675 1851 1733 maxillam
1877 1691 1891 1729 :

300 1764 638 1831 saturabitur
687 1773 1012 1845 opprobriis,
1066 1772 1189 1843 quia
1241 1787 1350 1826 non
1404 1770 1457 1825 in
1506 1770 1895 1839 sempiternum

302 1865 522 1938 abjiciet
551 1866 807 1923 Dominus
831 1885 849 1919 ο
879 1864 1095 1941 (Thren.
1123 1861 1216 1920 27.
1232 1874 1279 1920 et
1295 1864 1482 1937 καφ).
1509 1863 1711 1919 Horum
1743 1861 1892 1917 labo-

305 1972 425 2013 rem
463 1968 520 2013 et
562 1957 1034 2014 conversationem
1086 1957 1139 2013 in
1192 1971 1357 2012 carne
1404 1970 1513 2010 non
1553 1954 1753 2020 carnis,
1791 1952 1900 2008 alio

307 2060 573 2123 tempore,
607 2050 653 2106 si
685 2050 942 2117 volueris,
966 2049 1268 2120 explicabo.
1294 2047 1446 2104 Nunc
1466 2046 1533 2102 ad
1563 2049 1896 2116 propositum

304 2143 548 2211 redeam,
576 2145 700 2215 quia
720 2143 787 2199 de
822 2142 1044 2199 avaritia
1074 2142 1368 2206 disserens,
1398 2140 1465 2195 ad
1487 2139 1777 2195 Monachus
1803 2152 1900 2193 ve-

307 2252 520 2293 neram.
561 2238 800 2304 Quorum
846 2237 941 2294 tibi
976 2237 1224 2307 exempla
1271 2248 1598 2305 preponens,
1643 2246 1751 2287 non
1782 2231 1904 2287 dico

308 2344 504 2385 aurum
535 2336 698 2401 atque
728 2337 1034 2401 argentum,
1063 2339 1118 2384 et
1155 2339 1381 2383 caeteras
1428 2340 1583 2396 opes,
1610 2325 1705 2381 sed
1736 2325 1905 2394 ipsam

310 2430 511 2477 terram
559 2432 615 2479 et
661 2423 860 2480 caelum
911 2421 1234 2490 despiciens,
1292 2429 1347 2476 et
1390 2418 1608 2475 Christo
1660 2417 1908 2490 copulata

307 2515 559 2571 cantabis
591 2531 606 2572 :
643 2532 664 2567 ι
698 2514 831 2568 Pars
857 2528 979 2568 mea
1010 2511 1286 2567 Dominus.
1320 2529 1340 2564 ι

381 2607 476 2664 57.
515 2608 640 2660 Post
665 2605 781 2660 haec
804 2619 1102 2675 quanquam
1129 2603 1417 2674 Apostolus
1458 2617 1614 2659 orare
1641 2615 1739 2657 nos
1764 2616 1910 2657 scm-

312 2717 408 2771 pcr
426 2700 638 2772 jubeat,
670 2697 750 2753 Er
781 2698 1008 2754 Sancus
1031 2696 1191 2753 etiam
1229 2697 1343 2766 ipse
1371 2696 1441 2751 sit
1465 2711 1686 2751 somnus
1713 2695 1907 2758 oratio,

313 2794 392 2850 sic
420 2804 601 2849 tamen
622 2791 821 2847 divisas
844 2790 1030 2847 orandi
1060 2789 1220 2846 horas
1239 2788 1499 2846 debemus
1525 2788 1741 2857 habere,
1774 2796 1829 2843 ut
1860 2785 1906 2843 si

317 2886 456 2942 forte
498 2884 679 2955 aliquo
721 2882 982 2940 fuerimus
1024 2898 1187 2956 opere
1227 2884 1467 2950 detenti,
1510 2883 1682 2954 ipsum
1713 2897 1812 2937 nos
1838 2881 1907 2938 ad

319 2978 556 3035 officium
597 2985 806 3049 tempus
843 2976 1145 3032 admoneat.
1178 2975 1377 3032 Horam
1419 2975 1652 3042 tertiam,
1681 2983 1911 3044 sextam,

324 3086 540 3139 nouam,
564 3070 855 3126 diluculum
883 3086 1093 3140 quoque
1118 3079 1171 3125 et
1198 3083 1499 3140 vesperam,
1529 3083 1687 3122 nemo
1713 3075 1800 3123 est
1827 3067 1916 3138 qui

327 3165 546 3223 nesciat.
581 3163 690 3220 Nec
715 3164 818 3219 cibi
857 3175 1167 3231 sumantur,
1201 3163 1301 3217 nisi
1331 3163 1576 3219 oratione
1603 3163 1872 3233 praemissa
1902 3179 1915 3215 :

287 3263 300 3271 ’
328 3273 429 3315 nec
453 3258 733 3314 recedatur
753 3272 782 3314 a
812 3270 1019 3325 mensa,
1051 3255 1150 3312 nisi
1180 3254 1443 3314 referatur
1462 3254 1701 3313 Creatori
1726 3255 1916 3328 gratia.

328 3352 582 3419 Noctibus
612 3353 692 3408 bis
731 3361 915 3424 terque
957 3352 1313 3423 surgendum,
1342 3352 1664 3409 revolvenda
1689 3368 1806 3423 qua:
1852 3352 1922 3408 de

331 3445 619 3517 Scripturis
662 3444 973 3501 memoriter
998 3443 1309 3500 retinemus.
1343 3442 1692 3514 Egredientes
1718 3442 1785 3498 de
1826 3442 1924 3496 lio-

332 3537 513 3609 spitio,
540 3548 715 3594 armet
738 3537 911 3592 oratio
939 3553 952 3589 :
981 3535 1405 3607 regredientibus
1430 3535 1499 3590 de
1523 3536 1722 3606 platea,
1749 3534 1923 3590 oratio

335 3639 581 3686 occurrat
607 3640 891 3700 antequam
914 3628 1085 3684 sessio
1109 3643 1124 3683 :
1149 3642 1247 3684 nec
1277 3627 1423 3699 prius
1443 3626 1816 3697 corpusculum
1839 3642 1923 3683 re-

336 3723 606 3794 quiescat,
634 3736 791 3793 quam
820 3722 993 3775 anima
1038 3728 1303 3791 pascatur.
1347 3720 1428 3775 Ad
1465 3734 1680 3777 omnem
1707 3729 1882 3775 actum
1903 3761 1922 3790 ,

338 3815 403 3870 ad
433 3830 646 3871 omnem
687 3815 951 3871 incessum
999 3828 1189 3869 manus
1233 3814 1412 3884 pingat
1443 3812 1651 3868 Domini
1682 3828 1920 3869 crucem.

338 3908 475 3966 Nulli
505 3910 773 3978 detrahas,
803 3926 901 3966 nec
924 3909 1180 3965 adversus
1207 3908 1372 3963 lilium
1400 3907 1588 3963 matris
1631 3917 1732 3963 tuae
1760 3923 1925 3978 ponas

340 4002 670 4058 scandalum.
702 4009 780 4056 Tu
809 4017 925 4072 qua:
965 3999 1085 4074 [51s.
1109 3998 1242 4073 quis]
1269 4016 1350 4068 es,
1377 4009 1433 4054 ut
1456 3999 1687 4054 alienum
1712 4014 1923 4055 servum

336 4092 579 4166 judiccs?
606 4113 625 4148 ι
675 4096 783 4150 Suo
808 4094 1032 4149 Domino
1058 4103 1183 4158 stat,
1208 4101 1300 4146 aut
1322 4089 1482 4147 cadit.
1505 4090 1678 4148 Stabit
1704 4102 1881 4147 autem
1910 4109 1924 4148 :

343 4195 532 4257 potens
556 4196 640 4242 est
663 4186 804 4242 enim
835 4186 1089 4241 Dominus
1128 4193 1366 4241 statuere
1396 4185 1541 4240 illum
1566 4203 1585 4238 ι
1621 4183 1800 4256 (Rom.
1835 4186 1923 4242 ti.

342 4278 418 4348 4).
445 4278 555 4335 Nec
582 4281 627 4335 si
668 4279 830 4335 biduo
863 4279 1144 4349 triduoque
1157 4278 1505 4350 jejunaveris,
1534 4289 1690 4350 putes
1730 4288 1783 4336 te
1819 4295 1927 4336 non

338 4372 701 4443 jejunantibus
731 4387 851 4429 esse
894 4372 1189 4428 meliorem.
1223 4372 1302 4427 'l‘u
1340 4372 1585 4442 jejunas,
1625 4381 1681 4430 et
1726 4375 1925 4430 irasce-

345 4465 418 4519 ris
448 4483 459 4517 :
501 4465 591 4519 ille
619 4465 884 4533 comedit,
911 4474 966 4519 et
994 4463 1071 4537 (b)
1114 4463 1290 4520 fronte
1329 4464 1609 4521 blanditur.
1658 4465 1736 4522 Tu
1766 4482 1926 4522 vesa-

349 4558 543 4613 tionem
594 4559 789 4615 mentis
841 4567 895 4614 et
944 4557 1145 4614 ventris
1195 4559 1426 4615 esuriem
1470 4560 1695 4616 rixando
1733 4561 1930 4632 digeris

346 4648 439 4724 [ιιι.
491 4650 746 4725 detegis]:
798 4652 885 4706 ille
923 4651 1250 4708 moderatius
1278 4635 1457 4720 alitur,
1487 4663 1541 4710 et
1583 4655 1693 4711 Deo
1732 4656 1932 4726 gratias

346 4746 472 4817 agit.
520 4745 675 4804 Unde
701 4747 939 4818 quotidie
968 4747 1162 4802 clamat
1187 4747 1349 4802 Isaias
1379 4766 1393 4802 :
1441 4767 1459 4801 ι
1492 4748 1606 4803 Νοη
1648 4749 1753 4805 tale
1792 4749 1932 4821 jeju-

347 4839 489 4892 nium
518 4838 674 4910 elegi,
702 4839 833 4894 dicit
865 4839 1118 4894 Dominus
1153 4858 1171 4891 ι
1203 4836 1355 4909 (Isai.
1381 4840 1470 4896 58.
1501 4842 1577 4912 5).
1604 4842 1668 4896 Et
1697 4842 1887 4898 iterum
1913 4859 1929 4898 :

352 4935 507 5005 122
569 4953 588 4986 ι
619 4931 674 4987 In
706 4932 894 4989 diebus
914 4933 1232 5003 jejuniorum
1261 4942 1561 4988 vestrorum
1594 4933 1934 4991 inveniuntur

346 5028 652 5082 voluntates
681 5037 896 5091 vestrm,
922 5034 978 5081 et
1005 5040 1195 5081 omnes
1222 5026 1312 5098 qui
1340 5026 1440 5081 sub
1471 5036 1643 5083 vestra
1672 5037 1935 5099 potestate

346 5126 489 5183 sunt,
516 5117 820 5173 stimulatis.
846 5116 903 5172 In
923 5116 1141 5188 judiciis
1165 5128 1218 5173 et
1249 5118 1429 5174 litibus
1448 5117 1722 5189 jejunatis,
1740 5129 1794 5176 et
1812 5137 1936 5191 per-

352 5211 534 5268 cutitis
549 5210 738 5283 pugnis
758 5209 1015 5267 humilem
1046 5230 1065 5264 ι
1085 5209 1244 5285 (Ibid.
1265 5228 1315 5267 υ.
1334 5212 1410 5284 5).
1430 5210 1634 5285 thuid
1647 5213 1777 5269 mihi
1792 5215 1931 5287 jeju-

361 5477 369 5483 .
413 5435 488 5550 ia)
510 5435 699 5487 Vitiose
720 5434 836 5486 Mss.
859 5436 1054 5500 quidam
1078 5438 1233 5508 atque
1252 5440 1376 5508 eontt
1392 5440 1690 5490 vetustiores
1710 5451 1812 5491 esse
1847 5452 1933 5493 nos

352 5499 413 5570 de
443 5512 528 5570 ere
550 5498 724 5570 refert,
742 5497 1150 5570 quemadmodum
1171 5496 1299 5570 OillI-l‘
1309 5505 1466 5570 etiam
1483 5498 1932 5570 legerat‘Abaelar-

352 5512 528 5550 aeoere
550 5512 719 5563 rejert,
742 5512 1150 5562 quemaomouum
1171 5512 1285 5546 onm
1309 5512 1458 5547 etiam
1483 5512 1674 5609 legerat
1695 5512 1932 5551 Abaetar-

351 5557 551 5634 dus-lib:
576 5559 909 5634 2:“Theolog.
934 5559 1234 5634 Christianae.
1264 5560 1416 5634 Porro
1437 5561 1501 5609 de
1527 5622 1539 5634 _
1562 5566 1724 5634 ssenis
1744 5566 1940 5634 scripsit

353 5622 513 5674 Philo.
525 5623 589 5694 in
611 5622 709 5694 lib.
733 5633 793 5673 an
819 5620 898 5694 ei;
930 5620 1578 5694 βαθέαῖοςιιλιξιοιρὶςςηλοξθρίιξ
1597 5631 1761 5674 autem
1785 5620 1939 5694 locus,

352 5683 670 5750 quemjiier.
698 5685 871 5750 innuit,
898 5691 988 5750 est
998 5683 1085 5750 lib.
1108 5683 1160 5750 2.
1184 5683 1249 5732 de
1268 5682 1415 5733 Bello
1436 5682 1639 5750 Iudaico
1653 5698 1765 5750 _c_ap.
1793 5690 1840 5738 8.

416 5747 489 5819 (_b_)
507 5746 744 5819 Martian.
755 5753 802 5819 et
825 5747 947 5819 [orte
972 5743 1633 5810 blanditur,repngnantibus
1653 5743 1767 5799 Mss.
1782 5758 1932 5817 atque

356 5809 502 5869 editis
546 5809 949 5871 castigatiorihus.

680 5891 747 5962 s.
793 5893 1163 5959 Breucum
1218 5894 1267 5961 1.

1658 248 1999 311 EPISTOLA
2032 245 2205 308 XXII.

1989 363 2173 421 natis?
2201 360 2368 431 Quale
2394 360 2524 419 illud
2562 370 2740 436 potest
2775 378 2900 424 esse
2933 364 3229 441 jejunium,
3261 368 3413 444 cujus
3441 374 3574 432 iram

1990 471 2095 512 non
2122 456 2293 512 dicam
2335 470 2439 515 nor
2467 456 2714 529 occupat,
2754 459 2850 516 sed
2889 461 3012 517 luna
3053 462 3315 539 integram
3339 464 3580 524 derelin-

1988 546 2137 619 quit?
2168 547 2243 603 Te
2269 547 2437 619 ipsam
2470 549 2818 607 considerans
2840 593 2856 620 ,
2883 566 3003 610 nou
3030 570 3082 611 IN
3107 571 3367 619 amemus
3399 561 3578 630 ruina,

1989 639 2086 696 sed
2106 639 2159 695 in
2186 647 2280 697 tuo
2305 655 2470 714 opere
2487 641 2729 714 gloriari.

2060 733 2152 791 38.
2183 732 2436 807 Exempla
2452 736 2724 792 titulorum.
2756 736 3032 796 Meliorum
3058 747 3289 817 exempla
3312 750 3574 806 sectanda.

1988 856 2063 871 —-
2089 824 2201 883 Nec
2242 826 2458 884 illarum
2500 829 2593 884 tibi
2636 826 2885 902 exempla
2918 848 3185 906 proponas
3207 877 3226 906 ,
3254 855 3372 910 quae
3399 843 3580 897 carnis

1991 934 2176 976 curam
2208 918 2501 990 facientes,
2533 924 2931 994 posscssionum
2963 927 3166 983 reditus
3186 970 3201 994 ,
3232 920 3287 986 et
3315 936 3579 1004 quotidia-

1991 1027 2089 1068 nas
2117 1012 2308 1069 domus
2334 1014 2603 1085 impensas
2622 1025 2930 1088 supptttanl.
2954 1019 3138 1092 Neque
3159 1024 3302 1078 enim
3336 1028 3580 1082 undecim

1990 1106 2237 1177 Apostoli
2271 1105 2425 1162 inda:
2466 1107 2769 1179 proditione
2799 1119 2926 1166 sunt
2967 1112 3115 1169 fracti
3147 1133 3161 1170 :
3189 1132 3288 1173 nec
3329 1118 3404 1191 (c)
3437 1120 3581 1193 Phy-

1992 1200 2135 1272 gelo,
2169 1210 2221 1257 et
2248 1202 2555 1258 Alexandro
2597 1205 2917 1263 facientibus
2956 1208 3311 1282 naufragium,
3341 1216 3520 1270 cmteri
3554 1229 3583 1269 a

1993 1307 2155 1349 cursu
2182 1293 2305 1350 fidei
2347 1294 2720 1353 substiterunt.
2753 1297 2862 1355 Nec
2899 1299 3080 1367 dicas,
3132 1302 3220 1358 illa
3260 1313 3316 1361 et
3340 1305 3429 1360 illa
3473 1306 3586 1362 suis

1995 1385 2157 1443 rebus
2201 1386 2422 1454 fruitur;
2456 1386 2748 1445 honoratur
2784 1391 2855 1447 ab
2898 1391 3240 1463 hominibus;
3287 1396 3478 1452 fratres
3519 1400 3588 1453 ad

1996 1495 2114 1537 eam
2140 1481 2471 1538 conveniunt
2498 1495 2553 1539 et
2578 1500 2816 1542 sorores.
2844 1486 3093 1560 Nunquid
3144 1490 3265 1548 ideo
3287 1495 3439 1565 virgo
3466 1510 3589 1551 esse

1998 1572 2200 1629 desiit?
2230 1573 2411 1631 Primo
2436 1574 2653 1631 dubium
2691 1587 2809 1645 est,
2840 1595 2906 1634 an
2948 1582 3099 1653 virgo
3122 1584 3192 1639 sit
3222 1585 3361 1641 talis.
3398 1603 3419 1638 ι
3469 1584 3587 1642 Νοη

1999 1668 2143 1724 enim
2168 1668 2438 1738 quomodo
2469 1668 2614 1726 videt
2643 1670 2822 1738 homo,
2856 1673 3005 1729 videt
3036 1675 3198 1731 Deus.
3242 1677 3412 1733 Homo
3445 1680 3591 1735 videt

1998 1755 2054 1813 in
2094 1757 2249 1827 facie,
2285 1760 2424 1816 Deus
2454 1770 2629 1818 autem
2671 1763 2819 1821 videt
2860 1765 2914 1820 in
2957 1767 3120 1824 corde
3153 1789 3173 1822 ι
3206 1769 3283 1841 (t.
3316 1769 3444 1843 Reg.
3473 1771 3585 1846 l6).

2005 1852 2210 1910 Dehinc
2234 1855 2394 1910 etiam
2426 1856 2470 1910 si
2498 1871 2726 1927 corpore
2751 1860 2902 1931 virgo
2940 1870 3041 1927 est,
3091 1863 3279 1933 Spiritu
3309 1865 3457 1936 virgo
3499 1868 3590 1935 sit,

2004 1947 2209 2004 nescio.
2254 1948 2547 2019 Apostolus
2592 1960 2771 2008 autem
2813 1954 2885 2008 ita
2924 1955 3180 2025 virginem
3218 1956 3494 2015 definivit:
3527 1959 3595 2016 Ut

2004 2041 2071 2096 sit
2094 2051 2273 2097 sancta
2297 2058 2511 2112 corpore
2537 2054 2583 2098 et
2608 2046 2791 2115 spiritu
2831 2047 2928 2117 (1.
2964 2047 3087 2103 Cor.
3133 2049 3187 2105 7.
3234 2050 3344 2121 54).
3378 2052 3457 2107 Ad
3501 2068 3597 2107 ex-

2010 2140 2242 2188 tremum
2270 2134 2465 2190 habeat
2490 2136 2588 2190 sibi
2617 2138 2840 2207 gloriam
2866 2155 3038 2195 suam.
3075 2140 3263 2197 Vincat
3294 2142 3441 2198 Pauli
3471 2158 3598 2200 sen-

2010 2226 2274 2294 tentiam,
2328 2227 2537 2284 deliciis
2600 2228 2807 2286 fruatur
2847 2240 2904 2288 et
2953 2233 3113 2289 vivat.
3165 2235 3272 2290 Nos
3312 2238 3596 2294 meliorum

2011 2320 2256 2390 exempla
2286 2331 2574 2378 sectemur.
2599 2323 2844 2394 Pr0pone
2867 2327 2959 2382 tibi
2983 2328 3189 2384 beatam
3217 2329 3456 2399 Mariam,
3481 2348 3599 2402 qua:

2012 2418 2176 2467 tanta:
2200 2414 2401 2468 exstitit
2430 2416 2702 2484 puritatis,
2740 2429 2797 2473 ut
2826 2417 2993 2475 Mater
3033 2420 3239 2477 Domini
3271 2438 3391 2481 esse
3421 2440 3600 2481 mere-

2013 2512 2184 2559 retur.
2218 2504 2299 2560 Ad
2329 2521 2488 2577 quam
2533 2523 2656 2563 cum
2684 2509 2918 2581 Angelus
2965 2510 3178 2569 Gabriel
3210 2513 3260 2569 in
3295 2516 3390 2571 viri
3422 2516 3603 2587 specie

2016 2597 2405 2666 descendisset,
2435 2600 2658 2657 dicens:
2708 2603 2810 2658 Ave
2836 2605 3003 2676 gratia
3031 2610 3212 2677 plena,
3245 2605 3500 2665 Dominus
3526 2620 3604 2665 le-

2017 2704 2135 2744 cum
2163 2685 2318 2762 (Luc.
2349 2691 2402 2747 1.
2433 2690 2549 2762 28),
2580 2702 2922 2750 consternata
2967 2706 3021 2752 et
3049 2698 3349 2769 perterrita,
3374 2715 3605 2773 respon-

2017 2780 2148 2839 dere
2190 2799 2296 2838 non
2326 2784 2515 2854 potuit.
2559 2783 2839 2858 Nunquam
2886 2789 3026 2845 enim
3058 2807 3085 2845 a
3116 2793 3230 2847 viro
3265 2792 3436 2850 fuerat
3462 2796 3606 2851 salu~

2020 2884 2150 2932 tata.
2203 2877 2439 2951 Denique
2486 2883 2730 2938 nuntium
2774 2883 2931 2941 discit
2974 2897 3028 2943 et
3074 2888 3326 2961 loquitur.
3377 2891 3444 2946 Et
3488 2906 3609 2962 qum

2022 2968 2295 3026 hominem
2327 2972 2682 3043 formidabat,
2727 2990 2850 3033 cum
2898 2980 3106 3051 Angelo
3151 2982 3413 3038 fabulatur
3442 2982 3611 3039 intre~

2024 3064 2165 3135 pida.
2197 3065 2358 3121 Potes
2385 3076 2440 3122 et
2466 3078 2516 3122 tu
2545 3084 2664 3125 esse
2692 3070 2863 3127 Mater
2905 3072 3142 3129 Domini.
3170 3077 3366 3148 Accipe
3402 3076 3494 3134 tibi
3526 3086 3610 3132 to-

2024 3174 2168 3213 mum
2198 3176 2469 3232 magnum,
2500 3179 2718 3233 novum,
2741 3174 2795 3220 et
2815 3167 2989 3223 scribe
3011 3168 3065 3223 in
3087 3184 3153 3224 eo
3181 3170 3304 3226 stilo
3334 3170 3570 3227 hominis
3595 3187 3609 3224 z

2023 3252 2259 3309 velociter
2308 3255 2476 3327 spolia
2519 3257 2725 3313 detrahe
2750 3274 2769 3313 :
2810 3269 2863 3316 et
2906 3270 3185 3333 postquam
3215 3264 3506 3320 accesseris
3543 3263 3611 3319 ad

2025 3344 2459 3417 Proplietissam,
2503 3359 2559 3406 et
2582 3354 2894 3423 conceperis
2941 3355 2992 3409 in
3034 3363 3219 3423 utero,
3260 3366 3314 3413 et
3340 3357 3614 3429 pepereris

2025 3439 2227 3508 filium,
2273 3440 2360 3498 dic
2390 3442 2494 3513 (ά).
2528 3450 2565 3496 ί(
2605 3446 2648 3500 Α
2680 3445 2872 3501 timore
2900 3455 2990 3501 tuo
3015 3488 3031 3513 ,
3066 3448 3291 3505 Dcinine
3312 3492 3325 3516 ,
3357 3448 3613 3520 concepi-

2028 3550 2169 3601 mus,
2197 3545 2250 3590 et
2275 3535 2544 3593 doluimus
2564 3580 2580 3604 ,
2613 3547 2668 3594 et
2690 3541 2992 3610 peperimus
3032 3541 3274 3612 spiritum
3305 3544 3612 3599 salvationis

2028 3637 2166 3690 tum,
2200 3644 2356 3699 quem
2388 3629 2608 3685 fecimus
2639 3647 2804 3702 super
2843 3642 3036 3699 terram
3074 3653 3095 3687 ι
3141 3633 3275 3708 (Isa.
3312 3637 3428 3708 26).
3463 3635 3613 3692 Tunc

2030 3730 2085 3776 et
2116 3720 2257 3775 filius
2284 3728 2405 3776 tuus
2435 3721 2527 3776 tibi
2575 3722 2918 3793 respondebit
2939 3765 2953 3789 ,
2986 3734 3041 3781 et
3078 3725 3219 3781 dicet
3249 3744 3263 3780 :
3295 3726 3425 3782 Ecce
3455 3738 3616 3782 mater

2030 3828 2161 3877 mea,
2187 3823 2232 3866 et
2254 3812 2437 3880 fratres
2462 3814 2560 3869 mei
2586 3813 2775 3888 (Marc.
2799 3817 2853 3872 5.
2882 3815 2998 3889 ⁸54).
3018 3817 3082 3872 Et
3105 3818 3295 3873 mirum
3315 3820 3367 3875 in
3396 3820 3611 3874 modum

2030 3903 2140 3969 ille,
2166 3920 2323 3975 quem
2348 3905 2400 3961 in
2424 3906 2691 3964 latitudine
2717 3910 2948 3979 pectoris
2974 3911 3045 3964 tui
3077 3912 3231 3983 paulo
3261 3923 3385 3969 ante
3413 3913 3619 3968 descri~

2029 4010 2236 4067 pscras,
2255 4012 2413 4068 quem
2442 4000 2492 4053 in
2516 4000 2750 4056 novitate
2770 4000 2949 4057 cordis
2972 4002 3095 4059 stilo
3114 4003 3419 4076 signaveras
3438 4021 3452 4072 ;
3474 4013 3618 4076 post-

2030 4106 2191 4163 quam
2213 4092 2379 4163 spolia
2407 4108 2470 4147 ex
2499 4092 2742 4149 hostibus
2762 4104 3047 4165 receperit,
3072 4106 3350 4168 postquam
3372 4097 3616 4153 denuda-

2031 4185 2170 4241 verit
2198 4186 2586 4258 principatuset
2646 4188 2801 4261 123
2862 4199 3172 4259 potestates,
3205 4200 3258 4247 et
3283 4190 3618 4250 afllxeriteas

2035 4276 2203 4343 cruci,
2222 4288 2514 4349 conceptus
2541 4279 2821 4347 adolescit,
2844 4291 2897 4337 et
2926 4283 3098 4353 major
3121 4283 3343 4340 effectus
3363 4301 3617 4357 sponsam

2042 4379 2095 4427 te
2123 4370 2310 4441 incipit
2328 4369 2525 4428 habere
2539 4371 2607 4427 dc
2630 4380 2818 4429 matre.
2837 4371 3072 4431 GRANDIS
3086 4391 3273 4437 usos.
3296 4376 3388 4432 sed
3416 4377 3619 4447 grande

2044 4463 2345 4534 praemium,
2376 4477 2498 4518 esse
2525 4462 2665 4533 quod
2694 4463 2953 4536 Martyres
2972 4506 2985 4527 ,
3033 4480 3153 4521 esse
3179 4465 3321 4535 quod
3348 4470 3619 4539 Apostoli,

2038 4568 2158 4610 esse
2196 4554 2338 4626 quod
2364 4554 2610 4611 Christus
2638 4564 2738 4610 est.
2779 4558 2909 4622 Quae
2945 4556 3157 4627 quidem
3201 4560 3448 4617 universa
3496 4571 3621 4620 tunc

2037 4655 2281 4719 prosunt,
2315 4664 2435 4704 cum
2487 4649 2541 4704 in
2571 4647 2808 4704 Ecclesia
2851 4649 2984 4705 fiunt
3016 4667 3031 4706 :
3061 4668 3181 4707 cum
3225 4655 3276 4709 in
3327 4672 3430 4711 una
3458 4657 3620 4715 domo

2037 4740 2240 4798 Pascha
2270 4740 2637 4805 celebramus;
2667 4740 2709 4795 si
2738 4741 2930 4795 Arcam
2963 4742 3289 4813 ingredimur
3312 4762 3433 4804 cum
3462 4748 3575 4805 Noe
3602 4765 3617 4816 ;

2037 4836 2084 4891 si
2115 4842 2374 4906 pereunte
2415 4832 2649 4897 Iericho,
2694 4832 2878 4890 Rallah
2922 4839 3171 4893 meretrix
3204 4839 3487 4911 justificata
3520 4859 3620 4900 nos

2039 4927 2297 4982 continet.
2344 4925 2609 4982 Caeterum
2659 4927 2926 5000 virgines,
2973 4932 3156 5002 quales
3203 4935 3339 5005 apud
3385 4936 3625 4997 diversas

2041 5021 2276 5079 hmrescs
2298 5065 2312 5091 ,
2360 5033 2412 5079 et
2438 5039 2621 5095 quares
2647 5024 2788 5096 apud
2821 5026 3235 5098 impurissimum
3278 5032 3623 5091 Manicha‘um

2044 5130 2165 5173 esse
2191 5116 2441 5172 dicuntur
2462 5159 2477 5184 ,
2523 5127 2700 5172 scorta
2742 5131 2866 5176 sunt
2891 5122 3259 5178 existimanda!
3281 5169 3294 5185 .
3328 5143 3430 5181 non
3463 5129 3628 5199 virgi-

2048 5224 2169 5267 nes.
2198 5210 2252 5265 Si
2303 5210 2445 5266 enim
2489 5212 2731 5282 corporis
2774 5227 2957 5270 earum
2998 5228 3185 5271 auctor
3226 5228 3306 5272 est
3348 5218 3626 5287 diabolus,

1946 5320 1969 5333 ⁴
2049 5305 2318 5380 quomodo
2343 5315 2567 5377 possunt
2590 5305 2858 5364 honorare
2878 5309 3284 5379 plasmationem
3313 5310 3484 5365 hostis
3510 5313 3629 5367 sui?

2110 5440 2182 5505 (c)
2198 5440 2442 5509 Victorius
2456 5440 2627 5509 maluit
2645 5439 3094 5509 Phyleto.§ed_cu_m
3117 5451 3328 5509 uterque
3353 5451 3405 5494 et
3429 5443 3633 5509 Phyget-

2047 5502 2140 5569 fus,
2164 5502 2219 5553 et
2252 5502 2465 5569 Miletus
2497 5505 2551 5569 in
2585 5502 2741 5554 altera
2764 5503 2905 5569 _Pauli
2927 5505 2985 5555 ad
3018 5502 3329 5569 Timotheum
3369 5502 3573 5569 epistola
3600 5523 3626 5556 a

2047 5564 2142 5615 fide
2166 5566 2408 5630 excidisse
2432 5564 2740 5630 referantur,
2764 5566 3028 5617 lectionem
3050 5579 3167 5630 quae
3187 5567 3369 5630 jamdiu
3399 5564 3627 5630 obtinuit,

2050 5635 2103 5678 et
2122 5629 2554 5690 manuscriptorum
2579 5634 2673 5684 est,
2700 5629 2977 5690 immutare,
3003 5627 3098 5677 non
3125 5627 3318 5690 placuit.

2111 5689 2189 5753 (ά)
2224 5690 2337 5739 Mss.
2362 5689 2463 5753 _n_0n
2485 5690 2816 5753 pauciaddunt
2836 5690 2885 5740 in
2907 5689 3172 5753 cordeituo.
3199 5689 3352 5753 Paulo
3374 5690 3492 5741 infra
3516 5690 3599 5742 ille
3615 5730 3628 5753 ,

2098 5750 2191 5821 ient
2213 5754 2282 5800 sic
2305 5764 2341 5821 ei
2362 5750 2880 5821 bissemeiulavimus
2916 5756 3025 5814 post
3059 5751 3360 5813 Victoriam,
3404 5768 3489 5819 pro
3531 5750 3629 5821 quo

2098 5764 2191 5803 rem
2213 5765 2282 5800 Slc
2305 5764 2335 5799 (Β
2363 5763 2478 5800 MSS.
2514 5763 2880 5800 cruemtavnnus
2916 5763 3025 5814 post

2050 5763 2277 5867 giartian.
2299 5820 2351 5865 et
2371 5811 2557 5864 Erasm.
2582 5810 2737 5874 illum,
2762 5825 2919 5877 quem,
2946 5821 3039 5863 etc.

2969 5893 3367 5993 (Quartana)
