2068 3166
240 207 293 236 ηδ

240 266 294 294 Sed
309 263 369 300 quia
385 261 470 290 sciunt
483 256 612 294 virginale
626 253 782 283 vocabulum
799 252 960 287 gloriosum,
981 249 1032 277 sub

241 296 330 340 ovium
344 308 458 344 pellibus
472 305 550 341 lupos
564 307 665 339 tegunt.
683 300 818 329 Christum
835 298 961 325 mentitur
976 296 1032 323 An-

241 358 396 387 tichristus',
412 358 438 382 et
450 351 638 387 turpitudinem
650 348 711 375 vita:
723 347 789 374 falso
803 344 919 372 nominis
931 344 1035 370 honore

241 402 420 432 convestiunt.
448 398 539 427 Gaude
562 404 655 427 soror,
682 393 767 430 gaude
792 392 864 424 ﬁlia,
888 390 974 426 gaude
998 388 1034 416 mi

241 450 318 485 virgo
333 457 340 475 :
354 447 415 483 quia
435 445 506 482 quod
530 444 589 471 alia:
611 441 752 473 simulant,
768 443 795 466 tu
818 445 880 466 vero
897 444 957 464 esse
977 442 1035 464 eoe-

241 496 316 533 pisti.

280 543 326 571 39.
344 542 408 570 Hrcc
420 539 508 568 omnia
525 545 584 572 qua:
605 534 781 571 digessimus,
798 531 862 559 dura
876 530 1037 558 videbuntur

243 590 281 624 ei,
297 596 356 625 qua:
369 594 420 615 non
434 589 505 613 amat
526 583 672 611 Christum.
686 580 736 614 Qui
758 584 847 607 autem
867 584 973 605 omnem
987 583 1039 602 sre-

244 638 300 667 culi
326 641 450 672 pompam
475 640 524 667 pro
550 632 723 665 purgamento
749 625 891 657 habuerit;
919 628 946 650 et
970 628 1037 649 vana

245 668 352 713 duxerit
372 668 492 708 universa
512 676 562 704 sub
584 675 655 707 solo,
672 677 700 701 ut
722 672 858 700 Christum
873 668 1037 700 lucrifaciat;

245 732 289 766 qui
304 731 484 757 commortuus
497 728 537 752 est
553 721 667 749 Domino
681 727 729 747 suo
740 739 747 751 ,
768 722 795 745 et
813 715 979 766 consurrexit
991 735 998 748 ,
1012 718 1041 741 et

246 760 376 804 drucilixit
387 779 494 801 carnem
508 777 568 797 cum
580 768 650 795 vitiis
665 770 693 793 et
706 762 940 798 concupiscentiis,
956 760 1040 787 libere

247 820 442 859 proclamabit:
460 828 469 844 ι
485 817 549 852 Quis
564 822 613 842 nos
634 811 768 847 separabit
782 818 796 836 a
812 809 923 837 caritate
936 806 981 834 Dei
994 805 1039 859 (al;

247 852 370 905 lilii-isti]?
390 876 422 894 an
437 861 591 893 tribulatio?
605 869 638 888 an
659 857 799 894 angustia?
818 863 851 883 an
870 852 1041 890 persecutio?

196 904 199 906 Ὗ
247 926 280 944 an
296 899 398 943 fames?
412 920 445 939 an
464 908 587 938 nuditas?
603 915 635 934 an
651 901 818 941 pericdlum?
832 910 866 929 an
886 899 1010 936 gladius?
1030 907 1039 924 ι

247 963 281 989 Et
295 962 392 989 iterum
409 967 415 985 :
434 967 444 984 ι
462 957 557 984 Certus
571 960 629 980 sum
641 972 649 985 ,
669 951 730 986 quia
753 956 839 984 neque
852 954 942 977 mors.
958 952 1044 980 neque

247 1008 311 1041 vita,
329 1013 415 1040 neque
428 1002 563 1038 Angelus,
579 1006 666 1034 neque
687 995 854 1030 Principatus
865 1014 872 1025 ,
894 999 980 1027 neque
995 991 1045 1041 Po-

248 1036 625 1085 tcstates;nequierinstantia,
641 1050 728 1078 neque
748 1041 835 1068 futura
846 1059 853 1072 ,
870 1045 955 1073 neque
969 1036 1045 1064 forti-

248 1101 323 1133 tudo,
340 1084 580 1133 ncqueiexcclsum,
597 1098 682 1126 nequc
694 1088 862 1124 profundum,
883 1092 969 1120 neque
989 1084 1039 1111 alia

248 1151 369 1174 creatura
382 1132 479 1179 poterit
494 1148 542 1168 nos
561 1145 685 1174 separare
698 1144 714 1163 a
727 1135 838 1163 caritate
859 1132 915 1165 Dei,
932 1139 992 1167 quae
1003 1135 1044 1159 est

249 1195 275 1222 in
285 1178 391 1220 Christo
402 1190 465 1219 Jesn
474 1181 586 1216 Domino
597 1189 689 1213 nostro
704 1193 713 1210 ›
729 1183 816 1218 (Rom.
826 1181 852 1209 8.
862 1180 907 1208 35.
920 1184 942 1206 et
953 1178 1046 1214 seqq)

251 1239 298 1266 Dei
313 1237 394 1265 Filius
416 1242 466 1271 pro
481 1238 572 1261 nostra
597 1231 682 1259 salute
693 1251 700 1262 ,
717 1227 833 1256 hominis
857 1226 941 1253 factus
954 1228 996 1251 cst
1018 1222 1049 1250 ﬁ.

251 1284 302 1312 lius
325 1283 372 1319 (a).
390 1281 490 1309 Novem
506 1277 641 1306 mensibus
663 1276 689 1303 in
710 1280 787 1302 utero
807 1277 835 1299 ut
857 1274 982 1299 nascatur
1003 1277 1050 1297 ex-

251 1314 365 1367 spectat,
382 1328 485 1356 fastidia
499 1324 631 1355 sustinet,
651 1326 776 1349 cruentus
792 1318 940 1354 egreditur,
954 1314 1049 1351 pannis

252 1361 408 1408 involvitur,
424 1372 556 1401 blanditiis
570 1369 697 1398 delinitur
711 1366 758 1403 (al.
780 1363 919 1400 deridetur]
936 1371 942 1390 :
958 1366 985 1389 et
1005 1361 1050 1388 ille

239 1422 352 1458 pugillo
367 1419 494 1448 mundum
519 1415 672 1447 includens,
687 1412 814 1449 ιιι-ινξορίά
829 1411 980 1438 coutinctur
1000 1415 1051 1435 an-

255 1455 358 1506 gustiis.
373 1469 460 1496 Taceo
471 1465 542 1501 quod
556 1471 639 1498 usque
652 1461 685 1489 ad
699 1460 805 1495 triginta
817 1465 901 1485 annos
915 1455 1050 1493 ignobilis,

256 1502 395 1551 parcutum
422 1514 577 1547 paupertate
597 1511 738 1536 contentus
758 1509 800 1533 est
815 1513 822 1531 Ξ
837 1502 1008 1533 verberatur,
1025 1504 1053 1528 et

257 1548 327 1589 lucet
340 1570 346 1588 :
362 1557 534 1593 cruciﬁgitur,
547 1559 574 1583 et
596 1562 644 1590 pro
654 1550 868 1587 cruciﬁgentibus
881 1548 1051 1583 deprecatur.

261 1617 270 1633 ι
277 1606 343 1641 Quid
354 1607 431 1641 igitur
441 1603 583 1631 retribuam
597 1600 708 1627 Domino
717 1607 741 1633 p;
749 1605 765 1625 ο
774 1596 896 1624 omnibus
905 1603 964 1630 qum
973 1593 1053 1621 retri-

259 1640 317 1681 buit
328 1640 411 1679 mihi?
425 1650 540 1678 Calicem
555 1645 679 1675 salutaris
692 1644 830 1678 accipiam,
847 1647 873 1670 et
887 1648 985 1669 nomen
1002 1640 1054 1667 D0-

261 1699 327 1727 mini
342 1696 480 1725 invocabo.
515 1692 594 1731 124,
625 1691 742 1719 Pretiosa
756 1694 797 1717 est
808 1690 832 1716 in
846 1692 990 1723 conspectu
1000 1686 1055 1713 Do-

262 1747 339 1779 mini,
351 1751 422 1772 mors
434 1742 591 1770 Sanctorum
603 1739 660 1775 ejus
675 1748 684 1764 ›
700 1737 784 1773 (Paul.
797 1736 858 1764 115.
868 1735 894 1762 4.
904 1735 930 1763 5.
940 1734 978 1768 6).
992 1732 1055 1760 Haec

264 1798 305 1821 est
317 1791 372 1819 sola
387 1796 463 1817 DIGNA
475 1793 641 1818 RETRIBUTIO,
651 1792 710 1810 cum
721 1782 827 1817 sanguis
843 1780 971 1815 sanguine
981 1786 1056 1806 com—

263 1841 405 1875 pensatur;
420 1840 447 1861 et
459 1831 589 1867 redempti
601 1837 697 1857 cruore
709 1827 818 1861 Christi,
829 1834 877 1862 pro
885 1824 1057 1860 redemptore

263 1871 377 1912 libenter
392 1879 582 1908 occumbimus.
596 1876 660 1911 Quis
673 1879 825 1903 sanctorum
837 1873 894 1901 sine
909 1871 1057 1900 certamine

264 1933 405 1958 coronatus
421 1926 480 1954 est?
496 1924 562 1952 Abel
580 1924 667 1958 justus
681 1920 828 1953 occiditur;
843 1919 977 1947 Abraham
992 1925 1058 1945 uxo-

264 1985 321 2004 rem
333 1973 497 2010 periclitatur
510 1970 643 1998 amittere.
665 1968 698 1996 Et
718 1975 751 1995 ne
766 1967 793 1994 in
807 1967 966 1994 immensutn
982 1963 1058 1991 volu-

266 2032 326 2051 men
340 2020 498 2052 extendam,
514 2025 605 2054 quzere
624 2020 651 2044 ct
671 2015 791 2042 invenies
811 2012 932 2048 singulos
947 2010 1058 2038 adversa

267 2075 417 2104 perpessos.
432 2065 510 2093 Solus
524 2064 551 2091 in
567 2062 668 2091 deliciis
690 2061 817 2089 Salomon
833 2059 891 2092 fuit,
907 2062 933 2086 et
949 2057 1058 2084 forsitan

268 2101 328 2143 ideo
341 2113 450 2142 corruit.
466 2120 475 2137 ι
491 2112 574 2144 Quem
588 2109 659 2137 enim
682 2107 768 2142 diligit
788 2105 918 2133 Dominus
928 2125 935 2137 ,
950 2101 1060 2138 corripit

268 2161 314 2198 [aL
338 2157 473 2196 ﬂagellat].
500 2156 617 2191 Castigat
640 2159 728 2182 autem
751 2160 857 2180 onmem
883 2152 965 2178 ﬁlium
982 2157 1060 2185 quem

270 2197 364 2243 recipit
380 2212 389 2232 ι
405 2205 495 2241 (Prov.
519 2203 547 2231 5.
562 2201 617 2238 12).
634 2201 727 2229 Nonne
742 2199 836 2226 melius
849 2202 890 2226 est
905 2197 978 2225 brevi
994 2201 1061 2224 tetu-

270 2262 333 2289 pore
345 2252 472 2280 dimicare
486 2249 534 2286 (b),
551 2248 620 2276 ferre
635 2247 744 2278 vallum,
758 2252 831 2272 arma
846 2251 963 2275 sumere,
979 2242 1063 2270 lasse-

269 2309 343 2328 srcrc
358 2299 407 2326 sub
423 2298 503 2325 lorica
515 2317 522 2330 ,
537 2301 564 2323 et
578 2300 668 2331 postea
689 2292 806 2329 gaudere
821 2292 952 2319 victorem
962 2311 969 2324 ,
982 2297 1062 2325 quam

271 2346 433 2381 impatientia
447 2345 524 2372 unius
538 2344 610 2371 horre
625 2341 729 2370 servire
743 2339 889 2376 perpetuo?

308 2393 351 2420 ΛΟ.
368 2391 438 2418 Nihil
449 2390 597 2417 amantibus
612 2395 701 2416 DURUM
716 2394 775 2418 es'r,
790 2384 877 2413 nullus
892 2383 1008 2412 difﬁcilis
1022 2391 1065 2411 cu-

273 2437 354 2473 pienti
374 2437 449 2464 labor
469 2441 519 2464 est.
541 2434 653 2469 Respice
674 2437 771 2468 quanta
793 2431 874 2460 Iacob
894 2438 943 2466 pro
965 2426 1064 2457 Rachel

274 2488 348 2519 pacta
365 2490 447 2510 uxore
463 2481 595 2508 sustinuit.
613 2490 621 2505 ι
638 2479 671 2507 Et
685 2479 804 2511 servivit,
815 2478 901 2513 inquit
914 2476 1061 2511 Scriptura,

278 2530 356 2560 lacth
370 2537 418 2564 pro
429 2528 527 2555 llacltcl
537 2527 614 2554 annis
626 2530 737 2561 scptem.
750 2525 783 2552 Et
793 2529 868 2552 erant
880 2523 906 2550 in
919 2525 1066 2557 conspectu

274 2578 332 2613 ejus
348 2576 423 2612 quasi
437 2575 493 2603 dies
505 2574 591 2610 pauci,
604 2572 665 2608 quia
674 2571 781 2600 amabat
795 2571 865 2599 illam
878 2579 888 2596 ›
902 2569 1005 2606 (Genes.
1017 2568 1062 2597 29.

306 2664 344 2697 (a)
361 2663 536 2697 Benedictinus
548 2660 625 2687 editor
636 2665 738 2697 ﬁerem.
755 2660 852 2692 Vulgati
864 2659 903 2686 alii
915 2668 1009 2692 omnes,
1027 2669 1070 2697 no-

274 2692 372 2728 strique
385 2695 442 2720 Mss.
455 2694 561 2720 codices.
569 2697 597 2718 ut
613 2692 741 2721 edidimus,
751 2698 833 2717 novem
844 2698 999 2747 :(‘juanquam
1012 2694 1069 2720 alibi

277 2735 323 2747 mn
344 2728 485 2747 igtmramus
496 2725 583 2747 (Ιροριιι
601 2724 727 2747 recenseri
740 2730 787 2747 non
799 2723 862 2747 absl
878 2725 1001 2747 iu'rtmvmn
1014 2730 1068 2747 tan.

276 2723 583 2758 mn'ignoramusdecem
601 2724 727 2758 recenseri
740 2730 787 2758 non
799 2723 1001 2758 absliit-ronymo
1014 2730 1068 2750 tan-

275 2762 337 2787 tum,
351 2755 394 2782 sed
407 2759 437 2781 ab
449 2756 504 2781 aliis
517 2757 591 2781 etiam
610 2755 718 2787 antiquis
729 2755 887 2787 scriptoribus
897 2755 1005 2785 menses,
1018 2758 1067 2787 qui-

277 2791 323 2813 bus
333 2784 470 2814 infantcsin
478 2792 549 2812 utero
561 2786 651 2817 gestari
664 2784 753 2819 solent.
767 2784 899 2819 auctorum
911 2793 982 2819 supra
994 2784 1071 2819 vigin-

276 2822 292 2844 ti
306 2820 445 2845 testimonia
458 2819 484 2843 in
500 2816 721 2842 hanc’sentcntiam
733 2816 823 2840 indicat
840 2816 952 2842 Baluzius
964 2818 987 2842 in
1006 2816 1071 2843 n'otls

276 2852 305 2875 ad
324 2851 433 2883 Cypriani
455 2849 587 2881 Epistulam
604 2848 632 2873 ad
650 2846 821 2883 Fortunatam;
843 2855 888 2873 nos
907 2848 983 2873 multo
1003 2849 1071 2880 plura

278 2878 363 2906 eorum
381 2878 629 2912 aﬁ'erre'possemus,
642 2878 684 2909 qui
697 2884 744 2902 non
756 2878 803 2902 nisi
814 2885 902 2904 novem
915 2878 1070 2905 enumerant.

309 2924 344 2954 (h)
362 2923 517 2947 (iistorciens.
531 2921 658 2951 dinu‘care,
671 2918 754 2950 ferire,
766 2919 854 2948 vallum
870 2922 946 2948 armis
966 2923 1072 2949 circum-

278 2954 346 2985 dare,
363 2954 487 2983 lacessere,
501 2957 549 2978 etc.

884 191 922 220 S.\
928 188 1005 219 NCTI
1026 184 1215 217 lllERONYMl

1826 182 1879 211 ιελι

1088 246 1145 279 20).
1161 245 1237 285 Unde
1251 250 1278 273 et
1294 244 1351 280 ipse
1365 247 1456 279 postea
1471 241 1508 279 (c)
1531 245 1665 270 memorat
1679 249 1686 268 :
1713 239 1745 268 In
1761 240 1803 268 die
1824 248 1883 268 ure-

1088 292 1133 319 bar
1145 296 1217 324 mtu,
1234 295 1257 319 et
1267 290 1325 326 gelu
1338 294 1411 317 nocte
1424 289 1500 326 (Gen.
1513 289 1559 317 3|.
1573 287 1631 322 40).
1648 287 1778 314 Amemus
1793 291 1820 314 et
1832 294 1883 315 nos

1087 336 1221 365 Christum
1234 357 1241 369 ,
1264 336 1376 371 ejusque
1390 342 1498 369 semper
1521 340 1672 368 quieramus
1685 332 1825 367 amplexus
1835 353 1843 367 ,
1857 336 1889 364 et

1091 385 1166 412 facile
1182 382 1313 411 videbitur
1323 390 1402 410 omne
1415 381 1540 413 difﬁcile;
1555 379 1645 407 brevia
1659 379 1812 414 putabimus
1825 379 1886 407 nni-

1089 439 1166 459 versa
1181 438 1239 466 qum
1250 431 1327 465 longa
1342 434 1423 461 sunt;
1444 432 1468 456 et
1483 427 1569 462 iaculo
1584 426 1656 453 illius
1668 425 1817 458 vulnerati,
1839 433 1887 461 per

1090 477 1216 505 horarum
1241 480 1375 503 momenta
1394 474 1514 502 dicemus
1529 481 1536 500 :
1552 482 1562 499 ι
1580 472 1635 500 lleu
1654 480 1715 505 me,
1732 472 1794 507 quia
1809 479 1886 506 pere-

1090 523 1204 559 grinatio
1219 530 1278 550 mea
1291 522 1447 558 prolongata
1460 524 1502 548 est
1521 527 1535 546 a
1551 527 1603 547 me.
1619 518 1680 555 (Ps.
1695 519 1757 547 H9.
1774 518 1814 554 2).
1828 518 1887 545 Non

1091 576 1152 597 sunt
1167 569 1236 597 enim
1254 568 1394 604 condigna:
1408 567 1545 603 passiones
1565 565 1644 601 hujus
1657 566 1787 601 temporis
1802 565 1834 592 ad
1850 565 1875 592 fu

1092 622 1178 644 turam
1191 616 1313 652 gloriam,
1323 622 1383 650 quae
1395 614 1556 643 revelabitur
1567 613 1593 640 in
1605 612 1683 641 nobis
1694 612 1784 647 (Rom.
1793 612 1820 640 8.
1833 611 1888 646 18).

1092 663 1158 698 Quia
1179 662 1313 690 tribulatio
1330 660 1482 696 patientiam
1496 663 1624 695 operatur
1636 680 1643 692 ,
1657 658 1787 694 patientia
1801 661 1890 685 autem

1093 709 1289 745 probationem,
1308 707 1427 742 probatio
1440 710 1528 733 autem
1552 713 1640 740 spem,
1657 713 1718 741 spes
1733 709 1822 732 autem
1838 711 1890 731 non

1093 754 1231 783 confundit
1252 765 1260 780 ι
1281 753 1361 789 (Ibid.
1383 753 1408 780 5.
1425 752 1451 779 3.
1467 752 1506 785 ὦ).
1530 750 1642 784 Quando
1658 750 1704 778 tibi
1724 758 1805 786 grave
1819 749 1892 777 vide-

1096 806 1137 827 tur
1150 808 1209 827 esse
1223 799 1293 835 quod
1309 799 1436 831 sustines,
1453 797 1525 825 Pauli
1538 796 1684 825 secundam
1697 796 1844 832 Epistolam
1858 795 1892 822 ad

1095 846 1247 874 Corinthios
1262 846 1319 881 lege
1333 854 1340 872 :
1358 854 1366 870 ι
1385 844 1413 871 In
1427 843 1562 871 laboribus
1583 843 1744 879 plurimum;
1761 842 1787 870 in
1801 849 1893 870 carce-

1096 893 1169 920 ribus
1182 891 1379 923 abundantius;
1395 891 1420 917 in
1434 889 1517 925 plagis
1530 896 1610 924 supra
1628 887 1755 920 modum;
1779 887 1805 915 in
1820 895 1892 914 rnor-

1098 938 1166 965 tibus
1190 937 1354 972 frequenter.
1379 937 1399 963 A
1421 935 1522 963 Juda-is
1544 934 1687 970 quinquies
1710 933 1894 969 quadragenas

1098 992 1149 1011 una
1173 984 1261 1011 minus
1283 983 1374 1018 accepi
1391 991 1396 1009 :
1412 988 1452 1010 ter
1466 982 1547 1016 virgis
1562 988 1648 1008 czcsus
1661 989 1720 1008 sum
1736 988 1742 1006 ι
1757 980 1839 1008 semel
1857 979 1894 1006 la-

1099 1032 1203 1067 pidatus
1224 1039 1283 1058 sum
1298 1039 1304 1058 :
1327 1035 1368 1058 ter
1389 1029 1556 1064 naufragium
1572 1028 1624 1056 feci
1640 1037 1647 1055 :
1667 1033 1745 1055 nocte
1759 1032 1785 1054 et
1802 1026 1845 1054 die
1867 1027 1894 1054 in

1100 1078 1230 1114 profundo
1253 1077 1335 1104 maris
1358 1077 1403 1103 fui.
1431 1076 1460 1103 In
1480 1075 1619 1103 itineribus
1635 1074 1750 1109 srepius,
1771 1072 1897 1108 periculis

1099 1124 1259 1156 ﬂuminum,
1281 1122 1406 1158 periculis
1427 1123 1559 1150 latronum
1570 1141 1577 1153 .
1592 1120 1718 1156 periculis
1737 1127 1770 1148 ex
1783 1127 1894 1155 genere,

1102 1170 1227 1206 periculis
1240 1177 1272 1197 ex
1288 1169 1413 1205 gentibus
1423 1190 1431 1203 ,
1448 1167 1576 1203 periculis
1590 1168 1616 1195 in
1632 1167 1739 1194 civitate
1750 1187 1756 1198 ,
1772 1166 1898 1201 periculis

1101 1219 1127 1244 in
1142 1217 1260 1250 deserto,
1278 1215 1404 1251 periculis
1424 1215 1450 1242 in
1471 1214 1556 1248 mari,
1572 1214 1699 1249 periculis
1713 1214 1739 1241 in
1755 1213 1829 1241 falsis
1843 1213 1897 1240 fra-

1102 1263 1187 1290 tribus
1202 1271 1208 1289 :
1223 1262 1251 1290 in
1266 1262 1412 1295 laboribus,
1427 1262 1452 1289 in
1468 1261 1595 1295 miseriis,
1609 1261 1636 1288 in
1648 1260 1745 1296 vigiliis
1757 1261 1857 1292 multis,
1872 1260 1899 1287 in

1102 1308 1172 1336 fame
1182 1312 1210 1336 et
1222 1308 1284 1341 siti,
1302 1308 1327 1335 in
1345 1307 1452 1343 jejuniis
1468 1307 1589 1342 plurimis
1601 1327 1609 1339 ,
1625 1306 1654 1334 in
1669 1306 1767 1342 frigore
1780 1310 1807 1333 et
1819 1305 1899 1333 nudi-

1103 1359 1157 1381 tate
1171 1364 1179 1380 ι
1192 1354 1232 1388 (2.
1243 1353 1302 1381 Cor.
1316 1353 1372 1390 Η).
1389 1353 1454 1387 Quis
1463 1357 1585 1380 nostrum
1595 1352 1690 1380 saltem
1718 1351 1795 1389 125
1822 1352 1901 1378 mini-

1104 1409 1173 1428 mam
1184 1400 1334 1436 portionem
1342 1399 1375 1428 de
1382 1400 1503 1436 catalogo
1513 1400 1605 1427 barum
1613 1399 1662 1427 sibi
1669 1403 1757 1437 potest
1765 1397 1901 1426 vindicare

1104 1445 1252 1474 virtutum?
1272 1446 1312 1474 0b
1336 1454 1394 1481 qum
1416 1446 1460 1474 ille
1485 1450 1576 1481 postea
1595 1444 1761 1473 conﬁdenter
1783 1445 1871 1472 aiebat
1892 1453 1900 1472 :

1108 1502 1117 1519 ι
1134 1492 1248 1520 Cursum
1259 1492 1454 1525 consummavi,
1472 1491 1549 1520 ﬁdem
1564 1490 1678 1519 servavi.
1692 1490 1821 1526 Superest
1836 1490 1903 1517 mihi

1105 1547 1204 1567 corona
1221 1538 1331 1574 justitim
1345 1559 1351 1571 ,
1374 1547 1454 1574 quam
1470 1538 1597 1566 retribuet
1609 1536 1675 1565 mihi
1694 1537 1720 1564 in
1734 1536 1781 1564 illa
1794 1536 1837 1564 die
1851 1536 1904 1564 Do-

1106 1585 1291 1620 minusjustus
1304 1583 1386 1619 judcx
1405 1595 1414 1610 ›
1433 1585 1473 1619 (‘2.
1489 1583 1554 1611 Tim.
1570 1583 1597 1611 Δ.
1618 1583 1644 1610 7.
1661 1582 1702 1618 8).
1724 1582 1753 1610 Si
1774 1582 1848 1609 cibus
1863 1582 1903 1609 in-

1107 1631 1204 1658 sulsior
1220 1631 1316 1663 fuerit,
1340 1630 1530 1658 contristamur
1552 1639 1558 1657 :
1583 1634 1610 1657 et
1625 1635 1755 1669 putamus
1779 1629 1833 1656 Deo
1853 1635 1904 1655 nos

1107 1675 1214 1713 aliquod
1236 1682 1364 1712 prmstare
1387 1676 1547 1705 beneﬁcium
1576 1676 1636 1712 (ά),
1652 1683 1712 1704 cum
1726 1675 1848 1710 aquatius
1862 1675 1904 1702 vi-

1108 1733 1170 1752 mnn
1191 1724 1317 1752 bibimus.
1341 1722 1414 1751 Calix
1439 1723 1587 1759 frangitur,
1608 1730 1700 1750 mensa
1723 1722 1902 1753 subvertitur;

1109 1770 1221 1797 vcrhera
1235 1774 1376 1801 resonant,
1393 1774 1420 1797 et
1432 1777 1500 1804 aqua
1516 1768 1630 1804 tepidior
1642 1768 1771 1803 sanguine
1786 1767 1905 1794 vindica-

1110 1820 1161 1843 tur.
1181 1826 1190 1841 ι
1205 1816 1325 1851 Regnum
1342 1815 1471 1844 caelorum
1485 1815 1537 1842 vim
1558 1815 1673 1850 patitur,
1693 1818 1720 1842 et
1731 1813 1840 1841 violenti
1861 1821 1905 1840 ra-

1110 1862 1186 1896 piunt
1200 1860 1266 1888 illud
1282 1871 1290 1887 »
1306 1860 1412 1896 (ΜαιιΙι.
1429 1860 1544 1899 “42).
1559 1859 1616 1888 Nisi
1628 1860 1681 1887 vim
1695 1859 1805 1892 feceris,
1821 1860 1905 1887 caelo-

1111 1915 1169 1935 rmn
1185 1914 1266 1942 regna
1282 1915 1333 1934 non
1350 1906 1388 1942 (Ι)
1400 1907 1499 1942 capies.
1516 1906 1573 1934 Nisi
1586 1906 1732 1942 pulsaveris
1743 1906 1904 1940 importune,

1110 1962 1206 1989 panem
1219 1962 1272 1981 non
1286 1953 1399 1988 accipies
1412 1953 1587 1981 Sacramenti.
1602 1953 1642 1981 AN
1656 1960 1706 1981 NON
1725 1959 1777 1979 mn
1790 1959 1908 1979 nomen

1112 2008 1271 2032 VIOLENTIA,
1286 2007 1347 2028 cum
1373 2008 1436 2028 caro
1458 2000 1531 2035 cupit
1546 2007 1604 2028 csse
1619 2000 1690 2035 quod
1706 1999 1776 2027 Deus
1788 2003 1831 2027 est
1848 2007 1855 2026 :
1879 2001 1908 2027 et

1113 2047 1177 2074 illuc
1202 2045 1275 2073 unde
1297 2045 1392 2081 Angeli
1416 2050 1591 2080 corruerunt,
1617 2043 1733 2081 Angelos
1757 2044 1907 2080 judicatura

1112 2092 1288 2120 Conscendit?

1148 2139 1192 2166 Μ.
1219 2138 1316 2166 Merces
1349 2137 1480 2174 Virginum
1507 2143 1529 2166 et
1559 2137 1698 2175 pudicitia.
1720 2152 1755 2157 —
1774 2135 1909 2173 Egredere

1114 2193 1205 2222 quaeso
1228 2185 1362 2221 paulisper
1388 2186 1422 2213 de
1445 2192 1567 2217 carcere,
1588 2190 1615 2212 et
1639 2184 1781 2220 prtesentis
1809 2184 1909 2211 laboris

1115 2235 1178 2259 ante
1204 2232 1298 2258 oculos
1327 2234 1386 2258 tuos
1424 2230 1471 2258 tibi
1505 2233 1584 2266 pinge
1623 2230 1797 2263 mercedem,
1830 2237 1910 2265 quam

1117 2285 1166 2304 nec
1183 2277 1278 2304 oculus
1306 2276 1381 2310 vidit,
1399 2285 1448 2304 nec
1472 2273 1543 2304 auris
1559 2275 1678 2309 audivit,
1695 2283 1745 2304 nec
1760 2276 1786 2303 in
1801 2283 1848 2303 cor
1862 2275 1912 2302 bo-

1116 2324 1197 2351 raiuis
1232 2323 1367 2351 ascendit.
1399 2323 1490 2356 Qualis
1523 2323 1575 2350 erit
1603 2323 1645 2350 illa
1668 2323 1746 2355 dies,
1771 2330 1830 2350 cum
1864 2322 1912 2348 tibi

1118 2370 1198 2398 Maria
1220 2370 1304 2397 Mater
1318 2368 1423 2397 Domini
1439 2369 1528 2397 choris
1542 2374 1666 2397 occurret
1687 2369 1812 2397 comitata
1825 2367 1913 2402 Virgi-

1119 2416 1194 2445 neis?
1209 2424 1268 2444 cum
1295 2421 1354 2451 post
1371 2416 1489 2443 llubrum
1516 2423 1601 2448 mare,
1628 2416 1769 2443 submerso
1790 2423 1849 2441 cum
1865 2421 1914 2440 ειη.

1119 2464 1239 2492 exercitu
1254 2463 1404 2496 Pharaone,
1419 2468 1577 2499 tympanum
1594 2467 1688 2490 tenens
1704 2461 1742 2497 (ε)
1763 2458 1845 2488 Maria
1871 2467 1907 2486 so

1119 2519 1165 2538 ror
1181 2511 1270 2538 Aaron
1283 2510 1308 2536 in
1319 2517 1366 2536 sua
1380 2517 1470 2541 manu,
1484 2508 1613 2544 prmeinet
1623 2506 1808 2543 responsuris:
1821 2516 1830 2533 ι
1842 2499 1913 2534 Can-

1121 2560 1208 2584 tcmus
1237 2554 1369 2587 Domino,
1397 2554 1513 2589 gloriose
1534 2554 1605 2582 enim
1631 2552 1827 2581 honoriﬁcatus
1849 2556 1915 2580 est:

1120 2609 1218 2637 equum
1231 2606 1257 2628 et
1268 2606 1439 2627 ascensorem
1452 2598 1563 2635 projecit
1574 2600 1600 2628 in
1610 2608 1683 2628 mare
1695 2596 1808 2636 arma.
1819 2592 1864 2626 l5.
1875 2597 1916 2634 Ι).

1120 2649 1195 2676 Tunc
1208 2646 1308 2675 Thecla
1325 2646 1351 2673 in
1366 2651 1424 2675 tuos
1438 2647 1498 2674 lasta
1515 2644 1615 2675 volabit
1628 2649 1777 2682 amplexus.
1792 2642 1867 2674 Tunc
1889 2650 1919 2673 et

1154 2709 1188 2743 (Γ)
1200 2708 1266 2743 ῐιιριιι
1288 2707 1431 2743 alsg‘po'stm
1448 2715 1538 2743 (nonor
1556 2709 1597 2732 oil.
1622 2713 1647 2733 In
1663 2708 1710 2737 die,
1725 2712 1783 2743 ctc._
1795 2706 1919 2743 Etupaulo

1122 2741 1184 2772 intra
1204 2739 1313 2772 recitatis
1326 2739 1394 2772 Pauli
1409 2740 1491 2772 verbis
1503 2747 1556 2772 spes
1569 2744 1648 2772 (Illlc‘lfl
1665 2746 1711 2763 non
1724 2738 1861 2772 rorifmttlil,
1875 2739 1919 2772 ud-

1122 2771 1154 2794 tlll
1169 2788 1175 2797 ,
1188 2769 1300 2805 quoniam
1312 2770 1401 2805 raritas
1416 2769 1562 2805 nervo/pou
1580 2775 1615 2795 est
1633 2771 1657 2795 in
1678 2770 1792 2795 cordibus
1811 2769 1900 2794 nostris
1911 2786 1919 2800 ,

1123 2808 1176 2832 (pne
1190 2802 1262 2832 etiam
1276 2802 1422 2825 vetustiores
1435 2802 1492 2825 t‘(llll
1508 2803 1606 2826 habent.

1155 2831 1193 2892 (tl)
1212 2831 1302 2855 [terum
1315 2832 1407 2866 Cistcrc
1432 2833 1557 2863 cxetnplar
1570 2840 1623 2856 cum
1640 2840 1702 2864 aqua
1723 2831 1832 2857 bibimus.

1166 2863 1188 2892 ε)
1208 2862 1303 2886 Destitit
1314 2866 1359 2886 ista
1372 2870 1394 2886 m
1405 2863 1542 2888 Victoriaua
1555 2864 1658 2887 Edition.
1674 2864 1750 2888 Maria
1759 2870 1829 2888 soror

1166 2863 1188 2893 ε)
1208 2862 1303 2886 Destitit
1314 2863 1359 2886 ista
1372 2864 1394 2886 in
1405 2862 1542 2888 Victoriana
1555 2862 1665 2887 Euhion."
1674 2864 1750 2888 Maria
1759 2870 1829 2888 soror
1842 2869 1922 2889 mror:

1124 2894 1149 2918 in
1159 2900 1203 2925 sua
1219 2900 1291 2917 manu
1309 2896 1354 2917 ‘ut
1373 2901 1402 2918 au
1416 2895 1518 2919 Matrem
1538 2895 1635 2918 Domini
1651 2895 1714 2920 istud
1734 2896 1808 2920 etiam
1827 2901 1929 2925 comma
1970 2896 1973 2898 ⁷

1125 2924 1253 2949 referatur.

1157 2957 1192 2986 (t)
1213 2956 1299 2979 Verius
1311 2960 1368 2986 pllio
1382 2958 1484 2981 tit-mins
1497 2956 1560 2987 legit
1572 2957 1660 2988 rapies.
