4136 6332
276 360 283 365 -
340 328 443 393 125

342 454 454 522 ipse
484 463 713 522 sponsus
739 448 1006 515 oceurret,
1027 455 1082 505 et
1108 447 1249 505 dicet
1279 463 1293 503 :
1327 466 1345 501 ι
1376 446 1568 520 Surge,
1594 448 1713 505 veni
1736 448 1907 520 proxi-

340 560 423 600 ma
461 558 599 610 mea,
652 541 893 612 speciosa
923 558 1075 608 mea,
1125 541 1372 599 columba
1421 559 1560 612 mea,
1616 544 1736 614 quia
1785 558 1913 599 ecce

342 634 527 706 hyems
550 634 814 699 transivit,
844 633 1020 705 pluvia
1045 633 1175 690 abiit
1204 635 1306 691 sibi
1336 650 1355 687 ι
1389 634 1561 706 (Cant.
1592 636 1644 691 1.
1676 635 1764 691 10.
1796 632 1907 709 11).

339 728 486 783 Tunc
525 735 580 782 et
617 720 805 798 Angeli
849 726 1186 784 mirabuntur
1211 769 1225 793 ,
1270 736 1325 784 et
1352 728 1573 785 dicent:
1608 746 1627 779 ε
1664 729 1794 796 Quae
1830 728 1914 785 est

342 822 437 876 ista
472 818 805 891 prospiciens
850 819 962 895 [aL
996 816 1321 892 proﬁciscens
1346 819 1366 895 j
1394 821 1544 893 quasi
1576 820 1866 877 diluculum
1895 861 1910 886 ,

338 915 575 985 speciosa
603 922 660 969 ut
686 912 833 980 luna,
855 914 1025 970 eiecta
1049 923 1107 970 ut
1134 914 1246 971 SOI)
1275 913 1436 983 (Ibid.
1454 913 1505 970 6.
1527 914 1624 987 9}?
1648 912 1914 970 Videbunt

339 1018 387 1063 tc
418 1005 560 1073 liliae,
583 1013 639 1063 et
675 1005 967 1063 laudabunt
989 1007 1214 1077 "reginae,
1237 1004 1291 1063 et
1317 1006 1627 1063 concubium
1658 1006 1913 1078 prtedica-

337 1100 485 1156 bunt.
524 1101 656 1155 iiinc
684 1108 738 1156 et
768 1101 904 1156 alius
929 1099 1190 1155 castitatis
1230 1101 1427 1156 chorus
1460 1109 1707 1156 occurret
1739 1118 1752 1155 :
1781 1090 1913 1157 Sara

334 1208 452 1247 cum
485 1192 666 1262 nuptis
691 1192 868 1248 veniet
901 1202 914 1246 ':
948 1186 1056 1247 tilia
1080 1190 1364 1248 Phanuelis
1389 1190 1540 1248 Anna
1566 1198 1688 1248 cum
1719 1186 1910 1247 viduis.

337 1288 504 1341 Erunt
535 1276 587 1340 in
629 1284 855 1342 diversis
881 1280 1134 1361 gregibus
1176 1285 1355 1342 carnis
1380 1294 1433 1341 ct
1465 1286 1683 1356 spiritus
1715 1292 1913 1341 matres

339 1391 459 1432 tum.
511 1376 807 1434 Laetabitur
846 1374 961 1446 illa,
992 1375 1137 1449 quod
1174 1380 1355 1450 genuit
1386 1393 1400 1432 :
1433 1376 1758 1433 exultabitur
1788 1364 1909 1445 ista,

333 1470 471 1539 quod
500 1469 698 1526 docuit.
729 1470 881 1526 Tunc
904 1486 1029 1525 vere
1045 1484 1205 1540 super
1220 1471 1422 1525 asinam
1449 1468 1701 1525 Dominus
1722 1480 1911 1525 ascen-

333 1563 442 1628 det,
468 1575 521 1619 et
547 1564 820 1620 caelestem
845 1563 1139 1635 ingreditur
1163 1563 1480 1620 Jerusalem.
1504 1560 1653 1619 Tunc
1685 1562 1909 1634 parvuli,

336 1644 403 1710 de
432 1655 703 1726 quibusin
734 1654 868 1712 Isaia
892 1655 1137 1712 Salvator
1180 1652 1371 1712 eli‘atur
1403 1674 1417 1711 :
1453 1674 1471 1708 ι
1510 1654 1651 1711 Ecce
1695 1666 1827 1726 ego,
1859 1662 1913 1710 et

333 1747 483 1817 ptteri
512 1746 639 1814 mei,
681 1752 815 1817 quos
836 1742 965 1800 mihi
988 1745 1133 1802 dedit
1162 1747 1301 1802 Deus
1334 1765 1352 1800 ι
1391 1742 1542 1817 (Iani.
1572 1742 1625 1803 8.
1658 1736 1770 1818 18),
1797 1746 1915 1818 pal-

334 1852 449 1892 mas
495 1834 731 1893 victoriae
760 1834 1123 1902 sublevantes,
1156 1852 1396 1892 consono
1424 1852 1520 1893 ore
1575 1838 1866 1892 cantabunt
1894 1854 1911 1893 :

341 1947 361 1979 ι
393 1924 607 1984 Osanna
635 1929 688 1983 in
719 1927 949 1985 excelsis
978 1945 991 1982 :
1023 1927 1345 1984 Benedictus
1371 1927 1460 2000 qui
1488 1927 1633 1983 venit
1660 1927 1712 1983 in
1744 1929 1917 1983 nomi-

333 2034 401 2077 ne
429 2020 664 2087 Domini,
689 2029 892 2078 osanna
918 2020 970 2077 in
993 2021 1220 2079 excelsis
1245 2034 1264 2075 ι
1293 2020 1481 2093 (Joan.
1518 2021 1602 2077 12.
1632 2016 1742 2095 15).
1766 2021 1913 2077 Tunc

332 2122 544 2168 centum
611 2106 768 2186 126
826 2110 1414 2185 quadragintaquatuor
1431 2113 1594 2169 millia
1616 2115 1667 2167 in
1688 2127 1915 2184 conspe-

332 2213 421 2259 ctu
443 2203 618 2260 throni
635 2215 689 2261 et
702 2206 975 2262 seniorum
1000 2205 1259 2261 tenebunt
1275 2202 1528 2272 citharas,
1554 2213 1608 2260 et
1622 2203 1914 2259 cantabunt

331 2292 611 2353 Canticum
632 2306 853 2355 novum.
884 2288 952 2352 Et
997 2308 1158 2352 nemo
1194 2296 1389 2367 poterit
1432 2295 1612 2353 dicere
1639 2296 1915 2351 Canticum

332 2389 486 2456 illud,
503 2389 606 2446 nisi
635 2400 889 2446 numerus
914 2387 1187 2444 deﬁnitus.
1213 2406 1233 2441 t
1253 2384 1316 2443 iii
1336 2384 1565 2459 suntqui
1582 2403 1701 2443 cum
1725 2387 1916 2444 mulie-

330 2481 482 2539 ribus
522 2497 582 2539 se
611 2498 718 2538 non
762 2480 1241 2551 coinquinaveruht
1273 2494 1288 2532 ε
1326 2478 1572 2551 Virgines
1600 2479 1742 2536 enim
1794 2494 1918 2551 per-

329 2580 671 2630 manserunt.
702 2570 767 2627 ili
798 2581 923 2628 sunt
950 2572 1036 2643 qui
1055 2579 1351 2642 sequuntur
1364 2582 1555 2645 agnum
1580 2580 1914 2644 quocumque

327 2664 477 2720 vadit
511 2676 532 2717 ι
568 2651 752 2735 (Apoc.
782 2660 872 2718 16.
901 2662 981 2734 4).
1013 2661 1461 2733 Quotiescumque
1495 2674 1546 2718 te
1568 2668 1700 2718 vana
1731 2663 1912 2719 stccuii

330 2755 686 2813 delectaverit
705 2750 929 2811 ambitio
959 2769 973 2809 :
1000 2756 1209 2825 quoties
1232 2755 1285 2809 in
1320 2754 1521 2811 mundo
1547 2750 1743 2824 aliquid
1765 2753 1914 2810 video

330 2849 410 2906 ris
450 2832 751 2919 gloriosum
776 2886 792 2910 ,
822 2838 888 2901 ad
928 2846 1235 2917 paradisum
1267 2856 1447 2903 mente
1489 2844 1863 2917 transgredere
1896 2861 1910 2900 :

332 2952 452 2997 esse
480 2938 657 3009 incipe
670 2936 815 3009 quod
841 2937 1012 2992 futura
1040 2953 1117 3004 es,
1151 2946 1205 2993 et
1221 2938 1404 2994 audies
1422 2940 1449 2991 Δ
1476 2948 1675 3008 sponso
1703 2937 1917 3010 tuo:(n)

339 3042 359 3084 α
393 3030 539 3086 Pone
568 3045 654 3085 me
676 3030 816 3086 sicut
846 3029 1215 3085 umbraculum
1242 3030 1293 3085 in
1322 3030 1484 3085 corde
1508 3039 1598 3085 tuo
1623 3040 1638 3095 ;
1676 3030 1815 3086 sicut
1841 3030 1917 3085 sis

334 3125 615 3198 gnaculnm
645 3125 699 3180 in
726 3122 948 3179 brachio
975 3131 1062 3178 tua
1098 3142 1117 3175 ι
1171 3122 1342 3196 (Cant.
1372 3123 1424 3179 8.
1457 3123 1536 3196 6),
1585 3128 1641 3178 'et
1686 3132 1921 3193 corpore

335 3219 536 3289 pariter
555 3233 617 3274 ac
644 3225 824 3274 mente
850 3216 1055 3272 munita
1075 3217 1329 3272 clamabis
1350 3257 1366 3285 ,
1399 3203 1453 3272 et
1470 3215 1619 3273 dices
1649 3232 1662 3270 :
1700 3234 1721 3269 t
1746 3216 1917 3287 Aquae

336 3311 516 3367 multa:
536 3324 641 3366 non
665 3309 1283 3381 potueruntextinguere
1301 3309 1600 3378 caritatem,
1627 3317 1681 3366 et
1700 3307 1916 3365 ﬂumina

337 3417 443 3458 nou
471 3401 718 3474 operient
741 3412 859 3458 eam
890 3420 909 3455 ›
933 3399 1095 3473 (Ibid.
1123 3417 1170 3457 υ.
1198 3402 1275 3474 7).

809 3535 1140 3594 EPISTULA
1172 3508 1339 3594 mu
1358 3538 1453 3611 (θ).

895 3688 965 3732 ιω
1002 3688 1343 3746 υΑιιοειιΑιι,

902 3809 984 3865 De
1011 3811 1151 3865 exitu
1178 3808 1317 3865 Leta.

336 3946 452 4006 Letz
472 3950 861 4023 religiosissima:
886 3949 1091 4022 femina!
1117 3958 1328 4005 mortem
1356 3964 1471 4004 cum
1509 3950 1745 4006 Consulis
1782 3951 1916 4008 deti-

405 4045 563 4115 gnati,
594 4045 680 4116 qui
706 4042 795 4099 sub
821 4043 956 4098 idem
977 4052 1171 4115 tempus
1193 4042 1404 4110 obierat,
1430 4055 1590 4098 morte
1627 4052 1909 4115 comparat,

407 4135 670 4190 ostendens
697 4142 944 4207 quantum
984 4134 1255 4191 discrimen
1279 4135 1501 4191 sitinter
1525 4134 1832 4192 Sanctorum
1866 4143 1916 4191 et

406 4226 742 4284 Ethnicorum
771 4229 955 4285 exitus.

406 4364 458 4420 1.
496 4362 629 4420 Cum
656 4364 787 4420 hora
820 4365 988 4424 ferme
1011 4366 1163 4422 tertia
1194 4366 1464 4423 hodierna:
1485 4365 1610 4433 diei,
1635 4376 1915 4439 septuage-

336 4455 531 4511 simum
559 4457 856 4513 secundum
900 4457 1204 4526 Psalmum,
1234 4457 1287 4514 id
1315 4467 1415 4523 est,
1447 4458 1589 4514 tertii
1618 4458 1736 4514 libri
1769 4459 1915 4529 prin-

336 4550 529 4621 cipium
585 4551 762 4621 legere
808 4552 1188 4622 ccepissetnus;
1247 4561 1302 4607 et
1344 4552 1537 4608 docere
1577 4569 1910 4625 cogeremur,

337 4642 468 4695 titttii
496 4642 888 4712 ipsiuspartem
918 4644 994 4715 (ο)
1027 4644 1093 4699 ad
1122 4644 1277 4700 ﬁnem
1296 4645 1515 4701 secundi
1534 4645 1678 4713 libri,
1706 4656 1913 4717 partem

333 4739 394 4790 ad
429 4737 747 4807 principium
797 4739 940 4793 tertii
996 4738 1118 4793 libri
1166 4739 1433 4809 pertinere
1464 4740 1643 4810 :quod
1669 4741 1909 4808 scilicet,

336 4848 354 4880 ι
388 4830 699 4887 defecerunt
733 4831 916 4902 hymni
946 4831 1111 4887 David
1140 4874 1153 4898 ,
1208 4830 1302 4887 lilii
1328 4830 1499 4897 Jesse,
1531 4852 1550 4886 ι
1609 4833 1729 4889 linis
1772 4843 1914 4890 esset

331 4924 526 4991 prioris
557 4941 570 4978 :
608 4943 627 4976 t
658 4914 901 4980 Psaimus
937 4945 957 4979 ι
991 4942 1123 4983 vero
1159 4944 1177 4978 t
1207 4926 1389 4998 Asaph
1423 4945 1442 4979 ι
1478 4928 1797 4997 principium
1827 4942 1914 4983 sc-

330 5018 572 5086 quentis;
622 5027 678 5073 et
707 5033 873 5088 usque
898 5002 963 5074 ad
993 5035 1115 5075 eum
1145 5021 1321 5075 locum
1360 5020 1823 5091 pervenissemus,‘
1857 5020 1910 5077 in

328 5102 867 5180 quojustusloquitur
896 5127 908 5162 :
939 5130 958 5163 ‹
980 5111 1034 5166 Si
1060 5111 1325 5180 dicebam,
1352 5111 1583 5168 narrabo
1602 5112 1692 5185 (al.
1727 5130 1911 5168 narra-

328 5197 460 5271 vero]
484 5202 592 5270 sic,
624 5215 749 5257 ecce
788 5198 1182 5273 generationem
1241 5205 1469 5260 iiliorum
1513 5213 1723 5262 tuorum
1770 5222 1911 5277 prte-

387 5335 460 5408 (ᾳ)
494 5335 710 5408 Romana
727 5337 877 5408 hujus
891 5337 1121 5408 epistolas
1144 5339 1262 5408 edit.
1289 5340 1413 5391 sicut
1426 5340 1782 5408 signaculum
1822 5357 1910 5408 pro

387 5353 460 5396 ta)
495 5353 710 5386 nomana
734 5353 877 5401 uujus
900 5353 1121 5408 eptswlte
1144 5353 1262 5389 catt.
1289 5353 1413 5391 sicut
1449 5353 1698 5454 ηηὲηαειιι

334 5396 1387 5478 "cuncter;siuasjaisaerautsrst
1426 5403 1507 5453 LX
1555 5441 1623 5478 -..
1692 5438 1698 5445 ~

381 5459 459 5583 (lt)
497 5461 628 5512 Alias
656 5460 733 5510 2t.
759 5459 831 5511 se:
846 5460 948 5523 ipta
969 5459 1140 5511 eodeni
1159 5474 1285 5512 anno
1307 5476 1400 5525 quo
1422 5465 1659 5528 superior.

357 5584 368 5596 .
404 5525 454 5598 αξ)
490 5522 572 5598 Sic
592 5524 790 5598 quidem
806 5523 1006 5598 i‘l‘ebraei
1024 5523 1343 5598 distipguuut,
1362 5540 1425 5575 ex
1436 5541 1640 5598 quorum
1661 5531 1908 5598 sententia

417 5578 655 5659 loquitur,
677 5594 728 5635 et
742 5589 798 5659 in
817 5585 1029 5659 Epistula
1048 5587 1122 5659 ad.
1132 5578 1429 5659 Ciprianum
1446 5578 1494 5637 i'n
1505 5578 1733 5659 quinque
1758 5578 1910 5642 iihros

318 5644 541 5709 [salmos
576 5644 689 5698 esse
726 5644 1010 5709 dispertitos
1031 5644 1372 5709 dicitherum
1391 5644 1586 5699 Prefa't.
1613 5644 1666 5700 in'
1682 5666 1819 5702 suam
1844 5668 1908 5705 ex

316 5705 534 5775 Hebraeo
557 5705 1033 5775 interpretationem
1043 5708 1102 5759 ad
1126 5709 1486 5775 Sophronium',
1510 5720 1661 5775 atque
1683 5714 1827 5774 alibi,
1852 5729 1909 5766 se

314 5785 413 5821 non
435 5773 546 5834 ejus
570 5768 971 5836 esseseutc'atiaz
991 5768 1124 5836 clare
1148 5768 1418 5835 proﬁtetur,
1445 5768 1595 5836 atqué
1608 5788 1785 5828 omnes
1808 5768 1912 5831 vult

314 5845 413 5884 uno
437 5832 629 5885 tantum
651 5832 779 5883 libro
816 5835 1079 5883 contineri.

1711 306 2036 394 sttts'roLA
2065 324 2253 391 χχιιι.

3491 328 3599 397 ἇέδ

2021 448 2287 504 varicatus
2303 462 2420 505 sum
2450 466 2469 502 ι
2502 446 2673 520 (Ρδαι.
2708 448 2797 505 72.
2827 450 2954 523 15);
2984 450 3125 525 quod
3154 453 3208 509 iu
3231 451 3435 510 Latinis
3454 455 3605 511 codi-

2020 542 2174 600 cibus
2224 556 2331 598 non
2380 542 2452 598 ita
2502 541 2759 598 habemus
2786 558 3144 616 expressum:
3177 556 3399 618 repente
3444 547 3604 605 uobis

2019 634 2322 689 nuntiatum
2339 640 2423 690 est
2446 633 2838 690 sanctissimam
2862 634 3024 691 Leam
3056 630 3232 694 exisse
3260 639 3328 694 de
3353 654 3602 710 corpore.

2020 718 2204 800 ibique
2233 726 2304 784 ita
2330 737 2382 784 te
2435 726 2689 799 palluisse
2727 728 3002 801 conspexi,
3028 738 3083 785 ttt
3112 742 3239 787 vere
3282 740 3374 789 aut
3410 744 3603 804 pauca,

2019 828 2111 877 aut
2138 820 2284 878 nuila
2322 823 2391 879 sit
2417 820 2592 877 anima
2616 862 2629 886 ,
2678 837 2800 894 qua:
2827 822 2998 878 fracto
3026 832 3153 880 vase
3183 826 3439 892 testaceo,
3490 838 3603 881 non

2022 912 2189 969 tristis
2210 923 2473 984 erumpat.
2496 912 2563 969 Et
2589 924 2642 968 tu
2659 912 2895 984 quidem,
2916 928 3025 969 non
3052 915 3192 984 quod
3221 914 3381 971 futuri
3401 918 3605 973 incerta

2019 1006 2204 1072 esSes,
2246 1000 2496 1072 dolebas;
2547 1003 2642 1061 sed
2688 1004 2831 1076 quod
2876 1005 3030 1061 triste
3072 1005 3242 1062 funeri
3289 1006 3603 1079 obsequium

2021 1110 2127 1152 non
2159 1092 2422 1157 dedisses.
2457 1092 2697 1177 Denique
2719 1098 2771 1153 in
2801 1096 2991 1153 mediis
3025 1097 3215 1153 fabulis
3236 1096 3603 1173 [Colloquiis],

2018 1198 2232 1244 rursum
2259 1186 2580 1258 didicimus,
2608 1189 2862 1262 reliquias
2904 1190 3022 1263 ejus
3071 1190 3182 1262 jam
3210 1190 3413 1248 Ostiam
3446 1194 3605 1250 iuiSse

2019 1282 2243 1339 delatas.

2088 1378 2143 1433 2.
2185 1377 2427 1447 Quaeras,
2458 1392 2567 1449 quo
2602 1378 2870 1453 pertineat
2898 1378 2998 1433 ista
3037 1378 3359 1449 replicatio?
3453 1377 3605 1451 127

2019 1469 2379 1540 Respondebo
2393 1470 2485 1525 tibi
2500 1470 2679 1526 verbis
2700 1471 2740 1525 A
2752 1469 2965 1540 postoli,
2999 1488 3019 1522 ι
3042 1470 3263 1525 multum
3278 1486 3375 1540 per
3392 1484 3604 1525 omnem

2020 1559 2259 1614 modum.
2278 1578 2296 1613 ι
2324 1561 2585 1629 Primum,
2616 1558 2758 1631 quod
2783 1561 3157 1625 u_niversorum
3186 1561 3394 1632 gaudiis
3424 1575 3605 1631 prose-

2020 1651 2234 1721 quenda
2257 1652 2347 1719 sit,
2371 1667 2490 1721 quae
2519 1651 2729 1706 calcato
2758 1651 2974 1707 diabolo
2994 1691 3008 1718 ,
3033 1666 3288 1707 coronam
3313 1651 3423 1720 jam
3453 1666 3606 1706 secu-

2019 1744 2193 1800 ritatis
2214 1745 2437 1815 accepit.
2473 1743 2741 1809 Secundo,
2773 1754 2829 1799 ut
2852 1743 2968 1821 ejus
2996 1744 3100 1799 vita
3128 1743 3359 1799 breviter
3378 1744 3609 1813 explice-

2024 1845 2127 1891 tur.
2143 1836 2353 1903 Tertio,
2372 1844 2430 1892 ut
2460 1836 2538 1909 (ά)
2561 1828 2902 1908 designatum
2928 1832 3239 1902 Consulem,
3269 1834 3337 1891 de
3353 1836 3464 1891 suis
3486 1849 3611 1890 soco

2020 1924 2155 1984 culis
2176 1926 2267 2001 [εἰ.
2292 1927 2512 2001 saeculis]
2541 1928 2933 1995 detrahentem,
2955 1940 3077 1983 esse
3102 1927 3390 1982 doceamus
3421 1926 3473 1981 in
3502 1934 3609 1981 tar-

2024 2030 2163 2074 taro.
2184 2021 2248 2074 Et
2265 2020 2481 2091 quidem
2496 2020 2960 2076 conversationem
2986 2018 3109 2075 Leu:
3124 2020 3342 2083 nostrae,
3356 2016 3476 2089 quis
3490 2031 3612 2088 post

2021 2113 2086 2168 sit
2100 2112 2263 2183 digno
2279 2113 2511 2169 aiievare
2528 2114 2823 2183 praeconio?
2836 2113 2914 2167 Ita
2925 2128 3041 2167 eam
3057 2122 3220 2168 totam
3236 2111 3304 2167 ad
3323 2111 3607 2168 Domintvn

2020 2205 2188 2260 fuisse
2240 2220 2557 2261 conversam
2591 2247 2607 2272 ,
2643 2217 2703 2262 ut
2755 2206 3060 2261 Monasterii
3110 2203 3384 2276 princeps,
3438 2214 3611 2260 mater

2021 2298 2283 2368 virginum
2316 2298 2467 2355 iteret
2502 2315 2517 2353 :
2554 2307 2677 2369 post
2696 2299 2977 2355 mollitiem
3000 2299 3231 2355 vestium
3257 2313 3413 2354 sacco
3438 2314 3611 2354 mem-

2021 2390 2117 2446 bra
2150 2393 2399 2448 trivisse:
2425 2392 2700 2448 insomnes
2737 2393 3072 2448 orationibus
3113 2392 3330 2448 duxisse
3377 2400 3600 2448 noctes:

2022 2493 2075 2541 et
2108 2485 2332 2542 comites
2357 2500 2482 2542 suas
2510 2486 2627 2556 plus
2666 2486 2917 2556 exemplo
2942 2486 3192 2542 docuisse
3218 2501 3375 2556 quam
3404 2486 3606 2541 verbis.

2022 2577 2349 2636 Humilitatis
2377 2580 2474 2635 fuit
2505 2587 2666 2635 tantae
2686 2588 2904 2650 tamque
2933 2578 3223 2649 subjectae,
3254 2586 3312 2634 ut
3337 2577 3607 2648 quondam

2021 2668 2238 2725 domina
2300 2671 2652 2741 plurimorum
2707 2670 2901 2727 ancilla
2951 2671 3188 2727 omnium
3220 2670 3323 2744 [aL
3358 2666 3607 2742 hominis]

2021 2769 2301 2832 putaretur
2333 2780 2348 2818 :
2384 2762 2489 2818 nisi
2518 2762 2659 2832 quod
2681 2776 2747 2820 eo
2783 2762 2984 2820 Christi
3009 2764 3180 2835 magis
3207 2771 3353 2820 esset
3382 2763 3607 2829 ancilia,

2020 2851 2149 2908 dum
2195 2852 2413 2909 domina
2459 2852 2735 2910 hominum
2766 2869 2871 2911 non
2921 2864 3154 2925 putatur.
3187 2855 3392 2911 Inculta
3420 2854 3608 2921 vestis,

2021 2945 2144 3000 vilis
2187 2945 2378 3013 cibus,
2428 2947 2728 3019 neglectum
2783 2957 2942 3019 caput
2971 2963 2985 3000 :
3018 2949 3091 3004 ita
3140 2957 3356 3016 tamen,
3388 2958 3448 3004 ut
3485 2964 3610 3004 cum

2022 3038 2201 3093 omnia
2224 3039 2443 3104 iaceret,
2475 3039 2892 3094 ostentationem
2915 3038 3123 3110 fugeret
3154 3041 3513 3111 singulorum,
3542 3056 3610 3097 ne

2022 3131 2287 3202 reciperet
2303 3132 2357 3186 in
2383 3132 2636 3202 praesenti
2664 3132 2864 3189 saeculo
2887 3132 3189 3189 mercedem
3219 3150 3390 3189 suam.

2093 3226 2148 3281 5.
2189 3224 2341 3281 Nunc
2363 3224 2524 3295 igitur
2552 3239 2649 3295 pro
2678 3225 2827 3281 brevi
2855 3225 3038 3281 labore
3057 3233 3258 3281 aeterna
3281 3227 3610 3286 beatitudine

2024 3316 2256 3384 fruitur;
2300 3316 2567 3387 excipitur
2605 3317 2933 3389 Angelorum
2981 3319 3182 3386 choris,
3213 3319 3445 3377 Abrahae
3471 3322 3603 3377 siui-

2022 3408 2127 3466 bus
2147 3408 2466 3465 confovetur
2490 3448 2506 3477 ,
2535 3417 2591 3465 et
2616 3423 2737 3465 cum
2766 3425 3000 3480 paupere
3036 3411 3308 3480 quondam
3359 3412 3561 3469 Lazaro
3585 3457 3602 3485 ,

2021 3501 2240 3558 divitem
2265 3508 2634 3572 purpuratum,
2658 3509 2714 3557 et
2738 3515 2845 3557 non
2868 3501 3159 3569 palmatam
3175 3502 3484 3567 Consulem,
3508 3504 3605 3560 sed

2021 3603 2252 3650 atratum
2276 3632 2292 3659 ,
2323 3593 2523 3649 stillam
2548 3593 2698 3665 digiti
2737 3593 2962 3649 minoris
3001 3596 3172 3649 cernit
3218 3596 3506 3666 inquirere.
3559 3595 3605 3651 Ο

2022 3694 2219 3754 quanta
2246 3698 2427 3739 rerum
2457 3684 2717 3740 mutatio!
2749 3683 2872 3748 ille,
2904 3700 3062 3753 quem
3092 3693 3216 3740 ante
3264 3700 3457 3754 paucos
3485 3686 3604 3741 d.es

2021 3774 2336 3846 dignitatum
2363 3774 2601 3829 omnium
2624 3774 2857 3830 culmina
2879 3774 3276 3844 prmcedehant,
3307 3775 3421 3845 qui,
3449 3776 3601 3846 quasi

2020 3865 2090 3922 de
2109 3865 2365 3935 subjectis
2388 3864 2630 3921 hostibus
2661 3864 3033 3935 triumpharet,
3064 3864 3387 3935 Capitolinas
3414 3881 3603 3921 ascen-

2021 3958 2100 4015 dit
2118 3972 2272 4015 arces
2298 3998 2313 4025 ,
2339 3972 2498 4029 quem
2526 3958 2718 4029 plausu
2743 3958 2973 4028 quodam
3001 3965 3056 4013 et
3097 3957 3330 4027 tripudio
3373 3958 3602 4029 populus

2021 4052 2298 4107 Romanus
2345 4049 2576 4121 excepit,
2621 4048 2687 4104 ad
2718 4049 2870 4120 cujus
2902 4049 2979 4121 (1)
3022 4048 3296 4105 interitum
3335 4049 3459 4104 urbs
3487 4049 3605 4104 uni.

2018 4160 2176 4202 versa
2226 4152 2494 4201 commota
2524 4149 2627 4210 est,
2670 4156 2812 4197 nunc
2839 4140 3134 4208 desolatus,
3172 4150 3227 4196 et
3256 4142 3428 4196 nudus
3449 4184 3463 4207 ,
3495 4158 3600 4196 non

2021 4239 2075 4295 in
2103 4238 2278 4294 lacteo
2301 4235 2424 4293 ρωιί
2454 4233 2683 4305 palatio,
2721 4241 2782 4288 ut
2813 4232 2881 4304 (ε)
2912 4248 3049 4288 uxor
3094 4231 3350 4288 mentitur
3376 4230 3561 4288 infelix
3584 4275 3599 4300 ,

2020 4332 2115 4391 sed
2141 4331 2195 4389 in
2247 4328 2591 4387 sordentibus
2638 4325 2875 4383 tenebris
2918 4325 3245 4381 continetur.
3300 4323 3423 4380 Hmc
3474 4340 3604 4379 vero

2019 4443 2180 4498 quam
2208 4425 2367 4480 unius
2387 4422 2620 4479 cubiculi
2666 4430 2875 4477 secreta
2914 4419 3214 4486 vallabant,
3242 4434 3359 4489 qua:
3404 4432 3604 4489 pauper

2020 4519 2332 4586 videbatur,
2361 4528 2420 4573 et
2462 4516 2665 4582 tenuis,
2709 4514 2860 4586 cujus
2900 4513 3009 4568 vita
3034 4511 3318 4584 putabatur
3345 4511 3602 4580 amentia,

2019 4612 2292 4669 Christum
2314 4609 2577 4680 sequitur,
2597 4616 2650 4662 et
2667 4605 2830 4661 dicit:
2860 4624 2878 4657 ι
2904 4604 3262 4674 Quaecumque
3280 4603 3601 4674 audivimus,

2020 4706 2091 4760 ita
2121 4715 2176 4761 et
2204 4703 2435 4759 vidimus
2462 4701 2519 4765 iu
2544 4697 2762 4755 civitate
2788 4696 2883 4752 Dei
2909 4696 3110 4753 nostri»
3129 4694 3302 4769 (Pani.
3329 4696 3420 4753 t7.
3440 4694 3519 4769 ’i),
3549 4707 3606 4753 et

2019 4798 2245 4854 reﬂuus.

2088 4812 2115 4852 li
2158 4812 2245 4852 ua.

2088 4812 2155 4945 te}
2183 4887 2522 4958 Quapropter
2549 4884 2744 4941 moneo
2765 4923 2782 4953 ,
2822 4890 2877 4940 et
2903 4880 3037 4940 tiens
3061 4896 3387 4955 gemensque
3408 4893 3591 4941 conte.

2079 5098 2157 5161 (ά)
2187 5096 2280 5148 Hic
2303 5094 2508 5161 Vettius
2516 5094 2727 5161 Δερνίιιδ
2746 5091 3363 5161 Ρςφρβξιξιυξῴεεὺξιιμιν
3385 5093 3607 5161 utéocet

2018 5152 2160 5222 vetus
2182 5159 2452 5222 Inscriptio.
2478 5152 2750 5222 Prmfectus
2772 5154 2903 5222 _Ut_'l_)i
2933 5152 3402 5222 fui_t__Valentiniano
3436 5152 3501 5222 I_I.
3552 5162 3606 5205 et

2015 5218 2227 5272 Valente
2266 5216 2351 5270 ll.'
2372 5220 2505 5270 Coss.
2550 5227 2604 5269 ut
2640 5217 2808 5267 scribit
2832 5216 3177 5277 Marcellinus:
3206 5224 3307 5268 tum
3331 5218 3604 5267 Praefectus

2014 5285 2252 5335 Praetorio
2275 5284 2366 5333 sub
2390 5281 2665 5331 Theodosio
2701 5280 2952 5342 decessit,
2978 5292 3088 5329 cum
3112 5286 3247 5331 esset
3269 5279 3445 5331 Consul
3466 5280 3601 5329 desi-

2014 5350 2262 5411 gnatusin
2285 5351 2579 5411 sequentem
2599 5355 2794 5411 annum.
2955 5404 2982 5411 _
3104 5404 3112 5411 _
3160 5403 3188 5411 κ
3322 5359 3339 5411 ζ
3430 5358 3441 5365 ’

2077 5410 2146 5473 (e)
2171 5401 2454 5473 Pt'astex'tati
2467 5420 2589 5473 uxor
2603 5410 2709 5473 erat
2718 5402 2937 5473 Pau’llina
2948 5404 3144 5473 Cereris
3158 5401 3396 5473 Sacerdos
3404 5415 3598 5473 magna,

2014 5479 2068 5521 ut
2083 5463 2152 5520 ἐἰς
2179 5471 2376 5529 antiqua
2414 5469 2737 5529 Inscriptioue
2760 5478 2789 5515 a
2812 5467 2998 5516 Smetio
3031 5463 3175 5529 allata
3198 5471 3419 5529 apparet.
3438 5463 3600 5529 Porro

2015 5480 2068 5521 ut
2091 5484 2152 5520 ex
2179 5480 2278 5519 aut!
2315 5482 2376 5519 ua
2414 5480 2737 5529 inscrtptlmte
2760 5480 2789 5515 a
2812 5480 2998 5516 amello
3031 5480 3175 5513 allata
3198 5480 3419 5526 apparet.
3448 5480 3598 5519 Porro

2015 5534 2064 5583 iu
2088 5532 2249 5597 lacteo
2278 5480 2396 5583 atrii
2425 5531 2602 5597 palatio
2624 5528 3012 5597 maritianimam
3034 5526 3226 5597 degere
3249 5527 3598 5597 utentiebatur,

2014 5597 2141 5659 quod
2165 5597 2215 5643 in
2239 5594 2395 5659 lacteo
2420 5585 2603 5659 circulo
2624 5602 2716 5639 seu
2754 5590 2830 5638 via
2856 5585 3231 5659 itmnortalitatis
3252 5586 3421 5659 sedem
3449 5621 3463 5647 ,
3486 5585 3592 5659 ὀρζ

2012 5646 2247 5731 rumque,
2271 5657 2355 5720 qui
2373 5658 2427 5727 in
2449 5655 2667 5731 Deorum
2689 5663 2947 5699 numerum
2970 5646 3366 5697 adscriberentur
3381 5685 3394 5709 ,
3422 5650 3596 5712 palatia

2015 5720 2198 5770 ethnici
2232 5720 2608 5768 constituerent.

2077 5767 2393 5844 (ti—Gravius
2429 5778 2551 5840 legit
2587 5776 2864 5834 introitum,
2906 5776 2983 5823 cui
3024 5768 3139 5821 Mss.
3163 5767 3347 5832 aliquot
3386 5773 3599 5841 adstipu.

2016 5845 2192 5895 lantur.
