4136 6332
382 492 395 507 ⁸
467 505 604 555 star,
635 492 692 543 ut
721 481 847 539 dum
874 474 1035 547 hujus
1059 464 1246 527 mundi
1274 464 1414 523 viam
1443 459 1712 520 currimus
1730 497 1747 526 ,
1779 471 1885 513 non
1912 454 2044 511 dua-

590 546 803 640 tunicis,
833 569 887 626 id
915 546 1020 639 est,
1047 560 1244 635 duplici
1270 557 1559 627 vestiantur
1596 552 1702 608 fide
1734 567 1749 603 :
1780 565 1884 605 non
1933 546 2018 605 cal

468 639 868 736 ceamentorum
910 660 1071 736 128
1107 654 1355 728 pellibus,
1370 648 1596 708 mortuis
1610 639 2052 713 videlicetopcri-

466 733 589 834 bus,
605 733 1031 838 pratgravenntr:
1052 765 1159 808 non
1176 748 1483 805 divitiarum
1496 757 1595 798 nos
1608 738 1686 812 (a)
1706 751 1832 809 pera
1852 733 2056 838 adaer-

481 821 589 920 Et};
608 821 822 931 premat
849 868 865 906 :
895 862 1003 905 non
1045 844 1233 916 virgae,
1268 839 1322 896 id
1347 845 1451 905 est,
1495 830 1752 906 potentiae
1778 821 2056 883 saecularis

482 916 745 1028 quaeratur
766 944 1057 1003 auxilium:
1082 952 1189 995 non
1217 933 1440 1007 pariter,
1464 936 1520 985 et
1538 923 1808 983 Christum
1826 916 2058 974 velimus

481 1008 701 1114 habere,
729 1050 787 1101 et
811 1036 1104 1101 saeclum;
1135 1029 1230 1088 sed
1261 1042 1357 1100 pro
1395 1020 1651 1114 brevibus
1675 1059 1692 1087 ,
1711 1022 1777 1114 et
1814 1008 2056 1114 caducis,

744 1129 1035 1192 succedant
1082 1143 1097 1180 :
1149 1133 1207 1181 et
1247 1133 1369 1177 cum
1418 1111 1657 1188 quotidie
1703 1109 1725 1181 (
1764 1101 2060 1164 secundum

482 1244 672 1302 corpus
705 1221 925 1298 loquor)
959 1217 1394 1293 praemoriamur,
1444 1223 1497 1263 ιι(
1536 1214 1776 1262 camus
1815 1211 1917 1254 non
1960 1208 2062 1250 nos

480 1288 1175 1408 perpetuos'existi'memus
1194 1349 1211 1379 ,
1246 1316 1307 1363 ut
1342 1301 1613 1375 possimus
1642 1310 1765 1354 esse
1794 1288 2061 1367 perpetui.

942 1448 1273 1514 EPISTOLA
1301 1440 1473 1503 xxuv
1508 1438 1610 1516 (a).

918 1607 988 1651 an
1021 1601 1240 1649 suos:
1264 1591 1587 1641 IABCELLAI
1605 1616 1621 1645 ,

979 1724 1061 1783 De
1093 1717 1329 1779 laudibus
1366 1709 1572 1768 Αεειιω.

488 1874 714 1935 Asellam
736 1864 1016 1941 Virginem,
1032 1873 1147 1932 quia
1160 1854 1341 1912 Roma:
1360 1845 1511 1904 veluti
1530 1843 1585 1898 in
1606 1825 2074 1941 eremq‘tolitariam

746 1922 1067 2020 dicamut;
1092 1951 1313 2022 degeret,
1365 1938 1545 1997 laudat
1581 1930 1722 2004 apud
1750 1922 2072 1988 Marcellam,

565 2080 596 2118 a
623 2075 724 2132 qua
752 2056 815 2110 de
838 2051 978 2107 illius
997 2042 1261 2101 sanctitate
1289 2033 1543 2092 audierat.

568 2200 623 2254 l.
665 2192 836 2251 Nemo
863 2175 1245 2256 reprehendat,
1289 2166 1433 2243 quod
1487 2165 1541 2220 in
1587 2152 1843 2256 Epistolis
1871 2149 2080 2256 aliquos

498 2300 591 2349 aut
611 2240 1040 2348 laudamus,.aut
1080 2240 1383 2341 carpimus;
1416 2273 1559 2323 cum,
1591 2262 1648 2310 et
1690 2252 1749 2349 in
1794 2240 2081 2349 arguendis

500 2384 675 2448 malis,
702 2379 774 2436 sit
796 2367 1067 2441 correptio
1086 2371 1426 2421 ca‘terorum,
1453 2359 1507 2407 et
1559 2348 1612 2403 in
1641 2339 1860 2445 Optimis
1891 2331 2085 2448 pridi-

499 2424 707 2540 caiidi’s,
732 2424 994 2527 bonorum
1020 2458 1088 2514 ad
1115 2456 1364 2511 virtutem
1390 2442 1567 2502 studia
1584 2434 1941 2494 concitentur.
1971 2424 2083 2480 Nu-

501 2525 818 2627 diustertius
842 2556 1096 2615 debeata:
1117 2544 1389 2605 memoriae
1411 2537 1519 2594 Lea
1548 2531 1727 2601 aliqua
1746 2525 2084 2582 dixeramus:

503 2621 902 2731 pupugit
925 2646 1195 2731 animum,
1205 2647 1260 2731 et
1278 2631 1411 2731 mihi
1434 2626 1581 2731 venit
1608 2624 1661 2678 iu
1694 2625 1963 2731 mentem;

504 2698 1130 2811 KQIQJZLEE—eéue
1157 2698 1395 2797 \iirgine,
1425 2717 1516 2791 qui
1544 2714 1611 2770 de
1625 2706 1875 2811 secundo
1901 2698 2091 2802 ordine

504 2791 766 2904 castilatis
819 2831 985 2890 locuti
1025 2837 1231 2883 sumus.
1253 2791 1449 2887 'lgitur
1493 2805 1690 2885 Asella:
1734 2806 1932 2904 nostra:
1958 2791 2090 2899 “vita

508 2936 744 2998 breviter
762 2921 1080 3001 explicanda
1112 2923 1233 2981 est;
1258 2910 1344 2968 cui
1369 2918 1552 3001 quasso
1576 2915 1646 2957 ne
1685 2897 1825 2998 hanc
1875 2888 2091 3001 Episto-

506 2977 1129 3098 diiungas—{Eatur
1152 2977 1350 3079 quippe
1388 2977 1637 3098 laudibus
1679 2987 1794 3098 suis
1821 3003 1835 3040 :
1867 2977 2096 3098 sed-bi:

509 3068 616 3091 η...
657 3068 704 3084 ,ν
741 3068 801 3081 ...,
834 3068 848 3076 .
913 3068 1023 3073 __.,
1170 3068 1184 3079 ,
1247 3068 1301 3076 __

509 3126 689 3200 potius
708 3068 833 3192 qua:
853 3068 1270 3170 adulescentula
1290 3104 1435 3161 sunt,
1461 3092 1642 3161 legere
1662 3083 1884 3189 dignare
1899 3118 1914 3144 ,
1931 3083 2004 3200 ’ξιξ
2029 3068 2097 3200 a.d

510 3168 819 3287 exemplum
834 3206 953 3279 ejus
976 3216 1034 3259 se
1061 3196 1422 3255 instituentes,
1444 3176 1908 3241 conversationem
1930 3168 2095 3234 illius,

512 3282 763 3385 perfecta:
791 3302 915 3358 vitae
942 3303 1186 3352 normam
1214 3282 1565 3379 arbitrentur.

1105 3375 1248 3451 quod
1277 3374 1331 3429 in
1360 3366 1549 3426 matris
1586 3369 1743 3419 utero
1769 3350 2101 3414 benedicitur

518 3541 591 3646 et,
621 3541 783 3642 omni
813 3571 1029 3648 speculo
1058 3562 1293 3641 purioris
1317 3601 1332 3626 ,
1364 3554 1501 3629 patri
1531 3551 1682 3621 virgo
1733 3541 1964 3645 traditur
2008 3550 2105 3609 per

519 3632 773 3753 quiet-ein.
814 3632 979 3737 διιοὰ
1029 3632 1206 3717 adhuc
1254 3649 1494 3753 infantiae
1537 3640 1776 3753 involuta
1798 3632 2108 3753 Ipannis,'et

522 3720 612 3827 :ix
637 3720 933 3832 annum‘lc)
955 3753 1223 3812 decimum
1258 3740 1433 3802 aetatis
1461 3733 1731 3794 excedens
1752 3770 1767 3797 ,
1798 3728 2001 3783 honore
2026 3720 2109 3776 fu-

526 3874 658 3922 tura:
684 3814 1025 3916 beatitudinis
1047 3850 1415 3903 consecratur.
1446 3830 1526 3889 Sit
1549 3827 1735 3903 gratia:
1763 3835 1941 3888 omne,
1966 3814 2109 3890 quod

527 3917 651 4014 ante
670 3954 912 4010 laborem
935 3943 1033 4001 fuit
1058 3957 1073 3996 :
1100 3939 1225 3996 licet
1252 3935 1395 3990 Deus
1426 3923 1685 4001 praescius
1711 3918 2034 3978 futurorum,
2056 3917 2113 3966 et

527 4048 815 4111 Jeremiam
859 4035 1154 4099 sanctiﬂcet
1181 4033 1236 4088 in
1262 4038 1462 4091 utero;
1515 4029 1574 4078 et
1600 4018 1865 4076 Joannem
1905 4011 1960 4066 in
1990 4008 2113 4064 alvo

530 4145 716 4203 matris
741 4138 899 4196 iaciat
972 4131 1133 4205 129
1203 4123 1564 4184 exultare;et
1588 4112 1812 4170 Paulum
1835 4115 1959 4164 ante
1981 4118 2115 4161 con-

532 4236 861 4298 stitutionem
890 4198 1329 4292 muddfseparet
1356 4215 1412 4270 in
1437 4207 1786 4281 Evangelium
1810 4201 1933 4259 Filii
1958 4198 2062 4256 sui.

544 4332 549 4337 ’
603 4331 660 4386 '5.
689 4324 770 4382 Ad
798 4337 859 4379 ea
885 4313 1072 4391 venio,
1101 4326 1222 4382 qua:
1245 4314 1366 4378 post
1389 4301 1765 4359 duodecimum
1797 4309 1993 4350 annum
2020 4305 2118 4348 su-

536 4383 667 4481 dore
693 4412 910 4490 proprio
937 4386 1119 4476 elegit,
1144 4396 1391 4469 arripuit,
1423 4392 1611 4455 tenuit,
1641 4389 1826 4459 cmpil,
1855 4383 2114 4456 implevit,

539 4475 712 4574 liuius
752 4475 960 4567 cellulae
997 4475 1173 4558 clausa
1220 4487 1518 4564 angustiis,
1556 4481 1839 4539 latitudine
1883 4475 2122 4535 Paradisi

539 4572 836 4664 fruebatur.
866 4597 1017 4654 idem
1042 4600 1199 4648 terra:
1226 4584 1400 4642 solum
1425 4621 1443 4649 ,
1475 4588 1531 4635 et
1559 4574 1816 4632 orationis
1844 4572 1997 4629 locus
2023 4585 2122 4626 ex-

541 4663 679 4758 stitit
715 4706 770 4753 et
812 4691 1025 4764 quietis.
1079 4681 1349 4756 Jejunium
1380 4689 1479 4748 pro
1506 4671 1635 4730 ludo
1661 4668 1867 4735 habuit,
1890 4663 2121 4764 inediam

540 4809 638 4866 pro
684 4756 997 4845 refectione.
1044 4780 1107 4835 Et
1147 4790 1268 4833 cum
1311 4786 1431 4831 eam
1476 4781 1586 4823 non
1627 4760 1876 4820 vescendi
1908 4756 2121 4816 deside-

543 4854 704 4950 rium,
724 4879 817 4937 sed
841 4878 1069 4932 humana
1093 4867 1358 4927 confectio
1379 4862 1446 4919 ad
1474 4860 1654 4917 cibum
1683 4854 1941 4920 traheret,
1962 4864 2124 4924 pane,

546 4993 600 5039 et
638 4946 771 5041 sale,
810 4979 867 5029 et
901 4982 1039 5041 aqua
1078 4960 1267 5036 frigida
1312 4955 1617 5016 concitabat
1656 4950 1828 5023 magis
1870 4946 2124 5011 esuriem,

547 5036 706 5146 quam
734 5036 1118 5134 restinguebat.
1166 5055 1232 5111 Et
1259 5052 1382 5124 quia
1407 5061 1544 5120 pene
1578 5044 1774 5101 oblitus
1800 5056 1917 5098 sum
1939 5081 1956 5109 ,
1986 5036 2130 5111 quod

549 5133 602 5224 in
632 5156 894 5236 principio
912 5133 925 5134 ί
947 5149 1106 5209 debui
1146 5147 1329 5204 dicere
1352 5159 1367 5197 :
1389 5141 1524 5197 Cum
1556 5136 1783 5208 primum
1811 5133 1917 5189 hoc
1938 5144 2135 5203 propo-

549 5226 712 5316 situm
758 5226 1002 5320 arripuit,
1046 5256 1236 5300 aurum
1276 5236 1401 5294 colli
1447 5233 1565 5297 sui.
1611 5229 1753 5300 quod
1797 5228 1877 5300 (a)
1918 5226 2133 5300 quidem

614 5413 688 5478 te)
710 5404 959 5478 mendas?
976 5400 1170 5478 Yister;
1195 5391 1771 5478 meammeam

724 5449 958 5544 giae—'13..
983 5449 1170 5525 scripta
1192 5456 1338 5510 biduo
1362 5462 1467 5519 post
1489 5449 1808 5525 superiorem.
1874 5511 1884 5520 .

644 5551 669 5581 ε
725 5536 974 5581 Privatam
996 5523 1249 5581 quamdam
1272 5520 1692 5581 consecrationem
1733 5507 1884 5560 intelli

644 5507 693 5590 El
1272 5507 1692 5590 consecrationem
1733 5507 1994 5590 intellige,
2038 5520 2138 5580 non

555 5571 1509 5656 wfglhﬁéﬁréﬁquinpdialiaﬂexempla
1535 5589 1629 5625 non
1661 5573 1841 5656 desunt
1862 5571 1989 5634 apud
2011 5571 2138 5656 argi-

555 5632 849 5728 ξῖιςέῖῖέξίς
871 5632 1235 5710 grauius...
1261 5632 1451 5728 ξςροαίς
1464 5640 1512 5689 δ.
1671 5638 1718 5728 ε.
1746 5643 1859 5728 Ξωιθ
1881 5632 2034 5683 an...
2054 5632 2137 5728 g5.

1107 5726 1117 5728 μ
1165 5712 1255 5728 ι.---
1347 5717 1416 5728 .ΛΑ
1456 5711 1498 5728 ιιι
1612 5713 1687 5728 unt
1769 5709 1938 5728 ninnllﬁ
1971 5708 2059 5728 nnc
2083 5706 2137 5728 ρει

557 5700 1520 5790 v::ga'..;:;"'ca.sggame“haud‘uacuas
1541 5700 1712 5790 ,θυαε
1746 5707 1940 5767 tempus.
1971 5702 2143 5756 ιωειυει

759 5789 764 5790 ,
903 5783 913 5790 .
1038 5778 1068 5790 .ο
1152 5788 1161 5790 _
1242 5777 1333 5790 μη..
1354 5780 1420 5790 ..ιη
1447 5781 1457 5790 .
1497 5778 1532 5790 Λ.
1589 5776 1698 5790 ,ιιιηι
1718 5770 2022 5790 ιιι-ιιηυνινιξιηι
2058 5768 2143 5790 IIC—

558 5758 1173 5850 ix'ﬁnimi;
1195 5766 1461 5823 Pontiﬁcali
1496 5765 1553 5814 ad
1588 5758 2024 5826 (ιιιείάπαὲθίῖπίθω
2058 5768 2143 5805 “5"

560 5839 878 5915 queietatem
913 5839 1157 5915 produxit;

915 5885 1241 5969 ζ’(ίιῖίῖῇιέιὶωη
1260 5894 1406 5950 COdd.
1419 5896 1554 5946 abes!
1573 5885 2043 5955 qni/lem.Murcnnla
2060 5897 2146 5933 au-

1756 321 2001 399 SANCTI
2037 320 2417 394 ilIERONYm

3070 232 3101 251 δ’

3639 305 3745 368 ω

2158 446 2493 505 Murenulam
2535 437 2726 513 vulgus
2767 441 2950 503 vocat;
2996 428 3141 506 quod
3187 425 3392 485 scilicet
3431 422 3650 481 metallo
3692 423 3744 478 in

2157 542 2394 613 virgulas
2440 539 2735 594 latescente
2755 574 2769 599 ,
2797 530 3041 603 quaedam
3069 523 3276 582 ordinis
3306 519 3529 578 ﬂexuosi
3556 528 3743 574 catum

2159 612 2485 696 contexitur,
2513 628 2718 701 absque
2748 622 3063 697 parentibus
3094 615 3369 683 vendidit;
3420 624 3474 671 et
3513 612 3749 670 tunicam

2162 726 2473 787 fusciorem,
2498 735 2659 793 quam
2689 734 2719 773 a
2747 725 2919 773 matre
2947 715 3236 784 impetrare
3257 723 3364 764 non
3393 716 3634 779 poterat,
3666 706 3750 759 in-

2163 819 2293 875 duta
2314 858 2329 884 ,
2360 816 2450 888 pio
2476 809 2854 885 negotiationis
2882 805 3122 878 auspicio
3141 845 3155 869 ,
3188 817 3249 858 se
3277 810 3502 872 repente
3529 798 3754 854 Domino

2165 908 2540 975 consecravit,
2582 915 2643 961 ut
2685 903 3007 975 intelligeret
3045 899 3294 955 universa
3337 895 3608 967 cognatio,
3649 909 3756 949 non

2166 1019 2329 1077 posse
2358 1001 2503 1058 aliud
2523 1001 2573 1058 ei
2595 995 2926 1070 extorqueri,
2948 1009 3069 1067 quae
3093 993 3205 1065 jam
3232 989 3489 1048 smculum
3515 988 3761 1045 damnas-

2168 1104 2254 1153 set
2278 1097 2332 1152 in
2360 1094 2620 1152 vestibus.

2239 1189 2295 1246 4.
2323 1187 2451 1255 Sed,
2481 1194 2537 1243 ut
2567 1184 2749 1242 dicere
2777 1193 3135 1252 carpet-amns,
3157 1177 3229 1233 ita
3252 1191 3312 1233 se
3333 1189 3547 1248 semper
3575 1171 3761 1231 mode-

2172 1291 2287 1339 rate
2314 1279 2522 1345 habuit,
2556 1286 2611 1335 et
2634 1277 2774 1332 intra
2802 1270 3035 1331 cubiculi
3077 1266 3162 1328 sui
3200 1278 3410 1326 secreta
3453 1266 3762 1335 custodivit,

2173 1383 2233 1431 ut
2275 1386 2551 1444 nunquam
2577 1368 2770 1442 pedem
2793 1363 3061 1439 proferret
3093 1362 3145 1418 in
3175 1360 3467 1434 publicum,
3491 1372 3764 1429 nunquam

2177 1468 2277 1526 viri
2307 1474 2494 1524 nosset
2531 1463 2848 1535 alloquium.
2900 1460 2968 1516 Et
3009 1455 3154 1531 quod
3197 1455 3369 1527 magis
3391 1453 3463 1511 sit
3492 1453 3766 1509 admiran-

2070 1630 2073 1643 _
2174 1561 2326 1627 dum,
2353 1572 2595 1617 sororem
2618 1554 2880 1626 virginem
2901 1559 3105 1607 amaret
3126 1547 3324 1620 potius,
3347 1561 3507 1619 quam
3533 1543 3764 1600 videret.

2177 1650 2513 1724 Operabatur
2534 1647 2782 1705 manibus
2802 1645 2936 1710 suis,
2955 1643 3131 1699 sciens
3150 1640 3408 1711 scriptum
3431 1652 3553 1694 esse
3577 1654 3592 1692 :
3621 1654 3639 1688 ς
3665 1633 3767 1703 Qui

2179 1759 2286 1801 non
2335 1748 2588 1814 operatur
2610 1781 2629 1808 ,
2682 1754 2791 1795 non
2835 1735 3125 1792 manducet
3155 1751 3174 1787 ι
3207 1731 3302 1805 (2.
3344 1729 3526 1786 Thess.
3555 1726 3765 1800 3.10).

2180 1839 2393 1911 Sponso
2421 1844 2512 1891 aut
2538 1847 2701 1889 orans
2730 1829 3071 1903 loquebatur,
3103 1836 3195 1884 aut
3223 1825 3479 1899 psallens.
3510 1821 3594 1879 Ad
3626 1822 3769 1878 Mar-

2182 1940 2357 2005 tyrum
2384 1929 2568 1984 limina
2597 1940 2734 1998 pene
2759 1924 2929 1981 invisa
2976 1920 3319 1996 properabat.
3347 1918 3416 1975 Et
3458 1933 3579 1974 cum
3634 1931 3768 1989 gau-

2183 2025 2337 2081 deret
2366 2022 2643 2095 proposito
2681 2033 2820 2086 suo,
2863 2018 2916 2072 in
2958 2030 3025 2073 eo
3066 2013 3438 2071 vehementius
3475 2009 3769 2076 exultabat,

2183 2116 2326 2188 quod
2368 2130 2429 2172 se
2473 2113 2654 2169 nullus
2692 2116 3062 2183 cognosceret.
3110 2104 3353 2176 Cumque
3408 2117 3505 2175 per
3555 2114 3773 2157 omnem

2185 2226 2407 2277 annum,
2430 2208 2547 2280 jugi
2573 2205 2781 2278 jejunio
2808 2210 3120 2275 pasceretur
3142 2241 3158 2266 ,
3186 2197 3350 2255 biduo
3379 2194 3663 2267 triduoque
3692 2193 3771 2249 sic

2190 2317 2536 2378 permanens,
2570 2310 2681 2356 tum
2720 2310 2851 2353 vero
2893 2294 2951 2352 in
2993 2290 3413 2363 Quadragesima
3456 2286 3649 2356 navigii
3687 2282 3772 2340 sui

2188 2398 2307 2456 vela
2331 2395 2602 2460 tendebat,
2624 2406 2814 2449 omnes
2844 2402 2982 2461 pene
3010 2381 3371 2442 hebdomadas
3386 2379 3535 2437 vultu
3558 2379 3773 2434 laetante

2190 2491 2542 2564 conjungens.
2577 2488 2642 2542 Et
2660 2483 2804 2557 quod
2830 2479 3162 2555 impossibile
3191 2475 3412 2533 forsitan
3440 2484 3520 2531 est
3547 2470 3775 2528 homini-

2191 2587 2293 2644 bus
2329 2582 2397 2639 ad
2440 2578 2790 2643 credendum,
2820 2577 2934 2633 Deo
2970 2582 3148 2630 autem
3195 2577 3493 2642 praestante
3527 2565 3777 2638 possibile

2194 2689 2298 2747 est,
2322 2679 2393 2734 ita
2417 2675 2486 2731 ad
2513 2670 3025 2745 quinquagenariam
3050 2664 3292 2738 pervenit
3321 2670 3555 2726 aetatem,
3584 2671 3642 2716 ut
3669 2674 3776 2715 non

2195 2770 2404 2828 doleret
2429 2764 2764 2824 stomachum
2787 2803 2805 2831 ,
2836 2777 2944 2818 non
2972 2761 3237 2815 viseerum
3272 2755 3605 2813 cruciaretur
3634 2751 3779 2822 inju-

2197 2862 2314 2929 ria;
2343 2874 2450 2916 non
2475 2858 2618 2915 sicca
2646 2855 2842 2926 humus
2860 2851 3095 2925 jacentia
3123 2848 3361 2906 membra
3381 2845 3776 2916 confringeret;

2199 2971 2307 3012 non
2356 2966 2513 3011 sacco
2546 2957 2793 3021 asperata
2871 2945 3028 3020 130
3099 2942 3236 3000 cutis
3265 2940 3511 2998 fmtorem
3545 2936 3781 3006 aliquem

2200 3048 2469 3119 situmque
2497 3041 2840 3101 contraheret
2867 3057 2881 3095 :
2904 3038 3000 3095 sed
3028 3051 3157 3093 sana
3180 3046 3431 3111 corpore,
3473 3032 3653 3087 anima
3691 3042 3784 3085 sas

2203 3141 2344 3208 nior,
2389 3134 2735 3195 solitudinem
2772 3137 2984 3204 putaret
3039 3143 3161 3185 esse
3205 3125 3447 3194 delicias,
3485 3132 3540 3180 et
3573 3122 3625 3178 in
3653 3120 3787 3178 urbe

2206 3231 2434 3297 turbida,
2459 3227 2724 3285 inveniret
2746 3237 2988 3281 eremum
3017 3219 3423 3276 Monachorum.

2276 3327 2332 3384 5.
2377 3323 2447 3379 Et
2492 3321 2609 3377 haec
2653 3316 2872 3391 quidem
2919 3323 2974 3371 tu
3018 3313 3208 3370 melius
3238 3311 3400 3377 nosti,
3428 3325 3459 3365 a
3489 3322 3592 3380 qua
3622 3319 3789 3377 pauca

2208 3418 2522 3482 didicimus;
2550 3420 2607 3470 et
2633 3410 2785 3482 cujus
2810 3407 2982 3466 oculis
3005 3405 3230 3462 durities
3248 3404 3318 3460 de
3345 3401 3570 3475 genibus
3612 3413 3793 3456 came-

2210 3511 2386 3567 lorum
2415 3507 2466 3562 in
2491 3505 2579 3560 illo
2599 3493 2789 3561 sancto
2808 3498 3130 3571 corpusculo
3151 3511 3263 3567 pra:
3282 3492 3468 3551 orandi
3492 3490 3792 3558 frequentia

2211 3589 2533 3660 obcalluissc
2558 3602 2839 3668 perspecta
2878 3601 2981 3649 est.
3012 3589 3124 3647 Nos
3150 3587 3290 3661 quod
3315 3586 3453 3641 scire
3485 3597 3790 3655 possumus,
3840 3618 3845 3627 λ

2213 3696 2562 3769 explicemus.
2602 3688 2747 3746 Nihil
2794 3686 2939 3744 illius
2980 3682 3269 3742 severitate
3307 3675 3626 3750 jucundius,
3660 3674 3794 3729 nihil
3849 3686 3857 3692 '

2212 3766 2545 3861 jucunditate
2588 3780 2863 3849 severius,
2914 3777 3045 3835 nihil
3083 3773 3339 3833 suavitate
3383 3769 3614 3835 tristius,
3663 3766 3798 3823 nihil

2218 3880 2431 3939 tristitia
2458 3875 2695 3935 suavius.
2725 3874 2799 3930 Ita
2829 3872 3002 3945 pallor
3026 3871 3078 3926 in
3104 3868 3239 3925 facie
3265 3874 3367 3932 est,
3389 3873 3451 3920 ut
3476 3877 3639 3935 quum
3665 3875 3799 3917 con.

2219 3973 2499 4030 tinentiam
2521 3968 2743 4036 indicet,
2762 3979 2869 4022 non
2893 3961 3131 4021 redoleat
3150 3956 3580 4016 ostentationem.
3610 3954 3803 4009 Sermo

2219 4069 2423 4133 silens,
2469 4072 2526 4121 et
2569 4061 2843 4119 silentium
2889 4059 3135 4129 loquens.
3164 4053 3274 4110 Nec
3298 4052 3458 4118 citus,
3493 4063 3594 4105 nec
3619 4045 3804 4103 tardus

2221 4162 2485 4218 incessus.
2514 4155 2660 4213 idem
2690 4167 2905 4224 semper
2930 4150 3164 4206 habitus.
3206 4144 3454 4217 Neglecta
3480 4139 3804 4208 mundities,

2223 4263 2279 4311 et
2308 4252 2383 4327 (ὁ)
2411 4248 2609 4307 inculta
2635 4256 2804 4313 veste,
2835 4244 3010 4302 cultus
3036 4243 3150 4312 ipse
3174 4239 3291 4295 sine
3319 4238 3486 4294 cultu.
3516 4233 3641 4291 Sola
3685 4231 3809 4286 vita:

2227 4322 2340 4403 suae
2364 4322 2665 4415 aequalitate
2691 4336 3019 4413 promeruit,
3051 4343 3110 4390 ut
3138 4333 3191 4389 in
3221 4330 3362 4389 Urbe
3387 4343 3624 4401 pompae,
3652 4322 3812 4381 lasci-

2227 4441 2350 4504 vim,
2375 4436 2713 4500 deliciarum,
2742 4432 2795 4487 in
2822 4445 2924 4501 qua
2955 4426 3209 4483 humilem
3240 4438 3360 4480 esse
3387 4419 3602 4477 miseria
3631 4424 3734 4479 est,
3759 4423 3815 4471 et

2230 4531 2358 4589 boni
2385 4544 2503 4586 eam
2528 4526 2842 4598 praedicent,
2872 4531 2929 4578 et
2952 4520 3077 4577 mali
3107 4517 3394 4575 detrahere
3426 4528 3531 4568 non
3562 4508 3816 4566 audeant.

2234 4624 2423 4682 Vidua:
2462 4636 2582 4679 eam
2630 4618 2907 4675 imitentur
2950 4621 3003 4671 et
3041 4612 3313 4682 virgines,
3357 4608 3559 4663 maritae
3601 4603 3818 4667 colant,

2235 4716 2412 4776 noxias
2444 4714 2687 4780 timeant,
2714 4706 3009 4779 SttSpicizlnl
3032 4702 3369 4762 Sacerdotes.

2701 4821 3033 4882 EPISTOLA
3073 4817 3219 4876 XXV
3260 4816 3359 4891 (a).

2687 4935 2755 4975 an
2796 4931 3014 4973 sanos!
3055 4923 3397 4976 uacuum,

2660 5010 2736 5066 De
2764 5010 2936 5066 decem
2967 5003 3271 5062 Nominibus
3299 5000 3416 5057 Dei.

2242 5116 2431 5174 Decem
2461 5106 2714 5174 Nomina,
2755 5101 2938 5176 quibus
2978 5099 3117 5173 apud
3156 5095 3399 5152 Hebraeos
3424 5089 3565 5146 Deus
3600 5085 3846 5154 vocatur,

2479 5199 2745 5260 Marcella:
2772 5196 2827 5251 id
2847 5194 2910 5249 ab
2936 5210 2989 5249 se
3013 5190 3313 5265 postulanti,
3336 5186 3575 5259 explicat.

2314 5317 2731 5392 Nonagesimum
2781 5311 3049 5368 Psalmum
3098 5307 3305 5379 legens,
3353 5303 3406 5358 in
3453 5316 3522 5357 eo
3567 5298 3688 5355 loco
3731 5307 3841 5366 quo

2246 5449 2347 5494 tem
2368 5437 2495 5486 dicta
2516 5436 2613 5494 est,
2635 5427 2765 5492 quod
2787 5426 3007 5494 Murena:
3029 5422 3148 5486 pisci
3170 5410 3845 5494 assimilaret‘urLAna‘stas-ius

2638 5470 2890 5561 dirigis};
2902 5470 3015 5547 ,"iwn
3032 5470 3138 5547 rqua
3155 5483 3376 5561 .per'tdent
3403 5485 3609 5561 gerimus
3642 5470 3843 5561 hyac‘in,

2245 5540 2566 5617 ἱὶῖἑῖαἶῗὶιὶξ
2583 5540 2746 5613 Item,
2785 5540 3010 5601 Munera:
3031 5540 3329 5610 prasiitales,
3370 5540 3424 5591 ei
3462 5547 3715 5590 Murenam
3760 5540 3846 5583 trt-

2284 5627 2399 5676 lem.
2425 5629 2521 5670 etc.

2247 5625 2526 5751 βιῖὲἶῖξιιξῇ
2549 5684 2654 5747 erat
2673 5673 2859 5751 inculta
2878 5670 3232 5751 vestis;’vitiose
3257 5669 3374 5751 item
3394 5662 3709 5736 Liarttana’us
3725 5658 3848 5707 duo-

2716 5743 2727 5751 ‘
2802 5750 2823 5751 κν
2842 5750 2847 5751 γ
2866 5743 2920 5751 γε·
2949 5748 2958 5751 -
2988 5747 3049 5751 ν-ην
3098 5739 3223 5751 -ι-ηηι
3256 5743 3300 5751 -η
3346 5740 3403 5751 .m
3429 5735 3669 5751 ....ηηηωι...
3740 5731 3848 5751 ,ιη’

2249 5725 2760 5801 huic;'i-Eii‘is'mcgiuq
2798 5743 2959 5792 veste;
2982 5725 3069 5782 sed
3097 5732 3231 5801 piget
3256 5731 3305 5777 in
3328 5728 3405 5777 his
3428 5725 3697 5781 immorari,
3740 5731 3853 5785 qua

2248 5792 2430 5864 Editus
2451 5799 2723 5864 inconsulto
2747 5799 2933 5864 lectore
2957 5792 3292 5864 emendantus.

2421 5850 2548 5917 iiiis
2571 5862 2680 5913 156.
2697 5859 2886 5925 scripta
2908 5869 3035 5910 tauro
3055 5855 3225 5907 eodem
3241 5850 3352 5903 584.
