4136 6332
534 418 634 477 451

534 548 601 588 ex
632 531 847 586 nomine
887 529 1007 587 ﬁdei
1031 530 1187 586 Anien
1212 530 1557 602 Septuaginta
1576 538 1774 598 γένοιτο,
1799 526 1852 583 id
1873 534 1975 592 est,
2000 526 2112 596 ﬁat.

536 622 694 681 Unde
717 633 774 679 et
798 623 852 678 in
883 624 990 679 line
1017 622 1274 679 librorum
1305 624 1396 694 (in
1421 623 1655 695 quinque
1682 619 1943 693 siquidem
1965 619 2115 679 volu-

535 716 702 783 mina,
728 716 1042 772 Psalterium
1066 717 1206 787 apud
1232 716 1483 772 llebrzeos
1502 716 1731 772 divisum
1751 714 1858 782 est)
1890 713 1998 782 ﬁat,
2021 713 2113 780 ﬁat

533 809 921 864 transtulerunt
949 826 961 862 :
992 810 1132 881 quod
1165 810 1218 864 in
1247 808 1506 864 Hebraico
1538 807 1751 878 legitur,
1776 820 1916 861 suam
1945 820 2105 869 AIEN,

534 916 642 970 quo
670 903 872 957 scilicet
893 917 958 957 eo
975 917 1101 957 vere
1125 903 1264 957 dicta
1291 917 1409 972 qua:
1434 908 1558 956 sunt
1581 913 1762 969 supra,
1787 897 2114 953 confirmen-

531 1000 637 1048 tur.
683 992 835 1050 Unde
877 1004 931 1071 et
974 995 1171 1053 Paulus
1196 994 1407 1061 asserit,
1438 1007 1544 1055 non
1576 1005 1731 1064 posse
1759 990 1989 1061 aliquem
2020 1004 2110 1045 rc-

530 1084 798 1153 Spondere
828 1085 1008 1152 Amen,
1057 1086 1106 1140 id
1149 1094 1250 1152 est,
1293 1083 1616 1140 conﬁrmare
1656 1098 1774 1154 qua:
1824 1081 2110 1153 praedicata

539 1177 693 1250 133
767 1187 885 1234 sunt
908 1219 923 1244 ,
953 1178 1054 1233 nisi
1076 1177 1418 1242 intellexerit,
1438 1176 1898 1245 prmdicationem.
1919 1175 2112 1230 Manu

529 1287 671 1327 Ατιυι
701 1271 870 1343 magis
896 1271 1087 1342 Syrum
1121 1280 1202 1331 est
1231 1285 1390 1343 quam
1422 1269 1766 1337 Hebraicum,
1796 1268 2009 1329 tametsi
2040 1282 2108 1324 ex

524 1362 756 1425 cottiinio
793 1373 1133 1433 utrarumque
1171 1363 1472 1434 linguarum
1499 1362 1697 1435 aliquid
1728 1371 1785 1419 et
1824 1361 2106 1419 llebrtcum

528 1463 705 1522 sonet,
729 1464 784 1511 et
800 1457 1198 1525 interpretetur,
1224 1456 1712 1519 «Dominusnoster
1731 1454 1876 1515 venit
1895 1471 1942 1521 ς»
1967 1462 2021 1509 ιιι
2038 1453 2109 1509 sit

520 1560 711 1603 sensus
746 1566 758 1602 :
794 1566 813 1599 ι
836 1548 890 1603 Si
922 1548 1042 1619 quis
1081 1563 1186 1604 non
1228 1557 1374 1604 amat
1408 1548 1692 1604 Dominum
1731 1548 1914 1603 Jesum
1944 1546 2104 1602 Chri-

518 1648 684 1705 stum,
724 1640 1005 1696 anathema
1048 1642 1116 1697 sit
1142 1660 1163 1695 )
1193 1640 1284 1716 (l.
1318 1641 1435 1699 Cor.
1472 1642 1560 1699 16.
1589 1642 1720 1715 22),
1753 1650 1805 1698 et
1832 1642 1922 1698 illo
1950 1657 2103 1698 com-

518 1729 685 1800 picto,
713 1729 967 1802 deinceps
996 1731 1252 1789 inferatur
1280 1751 1294 1789 :
1329 1753 1348 1786 ι
1377 1735 1633 1790 Dominus
1656 1745 1837 1790 noster
1858 1733 2004 1790 venit
2034 1751 2048 1787 :
2075 1754 2097 1788 ι

514 1822 655 1892 quod
685 1825 1009 1897 superﬂuum
1036 1828 1102 1883 sit
1134 1828 1419 1885 adversum
1442 1846 1563 1884 eum
1585 1829 1722 1885 odiis
1740 1829 2101 1905 pertinacibus

514 1914 652 1970 velle
677 1918 1021 1985 contendere,
1054 1934 1212 1990 quem
1244 1922 1454 1976 venisse
1480 1921 1588 1991 jam
1617 1929 1845 1977 constet.

586 2009 640 2063 5.
687 2007 888 2065 Vellem
923 2011 1014 2066 tibi
1042 2012 1241 2083 aliquid
1275 2023 1328 2068 et
1357 2012 1424 2068 de
1452 2012 1803 2085 Diapsalmate
1833 2014 2095 2082 scribere,

511 2101 653 2171 quod
682 2102 820 2172 apud
856 2103 1110 2158 llclmeos
1140 2105 1394 2161 scribitur
1419 2120 1551 2161 seu
1586 2126 1597 2161 :
1629 2116 1684 2161 et
1709 2106 1777 2162 dc
1806 2106 2013 2179 Ephori,
2043 2116 2098 2164 et

508 2190 576 2246 de
620 2209 684 2246 eo
728 2194 869 2264 quod
921 2194 972 2248 in
1025 2195 1305 2265 cujusdam
1358 2197 1556 2252 Psalmi
1613 2196 1768 2252 titulo
1817 2198 2091 2255 habetur:

507 2284 585 2357 (α)
616 2284 720 2340 Pro
746 2304 993 2355 MELETB,
1040 2301 1091 2345 et
1122 2293 1330 2348 ueteris
1361 2291 1697 2359 istiusmodi;
1747 2293 1847 2348 nisi
1892 2302 1945 2348 et
1973 2309 2091 2349 mo.

506 2377 631 2433 dum
664 2381 927 2451 epistolici
960 2384 1288 2441 characteris
1327 2385 1664 2453 cxcederem,
1716 2394 1771 2442 et
1800 2386 1895 2442 tibi
1923 2387 2093 2442 avidi-

506 2478 667 2525 tatem
711 2475 877 2543 magis
907 2475 1085 2530 dilata:
1112 2476 1186 2550 (ὁ)
1221 2476 1483 2532 deberent
1522 2478 1701 2533 iacere
1742 2477 2087 2548 quaestiones.

502 2563 710 2621 Tritum
759 2568 953 2641 quippe
1000 2580 1080 2625 est
1118 2570 1461 2640 proverbium
1502 2588 1515 2624 :
1560 2570 1856 2628 Ultroneas
1903 2581 2091 2641 putere

504 2672 729 2713 merces.
763 2659 917 2716 Unde
946 2671 1001 2716 et
1028 2677 1124 2716 nos
1156 2661 1222 2717 de
1245 2662 1504 2718 industria
1529 2662 1753 2720 dicenda
1777 2663 2087 2732 reticcmus,

502 2758 561 2804 ut
586 2750 793 2808 avidius
820 2753 951 2809 velis
979 2753 1166 2811 audire
1191 2771 1309 2827 quae
1334 2757 1489 2811 tacita
1520 2765 1663 2812 sunt.

946 2891 1277 2957 EPISTULA
1315 2892 1510 2955 xxvu
1538 2892 1634 2967 (c).

944 3043 1011 3084 AD
1050 3043 1264 3084 ΕΑιωΕκ
1303 3036 1639 3085 NARCELLAI.

496 3162 787 3236 Respondet
822 3167 907 3233 iis,
945 3168 1033 3238 qui
1076 3167 1174 3223 sibi
1202 3166 1567 3235 obtrectabant,
1597 3164 1734 3240 quod
1755 3169 1995 3240 quietiam.
2017 3185 2083 3225 ea:

565 3275 693 3313 novo
724 3259 1038 3316 Testamento
1071 3260 1177 3327 iam
1210 3270 1413 3331 recepta
1458 3271 1720 3331 mutasset,
1751 3272 1797 3316 et
1827 3262 2081 3334 virginum

566 3368 679 3406 cum
708 3355 825 3407 viris
853 3353 1263 3409 consuetudinem
1293 3355 1641 3425 uituperasset.

565 3487 618 3540 1.
662 3485 851 3541 Omnia
879 3488 1027 3542 verba
1050 3488 1331 3561 Scriptura
1350 3490 1589 3545 divinitus
1610 3495 1878 3564 inspirata.
1915 3490 2080 3547 Vitio-

488 3581 615 3636 sitas
654 3579 893 3636 Codicum
933 3582 1203 3637 latinorum
1251 3584 1320 3637 ad
1363 3582 1593 3639 Grtecam
1636 3586 1883 3657 originem
1928 3600 2077 3640 revo-

491 3674 908 3749 canda.—Post
931 3676 1160 3745 priorem
1190 3675 1506 3746 Epistolam,
1539 3679 1588 3731 in
1617 3693 1719 3750 qua
1746 3679 1811 3734 de
1835 3678 2077 3735 iiebrtels

487 3766 665 3823 verbis
692 3782 855 3838 pauca
883 3768 1317 3838 perstrinxeratn,
1347 3768 1411 3823 ad
1444 3784 1530 3823 me
1557 3781 1780 3840 repente
1809 3771 2073 3840 perlatum

488 3868 592 3928 est,
635 3860 892 3929 quosdam
931 3860 1282 3916 homunculus
1314 3861 1442 3917 tnilti
1484 3862 1725 3919 studiose
1763 3863 2071 3927 detrahere,

485 3966 584 4008 cur
610 3952 892 4009 adversum
922 3955 1292 4009 auctoritatem
1318 3965 1579 4020 veterum,
1615 3966 1668 4012 et
1690 3958 1852 4012 totius
1887 3956 2073 4012 mundi

486 4046 817 4116 Opinionem,
844 4046 1021 4117 aliqua
1064 4046 1117 4101 in
1160 4047 1465 4117 Evangeliis
1496 4047 1786 4107 emendare
1829 4057 2073 4104 tentave-

484 4140 609 4194 rim.
652 4139 800 4207 Quos
845 4156 945 4211 ego
986 4156 1108 4195 cum
1151 4156 1368 4212 possem
1418 4157 1540 4196 meo
1561 4142 1683 4212 jure
1726 4149 2073 4207 contemnere

487 4233 677 4306 (Asino
731 4235 928 4309 quippe
968 4236 1084 4305 lyra
1127 4234 1397 4305 superflue
1439 4236 1603 4304 cauit)
1631 4244 1807 4291 tamen
1856 4250 1924 4290 ne
1974 4248 2073 4290 nos

484 4325 774 4397 superbia;
806 4335 861 4382 ut
891 4326 1065 4387 facere
1108 4325 1309 4390 solent,
1358 4334 1606 4396 arguant,
1641 4325 1711 4385 ita
1750 4341 2071 4397 responsum

483 4417 719 4474 habeant
747 4436 760 4473 :
791 4417 904 4472 Non
933 4416 1068 4472 adeo
1097 4431 1183 4471 me
1211 4416 1419 4471 hebetis
1456 4417 1617 4471 fuisse
1643 4416 1844 4485 cordis,
1878 4426 1933 4473 et
1962 4426 2070 4473 tam

485 4526 682 4566 crassae
728 4510 1040 4567 rusticitatis
1092 4512 1272 4581 (quam
1323 4508 1395 4564 illi
1438 4509 1607 4564 solam
1650 4524 1743 4580 pro
1789 4511 2071 4567 sanctitate

488 4604 707 4672 habent,
755 4604 1074 4674 piscatorum
1122 4617 1182 4659 se
1219 4601 1513 4673 discipulos
1554 4612 1882 4669 asserentes,
1917 4605 2068 4674 quasi

486 4699 687 4757 idcirco
730 4700 899 4759 sancti
944 4698 1071 4761 sint,
1118 4698 1163 4753 si
1206 4696 1339 4753 nihil
1375 4697 1620 4767 scierint)
1667 4706 1724 4754 ut
1762 4696 1962 4769 aliquid
2000 4698 2069 4757 de

484 4790 777 4846 Dominicis
794 4790 989 4856 verbis,
1010 4798 1102 4844 aut
1118 4790 1492 4861 corrigendum
1513 4791 1832 4863 putaverint,
1855 4799 2064 4849 autnon

482 4882 736 4941 divinitus
767 4882 1108 4952 insitiratum;
1139 4881 1234 4939 sed
1268 4883 1575 4945 Latinorum
1623 4883 1779 4965 134
1817 4886 2062 4947 codicum

482 4975 847 5039 vitiositatem,
887 4990 1007 5044 quae
1051 4991 1117 5030 ex
1161 4975 1475 5033 diversitate
1518 4977 1776 5041 librorum
1823 4979 2063 5047 omnium

478 5064 879 5135 comprobatur,
926 5066 991 5118 ad
1039 5066 1283 5121 Graecam
1332 5067 1616 5136 originem,
1665 5067 1810 5123 unde
1862 5078 1916 5125 et
1961 5070 2062 5140 ipsi

482 5156 731 5211 translata
760 5171 866 5213 non
892 5155 1174 5228 dcucgant,
1202 5156 1435 5213 voluisse
1463 5172 1735 5215 revocare.
1777 5158 1982 5228 Quibus
2015 5161 2061 5218 si

480 5249 729 5319 displicet
753 5248 917 5304 fontis
955 5250 1095 5306 unda
1129 5249 1422 5322 purissimi,
1470 5264 1721 5306 caenosos
1751 5252 1951 5309 rivulos
1981 5252 2062 5310 bi-

480 5342 645 5410 bant;
682 5351 737 5399 et
758 5342 1085 5414 diligentiam
1108 5359 1210 5415 qua
1242 5343 1418 5407 avium
1445 5343 1625 5413 silvas,
1652 5353 1707 5402 et
1734 5346 2059 5407 concharum

537 5478 610 5539 (α)
630 5476 852 5541 Martian.
865 5476 1065 5540 Ejeletlt,
1081 5479 1165 5541 qui
1183 5477 1392 5529 dandum
1403 5475 1705 5541 librariorum
1721 5482 1953 5533 socordiae
1974 5499 2061 5535 no~

472 5546 562 5614 tat,
582 5540 711 5612 quod
733 5542 929 5614 codices
948 5540 1137 5614 omnes
1157 5540 1333 5614 legant
1358 5540 1547 5614 dictet/1.
1562 5542 2059 5614 ‘pro_,tjcleth_,'__facile

475 5600 615 5651 enini
644 5604 694 5665 in
735 5605 904 5665 ignoto
937 5602 1174 5665 vocabulo
1198 5600 1261 5662 Kl,
1289 5610 1342 5652 et
1368 5600 1441 5651 Al.
1466 5600 1837 5656 confunduntur.
1865 5600 2058 5661 Titulus

475 5672 553 5739 est
568 5663 910 5739 ΔΡξιιίιιιῐξῃιιιιιιι
933 5665 1087 5739 Hebr.
1111 5664 1365 5739 22.__quem
1386 5677 1475 5726 pro
1491 5676 1637 5739 cervo
1652 5668 1883 5725 matutino
1905 5671 2058 5722 inter-

473 5734 694 5791 pretatur
717 5727 858 5778 Hier.
884 5742 979 5791 qua
1001 5728 1066 5778 de
1089 5741 1146 5777 re
1168 5727 1387 5791 dieemus
1408 5741 1496 5791 suo
1520 5729 1645 5780 loco.

538 5787 610 5849 (ιι)
647 5788 795 5859 Nobis
812 5787 970 5859 magis
984 5787 1327 5859 arridet‘itegii
1351 5789 1531 5841 codicis
1552 5791 1701 5843 lectio
1723 5793 1950 5846 deberem
1979 5796 2054 5859 fa-

474 5850 914 5913 cerequtestionisf
933 5851 1023 5902 Sed
1048 5866 1142 5902 non
1174 5850 1497 5907 immutamus.

539 5910 628 5963 (εγ
644 5912 772 5967 (ilius
792 5910 902 5967 120.
917 5913 1104 5974 Scripta
1120 5916 1265 5974 paulo
1288 5920 1389 5967 post
1411 5915 1724 5978 superiorem.

1847 408 2088 471 SANCTI
2128 406 2506 466 ΙΙΙΕΒΟΝῚΜΙ

3707 416 3812 479 653

2225 525 2463 597 gurgites
2480 531 2697 592 norunt.
2719 526 2774 589 in
2795 526 3084 600 Scripturis
3105 529 3348 603 legendis
3367 528 3621 602 obiiciant
3642 548 3654 587 :
3676 532 3810 591 siut-

2221 632 2326 689 que
2369 618 2423 675 in
2468 617 2571 679 hac
2606 634 2665 677 re
2704 628 2909 681 tantum
2953 623 3247 694 simplices.
3297 634 3356 685 ut
3398 622 3596 697 Christi
3646 624 3804 687 verba

2220 709 2525 775 existiment
2543 711 2831 781 rusticana,
2860 713 2913 768 in
2944 715 3138 787 quibus
3164 730 3261 787 per
3287 724 3433 781 tanta
3451 715 3562 789 jam
3585 717 3802 785 szrcttla,

2219 810 2488 863 tantorum
2538 804 2748 877 ingenia
2802 807 3176 875 sudaverunt.
3224 819 3283 867 ut
3340 810 3605 877 rationem
3654 813 3803 871 verbi

2218 895 2637 969 uniuscujusque
2677 895 2771 970 [aL
2818 899 3183 974 unusquisque]
3214 902 3385 974 magis
3424 903 3628 975 Opinati
3668 907 3799 975 sint,

2214 1003 2375 1060 quam
2417 991 2799 1060 expresserim.
2850 993 3171 1064 Apostolum
3225 1006 3452 1068 arguant
3492 998 3799 1072 imperitior,

2214 1080 2304 1152 qui
2331 1080 2403 1138 ob
2431 1081 2626 1143 multas
2649 1083 2858 1145 litteras
2881 1084 3116 1145 insanire
3136 1086 3365 1151 dicatur.

2284 1172 2339 1229 2.
2382 1173 2507 1233 Scio
2547 1185 2601 1235 te
2632 1190 2757 1239 eum
2807 1178 2910 1237 ista
2939 1179 3154 1251 legeris,
3199 1197 3395 1254 rugare
3450 1181 3705 1253 frontem,
3748 1199 3799 1242 rt

2213 1264 2513 1323 libertatem
2555 1283 2728 1329 meam
2772 1285 2985 1331 rursum
3032 1273 3378 1337 seminarium
3423 1278 3610 1337 timere
3652 1281 3794 1334 τίκ.-

2214 1373 2366 1425 rum;
2397 1374 2459 1416 ac
2487 1375 2686 1427 meum,
2736 1363 2779 1425 si
2813 1364 2926 1423 lieri
2956 1372 3153 1436 potest,
3198 1382 3258 1423 os
3287 1367 3454 1439 digito
3483 1370 3619 1429 vclle
3649 1387 3768 1427 com

2212 1450 2461 1520 primore.
2495 1468 2562 1509 ne
2588 1453 2816 1515 audeam
2836 1454 3037 1523 dicere,
3067 1472 3186 1531 quae
3213 1457 3301 1521 alii
3324 1458 3497 1527 facere
3524 1476 3629 1519 non
3662 1476 3761 1517 cru

2210 1540 2453 1598 bescunt.
2484 1544 2634 1616 Rogo
2677 1546 2805 1617 quid
2832 1562 2862 1602 a
2893 1548 3049 1604 nobis
3072 1547 3255 1613 libere
3270 1549 3469 1615 dictum
3500 1553 3621 1617 cst?
3648 1553 3795 1609 Nun-

2207 1633 2335 1705 quid
2394 1635 2448 1695 itt
2496 1635 2741 1701 lancibus
2784 1638 2923 1711 idola
2969 1639 3154 1709 striata
3201 1640 3498 1715 descripsit
3548 1646 3786 1716 nunquid

2207 1724 2347 1781 inter
2370 1727 2558 1797 epulas
2583 1727 2940 1799 Christianas,
2974 1732 3325 1803 virginalibus
3361 1735 3528 1790 oculis
3556 1735 3790 1794 Baccha-

2203 1834 2323 1881 rum
2349 1814 2773 1895 Satyrorumque
2797 1824 3111 1897 complexus
3154 1825 3373 1891 innexui
3398 1843 3412 1881 :
3434 1838 3526 1891 aut
3553 1844 3787 1907 unquam

2202 1912 2431 1984 aliquem
2462 1914 2697 1975 amarior
2721 1930 2901 1973 sermo
2945 1916 3212 1989 pulsavit?
3240 1916 3488 1991 Nunquid
3525 1934 3593 1975 ex
3628 1936 3787 1981 men-

2200 2002 2338 2061 dicis
2389 2005 2582 2067 divites
2629 2006 2747 2067 ﬁeri
2788 2006 3103 2071 doluimus?
3153 2009 3394 2082 nunquid
3463 2012 3785 2085 reprehendi

2199 2095 2567 2161 hereditariae
2595 2100 2933 2172 sepulturas?
2973 2100 3150 2175 Unum
3185 2102 3350 2161 miser
3375 2102 3615 2172 locutus,
3642 2107 3784 2178 quod

2198 2189 2432 2261 virgines
2452 2192 2650 2261 saepius
2671 2192 2935 2249 deberent
2959 2209 3080 2250 cum
3108 2194 3425 2255 mulieribus
3454 2211 3592 2261 esse,
3621 2213 3781 2269 quam

2195 2297 2318 2343 cum
2359 2284 2636 2354 masculis,
2671 2286 2835 2355 totius
2880 2286 3066 2353 oculos
3114 2287 3260 2347 urbis
3302 2287 3516 2354 oﬂ‘endi.
3560 2303 3780 2349 cuncto-

2196 2387 2314 2427 rum
2345 2372 2528 2445 digitis
2572 2384 2751 2430 notor.
2792 2394 2811 2429 ι
2842 2374 3172 2446 Multiplicati
3199 2386 3326 2431 sunt
3364 2392 3528 2448 super
3555 2378 3780 2449 capillos

2193 2465 2386 2537 capitis
2410 2466 2535 2535 mei,
2568 2468 2659 2538 qui
2691 2467 2923 2528 oderunt
2955 2484 3041 2527 me
3060 2468 3244 2541 gratis,
3272 2476 3327 2525 et
3358 2467 3527 2527 iactus
3555 2485 3674 2526 sum
3700 2472 3778 2528 cis

2152 2580 2159 2589 ε
2194 2558 2246 2613 in
2277 2558 2580 2629 parabolam
2612 2578 2630 2617 ι
2667 2558 2839 2633 (Psal.
2875 2560 3001 2634 U9)
3031 2580 3043 2621 :
3074 2569 3131 2627 et
3158 2571 3213 2619 tu
3241 2570 3398 2639 putas
3443 2577 3531 2623 me
3575 2563 3775 2638 aliquid

2191 2650 2445 2724 deinceps
2473 2653 2811 2719 locuturum?

2262 2745 2314 2803 3.
2357 2745 2556 2805 Verum
2583 2762 2651 2805 ne
2674 2746 2901 2805 Flaccus
2927 2746 2994 2805 de
3019 2746 3174 2805 nobis
3199 2747 3371 2806 rideat
3401 2766 3414 2809 :
3450 2768 3470 2804 ι
3494 2750 3770 2822 Amphora

2189 2836 2353 2909 erepit
2397 2838 2640 2907 institui,
2688 2849 2939 2899 currente
2987 2851 3136 2911 rota,
3189 2857 3285 2899 cur
3332 2855 3525 2899 urceus
3566 2842 3716 2900 exit?
3745 2863 3766 2901 ι

2190 2929 2404 3003 (Horat.
2435 2930 2498 2987 de
2523 2931 2634 2989 Art.
2656 2930 2880 3005 Poctic.)
2904 2933 2981 3005 (ά)
3008 2934 3326 2997 revertimur
3354 2933 3420 2993 ad
3445 2944 3659 2992 nostros
3690 2936 3770 2993 bi-

2188 3023 2352 3093 pedes
2396 3024 2625 3095 asellos;
2676 3034 2732 3083 et
2770 3026 2983 3087 illorum
3027 3027 3080 3089 in
3121 3041 3249 3083 aure
3298 3026 3558 3085 buccinna
3600 3029 3769 3102 magis

2185 3130 2342 3189 quam
2364 3115 2566 3175 cithara
2593 3132 3001 3193 concrepamus.
3033 3117 3110 3175 illi
3133 3118 3334 3191 legant,
3365 3110 3387 3174 ἆ
3414 3132 3510 3193 spe
3531 3121 3793 3193 gaudem-

2185 3218 2288 3281 tes,
2321 3211 2548 3287 tempori
2588 3212 2931 3269 servientes:
2968 3232 2987 3275 ι
3021 3228 3118 3270 nos
3146 3213 3406 3285 legamus,
3447 3230 3467 3269 ι
3504 3229 3599 3286 spe
3627 3230 3765 3287 gau-

2182 3303 2393 3371 dentes,
2430 3303 2654 3360 Domino
2682 3305 2979 3361 servientes
3011 3323 3030 3358 ι
3065 3302 3239 3375 (Rom.
3261 3304 3349 3362 12.
3383 3304 3449 3361 12
3465 3314 3520 3360 et
3550 3306 3660 3379 lt).
3688 3306 3764 3362 illi

2181 3393 2440 3453 adversus
2480 3394 2855 3466 Presbyterum
2887 3398 3280 3452 accusationem
3320 3396 3537 3451 omnino
3565 3396 3634 3470 (ε)
3663 3414 3760 3468 pu-

2181 3493 2294 3547 tent
2320 3485 2682 3558 recipiendam
2715 3504 2728 3543 :
2761 3501 2861 3543 nos
2883 3487 3145 3558 legamus,
3192 3506 3211 3540 ι
3240 3486 3498 3543 adversus
3526 3487 3760 3563 Presby-

2181 3586 2353 3634 terum
2370 3577 2765 3634 accusationem
2788 3594 2857 3634 ne
2875 3579 3165 3649 receperis,
3187 3577 3263 3651 (l)
3289 3578 3387 3633 nisi
3406 3578 3505 3634 sub
3526 3577 3758 3648 duobus,

2185 3670 2339 3745 135
2408 3678 2502 3727 aut
2532 3671 2705 3728 tribus
2733 3672 2958 3751 testibus
2988 3688 3003 3727 :
3034 3679 3316 3745 peccantes
3359 3683 3535 3733 autem
3575 3687 3759 3731 coram

2177 3766 2427 3825 omnibus
2450 3779 2614 3836 argue
2646 3782 2667 3817 ι
2700 3765 2780 3836 (Ι.
2813 3764 2950 3821 Tim.
2983 3767 3038 3823 5.
3068 3768 3181 3838 19).
3210 3767 3320 3829 illis
3347 3768 3570 3838 placeat,
3601 3784 3621 3819 ι
3650 3768 3762 3824 iiu-

2176 3872 2365 3913 manus
2395 3871 2574 3917 sermo
2602 3866 2657 3917 et
2679 3859 2822 3915 omni
2848 3856 3161 3930 acceptione
3188 3859 3380 3931 dignus
3410 3876 3424 3917 :
3452 3878 3471 3915 ο
3502 3874 3602 3916 nos
3636 3874 3759 3917 cum

2175 3947 2399 4015 Grmcis,
2425 3949 2476 4011 id
2509 3958 2611 4016 est,
2645 3964 2765 4006 cum
2794 3951 3184 4024 Apostolo,qui
3211 3951 3624 4009 Gmcelocutus
3649 3962 3758 4023 est,

2175 4056 2459 4098 erremus:
2493 4062 2513 4097 ι
2540 4041 2740 4098 Fidelis
2782 4056 2982 4111 sermo,
3025 4052 3080 4101 et
3127 4044 3273 4101 omni
3316 4045 3630 4119 acceptione
3673 4045 3761 4101 di-

2174 4149 2333 4207 gnus.
2366 4154 2387 4190 ι
2422 4135 2505 4195 Ad
2537 4145 2838 4197 extremum
2869 4136 2949 4195 illi
2975 4135 3242 4209 gaudeant
3268 4136 3485 4195 Gallicis
3522 4137 3592 4212 (f)
3614 4137 3760 4196 Can-

2261 4273 2316 4338 d)
2350 4271 2585 4338 Plerique
2607 4272 2721 4323 Mss.
2748 4272 3062 4338 divertarnur,
3088 4278 3141 4338 e_t
3160 4286 3274 4338 mox
3296 4285 3649 4338 mpm.

2259 4333 2307 4400 β)
2341 4333 2592 4385 Contr-ario
2611 4348 2780 4400 sensu.
2803 4335 2893 4400 sed
2916 4333 3097 4397 verius,
3111 4336 3262 4388 habet
3284 4349 3410 4389 unus
3421 4333 3625 4400 Reginae
3648 4335 3755 4389 cod.

2175 4394 2297 4460 215.⁷
2312 4404 2367 4460 et
2386 4404 2531 4460 vetus
2562 4396 2729 4456 editio,
2754 4396 2946 4449 omnim
2965 4410 3060 4448 non
3081 4394 3262 4460 putent.

2235 4457 2301 4523 (ο
2335 4458 2593 4523 Canterius
2615 4466 2694 4523 est
2726 4473 2881 4523 equus
2898 4457 3169 4523 castratus,
3208 4462 3347 4523 cujus
3379 4459 3705 4523 etymologia
3726 4473 3759 4513 ι

2170 4516 2373 4570 Seminis
2393 4521 2593 4571 caritate
2615 4516 2787 4579 Varro;
2814 4529 2866 4573 et
2886 4521 3002 4574 Cato
3022 4516 3291 4572 deducunt:
3331 4516 3540 4573 Gallicos
3576 4516 3752 4575 Cante-

2170 4582 2274 4645 rios
2292 4590 2529 4645 memorat
2548 4584 2695 4645 etiam
2720 4578 2918 4634 Plautus
2951 4585 3002 4633 in
3036 4582 3312 4645 Aulularia;
3354 4591 3406 4634 et
3435 4582 3499 4633 de
3534 4578 3755 4645 mulalnts

2172 4641 2368 4709 Gallicis
2390 4650 2554 4695 exstat
2572 4643 2816 4696 Claudiatti
2842 4648 3163 4709 epigramma,
3194 4641 3348 4709 atque
3388 4644 3515 4709 aliud
3546 4644 3756 4709 Ennodii

2168 4704 2233 4754 de
2272 4705 2447 4756 eodem
2484 4712 2773 4769 argumento
2796 4704 3039 4769 adversus,
3059 4704 3388 4759 Claudianum.
3414 4708 3519 4757 Non
3544 4708 3657 4756 hinc
3684 4714 3755 4759 ta-

2169 4780 2290 4834 men
2306 4768 2579 4834 satisbeue
2601 4768 2859 4834 colligitur,
2889 4783 2997 4834 eam
3020 4768 3170 4834 fuisse
3192 4770 3473 4834 Hieronymi
3507 4776 3751 4834 mentem,

2168 4830 2321 4897 uthis
2337 4831 2509 4897 verbis
2531 4830 3030 4897 notaretidetractoris
3052 4833 3127 4882 sui
3152 4830 3529 4897 pa_triam,'quod
3555 4831 3757 4897 quidam

2167 4892 2503 4962 (ξρὶιιιιιίέιιιιιἐ
2529 4898 2581 4962 et
2604 4890 2883 4962 idartiatueo
2922 4898 3070 4954 teste,
3096 4890 3303 4962 prierert
3329 4890 3647 4962 quo'rttmtlrittt
3680 4902 3760 4941 co-

2166 4951 2325 5018 dicum
2349 4953 2464 5018 Mss.
2490 4952 2617 5003 istud
2642 4952 2903 5018 glossema,
2929 4961 3033 5005 erat
3056 4951 3182 5018 enim
3198 4951 3379 5018 Callus,
3406 4953 3489 5018 qui
3513 4953 3573 5005 de
3598 4962 3758 5005 trans-

2167 5012 2340 5080 latione
2380 5012 2681 5080 detraagerai.
2702 5015 2826 5080 βω
2861 5012 3027 5080 neque
3059 5016 3235 5080 aliquis
3271 5012 3483 5080 nouunt
3525 5023 3756 5080 sectator,

2164 5077 2488 5142 quodpeditor
2541 5077 2800 5142 Benedict.
2842 5077 3001 5142 putat,
3049 5077 3239 5142 notatur
3298 5078 3373 5128 bis
3410 5080 3604 5142 verbis;
3665 5078 3760 5142 itm

2164 5138 2317 5201 ignari
2336 5139 2535 5204 quidam
2557 5139 2801 5204 homines,
2826 5138 2964 5203 quos,
2984 5138 3093 5189 cum
3116 5141 3386 5190 inscienter
3409 5142 3513 5204 sibi
3527 5139 3760 5189 detrahe-

2162 5200 2294 5261 rent,
2318 5200 2492 5251 A'sinos
2514 5200 2829 5267 przegrandes
2844 5200 2857 5203 '
2872 5211 3029 5264 vocat,
3054 5214 3239 5263 κανθήλιος
3279 5204 3410 5253 enim
3432 5202 3615 5252 Asinus
3640 5213 3760 5264 prse-

2225 5306 2300 5367 (1)
2324 5305 2537 5370 Hilarius
2552 5305 2814 5367 Diaconos,
2829 5307 2914 5370 qui
2933 5305 3290 5370 Ambrosiaster
3312 5306 3466 5368 audit,
3493 5306 3618 5358 hanc
3637 5305 3758 5370 duo-

2162 5381 2271 5439 rum
2292 5367 2541 5439 vel__trit_tm
2555 5370 2767 5439 testium
2787 5367 3116 5439 conditionem
3138 5368 3265 5421 haud
3285 5372 3437 5439 ito-Eii,
3462 5381 3631 5439 neque
3654 5368 3758 5431 ipse

2161 5429 2317 5502 Hier;
2327 5428 2442 5500 alibi
2468 5428 2591 5492 legit
2606 5442 2778 5502 neque
2799 5430 3081 5502 Primasius,
3103 5443 3271 5502 neque
3293 5428 3649 5502 Oileumen‘tus,
3673 5428 3750 5502 ire.

2198 5490 2589 5554 ueVCyprianusa
2604 5490 2751 5554 Sunt
2765 5493 2849 5554 qui
2886 5498 3058 5554 putent
3080 5506 3138 5543 ea
3162 5490 3314 5543 verba
3338 5492 3456 5543 falso
3480 5494 3667 5542 intrusa
3707 5490 3757 5549 in

2198 5506 2261 5542 ue
2285 5506 2566 5553 Lypi‘lattus.
2604 5506 2751 5541 anno
2765 5506 2849 5554 qut
2886 5506 3058 5554 putent
3080 5506 3138 5543 ea
3162 5506 3314 5543 verba
3338 5506 3456 5543 tatso
3480 5506 3667 5542 intrusa
3708 5506 3735 5540 ιι

2160 5506 2531 5621 ilauli‘textum,
2547 5551 2626 5602 alii
2649 5552 2943 5621 ab_antiquis
2965 5551 3102 5604 libris
3123 5554 3295 5621 abrasa
3318 5560 3542 5621 tauquam
3586 5565 3735 5621 super

2161 5612 2466 5678 tiuaaguo‘ad
2491 5614 2694 5678 alteram
2718 5612 3000 5673 lectionem,
3026 5613 3229 5678 tempori
3267 5612 3524 5667 servientes
3543 5651 3557 5674 ,
3584 5612 3739 5678 pluris

2160 5688 2260 5738 quc
2286 5674 2365 5740 illa
2394 5674 2619 5740 Patribus
2643 5680 2755 5740 nota
2780 5682 2875 5733 est,
2902 5679 3094 5740 tametsi
3124 5674 3441 5740 repudiatur,
3477 5674 3737 5740 praefertur

2160 5735 2260 5801 que
2285 5735 2365 5784 illa
2389 5735 2590 5801 Domino
2613 5735 2885 5801 servientes.
2913 5738 3139 5788 Varietas
3162 5735 3224 5801 eis
3251 5739 3437 5788 ercis
3460 5735 3739 5801 exemplari

2158 5796 2254 5847 bus
2274 5805 2378 5846 orta
2403 5803 2497 5854 est,
2524 5796 2572 5861 in
2596 5810 2803 5861 quorum
2824 5797 3066 5861 aliquibus
3088 5802 3161 5861 oti
3183 5798 3453 5852 litterarum
3472 5796 3749 5850 aliinit'atcn‘

2162 5866 2345 5928 eratsq.
2362 5875 2470 5927 καιρῷ
2484 5897 2495 5912 ,
2520 5858 2567 5928 in
2591 5858 2697 5928 aliis
2718 5876 2769 5911 τῦ
2786 5874 2891 5922 moue
2908 5858 3043 5913 unde
3067 5868 3119 5912 et
3140 5858 3307 5912 Latini
3324 5861 3438 5914 Mss.
3462 5862 3649 5928 aliquot
3674 5874 3741 5913 an

2162 5919 2414 5979 tiquissimi
2428 5919 2643 5967 variant.
