4136 6332
527 453 635 512 435

521 572 765 629 cabimus
788 580 982 622 nomen
1008 573 1180 623 tuum:
1216 557 1292 635 (a)
1319 565 1441 631 post
1471 553 1658 623 illud,»
1684 566 1783 624 ego
1797 545 2110 606 conlirmavi

524 663 803 722 columnas
831 658 970 728 ejus,
1010 675 1030 709 ι
1056 653 1193 725 apud
1216 650 1561 724 Septuaginta
1578 657 1632 704 et
1658 642 2110 702 Theodotionem,

520 764 580 814 et
605 749 990 827 Symmachum
1046 748 1206 820 138
1257 752 1344 801 est
1362 741 1696 813 Diapsalma;
1729 753 1827 806 pro
1847 750 1955 806 quo
1969 730 2113 827 apud

520 824 795 919 Aquilam,
830 861 850 896 ι
887 841 1177 916 ponderavi
1218 838 1497 895 columnas
1535 834 1673 903 ejus,
1724 843 1957 899 semper.
1986 844 2005 879 ι
2055 824 2111 880 ln

498 917 718 1012 'Quin‘ta
745 934 923 995 autem
951 935 1201 991 Editione
1226 949 1239 988 :
1270 950 1290 984 ι
1312 944 1412 1000 ego
1433 940 1551 983 sum
1581 924 1652 995 (b)
1682 923 1769 994 qui
1812 917 1996 992 paravi
2017 931 2112 1012 eos

520 1011 739 1092 lumnas
773 1031 911 1103 ejus.
952 1034 1186 1098 semper.
1213 1043 1233 1078 s
1274 1022 1331 1077 lu
1359 1023 1519 1078 Sexta
1539 1031 1703 1073 vero:
1733 1036 1749 1067 ι
1782 1029 1882 1085 ego
1908 1011 2113 1068 firmavi

521 1130 801 1188 columnas
812 1125 927 1196 ejus
938 1123 1153 1194 jugiter.
1171 1119 1367 1174 )POI‘I‘O
1386 1117 1439 1173 in
1458 1114 1720 1171 Hebraico
1732 1109 1891 1164 habet
1905 1114 2022 1178 post
2039 1102 2112 1179 (c)

523 1237 725 1284 suum.
770 1217 913 1291 quod
942 1223 1043 1281 est,
1077 1211 1339 1267 columnas
1366 1210 1496 1279 ejus,
1526 1222 1678 1262 SEI.A.
1708 1203 1773 1259 Et
1804 1215 2017 1259 rursum
2058 1197 2113 1253 in

524 1311 920 1387 septuagesimo
946 1308 1155 1379 quinto,
1172 1304 1325 1373 cujus
1342 1300 1660 1373 principium
1678 1307 1761 1354 est
1781 1314 1795 1352 :
1829 1315 1849 1349 ι
1870 1294 2037 1350 Nutus
2058 1292 2112 1347 in

524 1386 709 1467 Judma
741 1407 909 1469 Deus;
939 1401 1241 1459 invenimus
1270 1396 1410 1469 apud
1428 1392 1776 1466 Septuaginta
1799 1386 2113 1446 et'l‘heudo-

527 1507 752 1569 tionem,
802 1506 923 1570 post
985 1514 1005 1549 s
1056 1504 1267 1551 scutum
1312 1501 1369 1548 et
1417 1488 1718 1550 frameam,
1763 1491 1820 1541 et
1874 1482 2112 1545 bellum,

526 1596 850 1668 lliapsalma.
885 1611 905 1645 ι
937 1587 1091 1660 Apud
1122 1584 1504 1659 Symmachum
1524 1623 1539 1648 ,
1584 1588 1703 1651 post
1737 1597 1755 1630 ι
1789 1576 2041 1668 clypeum
2061 1579 2117 1629 et

526 1665 760 1761 gladium
809 1693 864 1739 et
892 1675 1109 1737 mellam
1137 1722 1153 1748 ,
1192 1699 1210 1732 ι
1246 1676 1496 1733 similiter
1540 1670 1860 1742 Diapsalma.
1887 1665 1968 1738 (ά)
2012 1665 2116 1719 Pro

526 1796 634 1853 quo
680 1777 821 1850 apud
851 1775 1142 1846 Aquilam,
1176 1780 1298 1843 post
1342 1788 1362 1821 ‹
1421 1769 1666 1839 clypeum
1697 1774 1747 1819 et
1782 1761 2016 1833 gladium
2062 1766 2117 1813 et

527 1875 752 1940 bellum,
785 1885 1017 1940 semper.
1052 1886 1073 1922 ι
1104 1866 1259 1935 Apud
1288 1862 1542 1932 Quintam
1594 1856 1898 1913 Editionem
1922 1893 1940 1920 ,
1997 1858 2119 1921 pust

532 1986 554 2023 s
592 1976 798 2024 scutum
828 1974 882 2020 et
903 1960 1231 2033 romphzram
1247 1967 1300 2013 et
1322 1956 1543 2015 bellum,
1572 1966 1807 2022 semper.
1833 1947 1931 2002 »1η
1956 1946 2116 2002 Sexta

527 2076 681 2127 vero,
712 2070 831 2130 post
853 2075 872 2108 s
903 2065 1113 2111 scutum
1135 2061 1190 2107 et
1216 2048 1452 2120 gladium
1471 2056 1525 2101 et
1554 2044 1749 2101 bellum
1768 2084 1784 2109 ,
1818 2041 1868 2097 in
1896 2040 2073 2094 linem.
2092 2056 2110 2089 ι

530 2157 767 2225 Eratque
793 2164 1003 2208 rursum
1034 2147 1086 2203 in
1110 2144 1371 2203 Hebraico
1399 2148 1519 2212 post
1549 2139 1626 2210 (e)
1652 2151 1905 2192 unauna
1926 2173 1940 2198 ,
1971 2130 2116 2203 quod

530 2259 636 2315 cst,
662 2255 710 2301 et
736 2232 923 2301 bellum
949 2284 965 2310 ,
993 2256 1146 2297 seu.
1174 2238 1241 2293 Et
1263 2237 1317 2291 in
1347 2233 1539 2291 eodem
1570 2232 1783 2286 Psaluto
1818 2236 1937 2299 post
1969 2226 2116 2280 illum

529 2340 728 2400 locum.
764 2354 783 2390 ι
813 2343 875 2390 ut
895 2336 1073 2388 salvos
1102 2328 1264 2385 faciat
1290 2328 1447 2381 mites
1479 2334 1664 2388 terrm,
1700 2320 2005 2391 Diapsalma
2038 2336 2051 2372 :
2091 2335 2111 2369 ι

535 2432 695 2505 139
733 2429 871 2501 apud
893 2424 1277 2500 Symmachum
1294 2420 1543 2477 similiter
1559 2417 1891 2489 Diapsalma:
1909 2424 1962 2470 et
1978 2410 2119 2483 apud

530 2525 797 2594 Aquilam,
832 2536 1067 2593 semper:
1096 2532 1304 2573 necnon
1329 2511 1537 2584 etapud
1564 2510 1841 2580 Quintam.
1872 2507 1928 2591 In
1955 2505 2119 2562 Sexta

535 2631 688 2680 vero,
714 2616 766 2669 iu
792 2616 964 2683 finem.
997 2612 1065 2667 Et
1090 2612 1144 2665 in
1176 2606 1442 2683 liebraico
1469 2614 1588 2660 erat
1630 2611 1750 2672 post
1797 2588 1925 2655 ,ιιιιέ
1947 2609 2081 2653 anes
2101 2636 2119 2662 ,

531 2708 677 2779 quod
706 2715 810 2772 est,
838 2706 981 2759 mites
1029 2712 1208 2766 terrae,
1251 2713 1404 2755 seu.
1439 2697 1615 2765 Atque
1667 2694 1737 2749 ita
1791 2706 1913 2747 cum
1960 2690 2120 2744 talem

532 2798 951 2869 uniuscujusque
1004 2794 1271 2850 Editionis
1323 2788 1633 2861 opinionem
1689 2784 2119 2853 reperissemus,

534 2893 652 2949 lucc
691 2892 1087 2947 annotavimus.
1121 2886 1313 2943 Utrum
1353 2890 1531 2938 autem
1581 2877 1861 2949 cujusdam
1900 2874 2124 2930 musicae

533 2984 817 3042 cautilen:e
841 3025 856 3048 ,
890 2991 984 3035 aut
1011 2977 1211 3052 rytbmi
1241 2973 1669 3031 immutationem
1692 3011 1708 3036 ,
1739 2970 1829 3042 qui
1854 2968 2122 3036 interpre-

533 3078 630 3133 tati
658 3084 783 3132 sunt
808 3072 1127 3145 Diapsahna,
1162 3069 1229 3143 (ι’)
1259 3065 1554 3134 senserint,
1583 3062 1801 3120 aliudve
1840 3058 2126 3118 intellexe-

534 3172 662 3233 rint,
696 3178 788 3225 tuo
812 3167 1017 3238 judicio
1051 3162 1395 3233 derelinquo.

607 3264 661 3318 7.
693 3260 981 3333 Hucusqtte
996 3258 1279 3331 Origenes,
1312 3253 1467 3326 cujus
1497 3266 1596 3309 nos
1630 3248 1919 3308 maluimus
1946 3248 2000 3305 in
2025 3246 2128 3303 hac

538 3353 895 3424 disputatione
921 3350 1198 3406 dumtaxat
1224 3345 1547 3418 imperitiam
1577 3342 1731 3418 sequi
1750 3385 1765 3411 ,
1788 3356 1949 3416 quam
1988 3338 2127 3396 stul-

539 3455 646 3502 tam
676 3444 875 3501 habere
899 3443 1176 3500 scientiam
1213 3437 1587 3517 nescientium.

997 3574 1327 3633 EPISTOLA
1358 3572 1536 3630 xxnx
1569 3571 1668 3647 (g).

996 3708 1066 3750 ΑΙ)
1092 3706 1311 3750 ΕΔΙὨΕΙ
1332 3705 1674 3747 ιΑιιοειιΑιι.

972 3807 1048 3864 De
1070 3806 1260 3879 Ephod
1284 3816 1331 3861 et
1366 3803 1698 3876 Therapltim.

536 3946 762 4023 Roganti
798 3944 1061 4003 Marcella:
1082 3986 1096 4009 .
1144 3952 1197 3998 ut
1222 3942 1344 4014 quid
1367 3941 1459 3999 sibi
1496 3942 1642 3997 vellet
1686 3938 1876 4012 Ephod
1922 3937 2037 3994 Bad
2076 3936 2130 3991 in

608 4041 902 4114 Regnorum
928 4037 1080 4095 Libro
1103 4039 1155 4094 ι.
1178 4036 1273 4092 sibi
1292 4030 1560 4108 exponeret
1580 4076 1593 4100 ,
1617 4032 1868 4103 satisfacit
1886 4073 1904 4100 ,
1934 4031 2130 4085 addens

606 4152 805 4209 quoque
844 4134 966 4206 quid
994 4130 1302 4203 Tlteraphim
1337 4129 1584 4202 signiﬁcet
1624 4128 1679 4183 in
1717 4124 1962 4181 Iudicum
1982 4123 2157 4201 volu-g
2190 4164 2191 4167 η

609 4230 763 4285 mine.

611 4343 665 4399 1.
694 4338 997 4412 Epistolare
1038 4336 1277 4393 ofllcium
1311 4342 1397 4393 est
1418 4333 1488 4390 de
1530 4347 1594 4390 re
1633 4331 1915 4400 familiari,
1946 4339 2039 4386 aut
2062 4328 2132 4386 de

539 4433 851 4508 quotidiana
878 4431 1289 4488 conversatione
1336 4423 1538 4498 aliquid
1591 4423 1831 4481 scribere
1852 4463 1869 4491 ,
1901 4431 1957 4479 et
1999 4437 2134 4493 quo-

600 4575 675 4638 (a)
708 4572 1106 4638 Conjunctionem
1142 4575 1195 4620 et
1216 4567 1524 4619 interserunt
1567 4562 1685 4614 editi
1703 4597 1720 4623 ,
1764 4574 1911 4626 quam
1953 4574 2131 4612 sensus

542 4634 730 4687 retinuit
751 4634 984 4686 et‘Gmc.
1010 4639 1196 4684 textus.

602 4684 913 4761 (bfVQuidam
944 4695 1060 4746 Mss.
1085 4690 1333 4761 constitui,
1373 4703 1460 4761 pro
1481 4701 1579 4752 quo
1603 4688 1653 4737 in
1677 4684 2131 4761 Graeco-mendose

543 4729 2131 4821 ρνέιῖ¹ιαξιῗῖέὲιζνῗ¹ἷιῗῐοῖιᾛι⁹ἒῖιέἰρὥᾶιιζῖσέαὶιζιϊάιξηῖῐᾷξιξζιὶῖἶῖιξ

543 4810 715 4873 Graeco
738 4810 852 4871 alite
875 4810 1077 4869 verbum
1101 4831 1307 4879 τιτθείας,
1332 4814 1460 4879 forte
1483 4810 1762 4879 sarticulus’
1794 4810 2013 4879 excidit,
2046 4810 2133 4872 qui

542 4882 745 4956 parati:
771 4883 821 4932 in
855 4880 1028 4930 Latin
1054 4873 1223 4930 autem
1258 4878 1373 4928 Mss.
1400 4876 1627 4941 Regium,
1652 4886 1740 4938 ego
1759 4886 1884 4935 sunt,
1908 4873 1994 4939 qui
2014 4886 2130 4926 con-

542 4943 858 5119 ﬁriyl’ihm
880 5003 1173 5053 Massoretas
1192 5001 1276 5073 Er:
1304 5008 1357 5052 et
1375 4999 1506 5052 Vict.
1530 4998 1830 5052 .mmmdcia.

605 5070 623 5119 l
669 5071 684 5119 l
716 5068 904 5119 Erasm.
932 5077 1019 5119 pro
1040 5078 1132 5119 quo
1156 5062 1344 5119 uoluta.

605 5062 684 5129 (d)
716 5068 904 5119 Erasm.
931 5077 1019 5127 pro
1040 5062 1344 5129 quamnim,

608 5120 680 5191 (ei
713 5130 805 5179 Hic
840 5120 1237 5191 quoque'vitios'e
1259 5126 1445 5191 habth
1466 5130 1670 5191 veteres
1692 5121 1810 5172 editi
1840 5120 2132 5191 Untilltama,

544 5182 624 5254 qui
650 5182 831 5241 iterum
850 5182 1147 5254 sequentem
1164 5185 1679 5254 alteraquebraicam
1696 5196 1866 5232 vocem
1890 5182 2004 5235 .mie
2023 5196 2135 5254 ares

544 5245 606 5303 ex
636 5254 873 5303 hodierno
895 5245 1245 5300 Massorethico
1282 5253 1426 5297 textu
1469 5245 1645 5307 legunt
1682 5257 1830 5296 tmere
1870 5257 1981 5296 eres
2024 5250 2137 5307 res

543 5325 647 5383 'my
693 5336 803 5373 eum
826 5321 1013 5385 legisse
1032 5323 1146 5377 my
1176 5316 1457 5380 Origenes,
1498 5329 1559 5367 cx
1609 5328 1770 5378 eoque
1808 5315 2137 5380 Hieronymus

546 5393 690 5457 plane
716 5392 1004 5451 videantur;
1028 5398 1081 5439 et
1100 5396 1240 5439 certe
1262 5393 1346 5446 ’ἓν
1370 5395 1422 5437 et
1440 5391 1682 5457 miselle
1702 5386 2061 5457 confunduntur
2083 5392 2135 5437 in

545 5456 683 5515 sacro
708 5469 869 5522 textu,
894 5472 1075 5523 nempe
1099 5459 1376 5509 conditione
1397 5456 1611 5523 humilis,
1656 5465 1709 5508 et
1744 5456 1940 5507 humilis
1960 5459 2134 5523 spiritu

547 5540 604 5577 ac
627 5519 928 5575 mansuetus.
952 5519 1185 5583 Denique
1209 5532 1297 5583 pro
1322 5530 1434 5570 Area
1458 5519 1704 5583 Origenes
1732 5528 1826 5583 ἀρε,
1867 5519 2135 5583 ανδ,“‹ιιιοι1

549 5603 641 5639 non
664 5589 898 5651 improbo,
910 5580 1313 5648 quemadmodum
1336 5594 1499 5645 neque
1514 5580 1585 5631 sel
1606 5594 1693 5651 pro
1714 5580 1979 5651 sela,_quod
1996 5580 2135 5651 juxta

548 5642 773 5701 Graecum
798 5642 894 5708 σίλζ
909 5642 1190 5697 constanter
1221 5657 1385 5707 supra,
1419 5642 1572 5707 atque
1608 5642 1734 5695 infra
1769 5642 1956 5694 habent
1988 5642 2134 5706 pleri-

548 5727 647 5776 que
672 5714 786 5776 Mss.
812 5710 1029 5776 melioris
1053 5717 1196 5776 notae.

613 5776 678 5837 (Γ)
712 5775 835 5837 Reg.
862 5773 975 5824 Mss.
1003 5770 1238 5837 senserint
1270 5768 1424 5837 aliud,
1449 5769 1521 5820 vel
1542 5768 1659 5837 quid
1681 5765 2133 5837 intellexerint.__ln-

551 5827 865 5898 fra“;3eriti§im
889 5848 974 5897 pro
996 5831 1290 5898 imperitiam
1311 5832 1437 5898 male
1461 5827 1731 5898 praeierunt
1750 5837 1953 5878 veteres
1976 5827 2096 5877 editi
2117 5843 2132 5890 ;

553 5890 736 5960 lirasm.
765 5890 929 5948 tamen
952 5890 1184 5960 mallebat
1206 5890 1488 5960 prudentem
1517 5890 1841 5960 imperitiam.

618 5959 684 6026 lg)
721 5960 797 6011 ΑΙ.
826 5960 915 6013 150
936 5957 1119 6024 scripta
1136 5956 1305 6010 eodem
1325 5962 1537 6022 tetnpore
1559 5966 1654 6019 quo
1675 5956 1917 6017 superior.

1821 427 2064 490 SANCTI
2106 422 2482 481 HIERONYNII

3700 421 3805 480 436

2217 542 2503 596 dammodu
2545 541 2798 599 absentes
2843 540 2985 598 inter
3035 555 3098 599 se
3146 547 3445 613 praesentes
3494 538 3647 603 lteri,
3678 537 3804 593 dum

2216 648 2403 693 mutuo
2419 635 2542 707 quid
2570 645 2664 691 aut
2681 636 2868 701 velint,
2891 646 2983 692 aut
3000 644 3209 708 gestum
3238 636 3328 700 sit,
3354 634 3639 690 nuntiant:
3668 633 3799 689 licet

2218 730 2487 787 interdum
2523 728 2973 785 eonfabulationis
3013 730 3119 785 tale
3162 729 3469 785 convivium
3495 769 3510 794 ,
3543 726 3804 784 doctrina!

2219 840 2432 897 quoque
2457 825 2568 879 sale
2584 822 3093 879 condiatur.Verum
3127 821 3354 889 tu,dum
3387 829 3497 876 tota
3526 821 3577 875 iu
3602 829 3806 875 tracta-
3862 886 3865 887 ν

2219 919 2365 974 tibus
2393 918 2695 989 occuparis,
2729 916 2860 971 nihil
2887 916 3015 972 mihi
3052 916 3265 982 scribis,
3290 915 3392 971 nisi
3454 914 3612 988 ιω
3665 913 3805 986 quod

2221 1028 2308 1069 me
2337 1020 2603 1083 torqueat,
2627 1021 2680 1067 et
2695 1010 3000 1082 Scripturas
3031 1010 3211 1081 legere
3231 1010 3543 1079 compellat.
3569 1011 3809 1082 Denique

2222 1106 2336 1161 heri
2403 1104 2757 1160 famosissima
2813 1104 3110 1175 quaestione
3158 1103 3806 1173 proposita,postulasti,

2221 1202 2313 1259 ut,
2345 1191 2472 1263 quid
2501 1192 2756 1247 sentirem
2784 1233 2799 1256 ,
2829 1190 3011 1245 statim
3062 1188 3437 1244 rescriberem.
3472 1188 3634 1255 Quasi
3676 1203 3810 1243 vero
3896 1203 3905 1208 ’

2222 1285 2611 1341 Pharisteorum
2637 1294 2849 1340 teneam
2887 1282 3198 1339 cathedram
3220 1322 3237 1346 ,
3271 1291 3330 1336 ut
3356 1282 3804 1353 quotiescumque

2220 1377 2290 1434 de
2315 1380 2489 1435 verbis
2519 1378 2798 1435 Hebraicis
2818 1378 3054 1447 iurgium
3079 1384 3163 1432 est
3185 1416 3200 1440 ,
3244 1389 3347 1445 ego
3374 1374 3576 1430 arbiter
3604 1384 3659 1430 et
3703 1376 3810 1432 litis

2222 1482 2503 1545 sequester
2548 1489 2828 1544 cxposcar.
2858 1472 2936 1543 (h)
2964 1470 3075 1525 Non
3108 1478 3235 1526 sunt
3283 1484 3476 1525 suaves
3524 1470 3807 1540 epistolm,

2221 1582 2341 1639 qua:
2367 1581 2472 1620 non
2507 1566 2805 1637 placcntam
2829 1562 3129 1627 rcdoleant,
3158 1556 3294 1631 qiias
3320 1574 3427 1616 non
3457 1560 3644 1617 condit
3680 1561 3808 1631 Api-

2222 1658 2359 1724 cius,
2391 1658 2443 1712 in
2471 1656 2664 1725 quibus
2702 1656 2833 1710 nihil
2870 1655 2937 1711 de
2963 1654 3341 1725 magistrorum
3370 1653 3527 1723 hujus
3552 1654 3809 1724 temporis

2217 1751 2341 1823 jure
2369 1750 2641 1805 sutl'umat.
2664 1747 2770 1803 Sed
2817 1748 2941 1818 quia
2969 1758 3156 1802 vector
3185 1756 3240 1802 et
3288 1746 3648 1803 internuntius
3689 1762 3807 1803 ser-

2223 1848 2400 1906 monis
2448 1849 2615 1903 nostri
2646 1847 2824 1903 redire
2865 1847 3100 1911 festinat,
3134 1863 3248 1902 rem
3281 1847 3535 1917 grandem
3578 1845 3809 1902 celerius

2224 1940 2385 2005 dicto,
2410 1956 2568 2012 quam
2598 1939 2770 1995 habeo
2801 1957 2814 1994 :
2847 1954 3000 1995 ucs'r
3029 1955 3096 1994 ne
3124 1939 3439 1994 Scnlrrunis
3468 1939 3666 1994 sanctis
3695 1939 3808 1994 di:-

2224 2034 2430 2107 putanli
2453 2075 2468 2099 ,
2501 2048 2605 2087 non
2640 2042 2745 2086 tam
2780 2032 3082 2086 necessaria
3111 2032 3216 2086 sint
3249 2031 3412 2086 verba
3454 2074 3469 2098 ,
3496 2047 3653 2097 quam
3681 2046 3807 2085 seu-

2224 2142 2338 2181 sus.
2388 2125 2543 2193 Quod
2595 2126 2640 2180 si
2687 2123 3050 2195 eloquentiam
3092 2126 3291 2194 quaeris
3344 2125 3438 2195 (al.
3473 2124 3807 2195 ᾳιιιιιγῑηηιις),

2227 2218 2617 2274 Demosthenes
2644 2216 2903 2288 legendus
2929 2257 2947 2284 ,
3000 2225 3093 2272 aut
3122 2217 3331 2272 Tullius
3374 2225 3459 2274 est
3494 2235 3510 2273 :
3543 2218 3586 2272 si
3617 2216 3809 2272 Sacra-

2226 2322 2406 2367 menta
2434 2312 2637 2377 divina,
2663 2311 2832 2366 nostri
2850 2309 3094 2383 codices,
3127 2310 3216 2379 qui
3237 2309 3305 2366 de
3330 2309 3557 2366 Hebraeo
3588 2311 3637 2364 in
3660 2309 3829 2366 Lati--

2228 2422 2357 2462 num
2407 2421 2513 2460 non
2542 2405 2680 2459 bene
2701 2413 2977 2471 resonant,
3011 2402 3349 2473 pervidendi.

2297 2497 2354 2555 9...
2380 2495 2435 2550 in
2462 2496 2636 2551 fronte
2657 2495 2910 2566 Epistula:
2943 2504 3047 2550 tua:
3074 2509 3350 2565 posueras,
3374 2493 3510 2561 Quid
3538 2492 3637 2549 sibi
3660 2492 3811 2561 velit,

2227 2587 2371 2661 quod
2421 2590 2476 2644 in
2505 2587 2815 2659 Regnorum
2864 2587 3001 2642 libro
3043 2587 3215 2657 primo
3265 2587 3517 2658 scriptum
3561 2596 3664 2642 est.
3693 2603 3712 2637 ι
3750 2587 3815 2642 Et

2227 2668 2444 2738 Samuel
2486 2695 2619 2752 puer
2669 2680 2939 2736 serviebat
2985 2689 3109 2735 ante
3156 2686 3506 2749 conspectum
3560 2676 3813 2742 Domini,

2231 2778 2440 2832 cinctus
2468 2771 2658 2846 Ephod
2686 2772 2810 2838 bad.
2834 2782 2887 2830 et
2916 2772 3207 2843 diploidem
3256 2770 3484 2827 habebat
3530 2770 3814 2841 pusillam,

2231 2884 2391 2941 quam
2425 2869 2628 2924 fecerat
2651 2869 2701 2923 ei
2724 2875 2899 2923 mater
2927 2881 3024 2922 sua
3052 2881 3067 2925 ς
3097 2876 3152 2921 et
3178 2864 3434 2919 all'erebat
3458 2865 3505 2918 ei
3536 2864 3603 2918 de
3627 2863 3818 2919 dielnts

2232 2963 2288 3017 in
2333 2960 2451 3016 dies
2476 3003 2491 3028 ,
2542 2976 2664 3015 cum
2707 2958 3027 3014 ascenderet
3067 2972 3186 3013 cum
3235 2957 3349 3010 viro
3374 2969 3471 3009 suo
3512 2953 3819 3010 sacriﬁcare
3914 3004 3919 3011 .

2232 3053 2557 3111 sacriﬁcium
2576 3053 2783 3109 dierum
2798 3072 2816 3105 ι
2844 3053 2896 3123 (l
2911 3093 2923 3105 .
2949 3053 3077 3122 Reg.
3099 3050 3153 3106 9..
3181 3055 3232 3107 8.
3253 3060 3298 3104 et
3320 3050 3398 3121 9).
3424 3049 3605 3121 Itaque
3623 3049 3821 3121 qumris

2234 3147 2361 3220 quid
2391 3148 2462 3203 sit
2485 3147 2666 3203 Ertton
2690 3162 2811 3210 uno,
2839 3162 2947 3217 quo
2982 3146 3001 3217 ζ
3018 3145 3088 3200 al.
3117 3142 3275 3214 quod)
3304 3143 3510 3199 futurus
3556 3141 3819 3213 Propheta

2234 3241 2604 3314 praecingitur,
2636 3248 2887 3294 utrumne
2917 3253 3050 3293 zona
3076 3280 3091 3303 ,
3124 3252 3215 3317 an,
3242 3245 3299 3292 ut
3324 3235 3543 3306 quidam
3589 3243 3780 3306 putant
3802 3276 3817 3299 ,

2235 3333 2568 3390 thuribulum
2593 3375 2608 3400 ,
2638 3333 2724 3388 vel
2766 3348 2936 3403 genus
2960 3331 3174 3402 aliquod
3216 3330 3518 3386 vestimenti
3559 3329 3647 3385 sit.
3693 3329 3820 3384 Etsi

2237 3427 2420 3495 vestis,
2442 3424 2712 3497 quomodo
2732 3440 2793 3481 ea
2822 3423 3188 3495 praacingitur?
3200 3431 3253 3478 et
3274 3430 3393 3493 post
3414 3423 3583 3493 ipsum
3616 3420 3820 3492 ΕρΙιοιΙ,

2237 3536 2404 3592 quare
2447 3520 2751 3591 adjungitur
2781 3521 2828 3575 ci
2859 3519 2959 3573 bad
2977 3520 3003 3575 ἵ
3027 3520 3084 3575 ln
3112 3517 3458 3588 sequentibus
3488 3530 3700 3587 quoque
3748 3514 3823 3570 Ie-

2237 3615 2380 3685 gisse
2429 3622 2481 3668 te
2525 3613 2719 3668 scribis
2750 3627 2765 3667 :
2801 3631 2820 3664 ι
2844 3610 3014 3668 Venit
3041 3610 3202 3665 homo
3231 3609 3321 3664 Dei
3351 3608 3417 3663 ad
3447 3608 3525 3662 Eli
3548 3649 3565 3674 ,
3614 3615 3669 3662 et
3695 3605 3827 3661 dicit

2238 3708 2288 3763 ei
2316 3724 2329 3760 :
2362 3705 2489 3761 Haec
2514 3704 2646 3760 dicit
2669 3705 2927 3760 Dominus
2952 3721 2964 3757 :
2994 3702 3265 3758 Manifestc
3293 3700 3502 3756 ostendi
3532 3714 3618 3755 me
3644 3698 3709 3753 ad
3728 3699 3827 3754 do.

2236 3814 2385 3856 mum
2413 3797 2578 3869 patris
2605 3796 2715 3861 tui,
2761 3810 2826 3852 ex
2887 3795 3136 3851 omnibus
3182 3792 3426 3849 tribubus
3452 3790 3653 3857 Israel,
3699 3805 3826 3845 cum

2238 3898 2427 3948 essent
2446 3890 2498 3945 in
2533 3900 2672 3945 terra
2693 3886 2917 3961 Egypti
2942 3889 3239 3944 servientes
3259 3887 3312 3940 in
3334 3885 3493 3941 domo
3510 3883 3824 3949 Pharaonis,

2240 3995 2295 4043 et
2323 3985 2457 4056 elegi
2484 3982 2704 4039 domum
2730 3982 2898 4053 patris
2928 3982 3000 4037 tui
3021 3997 3091 4037 ex
3117 3979 3366 4036 omnibus
3392 3978 3634 4033 tribubus
3660 3974 3827 4030 Israel

2238 4079 2370 4136 mihi
2428 4079 2483 4133 in
2540 4075 2898 4132 sacerdotium
2929 4114 2944 4141 ,
2980 4082 3068 4129 ,ιιι
3130 4069 3487 4128 ascenderent
3544 4067 3611 4124 ad
3659 4067 3828 4122 altare

2238 4188 2437 4240 meum,
2456 4179 2512 4230 et
2533 4169 2881 4228 incenderent
2899 4168 3200 4233 incensum,
3224 4177 3278 4222 et
3297 4173 3573 4238 portarent
3599 4162 3789 4234 Ephod
3803 4186 3823 4220 ι

2240 4266 2430 4340 (Ibid.
2470 4265 2563 4322 27.
2609 4274 2657 4321 et
2704 4263 2798 4335 28)
2844 4279 2860 4318 :
2928 4272 3209 4334 totumque
3257 4260 3378 4316 libri
3419 4258 3662 4315 ordinem
3707 4274 3829 4330 pro-

2240 4368 2447 4427 secuta,
2496 4360 2660 4416 etiam
2706 4357 2777 4413 de
2819 4355 2910 4413 illo
2961 4355 3082 4411 loco
3116 4353 3390 4425 exemplar
3429 4351 3740 4424 sumpsisti,
3773 4352 3828 4408 in

2240 4471 2349 4528 quo
2392 4455 2539 4512 Doce
2579 4451 2849 4509 ldum-.eus
2895 4450 3051 4522 jussu
3092 4450 3236 4521 regis
3273 4445 3544 4504 interfecit
3572 4444 3829 4502 sacerdo-

2242 4557 2344 4604 tes.
2388 4565 2409 4601 ι
2442 4547 2509 4603 Et
2556 4557 2872 4609 conversus,
2921 4542 3092 4615 inquit
3131 4541 3426 4612 Scriptura,
3475 4539 3620 4595 Doec
3661 4537 3832 4610 Syrus

2241 4639 2587 4697 mortificavit
2614 4639 2730 4710 ipse
2755 4637 3067 4692 sacerdotes
3097 4633 3304 4689 Domini
3329 4649 3346 4690 :
3373 4644 3429 4688 et
3448 4631 3645 4688 occidit
3664 4632 3717 4687 in
3742 4631 3833 4685 illa

2241 4733 2332 4792 die
2372 4743 2641 4793 trecentos
2667 4733 2905 4805 quinque
2932 4729 3078 4787 viros
3107 4728 3270 4803 (Ibid.
3291 4745 3339 4784 c.
3370 4728 3462 4784 22.
3484 4725 3619 4784 v.18
3638 4735 3683 4782 ct
3712 4724 3829 4796 l9),

2305 4895 2381 4962 (Ir)
2417 4894 2658 4962 Victorius
2693 4899 2747 4943 et
2784 4891 3091 4962 Martianazus
3123 4901 3190 4962 ex
3223 4887 3406 4962 vitiatis
3434 4886 3561 4962 llas.
3596 4898 3691 4937 non
3726 4891 3838 4937 sunt

2241 4947 2412 5011 suaves
2432 4956 2609 5021 epulae.
2634 4965 2745 5021 quin
2764 4966 2858 5021 non
2879 4959 2924 5002 et
2945 4950 3195 5021 placeant,
3225 4957 3273 5001 ct
3309 4947 3558 5021 redolentis
3576 4986 3590 5006 ,
3628 4961 3838 5021 quorum

2242 5010 2435 5082 sensus,
2462 5010 2517 5068 'ut
2538 5010 2813 5068 attehdeuti
2836 5010 3098 5082 ωιιέιιψίι,
3123 5010 3207 5062 aut
3244 5010 3407 5082 nullus
3444 5019 3540 5070 est,
3566 5010 3665 5082 aut;
3691 5011 3837 5082 plane

2242 5084 2371 5133 inani
2398 5073 2616 5145 aiming
2643 5090 2926 5149 expressus.
2963 5075 3082 5134 Nos,
3103 5088 3248 5149 quam
3288 5073 3527 5149 Erasmus
3558 5073 3838 5149 conjeccrat

2245 5158 2307 5194 ex
2351 5134 2574 5196 veterum
2598 5134 2972 5199 'exe'mplarium
3010 5134 3253 5199 vestigiis,
3279 5144 3331 5185 et
3347 5134 3595 5199 Victorius
3633 5135 3834 5199 proliat,

2244 5218 2531 5269 germanam
2540 5195 2815 5269 lectionem
2830 5201 2889 5269 in
2912 5206 3104 5249 textum
3122 5195 3401 5269 récepimus
3425 5210 3487 5247 ex
3515 5195 3661 5245 unius
3684 5195 3838 5269 vero:

2246 5257 2413 5319 ﬁcus-is
2446 5265 2626 5316 cmiicis
2659 5264 2964 5322 auctoritate,
2994 5274 3056 5310 ex
3092 5274 3191 5322 quo
3229 5257 3395 5322 etiam,
3412 5273 3514 5322 non
3561 5267 3615 5307 ut
3656 5257 3840 5320 reliqui

2246 5276 2413 5319 [tensis
2446 5276 2626 5316 OOtIICIS
2659 5276 2964 5322 aucwt‘tulte,
2994 5276 3056 5310 ex
3092 5276 3191 5311 tuo
3229 5276 3395 5315 etiam,
3418 5276 3514 5309 non
3561 5276 3615 5307 ιιι
3656 5276 3840 5320 reuqut

2244 5331 2432 5393 Vulgati
2458 5327 2569 5376 libri
2594 5326 2793 5385 habent,
2821 5324 3007 5393 Epulre,
3163 5320 3388 5393 Epistolw
3411 5320 3625 5383 legimus
3645 5323 3842 5369 conciu-

2245 5385 2385 5442 nioFe
2407 5402 2556 5440 sensu
2578 5403 2593 5449 ;
2619 5395 2673 5436 ut
2695 5400 2783 5437 eas
2806 5385 3040 5449 epistolas
3062 5393 3296 5449 causatur
3319 5385 3706 5449 insuavesessc,
3729 5394 3843 5443 quae

2243 5454 2309 5504 de
2330 5443 2591 5503 Hebraicis
2611 5451 2780 5499 verbis
2811 5443 2975 5509 akant,
3001 5459 3098 5496 non
3120 5447 3186 5495 de
3208 5443 3339 5505 libis,
3364 5452 3517 5509 atque
3541 5443 3696 5509 Apicii
3721 5457 3840 5509 ccu-

2243 5515 2489 5570 dimentis,
2516 5519 2568 5561 et
2592 5524 2781 5568 eorum,
2805 5506 2930 5574 quos
2951 5509 3150 5574 proprie
3187 5509 3341 5574 carpit
3362 5506 3447 5574 his
3472 5506 3658 5560 verbis.
3685 5507 3845 5574 magi-

2243 5585 2456 5625 strorum
2478 5569 2555 5623 sui
2579 5569 2963 5635 temporisr’jurel
2992 5569 3133 5620 Unde
3167 5572 3314 5635 etiam
3354 5569 3580 5635 videatur
3604 5580 3701 5616 non
3723 5570 3847 5635 satis

2243 5636 2457 5687 feliciter
2479 5626 2749 5698 conjecisse
2787 5626 3040 5698 Erasmus,
3061 5645 3150 5693 pro
3174 5631 3517 5698 magistrorum
3541 5630 3748 5698 fortasse
3771 5626 3845 5698 le-

2243 5700 2458 5762 gendum
2481 5690 2797 5762 ntafyirorttm.
2824 5695 2928 5744 Nec
2952 5690 3274 5762 maletamcu'
3306 5694 3458 5743 habet
3489 5690 3665 5762 epulae,
3689 5691 3847 5752 siqui-

2242 5754 2356 5811 dem
2382 5761 2471 5808 hoc.
2496 5754 2601 5807 fere
2625 5758 2899 5806 deditorum
2923 5756 3053 5814 mila:
3078 5755 3329 5805 hominum
3354 5761 3456 5804 erat
3483 5754 3696 5813 axioma,
3722 5766 3847 5814 cpu-

2242 5823 2316 5872 las
2353 5823 2581 5871 naviorcs
2605 5834 2733 5869 esse.
2759 5831 2869 5881 qum
2892 5814 2951 5867 ad
2978 5817 3311 5881 llacentarmu
3330 5819 3499 5881 instar
3534 5814 3845 5881 conﬁceren-

2243 5884 2474 5998 turi‘xid.
2504 5876 2887 5932 ()hservatidnes
2921 5876 3256 5931 iu'Laertiutu
3298 5880 3425 5930 East.
3475 5876 3845 5939 Londinensis,

2243 5962 2293 5998 ι).
2415 5979 2429 5995 .
