4136 6332
302 371 402 435 M5

304 502 378 570 (Id
395 505 477 557 est
501 492 689 553 canoris
711 483 1097 559 sludiosissimu)
1127 490 1306 540 nostra
1337 478 1604 549 Marcella,
1628 478 1870 535 tribuito.

307 591 370 648 Et
410 596 680 646 memento
730 583 869 648 mei,
917 581 1242 642 obsecrans,
1289 583 1347 630 ut
1390 573 1648 630 Dominus
1693 579 1879 627 noster

303 682 454 740 Jesus
482 679 729 737 Christus
757 683 998 733 conterat
1022 671 1274 728 Satanam
1300 668 1402 724 sub
1427 665 1654 738 pedibus
1683 663 1882 721 nostris

302 776 574 836 velociter.

649 907 802 982 151
878 901 1208 962 EPISTOLA
1248 898 1422 958 XXXI
1457 898 1553 974 (α).

860 1063 928 1104 ΔΙ)
966 1056 1323 1102 ευετοοιιιωί.

868 1181 947 1237 De
976 1178 1318 1238 Munusculis.

309 1324 554 1395 Quadam
586 1318 889 1376 munuscula
922 1315 1019 1372 sibi
1057 1315 1110 1372 in
1138 1311 1300 1370 natali
1328 1310 1392 1368 S.
1425 1307 1568 1365 Petri
1604 1305 1667 1362 ab
1699 1303 1889 1359 Eusto-

374 1421 486 1476 chio
512 1418 664 1473 missa
681 1457 695 1482 ,
729 1412 943 1486 mystica
969 1407 1384 1482 interpretatione
1413 1403 1567 1460 trahit
1595 1400 1664 1456 ad
1691 1412 1890 1481 morum

376 1514 761 1569 institutionem.

379 1649 430 1708 I.
465 1653 634 1709 Parva
662 1647 861 1720 specie,
892 1652 988 1702 sed
1013 1648 1237 1700 caritate
1261 1646 1387 1696 sunt
1412 1649 1601 1708 magna
1621 1675 1638 1701 ,
1665 1643 1890 1689 munera

310 1747 582 1817 accepisse
609 1759 640 1798 a
667 1741 887 1814 Virgine
908 1782 922 1807 ,
951 1737 1190 1794 armillas
1213 1776 1230 1804 ,
1260 1732 1565 1804 epistolam,
1597 1737 1652 1784 et
1680 1725 1890 1782 colum-

311 1841 426 1898 bas.
456 1839 520 1894 Et
545 1836 795 1908 quoniam
825 1831 932 1888 mel
958 1831 1012 1887 in
1040 1829 1133 1886 Dei
1164 1824 1442 1884 sacrificiis
1481 1836 1588 1878 non
1629 1818 1852 1876 offertur
1871 1856 1890 1886 ,

313 1934 474 1990 nimia
517 1929 747 1988 dulcedo
785 1937 901 1983 arte
941 1933 1147 1982 mutata
1193 1930 1312 1988 est,
1357 1927 1412 1975 et
1440 1915 1707 1989 quadam,
1734 1920 1794 1967 ut
1820 1910 1893 1966 ita

312 2031 506 2096 dicam,
535 2026 737 2100 piperis
765 2022 1081 2080 austeritate
1107 2017 1340 2075 condita.
1367 2012 1522 2084 Apud
1554 2011 1722 2066 Deum
1749 2006 1894 2064 enim

317 2122 448 2178 nihil
476 2095 892 2190 voluptuosum;
933 2112 1065 2169 nihil
1101 2119 1305 2166 tantum
1346 2120 1512 2162 suave
1549 2103 1760 2172 placet;
1793 2095 1896 2153 nisi

315 2215 455 2287 quod
488 2216 540 2269 in
582 2189 642 2270 se
680 2211 843 2266 habet
871 2205 1141 2264 mordacis
1179 2200 1378 2273 aliquid
1405 2195 1664 2253 veritatis.
1693 2189 1898 2248 Pascha

313 2307 515 2364 Christi
547 2321 668 2362 cum
697 2297 1145 2359 amaritudinibus
1176 2291 1550 2348 manducatur.

385 2399 440 2454 2.
465 2397 652 2453 Festus
678 2396 784 2450 dies
804 2392 868 2447 Β.
892 2389 1033 2445 Petri
1057 2384 1307 2458 quomodo
1333 2377 1685 2437 celebrandas.
1708 2405 1780 2416 —
1798 2373 1901 2430 Fe-

316 2498 428 2546 stus
451 2499 533 2546 est
558 2489 695 2552 dies,
722 2493 779 2542 et
800 2482 994 2538 natalis
1014 2478 1156 2535 beati
1183 2475 1351 2539 Petri,
1375 2471 1615 2527 festivius
1635 2477 1720 2524 est
1740 2465 1902 2522 solito

315 2581 649 2640 condiendus
694 2595 708 2632 :
749 2577 821 2632 ita
860 2583 1038 2629 tamen
1065 2611 1080 2637 ,
1112 2578 1171 2625 ut
1195 2567 1590 2638 Scripturarum
1628 2559 1902 2616 cardinem

310 2675 573 2748 jocularis
614 2685 795 2729 sermo
837 2683 942 2724 non
974 2664 1138 2736 fugiat
1169 2681 1182 2720 :
1211 2675 1312 2718 nec
1349 2676 1380 2714 a
1408 2655 1718 2728 praescripto
1745 2651 1905 2724 palae-

319 2745 444 2828 strae
477 2777 679 2824 nostrae
707 2763 916 2834 longius
945 2772 1250 2830 evagemur.
1280 2751 1518 2809 Armillis
1543 2750 1599 2805 in
1625 2745 1904 2803 Ezechiele

319 2863 395 2933 (b)
425 2869 648 2919 ornatur
689 2855 1006 2913 Jerusalem.
1052 2848 1259 2905 Baruch
1306 2844 1559 2917 epistolas
1602 2839 1796 2910 accipit
1835 2837 1905 2894 ab

319 2931 570 3010 Ieremia.
589 2951 644 3006 lu
675 2948 937 3005 columine
958 2944 1137 3014 specie
1157 2939 1386 3010 Spiritus
1405 2935 1634 2992 Sanctus
1655 2931 1906 2986 allabitur

323 3045 500 3117 (Joan.
533 3043 610 3112 I).
643 3041 824 3111 Itaque
851 3046 908 3093 ut
935 3046 986 3092 te
1008 3032 1230 3105 aliquid,
1255 3040 1308 3086 et
1333 3027 1531 3100 piperis
1560 3023 1822 3088 mmdeat,
1849 3029 1906 3078 et

325 3139 530 3210 pristini
559 3135 725 3192 libelli
750 3131 944 3205 (Epist.
969 3130 1032 3184 de
1060 3125 1257 3199 Virgiu.
1287 3121 1554 3190 servanda)
1575 3119 1736 3176 etiam
1763 3129 1908 3172 num

326 3229 645 3296 recorderis,
673 3240 804 3282 cave
835 3239 904 3278 ne
929 3219 1108 3292 operis
1135 3223 1451 3274 ornamenta
1481 3211 1718 3268 dimittas
1741 3249 1758 3276 ,
1785 3222 1905 3278 qua

329 3339 464 3379 verte
486 3319 708 3376 armilla:
729 3324 854 3374 sunt
874 3311 1215 3371 brachiorum
1237 3324 1252 3376 ;
1283 3323 1352 3364 ne
1371 3303 1649 3376 epistolam
1673 3299 1906 3372 pectoris

335 3418 406 3472 tui
452 3414 664 3472 scindas
689 3454 704 3478 ,
735 3425 896 3482 quam
937 3423 966 3462 a
997 3403 1210 3462 Baruch
1253 3399 1501 3457 traditam
1545 3395 1800 3452 novacula
1827 3391 1902 3465 (ο)

332 3507 439 3563 Rex
466 3506 725 3580 profanus
764 3500 984 3566 incidit;
1014 3513 1082 3554 ne
1112 3495 1178 3552 ad
1207 3490 1612 3550 similitudinem
1657 3483 1906 3556 Ephraim

335 3617 426 3671 per
445 3579 582 3655 Osee
604 3597 788 3652 audias
813 3613 826 3648 :
853 3592 1017 3647 Facta
1040 3607 1092 3646 es
1115 3589 1378 3659 insipiens,
1411 3594 1463 3639 ut
1492 3580 1724 3638 columba
1754 3579 1910 3650 (Osee

336 3691 410 3766 7).
442 3691 691 3756 Nimium,
722 3683 1093 3757 respondebis,
1123 3688 1357 3746 austere,
1387 3685 1443 3732 et
1470 3673 1610 3746 quod
1639 3671 1774 3727 τεειο
1803 3684 1910 3724 non

335 3762 616 3840 conveniat
660 3780 788 3836 diei.
820 3777 1038 3834 Talibus
1072 3775 1184 3844 ipsa
1214 3769 1526 3827 muneribus
1572 3762 1908 3836 provocasti:

337 3879 459 3934 dum
485 3876 729 3931 dulcibus
750 3887 932 3928 amara
955 3869 1156 3925 sociata
1178 3873 1322 3929 sunt,
1347 3870 1402 3919 et
1423 3877 1455 3924 a
1481 3859 1635 3917 nobis
1657 3857 1800 3930 paria
1829 3870 1913 3912 re-

337 3969 530 4042 cipies,
561 3967 767 4024 laudem
795 3961 1094 4020 amaritudo
1121 3957 1485 4015 comitabitur.

405 4064 458 4119 3.
495 4062 691 4118 Verum
719 4075 787 4115 ne
815 4057 998 4112 videar
1027 4053 1168 4110 dona
1196 4050 1454 4106 minuisse
1484 4065 1497 4100 :
1525 4043 1832 4115 accepimus
1860 4048 1916 4096 et

341 4155 627 4213 canistrum
670 4154 871 4209 cerasis
901 4149 1156 4206 refertum
1183 4187 1199 4212 ,
1241 4143 1436 4199 talibus
1461 4149 1514 4197 et
1540 4149 1646 4194 tam
1674 4134 1917 4206 virginali
1979 4193 1988 4200 _

344 4247 656 4307 verecundia
687 4244 1021 4310 rubentibus,
1055 4249 1114 4298 ut
1139 4255 1201 4296 ea
1229 4252 1369 4294 nunc
1398 4251 1428 4290 a
1461 4235 1542 4307 (tl)
1569 4231 1790 4288 Lucullo
1819 4228 1916 4284 de-

347 4342 449 4398 lata
478 4340 850 4399 existimarim.
884 4335 1158 4407 Siquidem
1189 4333 1291 4387 hoc
1319 4342 1488 4401 genus
1519 4326 1681 4398 pomi,
1713 4324 1883 4378 Ponto
1902 4363 1917 4389 ,

345 4447 398 4494 et
421 4437 673 4492 Armenia
701 4429 1018 4503 subiugatis,
1050 4428 1117 4484 dc
1144 4424 1216 4500 (e)
1249 4425 1546 4480 Ccrasuuto
1580 4421 1785 4490 primus
1813 4415 1922 4469 Ro-

347 4545 482 4586 mam
513 4528 733 4601 pertulit
756 4524 927 4596 (Plin.
954 4523 1042 4578 lib.
1076 4521 1163 4577 l5.
1192 4534 1310 4590 cap.
1337 4517 1450 4589 25).
1475 4515 1630 4572 Unde
1657 4522 1709 4568 ct
1733 4511 1801 4566 de
1833 4524 1924 4580 pa-

349 4624 445 4678 tria
484 4624 645 4678 arbor
683 4634 878 4676 nomen
920 4615 1147 4687 accepit.
1184 4613 1349 4684 Igitur
1390 4609 1512 4681 quia
1555 4610 1606 4663 in
1633 4604 1924 4676 Scripturis

351 4716 632 4771 canistrum
665 4714 779 4769 ficis
802 4711 1014 4781 plenum
1047 4708 1292 4779 legimus,
1323 4719 1507 4761 cerasa
1533 4717 1661 4759 vero
1690 4716 1796 4757 non
1838 4700 1924 4755 in-

352 4809 608 4877 venimus,
691 4808 848 4880 152
923 4805 975 4860 in
1003 4818 1070 4860 eo
1097 4800 1238 4874 quod
1283 4801 1498 4855 allatum
1527 4806 1604 4853 est
1630 4837 1646 4864 ,
1688 4795 1739 4849 id
1783 4791 1926 4863 quod

351 4901 563 4957 allatum
593 4915 702 4956 non
729 4909 832 4967 est,
865 4896 1248 4969 praedicamus;
1289 4901 1640 4963 optamusque
1657 4896 1709 4942 te
1730 4887 1797 4942 de
1821 4885 1928 4940 illis

351 4995 520 5064 pomis
537 4994 674 5062 lieri,
693 5009 810 5065 quae
827 4999 1010 5049 contra
1024 4987 1306 5060 Templum
1321 4985 1414 5040 Dei
1431 4990 1573 5050 sunt,
1591 4990 1646 5039 et
1659 4981 1726 5037 de
1736 4980 1930 5052 quibus

436 5173 481 5234 al
525 5171 651 5224 Alias
678 5171 752 5224 ιθ.
773 5171 967 5234 Scripta
977 5167 1145 5220 eodem
1161 5178 1286 5218 anno
1293 5165 1414 5234 384.

437 5228 480 5294 bl
509 5235 648 5286 Haud
673 5237 805 5284 bene
832 5228 1142 5284 Martianaeus
1165 5239 1271 5294 post
1291 5228 1478 5294 Erasm.
1504 5228 1745 5294 armat_u_r.

437 5286 481 5356 cl
517 5298 797 5348 Joachimus
817 5297 927 5346 Rex
950 5295 1108 5356 Judze,
1135 5286 1190 5343 u't
1213 5305 1279 5342 ex
1299 5291 1488 5342 Jerem.
1515 5303 1622 5353 cap.
1648 5289 1726 5339 36.
1763 5302 1810 5339 v.
1853 5286 1932 5337 9.3.

355 5362 477 5412 blox'
488 5373 638 5422 neque
663 5369 769 5422 erat
791 5373 878 5422 pro
891 5371 968 5408 ne.

419 5172 434 5363 ι

467 5173 481 5365 l

422 5413 644 5490 (dijltcc
661 5413 1027 5490 _l'_‘_lor'usitradil
1070 5416 1226 5467 lib.3.
1269 5417 1405 5490 c‘."5.
1430 5414 1716 5490 Plutarchus
1759 5415 1806 5463 in
1822 5413 1938 5490 Δνίιιι

356 5475 560 5546 Luculli,
583 5493 634 5534 et
661 5483 848 5534 Plinius
870 5481 953 5531 lib.
993 5494 1042 5529 x.
1085 5494 1128 5529 c.
1149 5492 1232 5546 XX.
1269 5478 1466 5546 aliique.
1494 5475 1782 5546 Tertulliani.
1809 5476 1938 5546 Apo-

357 5539 557 5611 Iogctic:
579 5547 769 5596 advers.
797 5547 1001 5611 Gentes,
1044 5560 1066 5587 α
1089 5539 1348 5611 mplecum
1371 5539 1600 5611 _I.ucullo.
1639 5547 1796 5588 actum
1844 5543 1938 5597 est,

359 5601 440 5675 qui
468 5611 650 5675 primus
673 5622 841 5675 cer_a_sa
865 5620 928 5675 eX
952 5604 1106 5653 Ponto
1131 5603 1281 5651 Italizc
1307 5601 1642 5664 promulgavit.
1665 5618 1686 5673 η

429 5665 486 5738 (cl
528 5671 729 5730 Quidam
750 5670 863 5738 Mss.
885 5669 946 5737 de
963 5676 1139 5738 (eraso
1160 5672 1417 5738 sumptum,
1431 5675 1541 5725 qute
1562 5676 1655 5711 non
1680 5665 1944 5727 incongrua

361 5725 508 5786 lectio
532 5725 626 5791 est,
650 5733 842 5796 proprie
869 5729 999 5782 enim
1022 5728 1146 5796 urbs
1182 5725 1274 5776 illa
1299 5725 1534 5796 cerasus,
1556 5739 1647 5773 seu
1670 5725 1843 5791 κερασαῡξ
1863 5741 1944 5796 ap-

361 5798 587 5861 pellatur,
615 5787 808 5861 ta'me'tsi
833 5789 1231 5861 quemadmodum
1269 5802 1295 5838 a
1319 5787 1458 5851 Sipus
1488 5787 1752 5861 sipurnton.
1783 5797 1834 5838 et
1861 5787 1943 5838 lii-

363 5848 594 5911 ilrnntun't
627 5856 688 5907 ab
710 5848 891 5907 uidrus
936 5853 1128 5912 dicitur,
1153 5851 1256 5901 h:ec
1281 5848 1478 5915 quoque
1504 5848 1821 5902 Ccrasuuttun
1871 5865 1945 5902 vo-

363 5924 464 5980 cari
486 5920 688 5983 poterit.

1605 353 1940 419 EPISTULA
1977 350 2218 414 XXXIII.

3456 350 3562 412 446

1987 474 2128 532 Deus
2155 472 2322 530 dicit:
2351 471 2483 542 Quia
2513 471 2641 528 bona
2665 515 2680 541 ,
2711 471 2841 528 bona
2871 473 3033 528 valde.
3059 470 3198 530 Nihil
3231 470 3426 544 quippe
3451 473 3568 530 Sal-

1985 579 2138 622 vator
2159 565 2393 622 medium
2417 575 2578 621 amat.
2604 565 2672 620 Et
2695 564 2847 620 sicuti
2870 565 3114 637 frigidum
3138 583 3242 621 non
3266 565 3557 636 refugiens,

1986 661 2177 718 calidis
2204 660 2526 726 delectatur,
2559 660 2630 715 ita
2661 658 2868 730 tepidos
2897 661 2949 714 in
2974 661 3289 733 Apocalypsi
3315 674 3566 716 eVomere

1988 767 2050 810 se
2074 753 2310 824 loquitur
2335 752 2520 824 (Apoc.
2541 753 2620 822 3).
2644 749 2796 806 Unde
2817 749 2972 806 nobis
2993 751 3270 806 sollicitius
3291 751 3573 822 providen-

1990 843 2116 901 dum
2143 852 2247 914 est,
2279 854 2335 900 ut
2365 845 2661 901 solemnem
2690 842 2856 909 diem,
2881 858 2986 898 non
3012 852 3118 898 tam
3139 842 3378 898 ciborum
3402 845 3571 898 almu-

1991 937 2172 995 danlia
2193 979 2210 1004 ,
2238 953 2398 1010 quam
2435 938 2654 1009 spiritus
2691 937 3019 994 exultatione
3049 937 3400 993 celebremus.
3439 938 3574 1007 Qum

1990 1046 2166 1087 vanae
2192 1045 2470 1087 aususnon
2499 1046 2615 1098 as'r,
2650 1031 2812 1086 nimia
2839 1030 3118 1086 saturitate
3151 1031 3281 1086 vello
3310 1030 3574 1087 honorare

1993 1123 2304 1198 Martyrem,
2329 1140 2488 1196 quem
2521 1124 2663 1180 scias
2689 1124 2799 1180 Deo
2828 1123 3093 1195 placuisse
3113 1123 3347 1195 jejuniis.
3380 1125 3452 1178 Ita
3485 1125 3575 1179 tibi

1994 1229 2208 1286 semper
2231 1213 2619 1271 comedendum
2651 1224 2765 1281 est,
2797 1221 2857 1269 ut
2881 1213 3056 1269 cibum
3088 1223 3142 1269 et
3183 1215 3354 1268 oratio
3384 1230 3574 1284 sequa-

1955 1374 1961 1379 _
1995 1317 2120 1377 tur,
2153 1317 2208 1365 et
2251 1307 2432 1365 lectio.
2461 1307 2617 1376 Quod
2649 1308 2693 1363 si
2721 1307 2989 1380 aliquibus
3021 1307 3269 1378 diSplicet
3295 1349 3310 1372 ,
3341 1308 3579 1378 Apostoii

1995 1400 2160 1458 verba
2191 1409 2441 1457 cantato:
2469 1399 2532 1457 Si
2557 1400 2725 1456 adhuc
2753 1399 3039 1456 hominibus
3068 1399 3356 1471 placerem,
3394 1398 3583 1454 Christi

1997 1491 2188 1550 ancilla
2212 1508 2316 1549 non
2340 1509 2518 1550 essent.

2435 1583 2769 1642 EPISTOLA
2807 1582 3006 1641 XXXII
3053 1582 3141 1658 (ῃ.

2564 1715 2634 1756 ΔΙ)
2671 1714 3009 1755 κλιιοειιΑιί.

1999 1815 2228 1873 Επιωαι
2252 1833 2326 1885 se,
2355 1816 2490 1888 quod
2514 1803 2688 1884 paucis
2709 1816 2987 1886 scripserit,
3006 1814 3247 1870 nimirum
3272 1814 3586 1886 conferendis

2070 1928 2185 1967 cum
2216 1911 2416 1982 Aquin
2455 1909 2788 1965 translatione
2817 1907 3046 1964 Hebreis
3077 1907 3410 1962 voluminibus
3438 1923 3588 1962 occu-

2073 2013 2245 2075 patus.
2294 2003 2598 2058 Brevitatem
2642 2018 2758 2056 vero
2801 2002 2953 2072 hujus
3003 1999 3250 2072 Epistolce
3297 2009 3588 2070 compensat

2073 2096 2270 2151 duabus
2307 2096 2648 2166 superioribus
2709 2095 2955 2166 Epistolis
2995 2093 3182 2150 Paula:
3225 2103 3274 2151 et
3309 2092 3588 2149 Eustochio

2077 2189 2304 2258 directis,
2331 2206 2458 2256 quas
2484 2188 2751 2245 Marcella:
2774 2188 3012 2260 legendas
3035 2189 3209 2242 mittit.

2077 2325 2132 2381 1.
2165 2325 2234 2382 Ut
2260 2332 2367 2380 tam
2390 2341 2612 2396 parvam
2644 2324 2936 2396 Epistolam
2960 2324 3274 2390 scriberem,
3299 2323 3592 2380 causrcdu-

2007 2418 2162 2492 plicis
2192 2419 2291 2474 fuit
2315 2435 2330 2485 ;
2363 2418 2526 2489 quod,
2550 2427 2606 2476 et
2635 2418 2939 2473 tabellarius
2965 2417 3269 2482 festinabat,
3293 2426 3345 2472 et
3368 2433 3465 2488 ego
3486 2418 3592 2472 alio

2008 2526 2173 2583 Opere
2198 2511 2467 2580 detentus,
2493 2510 2597 2566 hoc
2615 2511 2765 2582 quasi
2791 2520 3004 2583 παρέργῳ
3031 2527 3117 2566 me
3138 2526 3398 2580 occupare
3425 2511 3591 2568 nolui.

2008 2604 2216 2673 Quaeris
2245 2603 2500 2675 quidnam
2533 2603 2662 2659 illud
2693 2603 2763 2659 sit
2793 2612 2898 2658 tam
2929 2603 3131 2674 grande
3151 2644 3167 2668 ,
3211 2611 3315 2657 tam
3345 2618 3594 2658 necessa-

2010 2697 2168 2762 rium,
2195 2711 2300 2768 quo
2323 2695 2616 2767 epistolica:
2636 2695 3082 2750 contabulationis
3101 2710 3296 2750 munus
3318 2696 3595 2751 exclusum

2011 2789 2102 2844 sit.
2129 2787 2246 2843 Jam
2275 2787 2480 2858 pridem
2504 2802 2624 2842 cum
2647 2786 3005 2842 voluminibus
3027 2786 3372 2842 Hebraeorum
3393 2787 3597 2840 Editio-

2010 2895 2132 2936 nem
2157 2880 2366 2952 Aquilae
2395 2880 2648 2946 confero,
2666 2895 2734 2935 ne
2762 2879 2890 2951 quid
2922 2879 3145 2936 forsitan
3173 2889 3390 2951 pr0pter
3415 2881 3595 2934 odium

2011 2971 2215 3028 Christi
2239 2971 2518 3043 Synagoga
2549 2971 2836 3026 mutaverit
2870 2989 2882 3024 :
2916 2979 2971 3026 et
3012 2981 3070 3025 ut
3106 2971 3294 3026 amica:
3323 2970 3486 3024 menti
3518 2969 3600 3024 fa-

2013 3072 2148 3130 tear,
2177 3079 2296 3134 qua:
2327 3063 2393 3119 ad
2423 3073 2666 3119 nostram
2697 3063 2855 3118 fidem
2891 3064 3193 3134 pertineant
3219 3064 3600 3131 roborandam,

2013 3159 2166 3231 plura
2193 3159 2426 3230 reperio.
2460 3157 2613 3213 Nunc
2640 3174 2669 3212 a
2697 3157 2979 3226 PI'OphellS
3005 3199 3019 3222 ,
3047 3156 3333 3214 Salomone
3352 3200 3367 3224 ,
3403 3157 3606 3214 Psalte-

2011 3252 2115 3319 rio,
2143 3251 2562 3323 Regnorumque
2589 3250 2741 3304 libris
2769 3250 3092 3305 examussim
3125 3250 3423 3315 recensitis,
3459 3249 3604 3303 Exo-

2011 3343 2138 3399 dum
2167 3351 2326 3399 teneo
2347 3383 2363 3410 ,
2395 3358 2553 3413 quem
2586 3341 2658 3396 illi
2689 3358 2822 3397 nm:
2850 3357 3024 3398 suom
3051 3350 3284 3409 vocant,
3311 3340 3378 3396 ad
3408 3340 3605 3397 Leviti-

2013 3452 2135 3494 cum
2164 3436 2504 3492 transiturus.
2533 3435 2696 3490 Vides
2740 3435 2902 3506 igitur
2931 3434 3073 3504 quod
3119 3434 3322 3489 nullum
3364 3432 3602 3489 oflicinm

2017 3531 2142 3587 huic
2164 3529 2316 3601 operi
2345 3528 2766 3601 praeponendum
2797 3527 2888 3582 sit.
2923 3529 3170 3582 Attamen
3202 3544 3266 3581 ηε·
3293 3525 3606 3581 Currentius

2015 3634 2202 3685 noster
2230 3623 2369 3678 forte
2413 3621 2609 3677 frustra
2655 3621 2993 3684 cucurrerit,
3022 3621 3100 3691 (g)
3129 3618 3261 3674 duas
3296 3618 3560 3688 Epistolas
3588 3659 3606 3685 ,

2016 3731 2148 3789 quas
2163 3715 2227 3770 ad
2243 3729 2485 3771 sororem
2553 3714 2707 3787 153
2771 3721 2915 3768 tuam
2936 3713 3152 3768 Paulam
3179 3713 3399 3782 ejusque
3419 3712 3608 3782 pignus

2017 3807 2365 3864 Eustochium
2396 3806 2674 3870 miseram,
2708 3804 3206 3860 huicsermuncnlo
3245 3807 3480 3860 annexni
3511 3821 3522 3856 :
3555 3813 3611 3860 ut

2019 3899 2280 3956 dumillas
2296 3897 2514 3968 legeris,
2539 3906 2594 3952 et
2619 3897 2672 3950 in
2693 3896 2776 3950 his
2802 3895 3002 3964 aliquid
3034 3894 3293 3950 doctrinae
3322 3897 3522 3966 pariter
3547 3909 3610 3951 ac

2020 3994 2219 4065 leporis
2250 3991 2540 4060 inveneris,
2561 3999 2714 4060 putes
2741 3989 2834 4045 tibi
2864 4004 3079 4060 quoque
3106 3989 3302 4059 scripta
3329 4002 3471 4056 esse,
3492 4002 3612 4058 qua:

2021 4087 2132 4143 illis
2156 4085 2354 4155 scripta
2381 4090 2524 4137 sunt.
3297 4089 3299 4091 ί

2094 4179 2151 4234 2.
2192 4178 2439 4233 Albinam
2470 4189 2810 4231 communem
2842 4184 3068 4232 matrem
3098 4173 3280 4231 valere
3313 4173 3469 4244 cupio
3498 4190 3512 4227 ε
3546 4171 3613 4230 de

2024 4286 2250 4343 corpore
2269 4269 2480 4340 loquor,
2507 4279 2568 4325 ut
2590 4269 2780 4342 spiritu
2806 4267 3002 4333 valeat,
3028 4282 3134 4322 non
3163 4267 3413 4338 ignorans
3435 4283 3446 4319 :
3467 4281 3615 4321 eam-

2025 4379 2131 4435 que
2161 4378 2256 4434 pcr
2278 4371 2330 4418 te
2354 4362 2572 4418 salutari
2600 4361 2854 4429 obsecro,
2887 4369 2942 4416 et
2967 4359 3170 4430 duplici
3202 4360 3413 4429 pietatis
3438 4359 3616 4414 ofﬁcio

2028 4457 2278 4527 focillari,
2307 4457 2449 4530 quod
2491 4458 2544 4513 in
2586 4472 2690 4513 una
2717 4467 2880 4528 atque
2908 4453 3097 4511 eadem
3123 4451 3428 4508 Christiana
3455 4453 3612 4509 simul

2029 4551 2304 4626 diligatur,
2333 4560 2388 4608 et
2415 4558 2607 4607 mater.

2458 4661 2792 4719 EPISTOLA
2832 4659 3052 4717 XXXIII
3093 4660 3193 4733 (Ir).

2383 4789 2449 4831 an
2491 4789 2703 4830 causam
2745 4773 2805 4848 (i)
2853 4789 2983 4830 rans
3021 4789 3268 4839 QUEDAI.

2034 4890 2268 4948 Iudicem
2299 4906 2508 4962 operum
2541 4889 2777 4962 Origenis
2807 4899 2986 4946 contra
3021 4889 3265 4946 Varronis
3309 4888 3482 4962 Opera
3509 4908 3621 4945 con-

2108 4989 2298 5060 ferens,
2331 4983 2570 5051 ostendit,
2603 4980 2888 5038 Ecclesium
2921 4983 3111 5039 Christi
3133 4983 3368 5039 habuisse
3398 4983 3627 5052 Scripto-

2109 5095 2235 5146 rem,
2270 5077 2355 5149 qui
2387 5093 2558 5132 omnes
2586 5074 2794 5132 (ἔνατος
2825 5075 3135 5148 Latinosque
3164 5086 3452 5149 superasset
3481 5076 3629 5130 etiam

2110 5171 2359 5227 librorum
2383 5171 2639 5226 editorum
2665 5169 3009 5225 multitudine.

2115 5309 2168 5364 I.
2220 5307 2389 5363 Varro
2435 5315 2481 5362 et
2531 5306 2894 5362 Chalcenterus
2951 5304 3287 5376 copiosissimi
3325 5303 3632 5375 Scriptores.

2044 5436 2116 5447 —
2136 5405 2370 5460 Marcum
2397 5403 2713 5460 Terentium
2736 5400 3035 5457 Varronem
3065 5401 3289 5455 miratur
3309 5397 3632 5466 Antiquitas,

2134 5539 2176 5608 ﬂ
2195 5539 2309 5608 ilius
2333 5539 2412 5588 74.
2439 5536 2628 5600 scripta
2650 5534 2820 5608 paucis
2846 5533 3015 5586 diebus
3040 5537 3142 5596 post
3165 5525 3598 5608 ditasfupgriores.

2116 5587 2180 5668 ('q')
2198 5587 2205 5588 ί
2223 5587 2351 5652 liuius,
2369 5587 2556 5662 ncm'pe'
2571 5587 2872 5662 superiores,
2899 5587 3101 5658 quarum
3126 5606 3220 5641 una
3256 5590 3321 5641 ad
3348 5587 3545 5638 Paulam
3580 5588 3640 5638 tle

2053 5657 2596 5741 glebi'tticonlpltabeto,
2623 5661 2778 5711 altera
2822 5659 2889 5709 ad
2914 5653 3223 5708 Eustochium
3261 5653 3323 5702 de
3345 5648 3642 5703 munusculis

2051 5730 2348 5780 inscribitur.

2118 5790 2185 5912 (Ii)
2224 5787 2410 5851 scripta
2429 5783 2724 5856 circiteran.
2751 5781 2862 5866 384..

2139 5855 2178 5912 t)
2211 5851 2321 5900 Huc
2355 5863 2417 5896 ex
2458 5845 2854 5912 Ruttinrlnvectt

2139 5838 2185 5914 i7).
2211 5838 2417 5914 Huc'ex
2458 5843 3027 5914 Bullinilnvectivarum
3066 5839 3175 5914 l._2.
3194 5838 3520 5914 “adscitafst
3542 5842 3646 5913 opi-

2056 5894 2417 5973 ειόίέί-ςῖζῖιιῖ
2433 5894 2604 5960 eminit
2637 5908 2742 5956 iusc
2789 5905 2930 5955 liter.
2958 5903 3047 5954 lib.
3093 5904 3158 5955 de
3193 5903 3376 5968 Script.
3404 5894 3647 5953 Ecclesiao
