4136 6332
536 309 640 376 447

539 433 680 508 quod
723 428 863 504 apud
905 426 1126 484 Latinos
1167 433 1272 482 tam
1317 424 1736 483 innumerabiles
1779 424 1945 482 libros
1983 425 2115 481 scri-

532 529 715 600 pserit.
757 523 925 596 Grmci
959 523 1036 593 (a)
1067 520 1474 577 Clialcenterum
1504 519 1658 575 miris
1688 517 1916 575 efferunt
1942 515 2116 573 laudi-

529 620 652 687 bus,
682 618 824 691 quod
854 626 1028 672 tantos
1057 613 1227 674 libros
1256 613 1654 684 composuerit,
1686 622 1912 683 quantos
1937 612 2111 698 quivis

542 687 774 770 nostrum
802 709 1007 766 alienos
1033 703 1129 764 sua
1153 723 1311 762 manu
1336 695 1639 761 describere
1665 720 1771 759 non
1813 691 2001 775 possit.
2045 687 2114 758 Et

541 805 656 875 quia
684 816 825 857 nunc
850 801 1080 855 otiosum
1109 783 1190 855 est
1220 797 1358 868 apud
1391 781 1640 863 Latinos,
1669 793 1978 882 Gratcorum
2012 785 2110 848 vo-

536 895 789 951 luminum
835 892 1062 948 indicem
1106 900 1321 954 texere,
1350 888 1417 943 de
1463 904 1528 942 eo
1563 887 1650 958 qui
1680 885 1843 941 latine
1873 881 2108 955 scripsit,

531 991 706 1059 aliqua
735 981 1202 1048 commemorabo;
1233 993 1289 1037 ut
1317 971 1680 1050 intelligamus
1709 994 1805 1035 nos
1838 965 2110 1049 Epimeni-

530 1084 612 1139 dis
639 1081 872 1137 dormire
902 1093 1171 1144 somnum,
1203 1085 1256 1131 et
1284 1073 1517 1130 studium
1544 1063 1685 1144 quod
1713 1069 1785 1127 illi
1815 1065 2109 1142 posuerunt.

529 1178 581 1232 in
607 1175 906 1232 eruditione
935 1159 1274 1226 saecularium
1317 1166 1702 1238 scripturarum
1725 1207 1739 1234 ,
1766 1179 1865 1220 nos
1891 1164 1945 1220 in
1971 1175 2106 1220 con-

532 1269 814 1342 gregandis
839 1265 1030 1337 opibus
1057 1277 1277 1335 ponere.
1427 1343 1430 1346 _
1801 1339 1805 1346 .
1836 1341 1838 1344 Ι
2043 1319 2072 1346 Α

599 1335 655 1417 Ξῖ
696 1335 920 1432 Scripsit
949 1358 1126 1428 itaque
1159 1355 1323 1411 Varro
1366 1343 1715 1424 quadraginta
1758 1339 1994 1424 quinque
2041 1335 2106 1404 li-

527 1458 652 1511 bros
673 1454 1056 1522 Autiquitatum
1075 1468 1087 1502 :
1106 1435 1332 1519 quatuor
1348 1446 1415 1502 de
1434 1448 1537 1499 vita
1559 1445 1734 1516 populi
1759 1433 2103 1522 κωπῶν...

597 1549 650 1604 '5.
706 1519 966 1615 Oriqenes.
986 1572 1055 1584 -~
1076 1540 1336 1608 Quorsum
1379 1537 1632 1593 Varronis
1653 1575 1668 1604 ,
1693 1544 1746 1592 et
1770 1519 2105 1590 Clialceuteri

528 1639 729 1695 mentio
759 1637 893 1691 facta
924 1639 991 1689 sit
1017 1630 1292 1704 quaeritis?
1321 1621 1598 1693 Videlicet,
1632 1619 1692 1682 ut
1729 1625 1795 1680 ad
1836 1625 2105 1681 Adaman-

527 1733 677 1797 tium,
705 1738 1050 1797 nostrumque
1067 1717 1479 1781 Clialcetitcrtltn
1499 1720 1777 1776 veniamus
1803 1735 1817 1773 :
1840 1717 1932 1789 qui
1954 1725 2102 1772 tanto

524 1823 702 1878 studio
729 1813 780 1875 in
809 1824 1112 1876 satietaruin
1142 1816 1538 1886 Scripturarum
1567 1807 1754 1867 labore
1783 1808 2016 1876 sudavit,-
2043 1809 2104 1864 ut

517 1918 660 1989 jusle
687 1904 987 1971 Adamantii
1011 1919 1209 1968 nomen
1231 1907 1521 1978 acceperit.
1560 1905 1729 1960 Vultis
1756 1915 1919 1959 nosse
1941 1917 2105 1973 quan-

523 2021 570 2065 ta
602 2007 797 2080 ingenii
825 2007 910 2063 sui
936 2002 1212 2076 reliquerit
1236 1997 1606 2058 monimenta?
1649 2010 1882 2068 sequens
1919 1994 2101 2050 titulus

519 2100 774 2158 ostendit.

595 2257 752 2336 154
823 2254 1046 2342 Scripsit
1069 2253 1122 2310 in
1144 2250 1395 2342 Genesim
1424 2248 1590 2305 libros
1620 2246 1698 2318 (ὁ)
1732 2243 2011 2303 tredecim.

590 2351 925 2426 Mysticarum
950 2337 1298 2402 Homiiiarum
1322 2337 1489 2400 libros
1511 2339 1668 2397 duos.

590 2446 646 2501 lu
671 2443 910 2500 Exedunt
934 2441 1218 2509 Excerpta.

589 2537 645 2592 in
674 2535 967 2592 Levitlcum
991 2533 1398 2602 Exce'rpta......

586 2629 718 2687 ltcm
749 2619 1092 2684 Munoblblla.

587 2725 699 2794 Περὶ
725 2729 880 2794 Ᾱρχῶν
906 2719 1072 2775 libros
1097 2715 1344 2790 quatuor.

589 2816 666 2872 De
696 2812 1109 2871 Resurre'ctione
1141 2809 1308 2865 libros
1340 2807 1494 2864 duos.

587 2903 656 2964 Et
681 2907 815 2963 alios
839 2904 907 2962 de
934 2901 1353 2961 Resurrectlone
1373 2899 1615 2972 dialogos
1635 2895 1864 2954 duos....

585 3072 638 3126 4.
667 3065 974 3134 Videtisne,
1016 3071 1070 3122 et
1113 3063 1332 3120 Graecos
1357 3059 1580 3130 pariter,
1606 3067 1664 3114 et
1689 3056 1908 3114 Latinos
1933 3054 2096 3110 unius

516 3164 700 3218 labore
724 3157 1042 3230 superatos?
1093 3155 1225 3226 Quis
1262 3154 1405 3210 enim
1445 3167 1676 3223 unquam
1726 3158 1871 3206 tanta
1910 3148 2094 3219 legere

513 3255 719 3329 potuit,
747 3262 946 3326 quanta
977 3253 1091 3324 ipse
1119 3246 1473 3318 conscripsit?
1502 3244 1673 3300 Porro
1705 3243 1798 3315 (al.
1834 3238 1960 3313 Pro)
1992 3239 2094 3295 hoc

509 3351 707 3409 sudore
750 3349 876 3420 quid
915 3346 1121 3417 accepit
1163 3342 1357 3415 pretii?
1407 3342 1702 3404 Damnatur
1741 3352 1772 3393 a
1817 3334 2092 3392 Demetrio

513 3446 798 3519 Episcopo,
822 3442 1058 3513 exceptis
1083 3438 1388 3503 Palestitue,
1415 3444 1469 3492 et
1494 3432 1724 3499 Arabia,
1747 3439 1801 3487 et
1819 3428 2092 3486 Piitnnicis

508 3547 669 3608 atque
721 3534 934 3590 Achaia:
981 3527 1382 3588 Sacerdotibus.
1425 3527 1484 3582 in
1529 3524 1928 3581 damnationem
1971 3523 2090 3594 ejus

507 3630 775 3687 consentit
796 3628 922 3684 urbs
940 3625 1180 3682 Romana
1208 3637 1222 3678 :
1250 3624 1365 3695 ipsa
1385 3629 1572 3677 contra
1599 3619 1742 3675 hunc
1764 3618 1908 3690 cogit
1931 3631 2092 3677 sena:-

508 3733 644 3788 tum,
678 3733 784 3779 non
814 3729 1032 3793 propter
1056 3717 1367 3789 dogmatum
1397 3713 1710 3782 novitatem,
1734 3729 1840 3769 non
1865 3720 2089 3784 propter

509 3815 756 3872 incresim
775 3855 791 3882 ,
828 3821 887 3869 ut
917 3827 1058 3868 nunc
1084 3809 1346 3866 adversus
1377 3821 1500 3862 eum
1530 3804 1699 3862 rabidi
1728 3820 1892 3862 canes
1913 3805 2086 3860 simu.

507 3907 657 3963 lant:
683 3905 778 3963 sed
807 3905 926 3976 quia
958 3903 1182 3975 gloriam
1210 3897 1535 3970 eloquentia:
1565 3899 1682 3967 ejus
1707 3937 1722 3964 ,
1748 3904 1804 3953 et
1843 3895 2086 3952 scientias

502 4002 645 4060 ferre
670 4013 775 4058 non
800 4005 1070 4072 poterant,
1099 4005 1155 4054 et
1183 3995 1275 4051 illo
1297 3993 1530 4058 dicente,
1550 4004 1740 4048 omnes
1767 3990 1901 4045 muti
1930 3997 2086 4060 puta-

503 4096 718 4150 bantur.

573 4187 626 4243 5.
669 4185 794 4240 Hac
817 4193 985 4254 quare
1014 4179 1322 4250 scripserim
1342 4219 1356 4246 ,
1384 4186 1439 4235 et
1465 4175 1532 4232 ad
1563 4173 1813 4247 pauperis
1842 4174 2080 4230 lucerna:

499 4279 787 4353 igniculum
806 4318 822 4347 ,
849 4277 958 4333 cito
987 4282 1257 4341 sermone,
1287 4271 1384 4330 sed
1411 4285 1519 4328 non
1546 4278 1706 4326 cauto
1729 4268 2080 4336 dictaverim,

495 4505 678 4575 sli_c.._in
701 4495 905 4575 origen_.
925 4492 1028 4559 ubi,
1050 4489 1838 4575 lndieentzinquingperurngas
1943 4491 2076 4575 ilota-

495 4554 1056 4625 rninibus_Epistolarunt,
1091 4573 1210 4620 quas
1236 4563 1302 4625 ad
1329 4554 1856 4625 Paulam’sqripsimus,
1881 4554 1930 4625 in
1953 4567 2073 4625 qua-

495 4629 610 4677 dam
634 4618 841 4688 Epistula
878 4618 1052 4688 contra
1071 4618 1298 4688 Varronis
1320 4631 1468 4688 opera
1481 4618 1768 4688 ‘conferemx
1788 4618 1940 4688 posui.
1967 4618 2078 4688 Ipsa

495 4632 610 4677 dam
634 4632 841 4688 Epistula
878 4632 1044 4674 contra
1071 4632 1298 4676 Varronis
1320 4632 1349 4668 0
1381 4632 1468 4668 era
1485 4632 1756 4681 cernerem,
1821 4632 1940 4668 osus.
1968 4632 2076 4680 ipsa

494 4683 984 4752 autemJiromajorl
1007 4687 1279 4752 partarum
1320 4632 1425 4730 aliis
1449 4632 2076 4752 plerisque'videtumexcb

490 4751 640 4799 disse.
666 4737 1056 4798 Meminit'etlain
1075 4737 1127 4794 S.
1153 4745 1364 4796 Isidorus
1385 4737 1637 4807 Originum
1669 4742 1755 4792 lib.
1775 4743 1822 4793 6.
1855 4756 1898 4793 c.
1924 4744 1974 4791 7.
1999 4750 2074 4794 at-

491 4824 590 4856 uue
617 4810 864 4856 exscribit.

491 4824 590 4858 une
617 4810 864 4858 exscribit.

907 4866 1480 4933 ,nempeAiexaudrinum
1503 4865 1890 4933 Grammaticum,
1908 4866 1992 4933 qui
2010 4868 2075 4932 ob

511 4872 518 4874 ⁷
554 4874 607 4933 (α
634 4872 894 4932 Didymutn
911 4881 1028 4922 nem
1102 4872 1480 4916 Alexandrinum
1503 4872 1890 4926 Grammaticum,
1942 4872 1992 4916 ui
2010 4872 2074 4932 ob

490 4872 788 4982 indelessum
811 4879 1282 4982 scribentliesludium
1297 4967 1309 4983 .
1332 4936 1479 4989 atque
1504 4921 1743 4977 assidham
1766 4925 1890 4976 circa
1908 4879 2074 4978 qibros

491 5007 689 5051 moram,
723 4989 1041 5048 Chalcenteri,
1063 4992 1168 5038 sive
1192 4989 1309 5039 terei
1330 4989 1534 5050 pectoris
1551 5002 1729 5038 nomen
1742 4995 1819 5039 est
1840 5001 2074 5040 consecu-

490 5063 586 5105 tus.
615 5056 829 5114 Quatuor
851 5052 983 5114 mille
1024 5052 1177 5101 libros
1199 5051 1397 5102 traditur
1432 5051 1685 5114 scripsisse
1704 5088 1718 5110 ,
1759 5063 1963 5114 quorum
2008 5064 2075 5102 ne

494 5111 844 5174 unus'quidem
869 5111 927 5164 ad
950 5113 1075 5162 hanc
1096 5125 1255 5174 usque
1279 5118 1472 5174 {etatem
1487 5113 1727 5174 pervenit.

552 5177 622 5240 (b)
658 5172 880 5240 Totidem
906 5172 1350 5240 enumerat'etianl
1365 5173 1418 5240 in
1456 5173 1682 5240 sequenti
1713 5172 1866 5234 Epist.
1892 5172 1971 5240 ῳ.
2014 5173 2072 5222 ad

487 5232 750 5290 Damasum
771 5240 820 5287 in
841 5238 1128 5302 ﬁn4e_qu_agst.
1153 5237 1294 5298 prim.
1321 5233 1420 5302 Sed
1444 5232 1698 5302 duodecim
1717 5232 2069 5302 tantum_liuse-

487 5303 600 5352 hius
629 5307 868 5351 memerat
893 5294 1080 5362 “iis.
1118 5294 1183 5362 ex
1209 5308 1368 5358 eoque
1389 5294 1563 5362 Suidas
1595 5295 1651 5362 in
1683 5308 1800 5345 voce
1825 5295 2070 5362 Origenes,

489 5372 542 5414 et
573 5363 896 5426 Nicephorus_
911 5361 1013 5412 XV.
1039 5361 1084 5410 5.
1111 5358 1228 5426 Cum
1268 5355 1386 5426 vero
1431 5355 1559 5416 apud
1595 5355 1940 5426 Hieronymum
1965 5371 2071 5426 _no-

487 5433 662 5489 strum,
681 5417 763 5488 qui
787 5424 844 5473 ad
867 5423 1125 5489 Damasum
1146 5417 1249 5489 loco
1273 5417 1874 5489 citato_cxpressi_s__vcibis
1905 5439 1926 5466 (ι
1947 5419 2068 5489 duo-

486 5481 746 5547 decimum,
784 5496 838 5547 et.
853 5488 1052 5547 tertium
1072 5483 1311 5547 decimum
1328 5483 1380 5547 in
1399 5481 1634 5547 Genesim
1658 5481 1832 5532 librum
1851 5501 1873 5528 »
1896 5483 2073 5547 asserit

486 5551 547 5599 ab
572 5541 790 5615 Origene
814 5541 1044 5615 dictatum
1081 5557 1229 5615 super
1260 5541 1373 5615 cain
1399 5542 1637 5615 vindicia,
1661 5557 1877 5615 errorem
1905 5546 1952 5593 in
1978 5557 2068 5592 nn-

486 5621 623 5676 mero
645 5603 876 5676 simpicari
902 5620 995 5676 non
1020 5603 1274 5676 possimus,
1300 5605 1348 5676 in
1374 5603 1805 5676 esemplari,_quod
1832 5621 1930 5676 pra:
1967 5618 2068 5676 ma-

486 5674 632 5724 nibus
667 5667 894 5731 habebat,
921 5667 1104 5734 opiriari
1129 5669 1276 5734 licet,_
1298 5668 1631 5734 (luodeein'ium
1658 5667 1842 5734 librtth
1869 5671 1915 5716 in
1949 5667 2072 5717 duos

484 5735 635 5787 fuisse
657 5728 982 5799 diSperlituui,
1006 5745 1213 5799 quorum
1235 5728 1360 5782 alter
1385 5729 1556 5799 tertius
1587 5728 1802 5778 deciums
1840 5736 2073 5799 prmtiota-

483 5793 794 5868 retur.LAd{ie
817 5805 995 5868 praeter
1019 5793 1193 5868 librum
1216 5805 1299 5868 τεςειι
1323 5807 1458 5854 sua»,
1481 5795 1627 5868 atque
1653 5804 1760 5866 curn
1781 5793 1981 5856 quidem
2006 5804 2070 5842 ex

483 5857 660 5912 Bullini
703 5855 948 5920 versione,
977 5855 1196 5921 reliquos
1226 5855 1304 5906 hic
1328 5857 1620 5904 memoratos
1644 5855 1862 5917 periisse.

1833 303 2076 368 SANCTl
2113 305 2488 370 lllERONYMl

3703 323 3806 392 με

2223 428 2451 526 potestis
2477 429 2810 502 intelligere,
2845 432 2889 490 si
2915 431 3178 507 Epicuros
3214 435 3295 511 (l)
3335 445 3392 497 et
3419 439 3686 517 Aristipos
3710 460 3796 502 co-

2219 520 2416 588 gitctis.

2649 635 2983 696 EPISTOLA
3022 640 3245 700 XXXIV
3285 643 3381 716 (ο).

2732 767 2800 807 ιιι)
2829 769 3146 811 ιιιιιεειιω
3181 757 3283 830 (2),

2569 859 2647 918 De
2673 863 2864 935 aliquot
2889 866 3012 922 locis
3039 866 3242 924 Psalmi
3268 886 3454 929 cxxvr.

2218 971 2354 1038 Quid
2379 973 2442 1028 sit
2474 977 2626 1044 panis
2653 977 2886 1048 doloris,
2932 983 3154 1053 quidque
3202 985 3295 1040 lilii
3340 1003 3696 1046 excussorum
3748 995 3798 1049 in

2286 1063 2496 1120 Psalmo
2516 1067 2636 1124 ηδ.
2660 1071 2916 1142 eleganter
2940 1076 3169 1144 exponit,
3195 1093 3443 1134 excusans
3464 1081 3655 1137 interea
3679 1103 3795 1140 san-

2283 1167 2419 1211 ctum
2447 1157 2729 1228 Hilarium,
2754 1165 2890 1231 quod
2914 1165 3150 1236 deceptus
3177 1167 3238 1221 ab
3265 1167 3550 1227 Heliodoro
3576 1174 3798 1247 Presby-

2283 1259 2408 1317 tero,
2440 1269 2539 1307 non
2569 1253 2692 1310 bene
2717 1255 3023 1312 intellexerit
3053 1275 3404 1318 excussorum
3441 1267 3666 1323 verbum.

2282 1360 2336 1416 i.
2367 1360 2564 1420 Beatus
2591 1364 2902 1437 Pamphilus
2923 1370 3142 1446 Martyr,
3167 1375 3320 1445 cujus
3342 1378 3502 1433 vitam
3535 1381 3796 1439 Eusebius

2209 1449 2554 1510 Cmsariensis
2584 1455 2900 1528 Episcopus,
2984 1457 3138 1536 155
3213 1467 3382 1523 tribus
3406 1469 3485 1538 (τι)
3518 1474 3681 1538 ferme
3706 1491 3797 1529 ro-

2212 1541 2498 1632 luminibus
2528 1549 2835 1618 explicavit,
2867 1566 2986 1607 cum
3021 1556 3345 1613 Demetrium
3371 1561 3711 1632 Phalereum,
3743 1578 3796 1623 et

2209 1630 2545 1692 Pisistratum
2563 1638 2616 1693 in
2632 1653 2800 1695 sacrm
2817 1639 3162 1701 Bibliothecaa
3177 1649 3355 1704 studio
3379 1654 3538 1709 vellet
3554 1630 3788 1726 aequare,

2209 1725 2574 1801 imaginesque
2617 1731 2993 1804 ingeniorum,
3019 1753 3140 1808 qua:
3166 1755 3291 1796 vera
3325 1747 3468 1812 sunt,
3511 1753 3565 1802 et
3593 1725 3790 1806 :eterua

2208 1827 2575 1889 monumenta,
2599 1831 2714 1880 toto
2738 1825 2872 1883 orbe
2900 1831 3265 1902 perquireret,
3295 1845 3422 1894 tunc
3448 1841 3530 1894 vel
3559 1845 3791 1902 maxime

2207 1908 2448 1982 Origenis
2496 1914 2661 1972 libros
2709 1917 3004 1989 impensius
3076 1935 3418 1995 prusecntus,
3475 1931 3788 1993 Caesariensi

2207 2000 2464 2060 Ecclesia:
2492 2005 2759 2065 dedicavit
2784 2029 2796 2064 :
2821 2027 2979 2082 quam
3012 2029 3078 2070 ex
3108 2028 3262 2086 parte
3291 2033 3622 2093 corruptam,
3648 2031 3790 2083 Aca-

2204 2095 2323 2152 oius
2363 2095 2578 2168 dehinc,
2617 2110 2670 2156 et
2713 2102 2948 2160 Euzoius
2987 2107 3228 2177 ejusdem
3261 2112 3514 2172 Ecclesiae
3540 2123 3787 2177 sacerdo-

2206 2192 2289 2242 tes
2326 2187 2380 2242 in
2430 2191 2758 2249 membranis
2797 2194 3100 2256 instaurare
3142 2205 3318 2259 conati
3345 2216 3490 2264 sunt.
3520 2209 3616 2265 Hic
3665 2219 3784 2270 "cum

2203 2281 2370 2337 multa
2397 2289 2695 2355 repererit,
2727 2301 2782 2344 et
2806 2291 3152 2352 inventorum
3182 2299 3338 2356 nobis
3365 2303 3592 2360 iudicem
3625 2307 3784 2364 dere-

2203 2373 2442 2444 liquerit,
2473 2377 2755 2437 centeslmi
2782 2385 3026 2456 vigesiml
3057 2390 3196 2448 sexti
3225 2392 3425 2451 Psalmi
3448 2398 3785 2456 Commenta-

2202 2465 2341 2559 rium
2370 2468 2461 2538 (ε),
2491 2478 2546 2526 et
2574 2479 2674 2528 pne
2704 2473 2896 2531 littera:
2915 2475 3353 2550 Tractatum,“
3397 2503 3464 2543 eo
3506 2492 3645 2559 quod
3677 2509 3781 2547 non

2199 2557 2507 2632 inscripsit,
2537 2566 2816 2623 confessus
2864 2577 2949 2625 est
2992 2581 3098 2627 non
3143 2585 3436 2646 repertum.
3479 2557 3594 2635 Non
3642 2584 3781 2653 quod

2201 2653 2327 2709 talis
2373 2662 2659 2728 tantusque
2704 2660 2787 2716 vir
2833 2662 3240 2732 (Adamantium
3290 2669 3537 2744 dicimus)
3583 2675 3782 2746 aliquid

2199 2747 2540 2818 praeterierit,
2573 2747 2667 2808 sed
2697 2753 2842 2824 quod
2870 2757 3187 2828 negligentia
3218 2771 3555 2831 posterorum
3581 2767 3646 2821 ad
3679 2784 3784 2823 no-

2199 2845 2365 2896 stram
2397 2855 2565 2913 usque
2591 2847 2906 2902 memoriam
2932 2863 3037 2904 non
3067 2851 3290 2907 durarit.
3335 2854 3447 2910 Hoc
3477 2856 3598 2911 ideo
3629 2858 3778 2926 dixi,

2198 2940 2262 2987 ut
2301 2934 2424 3003 quia
2468 2935 2537 2992 de
2581 2937 2770 2993 eodem
2817 2938 3032 2996 Psaimo
3075 2943 3203 2998 mihi
3248 2949 3612 3017 proposuisti,
3646 2954 3778 3022 quid

2197 3029 2341 3080 esset
2386 3027 2534 3097 panis
2576 3027 2804 3097 doloris,
2842 3032 2896 3086 in
2941 3047 3007 3087 eo
3051 3035 3189 3104 quod
3237 3036 3433 3094 dicitur
3464 3057 3476 3093 :
3513 3059 3532 3094 ι
3562 3041 3773 3099 Vanum

2197 3116 2351 3172 vobis
2375 3127 2458 3174 est
2485 3127 2610 3176 ante
2638 3120 2811 3177 lucem
2839 3137 3080 3195 surgere,
3117 3128 3318 3198 surgite
3350 3141 3630 3203 postquam
3658 3136 3780 3190 sed-

2197 3209 2379 3276 eritls,
2408 3211 2497 3280 qui
2525 3212 2860 3271 manducatis
2887 3231 3084 3286 panem
3114 3220 3318 3276 doloris
3341 3263 3356 3287 ,
3393 3241 3413 3276 ι
3441 3227 3776 3283 ostenderem

2196 3309 2302 3448 πῖ
2332 3301 2401 3356 de
2438 3301 2688 3374 Origenis
2731 3305 3144 3366 Commentariis
3186 3312 3316 3383 quid
3359 3318 3624 3385 senserit,
3668 3335 3776 3375 non

2238 3407 2263 3445 a
2305 3408 2416 3448 ere.

2238 3407 2416 3449 onere.
3807 3407 3810 3410 ’

2266 3484 2321 3539 2.
2366 3482 2519 3542 Unde
2546 3487 2611 3543 ad
2642 3487 2924 3546 Hebraium
2955 3507 3276 3564 recurrens,
3313 3497 3487 3554 inveni
3519 3515 3618 3571 pro
3645 3520 3779 3573 pane

2195 3576 2390 3632 doloris
2435 3579 2692 3650 scriptum
2713 3622 2728 3649 ,
2759 3597 2899 3640 essu
2924 3600 3148 3642 ΑΑεηιι
3167 3629 3182 3653 ,
3211 3589 3350 3658 quod
3380 3592 3568 3660 Aquila
3603 3596 3771 3650 inter-

2195 3678 2433 3741 pretatus
2455 3681 2556 3738 est,
2579 3675 2720 3744 ἄρτον
2837 3685 2927 3731 τῶν
2953 3681 3315 3748 διαπονημάτων
3332 3721 3346 3746 ,
3381 3681 3433 3736 id
3463 3691 3561 3748 est,
3590 3703 3774 3755 partem

2191 3764 2610 3820 elaborationum.
2634 3767 2987 3838 Symmachus
3006 3776 3152 3841 ἄρτον
3176 3782 3594 3844 κακοπαθούμενον,
3628 3781 3772 3849 quod

2191 3857 2519 3927 exponitur,
2554 3870 2737 3929 panem“
2785 3876 3147 3918 aerumnosum.
3205 3865 3402 3933 Quinta
3456 3869 3660 3939 Editio,
3721 3877 3777 3929 et

2190 3947 2524 4003 Tlieodotion
2546 3991 2560 4016 ,
2592 3951 2682 4020 qui
2713 3951 2766 4006 in
2795 3955 3008 4010 caeteris
3034 3971 3158 4012 cum
3197 3957 3540 4032 Septuaginta
3570 3963 3772 4022 Trans-

2190 4038 2450 4094 latoribus
2477 4038 2623 4106 facit,
2649 4057 2830 4111 panem
2855 4044 3132 4101 idolorum.
3164 4047 3326 4104 Sexta
3357 4058 3555 4120 πλάνης,
3593 4054 3642 4109 id
3667 4065 3769 4120 est,

2189 4131 2395 4185 erroris.
2425 4129 2533 4186 Nec
2559 4132 2862 4189 mirandum
2893 4148 2978 4192 est
3011 4138 3079 4194 de
3105 4139 3294 4209 Aquila
3316 4182 3331 4207 ,
3363 4142 3406 4196 si
3435 4146 3773 4213 διαπονήματα

2186 4237 2285 4294 pro
2309 4223 2460 4278 idolis
2501 4233 2685 4294 ponat,
2714 4241 2835 4282 cum
2890 4244 3049 4298 opera
3095 4243 3347 4286 manuum
3379 4231 3608 4289 hominis
3634 4238 3769 4304 sint,

2190 4320 2245 4369 et
2273 4313 2583 4384 prophetice
2623 4317 2848 4387 populus
2872 4329 3125 4388 arguatur
3152 4321 3218 4375 ad
3252 4321 3506 4391 templum
3531 4325 3767 4382 diluculo

2185 4402 2383 4460 frustra
2411 4420 2742 4478 consurgere
2761 4449 2776 4473 ,
2808 4417 2863 4464 et
2895 4419 3014 4478 post
3043 4411 3276 4481 quietem
3309 4412 3377 4467 ad
3403 4419 3766 4475 sanctuarium

2183 4496 2467 4567 festinare,
2498 4513 2618 4555 cum
2684 4499 2858 4566 idola,
2889 4500 2983 4556 Dei
3021 4501 3227 4558 honore
3277 4517 3604 4564 venerentur
3635 4527 3649 4565 :
3682 4526 3772 4568 se-

2248 4610 2318 4723 (9
2347 4609 2415 4684 λι.
2435 4611 2518 4684 ili
2545 4611 2725 4675 scripta
2747 4612 2915 4684 eodem
2935 4625 3059 4664 anno
3075 4616 3186 4664 38L

2248 4676 2263 4723 (
2311 4677 2324 4723 i
2359 4674 2594 4723 Nimirum
2629 4681 2857 4723 integris:
2883 4675 3030 4723 ferme
3065 4679 3186 4723 enim

2247 4674 2324 4736 (d)
2359 4674 2594 4724 Nimirum
2629 4674 3030 4743 integris;ferme
3065 4679 3196 4727 enim
3230 4678 3309 4743 hic
3351 4693 3437 4742 pro
3459 4681 3601 4743 facile
3646 4688 3772 4735 acci-

2181 4736 2340 4809 pitur,
2371 4749 2532 4809 neque
2571 4736 2750 4808 eorum
2783 4736 3040 4809 prpbamus
3073 4736 3411 4809 sententiam,
3454 4736 3540 4809 iqui
3589 4745 3767 4809 aliquid

2183 4796 2388 4859 amplius
2408 4796 2684 4866 Hieronymi
2709 4796 2814 4866 aevo
2836 4798 2985 4866 fuisse
3007 4796 3425 4866 _volumen,_quam
3451 4796 3594 4866 iiber,
3622 4796 3684 4857 ei
3709 4824 3770 4859 eo

2182 4867 2353 4970 putant
2374 4895 2388 4934 ε
2409 4861 2538 4932 quod
2564 4859 2613 4908 in
2639 4859 2866 4934 Ca'mlogo
2888 4861 3111 4912 absolute
3137 4859 3411 4914 tres’libros
3432 4867 3562 4918 dicat
3582 4859 3650 4920 de
3675 4875 3771 4921 vita

2225 4921 2419 4970 amnluli
2445 4921 2505 4969 ab
2528 4917 2744 4970 Eusebio
2762 4931 3004 4970 exaratos.

2225 4917 2505 4984 aii'ipliili'ab
2528 4917 2744 4971 Eusebio
2762 4917 3004 4972 efaratos.

2245 4983 2314 5050 te)
2350 4983 2646 5050 luntiiputat
2661 4984 2962 5033 Martianazus
2986 4984 3278 5050 inillebraici
3297 4987 3558 5050 Aiphabeti
3581 4990 3772 5044 litteras

2183 5043 2342 5112 editos
2357 5047 2417 5112 ab
2428 5043 2643 5112 origene
2665 5052 2916 5112 tractatus;
2939 5048 3074 5112 nobis
3093 5054 3169 5112 est
3183 5046 3327 5112 longe
3353 5043 3770 5104 verosimillimum

2181 5107 2445 5174 sultierioris
2462 5105 2637 5174 Psalmi
2661 5108 2918 5174 centesitui
2941 5108 3120 5156 decimi
3145 5105 3297 5174 octav'i
3324 5121 3510 5174 partem
3534 5114 3666 5164 illam
3696 5119 3768 5165 iu-

2180 5166 2346 5240 dicari,
2369 5180 2484 5240 quae
2503 5169 2596 5240 sub
2613 5166 2728 5240 _l’lte_
2743 5167 3028 5240 exhibetur;
3052 5169 3282 5240 peculiari
3309 5166 3437 5240 enim
3461 5182 3768 5240 unaquaeque

2181 5226 2570 5301 litterati-aetatu
2594 5229 2763 5301 donata
2787 5238 2866 5301 est
2885 5243 2910 5301 ξι
2936 5226 3202 5291 veteribus,
3215 5235 3345 5301 quod
3365 5237 3488 5301 apud
3513 5226 3765 5301 Hilarium,

2180 5289 2521 5352 augustinum,
2567 5291 2786 5350 aliosque
2826 5292 2994 5341 videre
3040 5302 3135 5351 est,
3181 5289 3246 5344 ω·
3273 5289 3422 5345 veluti
3449 5304 3519 5348 tot
3559 5289 3765 5352 seorsiiu

2182 5349 2359 5428 Psalmi
2405 5349 2721 5410 haberentur,
2746 5353 2873 5414 quod
2908 5355 2968 5403 ab
2992 5368 3085 5404 una
3109 5349 3275 5407 littera
3298 5360 3524 5409 versiculi
3550 5349 3767 5428 inscripti

2179 5419 2311 5461 ειιιιῐ.

2243 5474 2314 5538 (ί)
2351 5474 2511 5538 Minus
2533 5475 2662 5538 bene
2683 5481 2875 5538 vetusta
2902 5477 3070 5538 editio,
3091 5487 3365 5538 Cunnum-1t;
3387 5488 3483 5531 nec
3504 5485 3624 5535 satis
3646 5500 3768 5538 vere

2179 5535 2236 5584 ad
2263 5534 2594 5597 Symmachum
2627 5534 2891 5597 legendum
2917 5534 3108 5602 quidam
3150 5549 3316 5603 putant
3341 5534 3696 5608 annos”;
3716 5534 3768 5599 ei.

2178 5609 2572 5647 teruinnosorwn.

2242 5677 2325 5754 (ir),
2347 5677 2547 5727 Romani
2577 5679 2876 5754 ‘Presbyt‘eri
2920 5683 2996 5754 his
3034 5681 3362 5754 traducuntur
3381 5688 3664 5739 nominibus
3687 5692 3769 5754 qui

2179 5738 2525 5797 Hierousmum
2550 5743 2710 5789 statim
2735 5738 2769 5788 a'
2790 5743 2981 5792 Damasi
3005 5745 3140 5794 obitu
3165 5745 3546 5799 insectabantur.

2241 5799 2559 5879 (:2)__t‘£nsule
2593 5801 2843 5854 chronicas
2871 5807 3168 5868 posteriores
3203 5814 3340 5858 notas
3378 5811 3436 5860 ad
3463 5811 3587 5864 hanc
3611 5813 3767 5879 Epist.

2181 5861 2231 5910 in
2267 5861 2571 5912 l’raei‘atione.
