4136 6332
343 425 570 502 cundum
591 421 735 495 quod
759 421 1007 480 Esechiel
1033 419 1249 494 scripsit
1275 419 1330 476 in
1358 419 1476 492 ipso
1501 419 1724 492 templo,
1747 421 1918 478 sacri-

336 521 499 581 ,ticare
526 516 685 574 idolis
711 515 1040 573 sacerdotes.
1066 513 1136 572 Ut
1160 523 1339 572 autem
1373 514 1584 586 plenius
1611 513 1921 582 adducaris,

344 628 436 688 pro
451 611 624 666 dolore
640 612 693 666 in
714 611 938 678 Hebraeo
958 611 1097 672 idola
1119 610 1310 681 posita,
1345 609 1446 672 hoc
1477 609 1649 679 ipsum
1677 609 1924 678 verbum,

345 705 441 760 hoc
456 711 556 770 est,
580 717 788 769 ASABII,
812 701 972 757 etiam
997 701 1049 756 in
1067 701 1361 758 centesimo
1379 700 1586 757 decimo
1602 701 1760 756 tertio
1772 699 1927 755 Psal-

343 812 428 852 mo
449 791 703 866 scriptum
732 805 831 861 est,
861 795 1204 866 Septuaginta
1223 809 1436 866 quoque
1465 793 1607 848 idola
1635 792 1926 856 transtule-

344 897 482 946 runt.
563 887 722 962 156
795 886 928 942 Nam
959 897 1013 942 et
1043 887 1094 941 in
1121 902 1186 943 eo
1217 887 1334 943 loco
1361 886 1452 942 ubi
1487 885 1714 956 legimus
1734 926 1749 951 ,
1789 884 1929 939 idola

344 980 586 1054 gentium,
616 988 904 1058 argentum,
935 989 983 1035 et
1026 995 1233 1048 aurum,
1279 995 1434 1051 opera
1480 995 1724 1032 manuum
1761 978 1928 1032 Itami-

345 1061 491 1141 num;
525 1075 575 1129 in
607 1075 836 1129 Hebraeo
861 1057 1111 1141 habetur,
1141 1088 1383 1128 sssnesu
1406 1113 1422 1138 ,
1452 1072 1594 1144 quod
1621 1071 1810 1143 Aquila
1843 1071 1927 1126 in-

347 1176 665 1238 terpretatur
692 1165 1061 1220 elaborationes
1107 1182 1299 1221 eorum.
1336 1163 1487 1220 Unde
1535 1179 1656 1218 cum
1685 1163 1758 1219 ita
1785 1160 1928 1218 veri-

348 1267 421 1312 tas
446 1272 502 1312 se
528 1247 742 1322 habeat,
771 1271 878 1311 non
905 1254 1102 1310 frustra
1129 1255 1345 1326 quidam
1369 1254 1572 1309 doloris
1598 1269 1811 1324 panem,
1838 1261 1931 1307 ant

348 1343 713 1404 haereticorum
747 1348 1046 1418 intelligunt
1077 1356 1444 1413 sacramenta,
1473 1355 1565 1400 aut
1611 1345 1731 1400 vita:
1775 1344 1928 1400 istius

352 1441 683 1507 miserabilis,
716 1449 770 1496 et
816 1455 1134 1496 aerumnosas
1178 1441 1597 1510 interpretantur
1645 1438 1924 1494 laborem:

353 1531 480 1602 apud
520 1548 678 1604 quam
723 1532 775 1588 in
817 1527 1016 1589 Sudore
1058 1531 1215 1587 faciei
1245 1531 1577 1587 comedimus
1605 1545 1797 1602 panem
1830 1544 1926 1604 no-

353 1633 532 1691 tlrum,
567 1632 622 1679 et
663 1623 801 1678 inter
827 1623 1046 1695 Spinas,
1076 1631 1132 1680 et
1178 1611 1402 1678 tribulos
1446 1621 1623 1678 brevis
1662 1621 1786 1677 vita:
1828 1618 1927 1676 ali-

351 1711 520 1771 menta
549 1725 866 1771 nascuntur.

414 1803 468 1865 5.
524 1807 655 1864 Illud
706 1823 920 1879 quoque
967 1797 1036 1863 de
1081 1805 1272 1880 eodem
1323 1805 1536 1862 Psalmo
1590 1805 1925 1886 interrogare

349 1901 558 1973 dignata
587 1916 686 1957 es:
719 1899 819 1967 Qui
864 1900 964 1980 sint
1009 1899 1107 1969 ﬁlii
1154 1897 1519 1954 excusserunt?
1565 1895 1727 1952 Miror
1771 1905 1823 1972 te
1872 1895 1924 1949 in

350 1989 529 2050 Hilarii
566 1985 976 2049 Commentariis
1006 2006 1115 2046 non
1147 1990 1362 2062 legisse,
1385 2003 1732 2046 excussornm
1763 1986 1922 2056 filios,

346 2085 675 2142 credentium
708 2084 935 2156 populos
966 2082 1336 2154 interpretari,
1371 2081 1514 2153 quod
1543 2081 1750 2137 scilicet
1778 2081 1925 2151 Apo-

346 2181 512 2235 stolos
552 2179 643 2234 illo
687 2182 904 2234 nomine
949 2178 1218 2249 putaverit
1261 2177 1596 2247 appellatos,
1627 2175 1824 2246 quibus
1870 2173 1926 2229 in

350 2259 653 2342 Evangeliis
700 2272 771 2328 sit
812 2280 1170 2347 prmccptum,
1224 2270 1276 2324 in
1313 2283 1704 2340 quamcumque
1742 2267 1930 2323 civita-

345 2371 448 2420 tem
483 2348 807 2433 introierint,
838 2373 893 2419 et
923 2379 1026 2418 non
1057 2360 1254 2417 fuerint
1283 2360 1507 2430 recepti,
1541 2368 1794 2415 excutere
1820 2358 1928 2430 pul-

344 2471 523 2512 verem
555 2456 753 2527 pedum
785 2470 1006 2510 suorum
1044 2453 1098 2508 in
1145 2450 1509 2508 testimonium
1557 2464 1663 2505 non
1703 2448 1930 2504 creden-

347 2540 475 2602 tium
511 2545 724 2618 (Mauh.
755 2537 844 2612 i0;
874 2555 918 2601 et
951 2544 1116 2600 Marc.
1145 2543 1222 2616 6).
1251 2543 1403 2599 Licet
1435 2551 1703 2620 tigergute
1729 2557 1930 2612 prazca-

348 2643 490 2698 veris
512 2683 526 2708 ,
553 2658 661 2696 non
707 2655 865 2712 posse
891 2639 1179 2709 Apostolos
1203 2639 1304 2695 sub
1331 2639 1551 2694 nomine
1575 2652 1928 2694 excussorum

343 2727 602 2804 intelligi,
635 2749 754 2787 cum
801 2732 871 2788 sit
917 2720 1062 2786 aliud
1107 2729 1528 2795 excutientium,
1560 2728 1703 2784 aliud
1739 2743 1928 2784 excus-

346 2811 528 2880 sorum
558 2843 570 2877 :
596 2821 721 2895 quia
750 2823 1084 2878 excutientes
1105 2831 1249 2889 sunt,
1278 2820 1368 2892 qui
1395 2821 1689 2887 excutiant,
1713 2820 1928 2876 excussi

345 2932 492 2982 vero,
525 2915 614 2986 qui
662 2914 729 2970 ab
775 2911 894 2969 aliis
939 2914 1297 2968 excutiantur.
1328 2912 1395 2967 Et
1421 2911 1774 2983 incongruum
1801 2927 1925 2968 esse

347 3021 601 3062 excussos
650 3006 940 3076 Apostolus
989 3005 1194 3076 accipi,
1240 3003 1331 3074 qui
1379 3005 1550 3076 magis
1597 3005 1928 3062 excutientes

349 3101 627 3157 debuerint
656 3099 937 3170 appellari.
968 3098 1107 3167 Quid
1140 3099 1302 3169 igitur
1329 3097 1562 3154 faciam?
1591 3097 1821 3154 Tantum
1850 3097 1930 3153 vi-

349 3211 484 3263 rum,
507 3205 564 3250 et
590 3194 918 3264 temporibus
943 3193 1056 3248 suis
1077 3193 1492 3249 disertissimum
1525 3191 1600 3266 (α)
1636 3192 1930 3264 reprehen-

349 3281 470 3343 dere
501 3303 604 3342 non
633 3285 807 3342 audeo
837 3305 848 3340 :
876 3287 962 3357 qui
1004 3279 1057 3341 et
1092 3284 1448 3346 confessionis
1472 3300 1585 3340 sua:
1607 3285 1803 3341 merito
1824 3327 1838 3354 ,
1870 3277 1926 3342 et

351 3378 468 3432 vitm
498 3376 757 3432 industria
781 3418 795 3441 ,
827 3383 882 3431 et
917 3375 1240 3447 eloquentia:
1291 3375 1538 3432 claritate
1559 3417 1574 3442 ,
1606 3373 1929 3447 ubicumque

350 3465 644 3523 Romanum
689 3483 884 3524 nomen
936 3476 1054 3534 est,
1101 3456 1588 3538 praedicaturznisi
1635 3467 1776 3538 quod
1820 3484 1925 3524 non

349 3561 462 3630 ejus
501 3562 674 3631 culpa:
715 3559 1090 3615 ascribendum
1133 3563 1251 3629 est,
1276 3559 1365 3630 qui
1407 3555 1617 3615 llebrzei
1661 3559 1928 3618 sermonis

351 3656 558 3728 ignarus
584 3655 703 3723 fuit,
735 3654 1042 3712 Graecarum
1074 3667 1290 3725 quoque
1319 3653 1616 3709 litterarum
1645 3653 1927 3725 quamdam

350 3763 529 3804 auram
559 3755 800 3819 cceperat
822 3787 838 3812 ,
864 3745 960 3802 sed
1006 3745 1283 3802 lieliodori
1328 3745 1677 3818 Presbyteri,
1707 3760 1814 3815 quo
1840 3745 1930 3802 ille

351 3839 679 3896 familiariter
705 3853 835 3895 usus
859 3848 965 3904 est,
997 3851 1062 3894 ea
1087 3852 1209 3908 quae
1232 3837 1537 3908 intelligere
1563 3851 1668 3892 non
1695 3845 1928 3908 poterat,

352 3932 616 4002 quomodo
646 3931 712 3989 ab
755 3931 987 4002 Origene
1034 3938 1218 3990 essent
1264 3929 1404 3985 dicta
1425 3967 1442 3996 ,
1470 3928 1927 4000 quaerebat..Qui,

351 4027 470 4096 quia
515 4027 567 4082 in
609 4026 712 4083 hoc
751 4027 969 4084 Pssimo
993 4027 1460 4083 Commentarium
1487 4024 1736 4096 Origenis
1777 4025 1929 4081 inve.

358 4120 470 4177 nire
505 4137 609 4178 non
651 4122 823 4192 potuit
845 4163 860 4190 ,
890 4122 1200 4192 opinionem
1232 4121 1404 4192 magis
1431 4119 1706 4175 insinuare
1733 4132 1887 4174 suam
1911 4157 1928 4184 ,

359 4229 518 4283 quam
550 4215 814 4276 inscitiam
844 4215 1015 4271 voluit
1039 4213 1308 4271 conﬁteri.
1339 4212 1511 4282 Quam
1534 4211 1629 4268 ille
1659 4219 1930 4284 sumptam

352 4306 496 4360 claro
525 4321 775 4362 sermone
799 4305 1090 4372 disseruit,
1124 4315 1181 4363 et
1219 4305 1456 4362 alienum
1481 4317 1724 4362 errorem
1753 4301 1930 4360 diser-

355 4399 455 4455 tius
486 4400 560 4471 (ὁ)
593 4408 851 4456 executus
880 4409 984 4456 est.

395 4492 543 4563 157
582 4491 617 4548 4
629 4531 644 4547 .
658 4492 848 4548 Restat
871 4491 1049 4565 igitur,
1067 4499 1124 4548 ut
1137 4505 1349 4547 rursum
1366 4489 1434 4547 ad
1450 4489 1651 4547 fontem
1669 4489 1934 4546 sermonis

356 4599 692 4640 recurramus
714 4583 950 4652 Hebraei,
977 4593 1032 4640 et
1056 4583 1355 4652 videamus,
1382 4583 1653 4655 quomodo
1677 4584 1934 4654 scriptum

356 4679 437 4731 sit.
476 4679 572 4734 Ubi
597 4693 698 4735 nos
720 4677 1002 4744 habemus,
1028 4678 1160 4734 sicut
1183 4676 1280 4746 ﬁlii
1305 4689 1636 4732 excussorum
1661 4692 1678 4730 :
1705 4675 1776 4731 ibi
1803 4675 1936 4746 legi-

353 4779 453 4836 .lur,
483 4787 619 4827 cnam
647 4788 748 4828 una
779 4785 1050 4826 suasum!
1071 4811 1088 4836 ,
1118 4769 1264 4840 quod
1309 4770 1500 4841 Aquila
1546 4770 1931 4840 interpretatus

355 4875 431 4919 ομι
453 4906 467 4930 ,
499 4868 628 4928 sicut
657 4866 755 4936 ﬁlii
788 4871 1138 4938 pubertatum.
1167 4863 1532 4936 Symmachus
1553 4903 1569 4930 ,
1601 4870 1657 4918 et
1681 4861 1934 4917 Theodo-

356 4959 456 5013 tion
484 4999 499 5024 ,
532 4961 660 5016 sicut
687 4960 784 5030 ﬁlii
801 4960 1104 5031 juventutis.
1134 4956 1208 5030 (ε)
1239 4957 1399 5014 Sexta
1430 4963 1612 5018 ἡκόνωσ
1649 4965 1727 5011 νοῦ
1746 4995 1761 5023 ,
1792 4953 1935 5025 quod

357 5067 449 5106 nos
477 5051 658 5109 dicere
685 5067 993 5124 possumus,
1019 5051 1217 5106 exacuti
1242 5065 1440 5104 sensus.
1473 5048 1550 5103 Ex
1581 5062 1687 5119 quo
1711 5045 1936 5114 manife-

417 5212 488 5274 (ιι)
544 5206 768 5274 Modeste
809 5206 982 5274 Hilarii
1005 5205 1328 5274 sententiam
1365 5204 1558 5274 respuit
1588 5201 1933 5274 ῌίεξιὈῐιγιῑιιιξ2

356 5263 450 5338 uno
469 5263 699 5338 'culpgam,
718 5271 762 5321 si
784 5269 1188 5338 qua__est,__tolam
1212 5263 1938 5338 cgifcrtuin_Heliodorpm.__At

356 5285 450 5323 tmo
484 5285 694 5336 culpam,
718 5285 762 5321 St
819 5285 878 5320 ua
922 5285 1017 5328 eSt,
1043 5285 1188 5320 wlam
1212 5285 1401 5318 conten
1441 5285 1487 5313 tu
1517 5285 1848 5314 neuuuurum.
1876 5285 1938 5313 At.

356 5335 540 5400 alioqui
575 5285 851 5400 doctisslg.
876 5331 1049 5400 1_I_i_lari_i
1073 5331 1230 5386 editor
1244 5325 1718 5400 BenedictinnsnOn
1738 5323 1940 5400 intelle-

358 5388 484 5447 ctum
501 5399 564 5448 ab
574 5389 876 5461 Hieronymo
887 5393 1127 5461 Hilarium
1145 5391 1414 5447 contendit,
1433 5389 1560 5453 quod
1572 5388 1649 5437 hic
1668 5399 1836 5461 vocem
1849 5400 1939 5438 ex-

358 5471 598 5511 cussorum
614 5449 1055 5518 active'sun'ipserit
1077 5455 1137 5502 ab
1160 5464 1406 5518 excussor,
1433 5449 1528 5518 non
1552 5451 1747 5514 passive
1770 5449 1833 5518 ab
1848 5461 1937 5518 ex:

357 5533 549 5586 cassus;
563 5521 695 5586 quod
709 5511 927 5583 apprime
942 5514 1113 5564 falsum
1127 5519 1219 5575 est,
1237 5519 1288 5564 et
1299 5511 1468 5562 Hilarii
1493 5511 1654 5563 locum
1668 5511 1940 5563 attendenti

357 5595 430 5632 001

417 5585 604 5708 ἳῧέῡδιξὲ
622 5643 773 5710 nostri
790 5641 951 5710 probae
970 5645 1096 5688 notae
1119 5637 1236 5710 Mss
1268 5635 1449 5710 aliique
1465 5649 1625 5700 penes
1643 5635 1866 5688 Martiae.
1891 5644 1940 5689 et

357 5704 508 5759 nam
529 5719 698 5758 errore
720 5704 947 5754 disertius
969 5706 1225 5751 excusatus
1242 5705 1328 5748 est.

418 5771 487 5834 (ε)
505 5771 592 5820 Sin
613 5767 868 5834 verius,_et
889 5763 948 5813 ad
971 5763 1086 5834 mss.
1115 5761 1276 5834 fidem,
1304 5763 1444 5810 certe
1467 5763 1770 5834 concinniori
1787 5775 1937 5812 sensu

357 5823 581 5896 legeram.
622 5823 872 5880 νιοιοέιιιε.
913 5835 968 5880 49'.
1010 5825 1218 5880 Drusius
1252 5835 1498 5883 ήιονηοιντος.
1533 5823 1593 5874 At
1637 5825 1942 5875 Martinnzcns

1680 301 2015 368 EPI'STOLA
2051 295 2296 362 XXXIV.

2303 233 2338 268 ο
3283 235 3318 266 ο

3509 290 3618 362 461)

2031 429 2170 476 stum
2197 429 2301 487 est,
2331 417 2708 482 adolescentiae
2737 421 2961 492 pepulos
2987 419 3219 495 intelligi
3250 421 3616 492 Christianos,

2032 515 2329 570 secundum
2359 511 2492 570 illud
2520 514 2824 584 exemplum
2844 555 2861 582 ,
2897 516 3038 586 quod
3073 517 3212 574 Deus
3240 531 3367 574 suos
3397 528 3616 576 sanctos

2036 606 2089 662 in
2115 606 2332 662 modum
2361 621 2522 661 arcus
2549 615 2604 662 et
2632 606 2945 677 sagittarum
2975 609 3182 666 dicatur
3206 610 3534 679 extendere;
3561 619 3619 668 ut

2034 699 2087 768 in
2131 699 2398 770 Propheta
2428 697 2687 770 Zacharia
2718 716 2734 754 :
2769 717 2788 752 ι
2817 701 3068 769 quoniam
3117 702 3335 758 extendi
3381 711 3434 761 te
3479 702 3614 760 mihi

2033 791 2167 848 Juda
2193 831 2210 859 ,
2242 801 2298 847 ut
2341 806 2524 848 arcum
2558 811 2578 846 1
2617 790 2804 862 (ΖαεΙι.
2839 791 2895 848 9.
2925 793 2992 849 15
3013 794 3052 864 ).
3078 793 3146 850 Et
3168 795 3413 853 Salvator
3432 797 3502 854 de
3527 811 3617 855 se-

2032 885 2302 954 metipso:
2337 901 2355 937 ‹
2392 884 2552 940 Posui
2598 899 2686 940 me
2727 885 2864 940 sicut
2891 886 3138 958 sagittam
3168 888 3417 952 electam.
3450 893 3519 948 Et
3565 893 3619 948 in

2033 975 2286 1048 pharetra
2317 992 2412 1033 sua
2441 977 2726 1035 abscondit
2751 994 2836 1050 me
2869 999 2890 1034 ι
2925 977 3094 1051 (hui.
3125 980 3214 1038 49.
3242 983 3336 1056 2).
3371 985 3612 1057 Denique

2035 1066 2089 1142 in
2121 1069 2366 1140 sequenti
2398 1085 2556 1126 versu
2577 1111 2592 1137 ,
2623 1071 2863 1142 exceptis
2904 1071 3250 1146 Septuaginta
3269 1116 3285 1142 ,
3313 1078 3403 1147 qui
3452 1077 3611 1136 aliter

2037 1162 2452 1244 transtulerunt,
2482 1170 2537 1218 et
2566 1162 2619 1217 in
2649 1163 2876 1219 Hebrmo
2896 1204 2912 1230 ,
2944 1172 3001 1220 et
3029 1165 3080 1220 in
3109 1166 3316 1223 cunctis
3343 1166 3614 1238 Editionio
3671 1239 3678 1244 ε

2035 1247 2134 1306 bus
2160 1253 2230 1306 ita
2259 1253 2434 1323 reperi
2461 1269 2476 1308 :
2507 1272 2525 1305 ι
2555 1254 2750 1310 Beatus
2781 1258 2882 1322 vir,
2907 1257 2998 1327 qui
3035 1257 3282 1330 replevit.
3304 1258 3613 1331 pharetram

2034 1359 2184 1400 suam
2213 1361 2279 1401 ex
2302 1346 2464 1416 ipsis;
2496 1357 2551 1402 ut
2574 1348 2698 1418 quia
2721 1351 3092 1421 metaphoram
3118 1352 3286 1409 semel
3314 1363 3616 1422 sumpserat

2034 1453 2099 1492 ex
2127 1437 2355 1508 sagittis,
2386 1448 2440 1494 et
2463 1437 2515 1494 i'n
2543 1437 2792 1510 pharetra
2816 1457 3031 1513 quoque
3062 1427 3342 1500 translatio
3369 1459 3618 1502 servare«

2037 1537 2140 1584 tur.
2172 1529 2430 1585 Excussos
2458 1533 2635 1587 autem
2663 1539 2716 1588 et
2745 1534 3080 1590 consuetudo
3101 1536 3368 1594 set-monis
3396 1536 3616 1592 humani

2033 1631 2229 1694 uegetos
2254 1631 2308 1677 et
2337 1623 2570 1678 robustos
2599 1633 2653 1680 et
2677 1625 2939 1694 expeditos
2965 1636 3123 1683 vocat
3147 1645 3162 1686 :
3185 1638 3241 1684 et
3266 1629 3368 1700 ipsi
3389 1629 3619 1700 Septua-

2032 1713 2179 1788 ginta
2226 1713 2553 1784 lnterpretes
2598 1715 2650 1770 in
2699 1716 2885 1771 Esdrm
2948 1719 3124 1785 libro,
3175 1735 3273 1792 pro
3333 1723 3621 1791 juvenibus

2036 1806 2461 1872 transtulerunt,
2491 1807 2546 1862 in
2583 1823 2690 1878 quo
2726 1809 2796 1864 ita
2831 1809 3130 1880 scribitur;
3163 1831 3183 1864 ι
3214 1812 3284 1869 Et
3311 1813 3510 1872 factum
3537 1825 3622 1872 est

2032 1912 2100 1953 ex
2123 1897 2210 1953 die
2234 1898 2346 1967 illa,
2372 1899 2535 1954 medii
2562 1916 2911 1976 excussiorum
2943 1901 3209 1960 faciebant
3238 1920 3394 1978 opus,
3421 1917 3477 1963 et
3505 1923 3619 1964 me-

2034 1988 2108 2044 dii
2140 2004 2326 2044 eorum
2356 1987 2625 2046 habebant
2651 1991 2832 2049 hastas
2869 1993 2922 2050 et
2960 2004 3110 2050 scuta
3139 2005 3194 2051 et
3220 2012 3379 2053 arcus
3408 2007 3462 2053 et
3490 1999 3615 2054 tho-

2034 2095 2187 2138 races
2209 2091 2263 2136 et
2294 2083 2564 2153 principes
2593 2092 2714 2154 post
2737 2095 2954 2142 omnem
2985 2087 3204 2143 domum
3239 2088 3376 2144 Juda
3397 2132 3413 2159 ,
3445 2083 3616 2145 aedili-

2032 2174 2269 2229 cantium
2310 2174 2364 2228 in
2405 2189 2561 2230 muro
2596 2194 2616 2228 »
2644 2175 2850 2248 (Neam.
2877 2178 2930 2234 ι.
2959 2178 3068 2250 16).
3113 2181 3190 2236 Ex
3231 2195 3338 2251 quo
3378 2183 3621 2239 animad-

2033 2265 2322 2332 vertimus,
2356 2273 2412 2321 et
2457 2267 2509 2322 in
2556 2269 2812 2339 praesenti
2862 2269 2981 2326 loco
3033 2276 3134 2342 pro
3179 2273 3617 2333 adolescentibus

2033 2365 2195 2426 atque
2234 2357 2560 2427 puberibus,
2591 2375 2826 2416 munus
2874 2363 3079 2432 positos
3112 2379 3126 2419 :
3155 2377 3264 2421 non
3297 2373 3356 2421 ut
3381 2367 3471 2423 ille
3498 2368 3609 2438 opi-

2035 2459 2192 2504 natus
2217 2460 2298 2505 est
2328 2465 2426 2521 pro
2454 2452 2727 2521 Apostolis
2747 2493 2762 2518 ,
2788 2454 2880 2524 qui
2908 2457 3119 2512 excussi
3150 2471 3180 2512 a
3211 2458 3406 2528 pedum
3435 2471 3618 2516 excus-

2033 2541 2187 2597 sione
2215 2541 2482 2598 dicantur.
2512 2542 2642 2614 Legi
2673 2553 2728 2601 et
2753 2545 3032 2617 cujusdam
3061 2547 3284 2618 librum,
3316 2560 3371 2606 et
3397 2550 3616 2623 elegan-

2035 2639 2142 2689 tem
2175 2633 2228 2690 in
2257 2649 2324 2691 eo
2365 2649 2586 2692 sensum
2626 2639 2839 2708 reperi,
2884 2651 3121 2697 excussos
3168 2641 3384 2700 iudaaos
3432 2644 3540 2702 dici
3583 2659 3616 2703 a

2035 2725 2270 2796 templo,
2300 2736 2355 2783 et
2383 2726 2503 2798 lege
2530 2715 2586 2784 et
2613 2731 2782 2800 gratia
2813 2731 3061 2802 Domini,
3095 2749 3194 2805 pro
3236 2750 3305 2792 eo
3343 2737 3487 2809 quod
3531 2747 3616 2796 est

2033 2818 2272 2888 reprobus
2299 2835 2320 2874 :
2348 2828 2406 2876 et
2447 2834 2634 2878 eorum
2678 2837 2804 2880 esse
2851 2823 2988 2881 filios
3033 2828 3362 2898 Apostolus,
3408 2832 3500 2902 qui
3545 2847 3614 2889 es

2032 2913 2270 2985 ipsorum
2318 2916 2526 2973 semine
2573 2928 2960 2988 procreentur,
3005 2930 3062 2978 et
3105 2923 3158 2978 in
3209 2925 3618 2984 similitudinem

2032 3007 2345 3078 sagittarum
2377 3023 2538 3066 manu
2567 3010 2777 3067 Domini
2803 3013 3203 3071 contineantur.

2049 3165 2054 3170 η
2102 3099 2160 3157 ὅ.
2199 3098 2257 3156 111
2301 3101 2546 3171 sequenti
2586 3117 2800 3174 quoque
2846 3105 3060 3162 Psalmo
3094 3105 3418 3165 Heliodorus
3444 3111 3619 3182 magis

2033 3206 2193 3262 quam
2225 3201 2411 3249 noster
2441 3193 2674 3251 Hilarius
2697 3197 2920 3264 erravit,
2947 3198 3038 3268 qui
3063 3198 3134 3255 de
3159 3215 3226 3256 eo
3254 3201 3394 3268 loco,
3427 3202 3480 3258 in
3510 3217 3621 3274 quo

2033 3289 2291 3359 scriptum
2310 3296 2426 3344 est:
2473 3287 2632 3361 158
2674 3288 2939 3346 «Labores
2953 3290 3219 3349 fructuum
3235 3304 3446 3352 tuorum
3464 3313 3618 3354 man-

2035 3379 2275 3448 ducabis,
2303 3401 2323 3434 1
2349 3381 2495 3436 varia
2517 3381 2788 3452 opinatus,
2805 3385 3038 3440 asseruit
3053 3388 3220 3458 magis
3239 3399 3382 3447 stare
3397 3402 3620 3450 senten-

2036 3474 2189 3542 tiam,
2216 3476 2262 3531 si
2285 3476 2550 3532 scribatur
2575 3477 2656 3550 (ιι)
2681 3494 2701 3534 :
2727 3481 2926 3551 [ructus
2949 3479 3179 3538 laborum
3203 3484 3434 3556 aliquem
3466 3503 3620 3545 man-

2034 3567 2233 3625 ducare
2252 3608 2266 3633 ,
2298 3577 2352 3625 et
2390 3584 2496 3625 non
2531 3569 2730 3627 labores
2759 3575 3022 3642 fructuum
3042 3588 3063 3628 :
3091 3575 3234 3632 unde
3277 3579 3614 3647 spiritualem

2033 3659 2444 3732 intelligentiam
2474 3661 2674 3718 debere
2699 3665 2957 3734 perquiri.
3009 3666 3078 3722 Et
3106 3682 3175 3722 ex
3204 3667 3307 3724 hac
3332 3673 3617 3731 occasione

2035 3753 2247 3823 longam
2279 3752 2589 3825 ingrediens
2616 3754 3058 3825 disputationem,
3094 3767 3238 3813 tanta
3268 3764 3614 3833 operositate,

2036 3847 2179 3918 quod
2210 3848 2424 3904 volebat
2451 3849 2697 3920 intelligi,
2727 3865 2856 3906 usus
2883 3860 2966 3907 est
2997 3854 3390 3922 persuadendi,
3421 3870 3616 3930 quanta

2035 3953 2250 4011 semper
2292 3941 2498 3998 falsitas
2537 3943 2774 4015 indiget,
2799 3954 2860 4001 ut
2910 3960 3037 4001 vera
3087 3947 3333 4005 videatur
3367 3969 3382 4006 :
3413 3965 3534 4007 eum
3566 3955 3617 4008 in

2037 4031 2142 4089 hoc
2169 4033 2290 4090 loco
2315 4049 2422 4090 non
2450 4034 2801 4108 Septuaginta
2829 4037 3182 4108 lnterpretes,
3207 4040 3304 4096 sed
3342 4041 3518 4097 Latini
3548 4044 3618 4100 de

2038 4123 2108 4196 (ε)
2135 4122 2306 4180 (ἔτωεί
2336 4125 2486 4181 verbi
2515 4126 2865 4199 ambiguitate
2892 4127 3123 4201 decepti,
3155 4141 3360 4204 καρποὺς
3387 4133 3620 4204 fructus;

2038 4218 2209 4289 magis
2249 4233 2408 4290 quam
2448 4235 2631 4276 manus
2673 4221 3007 4293 interpretati
3060 4222 3200 4292 sint;
3231 4241 3352 4283 cum
3405 4241 3617 4302 καρποὶ,

2037 4328 2220 4369 manus
2259 4327 2474 4384 quoque
2522 4311 2769 4372 dicantur
2799 4331 2814 4374 :
2843 4314 2989 4388 quod
3031 4315 3086 4373 in
3129 4316 3357 4376 Hebraeo
3406 4323 3622 4391 ponitur

2036 4460 2181 4508 ἀπόνως
2203 4449 2321 4500 fecit
2364 4461 2427 4500 ex
2457 4445 2571 4500 Mss.
2593 4462 2651 4516 _e
2685 4447 2864 4515 quibus
2905 4461 3096 4516 rursum
3134 4449 3216 4501 alii
3240 4452 3424 4504 malunt
3448 4467 3622 4516 ιιδνιωςς

2037 4520 2247 4582 iitroque
2291 4520 2456 4582 autem
2497 4512 2641 4582 modo
2683 4512 2779 4582 non
2798 4518 2993 4564 acutum
3007 4549 3033 4582 ,_
3047 4515 3152 4564 sive
3195 4519 3471 4582 meutmn,
3495 4512 3623 4582 quod

2037 4567 2364 4640 Hieronymus
2389 4575 2614 4640 intendit,
2637 4576 2742 4640 sed
2777 4589 2981 4640 acumen
3008 4567 3177 4638 ipsum
3199 4567 3624 4640 signiﬁcatumme:

2038 4649 2139 4699 que
2161 4635 2284 4686 adeo
2326 4635 2606 4700 satisrecte
2625 4635 2716 4700 ﬁlii
2738 4636 2974 4688 acuminis
2996 4635 3162 4700 sensus
3207 4635 3293 4700 pro
3314 4637 3406 4700 ﬁlii
3427 4635 3625 4696 executi

2038 4698 2205 4754 scrtqu
2223 4700 2526 4749 dicerentur.
2559 4698 2658 4748 Nos
2681 4713 2826 4762 quam
2866 4698 3060 4762 restitui
3085 4698 3275 4750 debere
3298 4698 3528 4755 duximus
3555 4706 3625 4758 le-

2038 4763 2249 4828 ctionem
2271 4774 2427 4820 ἧκόνιος,
2461 4761 2884 4828 novoeonnatqeg
2905 4761 3296 4828 Mss._e;piscati
3320 4779 3505 4828 sumus,
3533 4773 3626 4821 etsi

2042 4824 2171 4871 enim
2192 4822 2480 4884 plerumque
2505 4821 2570 4870 ibi
2595 4821 2887 4890 EKOl‘iEOC
2910 4837 2998 4886 per
3016 4821 3292 4890 E__lit'teran;
3316 4827 3457 4878 initio
3482 4821 3626 4890 ρσυιι-

2040 4891 2138 4948 tur,
2182 4896 2240 4933 ea
2265 4890 2425 4948 tamen
2450 4890 2501 4932 et
2523 4897 2658 4948 sono
2681 4884 2854 4948 eadem
2891 4884 3000 4936 eum
3043 4885 3108 4947 Η,
3133 4893 3185 4936 et
3227 4884 3477 4948 schemate
3502 4885 3626 4944 haud

2039 4945 2242 4997 multum
2264 4946 2444 5018 distat“:
2466 4953 2605 5018 certe
2635 4947 2678 5018 A_
2715 4945 2864 5018 longe
2885 4945 3156 5018 ὁριόιιίῃιὶρν
3180 4949 3272 4999 est.
3300 4945 3499 5018 Accedit
3517 4969 3628 5018 per-

2040 5021 2182 5076 quam
2207 5006 2498 5076 commodior
2523 5005 2677 5076 Grajci
2698 5005 3175 5076 vocabul’ianalogia,
3192 5026 3285 5076 qua
3307 5005 3534 5068 nimirum
3561 5021 3628 5066 ta-

2041 5070 2139 5121 eile
2165 5071 2321 5140 potuit
2364 5074 2520 5120 sexta:
2554 5070 2696 5140 hujus
2720 5072 2960 5140 versionis
2993 5070 3157 5123 auctor
3180 5070 3308 5140 giae,
3334 5076 3625 5140 adjectivum

2043 5133 2220 5204 nomen
2242 5133 2304 5182 ab
2331 5143 2463 5204 duravi.»
2493 5134 2664 5194 verbo,
2689 5133 2815 5196 quod
2842 5142 2917 5185 est
2938 5148 3144 5204 exaequo.
3163 5133 3446 5204 decussae,
3473 5134 3627 5204 quan;

2041 5194 2305 5270 doquidern
2330 5201 2381 5270 et
2420 5208 2593 5270 ﬁentes.
2627 5194 2718 5270 pro
2749 5206 2938 5270 recens
2964 5203 3105 5248 acuto
3148 5199 3174 5248 a
3208 5194 3467 5270 Sephoclé,
3491 5194 3627 5266 'aiiis;

2041 5257 2141 5368 gnte
2187 5257 2402 5308 melioris
2425 5257 2699 5308 Graecitatis
2743 5259 3019 5310 auctoribus
3065 5257 3290 5325 usurpari
3323 5257 3625 5327 cmupertum

2075 5331 2100 5368 s
2126 5355 2138 5368 .

2112 5379 2181 5448 [di
2219 5379 2324 5432 Non
2347 5379 2496 5445 igitur
2524 5382 2721 5448 sugillat
2756 5381 3011 5443 Hilarium,
3037 5384 3163 5448 quod
3188 5384 3471 5448 prietulerit,
3491 5375 3627 5448 Iube-

2043 5443 2125 5508 res
2140 5443 2388 5508 fructuum
2411 5457 2498 5508 pro
2523 5443 2709 5508 («liores
2733 5459 2980 5504 uiantium,
3007 5443 3068 5495 ιη’
3082 5448 3172 5496 sibi
3189 5443 3465 5508 persuadet
3487 5445 3626 5496 Hila-

2043 5507 2105 5558 rii
2140 5503 2368 5571 ejusdem
2386 5503 2936 5571 editorgBeuedictinus,
2961 5503 3047 5557 Sed
3086 5503 3318 5571 quodgvei
3363 5509 3496 5571 ipse,
3544 5509 3626 5559 vel

2044 5567 2204 5633 potius
2222 5567 2535 5633 Heliodorus,
2553 5569 2826 5619 inconsulto
2839 5567 3008 5619 Gra=c0
3027 5578 3076 5619 te
3084 5567 3186 5627 x'tu,
3199 5567 3393 5631 fructus
3409 5567 3627 5633 Iuliorum

2044 5631 2144 5703 pro,
2169 5632 2352 5703 labores
2375 5631 2671 5703 ﬂuctuum,“
2688 5633 3045 5703 approbavcri‘t‘,
3077 5644 3302 5703 eamque
3316 5631 3472 5703 plagis
3494 5639 3628 5703 stare

2043 5687 2338 5746 sententiam
2371 5687 2569 5743 dixerit.
2615 5687 2971 5744 V’lde'Tractat.
2999 5687 3044 5739 iii
3077 5687 3255 5739 Psaln'i.
3285 5687 3550 5744 127.'num.
3576 5698 3626 5754 ι.

2046 5766 2097 5809 et
2115 5761 2161 5810 5.

2114 5825 2183 5888 (ρ)
2219 5815 2523 5874 Martianazus
2545 5821 2650 5884 post
2672 5813 2922 5868 Erasn'mm
2943 5811 3095 5865 Latini
3112 5813 3173 5866 de
3196 5822 3377 5868 Greco.
