4136 6332
477 326 578 387 ιει

479 459 774 505 cnumcri.
806 441 872 500 Et
899 437 1291 513 Symmachus,
1323 435 1628 506 Quintaque
1669 430 1849 488 Editio
1884 440 2059 486 trans-

479 543 754 607 tulerunt,
782 553 1025 592 manuum
1073 544 1312 602 tuarum,
1346 543 1407 589 ut
1435 527 1842 601 ambiguitatem
1867 521 2062 595 prioris

477 631 742 688 sermonis
767 630 1084 698 elfugerent.

551 724 605 782 6.
644 724 780 781 Cum
828 723 944 779 hzec
995 720 1222 786 furtivis,
1251 725 1310 775 ut
1361 716 1551 785 aiunt,
1582 712 1760 785 operis
1803 708 1870 766 ad
1914 707 2065 764 Iucu-

495 815 888 872 bratiunculam
913 814 1068 870 velox
1092 811 1282 868 notarii
1310 825 1498 866 manus
1523 823 1610 864 me
1631 805 1866 862 dictante
1886 801 2064 871 signa-

494 918 612 976 ret,
642 918 697 964 et
740 908 892 979 plura
931 906 1114 962 dicere
1153 904 1442 975 cogitarem
1467 943 1482 967 ,
1507 900 1616 970 jam
1659 897 1830 953 ferme
1873 898 2063 964 quarta

489 1005 659 1058 noctis
685 1003 814 1057 hora
839 1007 1166 1065 excesserat,
1182 1007 1238 1053 et
1258 1004 1480 1066 repente
1495 990 1726 1048 stimulis
1745 984 2062 1059 quibusdam

478 1098 708 1154 dolentis
735 1095 996 1152 stomachi
1024 1092 1312 1149 suscitatus
1334 1132 1349 1155 ,
1382 1091 1434 1145 iu
1461 1087 1760 1143 orationem
1808 1077 2024 1153 prorupi
2044 1117 2061 1145 ,

479 1201 535 1246 ut
562 1190 750 1245 saltem
773 1188 978 1258 reliquo
1003 1185 1257 1241 horarum
1282 1183 1480 1254 spatio,
1501 1179 1829 1250 subrepeute
1849 1185 2060 1240 somno,

478 1283 828 1340 frustraretur
855 1279 1155 1337 inﬁrmitas.

915 1389 1250 1448 EPISTULA
1287 1386 1486 1444 XXXV
1527 1386 1632 1459 (a).

833 1524 1023 1568 DLIASI
1056 1523 1205 1565 PAPB
1235 1522 1303 1562 AD
1340 1515 1708 1560 llllRONYIUI.

488 1651 894 1723 Hieronymum,
930 1647 1080 1719 cujus
1123 1645 1314 1716 scripta
1356 1642 1517 1697 multa
1563 1655 1618 1695 se
1660 1655 1776 1694 cum
1823 1635 2067 1692 aviditate

558 1746 724 1814 legere
750 1742 1032 1811 proﬁtetur,
1063 1738 1208 1794 enixe
1241 1735 1497 1791 Damasus
1540 1741 1719 1805 rogat,
1748 1741 1802 1786 ut
1830 1731 2070 1803 subjectis

569 1835 630 1890 V.
659 1835 1016 1906 questionibus
1041 1849 1104 1888 ea:
1132 1829 1300 1886 Veteri
1324 1827 1646 1884 Testamento
1673 1824 1994 1897 respondeat.

558 1948 915 2005 Dilectissimo
942 1947 1050 2002 lilio
1074 1945 1388 2001 lltzttortruo
1419 1944 1684 2000 Dussus.

564 2086 618 2142 1.
657 2103 676 2138 t
716 2085 1080 2142 Dormientem
1108 2093 1192 2148 te,
1217 2091 1273 2138 et
1298 2084 1456 2153 longo
1482 2082 1593 2152 jam
1621 2090 1862 2150 tempore
1886 2077 2070 2149 legen-

491 2187 600 2236 tem
645 2179 857 2248 potius,
884 2191 1042 2247 quam
1079 2175 1444 2240 scribentem,
1475 2172 1876 2244 qumstiunculis
1913 2169 1979 2224 ad
2021 2179 2075 2224 te

489 2272 668 2328 missis
696 2271 934 2328 excitare
957 2269 1035 2342 (b)
1061 2268 1299 2338 disposui
1325 2284 1338 2320 :
1363 2282 1472 2322 non
1512 2280 1620 2338 quo
1658 2275 1712 2320 et
1761 2265 1937 2334 legere
1966 2276 2073 2317 non

493 2367 730 2424 debeas:
756 2365 858 2421 hoc
905 2364 1052 2420 enim
1101 2363 1266 2418 veluti
1309 2360 1622 2434 quotidiano
1661 2360 1782 2414 cibo
1822 2358 1986 2412 alitur
2020 2363 2077 2411 et

493 2459 790 2532 pinguescit
815 2459 988 2513 oratio
1014 2474 1028 2510 :
1051 2456 1146 2513 sed
1174 2455 1315 2527 quod
1347 2455 1598 2512 lectionis
1619 2454 1824 2508 fructus
1852 2454 1922 2507 sit
1949 2451 2074 2520 iste,

491 2553 538 2610 si
563 2553 785 2608 scribas.
812 2551 990 2622 Itaque
1010 2549 1262 2619 quoniam
1285 2559 1340 2604 et
1363 2548 1434 2619 (ε)
1459 2546 1572 2602 heri
1599 2545 1881 2600 tabellario
1901 2543 1967 2598 ad
1992 2557 2078 2598 me

495 2647 752 2711 remisso,
767 2644 942 2698 nullas
993 2642 1151 2714 159
1201 2652 1254 2697 te
1267 2641 1375 2711 jam
1390 2637 1646 2710 epistolas
1661 2636 1858 2692 habere
1872 2635 2074 2702 dixisti,

495 2739 736 2811 exceptis
778 2739 880 2805 his,
925 2753 1057 2808 quas
1102 2734 1387 2806 aliquando
1434 2733 1488 2788 in
1535 2747 1720 2788 eremo
1753 2730 2077 2796 dictaveras,

494 2848 734 2906 quasque
753 2841 860 2887 tota
877 2829 1130 2885 aviditate
1150 2829 1250 2896 legi
1269 2837 1430 2897 atque
1452 2825 1712 2894 descripsi
1733 2839 1748 2879 :
1768 2823 1846 2894 (d)
1860 2833 1913 2878 et
1941 2822 2082 2877 ultro

498 2930 766 3002 pollicitus
805 2944 866 2984 es
909 2937 962 2983 te
1007 2926 1216 2980 furtivis
1266 2923 1504 2978 noctium
1549 2921 1729 2992 operis
1773 2920 2002 2988 aliquas,
2035 2917 2079 2974 si

496 3024 714 3090 vellem,
741 3036 898 3092 posse
925 3020 1162 3084 dictare;
1190 3017 1423 3072 libenter
1452 3014 1661 3084 accipio
1686 3013 1753 3068 ab
1781 3012 2076 3078 ollerente,

497 3116 641 3188 quod
686 3129 875 3186 rogare
914 3113 1188 3168 volueram
1216 3109 1288 3182 (e)
1319 3109 1480 3164 etiam
1508 3108 1551 3160 si
1585 3120 1856 3178 negasses.
1901 3103 2082 3174 Neque

499 3225 631 3266 vero
651 3208 812 3264 ullam
845 3217 970 3276 puto
997 3204 1296 3274 digniorem
1326 3199 1705 3272 disputationis
1733 3207 1929 3254 ηοδιτίε
1955 3213 2085 3253 cono

500 3300 882 3357 fabulationem
912 3297 1048 3362 fore,
1081 3311 1238 3366 quam
1267 3294 1311 3349 si
1339 3294 1407 3348 de
1437 3293 1730 3364 Scripturis
1754 3292 2085 3347 sermocine-

505 3411 627 3452 mur
647 3395 790 3449 inter
813 3407 910 3447 uos
935 3410 949 3447 :
974 3391 1026 3445 id
1051 3399 1154 3455 est,
1188 3399 1244 3444 ut
1267 3404 1365 3460 ego
1395 3389 1744 3460 interrogem,
1771 3399 1824 3443 tu
1852 3403 2084 3460 respon-

507 3485 662 3542 deas.
692 3483 804 3552 Qua
837 3483 941 3536 vita
975 3481 1102 3537 nihil
1130 3490 1258 3552 puto
1288 3481 1341 3536 in
1371 3479 1471 3534 hac
1500 3481 1616 3536 luce
1641 3480 1951 3550 jucundius,
1978 3495 2087 3553 quo

502 3579 698 3634 animae
728 3575 922 3647 pabulo
947 3573 1126 3630 omnia
1157 3573 1315 3630 mella
1345 3580 1684 3643 superantur.
1717 3591 1734 3626 ι
1774 3572 1938 3640 Quam
1969 3573 2089 3627 dul-

504 3675 606 3741 cia,
627 3671 798 3743 inquit
833 3668 1116 3738 Propheta,
1137 3666 1202 3739 (Ι)
1223 3667 1416 3739 gutturi
1437 3682 1546 3721 meo
1577 3666 1774 3737 eloquia
1800 3677 1908 3733 tua,
1935 3681 2089 3737 super

508 3767 610 3823 mel
637 3767 713 3821 ori
741 3779 850 3819 meo
878 3763 897 3834 (
928 3761 1018 3818 Ps.
1046 3762 1168 3816 118.
1194 3761 1298 3818 105
1326 3771 1364 3832 ).
1400 3779 1421 3814 ι
1455 3759 1586 3816 Nam
1615 3775 1734 3815 cum
1766 3761 1996 3828 idcirco,
2031 3771 2090 3816 ut

503 3861 578 3917 ait
605 3860 906 3932 praecipuus
931 3867 1136 3923 orator,
1171 3855 1417 3911 homines
1461 3871 1489 3909 a
1525 3855 1710 3911 bestiis
1739 3856 2048 3912 ditl‘eramus
2069 3897 2086 3924 ,

503 3955 645 4028 quod
675 3954 816 4025 loqui
847 3966 1133 4024 possumus
1159 3969 1173 4006 ε
1196 3966 1298 4022 qua
1332 3950 1488 4005 laude
1516 3950 1708 4021 dignus
1753 3960 1837 4006 est
1859 3993 1874 4018 ,
1903 3951 1993 4021 qui
2037 3951 2088 4006 itt

505 4063 566 4104 ea
597 4063 658 4104 re
685 4055 914 4103 cmteros
940 4054 1180 4115 superat,
1215 4043 1269 4098 in
1299 4057 1402 4114 qua
1432 4041 1684 4098 homines
1714 4043 1912 4100 bestias
1935 4051 2091 4098 aute-

506 4141 742 4198 cellunt?
771 4159 790 4192 ι

577 4233 625 4289 2.
663 4252 683 4288 ‹
717 4233 1009 4304 Accingere
1049 4230 1228 4302 igitur,
1270 4237 1324 4286 et
1359 4228 1490 4285 mihi
1525 4245 1643 4299 qure
1685 4229 1926 4301 subjecta
1965 4238 2091 4286 sunt

509 4327 752 4393 dissere,
786 4339 1008 4381 servans
1039 4323 1118 4397 (g)
1147 4324 1430 4394 utrobique
1459 4323 1844 4392 moderamen,
1891 4336 1951 4381 ut
1993 4341 2093 4382 nec

512 4421 782 4494 proposita
809 4417 1132 4474 solutionem
1164 4415 1508 4481 desiderent,
1539 4433 1639 4474 nec
1664 4419 1891 4489 epistola
1919 4419 2094 4476 brevi-

511 4527 694 4573 tatem.
723 4513 918 4571 Fateor
941 4512 1142 4584 quippe
1170 4510 1284 4576 tibi,
1318 4525 1414 4566 eos
1439 4527 1574 4582 quos
1603 4511 1730 4566 mihi
1769 4511 2090 4583 jampridem

511 4609 591 4683 (lt)
619 4606 880 4664 Lactantii
905 4604 1136 4661 dederas
1159 4602 1344 4670 libros,
1375 4602 1496 4658 ideo
1532 4617 1638 4657 non
1679 4603 1912 4660 libenter
1941 4605 2091 4676 lego,

513 4699 636 4771 quia
658 4707 714 4754 et
741 4697 981 4768 plurima!
1004 4693 1246 4766 epistola:
1272 4692 1390 4764 eius
1436 4693 1456 4766 (
1482 4693 1556 4749 al.
1583 4694 1781 4765 huius)
1821 4709 1989 4766 usque
2027 4696 2093 4752 ad

601 4911 652 4974 ο)
686 4913 893 4974 Quidam
928 4911 1042 4974 mss.
1067 4911 1230 4966 debui.

599 4972 647 5040 οἱ
681 4972 806 5040 Olim
831 4972 1019 5040 Etherio
1061 4973 1331 5040 tabellario,
1354 4986 1452 5036 quo
1473 4973 1616 5040 modo
1638 4987 1881 5040 nc‘unumi
1894 4977 2100 5040 quidem

511 5034 1092 5098 manuscriptumlegisse
1118 5034 1424 5093 invenimus;
1451 5035 1538 5084 sed
1560 5050 1668 5086 cttm
1686 5037 1844 5086 datam
1867 5034 2100 5092 Hieroso-

514 5102 657 5168 lymis
677 5096 802 5168 hanc
825 5096 1078 5168 epistolam
1099 5101 1186 5168 alis
1222 5101 1519 5168 Hieronymo
1544 5112 1605 5168 ex
1631 5111 1964 5168 praeconecpta
1990 5105 2099 5168 pa-

514 5160 639 5216 fouit
682 5161 744 5211 ad
767 5174 854 5230 an;
870 5161 977 5209 378.
1004 5160 1229 5230 opinione
1252 5160 1340 5230 sibi
1367 5160 1689 5230 persuasisset
1713 5160 1952 5214 Reatinus
1989 5166 2101 5230 Epi-

519 5238 710 5290 scopus,
735 5221 981 5272 conﬁctam
1005 5220 1266 5292 lectionem
1292 5221 1419 5291 tueri
1446 5223 1688 5283 impendio
1719 5232 1919 5276 conatus
1944 5220 2036 5280 est.

571 5288 660 5352 (ά)
683 5286 944 5352 Vaticanus
965 5289 1013 5352 et_
1033 5297 1147 5352 quia
1168 5284 1429 5352 _pollictt_u_s
1452 5295 1502 5333 es
1521 5295 1539 5352 ξ
1562 5284 1794 5352 idemque
1815 5287 1981 5352 [μινιίιὶ
2020 5305 2036 5341 r

1406 5303 1429 5332 δ
1452 5303 1502 5333 εδ
1521 5303 1539 5342 ,'
1563 5303 1794 5342 tuumque
1816 5303 1981 5342 Iurttt‘t
2020 5304 2103 5342 no-

581 5301 660 5352 ta)
692 5301 944 5356 vattcauus
965 5301 1010 5333 et
1033 5301 1147 5356 quia
1189 5301 1429 5343 potaculis
1452 5301 1502 5333 es
1521 5301 1539 5342 ,'
1562 5301 1794 5356 tutamque
1815 5301 1981 5358 [3mm
2020 5304 2098 5342 no-

513 5350 861 5463 :gigmwgpfbrg,
886 5345 1014 5410 quod
1033 5345 1113 5395 aln
1138 5345 1358 5412 plerique
1509 5347 1696 5408 furtivis
1718 5357 1927 5401 noctium
1949 5353 2098 5418 horis,

519 5423 600 5466 νει
625 5423 866 5466 οῃενιοηδ.

625 5424 866 5476 openous.

601 5477 650 5538 e)
685 5469 887 5538 Victorii
913 5469 1115 5538 codices
1137 5473 1367 5522 omittunt
1391 5468 1554 5520 etiam.

601 5477 650 5538 e)
685 5477 887 5524 Victorii
913 5477 1115 5521 Codices
1137 5477 1367 5522 omittunt
1391 5477 1554 5520 etiam.

579 5477 652 5602 In
688 5535 782 5585 Alii
816 5533 930 5584 Mss.
951 5532 1153 5602 _iuve_rso
1176 5545 1437 5602 papumpcr
1481 5535 1669 5596 ordine,
1704 5551 1891 5601 «super
1928 5540 2026 5591 mel
2053 5551 2105 5594 ei,

515 5593 675 5651 favum
693 5602 762 5648 ori
790 5609 902 5646 meo
919 5593 1110 5657 eloquia
1136 5593 1214 5645 tua
1238 5595 1462 5646 Domine.
1488 5611 1512 5641 ι

515 5667 538 5726 ξ
581 5664 654 5726 (g)
687 5661 952 5726 Vaticanus
968 5663 1236 5726 utrumque,
1262 5666 1314 5708 et
1332 5671 1444 5707 mox
1470 5657 1706 5724 Epistola’,
1733 5671 1787 5714 ut
1807 5669 1858 5713 et
1880 5663 1960 5713 alii
1986 5665 2102 5717 Mss.

518 5719 698 5775 habent
725 5738 810 5785 pro
834 5719 1054 5784 Epistula.

583 5785 660 5855 (lt)
695 5781 829 5834 Idem
853 5781 1110 5856 Yaticauus
1131 5783 1366 5834 mendose
1384 5781 1632 5848 lectitattti,
1653 5795 1704 5839 et
1725 5788 1865 5852 paulo
1890 5798 1995 5856 post
2021 5805 2106 5854 pro

520 5846 670 5914 ’"W‘
692 5846 1298 5915 ““llll’lettilejusneque.
1619 5846 1625 5848 -
1725 5846 1739 5852 -
1891 5846 1902 5854 .
1956 5855 1960 5858 η

597 4868 627 4903 a
684 4849 812 4901 Alias
830 4849 936 4900 124.
961 4847 1148 4912 scripta
1167 4859 1296 4901 anno
1311 4848 1421 4899 584.

601 4915 629 4966 ο
686 4913 893 4974 Quidam
928 4911 1042 4961 Mss.
1067 4911 1230 4966 debui,

573 4853 652 5040 3c}
681 4975 806 5040 Olim
831 4972 1019 5040 Etherio
1061 4973 1331 5040 tabellario,
1354 4986 1420 5036 qu

1767 305 2010 371 SANC'I'I
2051 299 2427 365 HlERONYMI

3648 300 3759 364 452

2167 423 2314 478 mille
2355 421 2527 491 spatia
2572 433 2828 478 versuum
2867 418 3184 488 tenduntur,
3208 426 3262 477 et
3301 434 3426 478 raro
3465 419 3533 478 de
3570 432 3758 480 nostro

2167 515 2417 586 dogmate
2457 514 2899 588 disputant:quo
2937 516 3016 583 lit,
3042 526 3098 571 ut
3138 526 3193 571 et
3241 515 3436 585 legenti
3483 515 3757 571 fastidium

2166 616 2388 681 generet
2414 608 2690 679 longitudo
2717 627 2730 664 :
2755 617 2810 664 et
2836 609 2881 664 si
2904 624 3008 679 qua
3036 607 3218 664 brevia
3243 615 3390 672 sunt,
3414 607 3758 663 scholasticis

2169 702 2337 772 magis
2363 701 2470 756 sint
2501 711 2622 773 apta
2645 743 2659 768 ,
2685 718 2844 773 quam
2870 703 3026 757 nobis
3046 744 3060 767 ,
3091 703 3159 758 de
3183 703 3370 758 metris
3394 711 3451 758 et
3475 706 3758 774 regionum

2169 795 2272 851 situ
2294 805 2346 852 et
2378 795 2714 866 philosophis
2743 797 2811 867 (ί)
2841 797 3198 866 disputantia.

2242 891 2293 944 1.
2328 908 2348 942 ‹
2381 889 2518 958 Quid
2549 891 2648 946 sibi
2677 891 2792 946 vult
2832 891 2974 962 quod
3020 892 3071 946 in
3113 891 3312 948 Genesi
3343 891 3604 963 scriptum
3634 899 3754 950 est:

2173 981 2350 1039 Omnis
2371 985 2456 1052 qui
2497 985 2734 1040 occiderit
2759 983 2908 1054 Cain,
2949 994 3140 1054 septem
3165 986 3412 1042 vindictas
3440 987 3702 1042 exsolvet?
3731 1006 3752 1042 ι

2173 1075 2326 1150 (Gen.
2355 1078 2406 1133 4.
2434 1078 2552 1147 15.)

2239 1168 2296 1223 2.
2332 1187 2351 1221 ι
2385 1169 2439 1226 Si
2481 1168 2660 1225 omnia
2709 1169 2850 1226 Deus
2904 1170 2974 1243 (j)
3024 1167 3153 1227 fecit
3203 1170 3339 1226 bona
3372 1171 3564 1237 valde,
3594 1187 3762 1240 quare

2169 1259 2283 1318 Noe
2327 1261 2395 1318 de
2437 1263 2651 1318 mundis
2689 1273 2744 1318 et
2788 1262 3081 1319 immundis
3119 1263 3440 1320 animalibus
3481 1268 3760 1335 praecepit,

2171 1368 2292 1409 cum
2353 1353 2685 1410 immundum
2735 1354 2864 1410 nihil
2920 1356 3121 1412 bonum
3164 1372 3284 1414 esse
3335 1358 3538 1428 possit?
3579 1359 3644 1412 Et
3705 1357 3759 1411 in

2172 1460 2313 1502 novo
2351 1445 2700 1503 Testamento
2744 1457 2867 1519 post
2913 1449 3178 1504 visionem
3201 1492 3216 1513 ,
3245 1466 3364 1520 qua:
3398 1450 3558 1504 Petro
3589 1450 3762 1506 fuerat

2171 1548 2385 1595 ostensa
2417 1540 2615 1596 dicenti
2643 1558 2656 1593 :
2680 1541 2840 1607 Absit,
2877 1541 3112 1606 Domine,
3139 1559 3171 1596 a
3214 1559 3314 1608 me,
3345 1543 3585 1614 quoniaut
3624 1559 3760 1597 com-

2173 1648 2345 1700 mune,
2388 1643 2436 1688 et
2476 1633 2793 1687 immundum
2836 1650 3094 1705 nunquam
3141 1635 3368 1688 introivit
3401 1635 3455 1688 in
3486 1651 3542 1688 os
3570 1651 3754 1701 meum,

2174 1739 2276 1780 vox
2319 1724 2388 1780 (Ie
2421 1725 2560 1782 ccelo
2586 1725 2963 1796 responderit:
2994 1727 3148 1794 Quod
3191 1725 3329 1782 Deus
3372 1727 3663 1794 inundavit,
3706 1737 3760 1782 tu

2175 1833 2435 1873 commune
2463 1834 2524 1872 ue
2550 1818 2775 1872 dixeris?
2808 1836 2826 1870 s
2854 1819 2990 1886 (Act.
3020 1818 3106 1874 10.
3143 1819 3209 1874 14
3235 1830 3280 1872 et
3317 1819 3430 1890 l5.)
3813 1813 3816 1816 ’

2246 1909 2299 1964 5.
2335 1927 2352 1961 t
2383 1909 2491 1964 Cur
2522 1909 2662 1963 Deus
2692 1910 2927 1980 loquitur
2953 1910 3017 1964 ad
3047 1911 3354 1977 Abraham,
3388 1911 3531 1982 quod
3574 1920 3758 1982 quarta

2177 2000 2432 2072 progenie
2486 2001 2576 2054 lilii
2635 2000 2797 2056 Israel
2845 2010 3029 2056 essent
3075 2001 3150 2072 (It)
3186 2003 3250 2058 de
3295 2002 3528 2074 IEgypto
3609 2004 3762 2076 160

2178 2091 2464 2157 reversuri,
2509 2098 2565 2146 et
2615 2103 2797 2162 postea
2827 2091 3040 2164 Moyses
3083 2094 3264 2148 scribit
3296 2114 3314 2148 ι
3341 2117 3355 2147 :
3381 2097 3571 2162 Quinta
3595 2107 3759 2148 auletlt

2181 2185 2421 2256 progenie
2447 2185 2680 2240 exierunt
2709 2186 2807 2255 lilii
2850 2183 3017 2240 Israel
3043 2188 3108 2242 de
3133 2197 3268 2241 terra
3295 2184 3514 2259 Egypti
3544 2187 3563 2259 (
3586 2185 3757 2242 Exod.

2181 2278 2268 2333 15.
2303 2279 2390 2333 18.
2425 2278 2570 2344 iuxta
2587 2277 2760 2351 LXX)
2789 2298 2802 2334 :
2836 2300 2855 2334 ι
2887 2279 3030 2351 quod
3079 2281 3262 2352 utique
3301 2281 3402 2336 nisi
3445 2289 3759 2353 exponutur,

2180 2369 2392 2426 videtur
2419 2386 2540 2428 esse
2557 2373 2905 2436 contrarium.
2947 2391 2968 2425 ι

2251 2465 2306 2520 4.
2343 2483 2362 2517 ι
2391 2465 2500 2521 Cur
2529 2467 2798 2521 Abraham
2830 2466 2953 2522 fidei
2991 2481 3102 2523 sua:
3133 2466 3344 2540 signum
3390 2468 3444 2524 in
3485 2467 3764 2525 circumci-

2183 2556 2335 2612 sione
2361 2558 2642 2628 suscepit.
2661 2576 2680 2611 ι

2254 2651 2307 2707 5.
2345 2669 2365 2702 ί
2394 2652 2500 2708 Cur
2529 2653 2678 2708 Isaac
2704 2653 2787 2708 vir
2810 2652 3008 2723 justus,
3033 2663 3086 2709 et
3112 2653 3222 2710 Deo
3247 2669 3422 2715 carus.
3449 2670 3554 2709 non
3582 2655 3652 2709 illi
3680 2655 3767 2712 cui

2184 2745 2372 2815 voluit,
2403 2746 2496 2802 sed
2525 2746 2611 2804 cui
2643 2747 2814 2802 noluit
2843 2746 3102 2818 deceptus
3124 2763 3328 2814 errore,
3354 2747 3663 2805 benedixit?
3695 2765 3716 2802 s

2622 2859 2955 2917 EPISTOLA
2999 2861 3217 2917 xxxw
3256 2862 3343 2933 (ι).

2753 2973 2859 3030 Scu
2885 2977 3201 3046 rescriptum
3250 2965 3257 2968 ’

2641 3124 2833 3166 111211οΝ
2844 3125 2930 3165 “II
2961 3126 3027 3166 AD
3056 3125 3302 3167 DAIASUI

2192 3223 2471 3282 Prtemissa
2498 3227 2823 3281 excusatione
2855 3244 3113 3281 utorarum
3135 3270 3150 3294 ,
3183 3244 3241 3281 ac
3273 3227 3623 3297 prwtermissis
3663 3237 3774 3283 tau-

2266 3329 2372 3374 tum
2401 3321 2596 3375 duabus
2627 3320 3049 3388 Qua'stiuuculis,
3075 3323 3293 3376 secunda
3321 3332 3364 3374 et
3394 3331 3572 3392 quarta
3594 3339 3624 3375 a
3653 3320 3774 3376 Ter-

2267 3415 2506 3480 tulliano,
2542 3411 2834 3468 Novatiauo
2856 3457 2871 3481 ,
2901 3431 2963 3468 ac
2994 3413 3213 3486 Origene
3238 3414 3528 3485 disputatis,
3563 3415 3776 3486 reliquis

2266 3508 2425 3562 tribus
2455 3508 2658 3576 capiose
2681 3506 2970 3577 respondet.

2407 3618 2723 3676 Beatissimo
2749 3619 2906 3691 Papa:
2939 3620 3166 3675 Damaso
3192 3618 3539 3674 IIIERONYIUS.

2268 3740 2322 3794 1.
2343 3738 2631 3808 Postquam
2656 3736 2936 3808 epistolam
2955 3745 3058 3792 tua:
3075 3736 3380 3793 Sanetitatis
3410 3735 3614 3806 accepi,
3647 3750 3776 3792 con-

2195 3832 2371 3888 festim
2420 3831 2594 3885 accito
2644 3830 2891 3894 notario,
2919 3839 2976 3884 ut
3023 3830 3294 3900 exciperet
3338 3828 3638 3899 imperati:
3672 3842 3777 3900 quo

2197 3925 2262 3980 ad
2289 3923 2526 3979 ofﬁcium
2559 3930 2880 3992 praeparato,
2911 3922 3051 3992 quod
3081 3937 3227 3977 eram
3254 3937 3385 3977 voce
3414 3932 3776 3993 prompturus,

2199 4027 2324 4074 ante
2361 4015 2490 4071 mihi
2527 4015 2856 4086 cogitatione
2887 4015 3193 4085 pingebant.
3221 4014 3434 4070 Interim
3463 4014 3574 4085 jam
3598 4023 3660 4076 .et
3683 4031 3782 4086 ego

2199 4109 2432 4181 linguam
2457 4149 2470 4172 ,
2499 4117 2552 4163 et
2581 4107 2672 4162 ille
2700 4105 2984 4161 articulum
3032 4106 3378 4162 movebamus
3397 4149 3411 4173 ,
3439 4121 3560 4163 cum
3607 4107 3786 4163 subito

2201 4200 2459 4258 Hebraeus
2488 4199 2584 4273 (m)
2609 4199 2915 4268 intervenit,
2948 4197 3196 4256 deferens
3231 4215 3335 4254 non
3359 4215 3524 4271 pauca
3559 4201 3788 4255 volumi-

2203 4310 2268 4350 na
2291 4335 2308 4362 ,
2338 4310 2458 4365 qua:
2493 4294 2560 4348 de
2599 4295 2877 4366 Synagoga
2904 4295 3054 4365 quasi
3089 4294 3327 4350 lecturus
3367 4303 3689 4375 accepcr:tt._
3720 4293 3782 4349 Et

2204 4391 2349 4447 illico
2393 4389 2560 4446 habes
2583 4431 2600 4456 ,
2630 4390 2838 4459 inquit,
2871 4390 3012 4461 quod
3045 4391 3410 4460 pustulaveras
3435 4409 3447 4446 :
3476 4407 3664 4462 meque
3689 4390 3781 4446 du-

2203 4483 2373 4549 bium,
2397 4489 2451 4537 et
2476 4481 2604 4552 quid
2632 4482 2861 4537 facerem
2887 4483 3240 4547 nescientem,
3273 4482 3342 4536 ita
3372 4481 3598 4538 festinus
3620 4491 3783 4538 exter-

2205 4575 2347 4641 ruit,
2375 4583 2434 4629 ut
2460 4573 2710 4629 omnibus
2739 4573 3114 4644 prmtermissis
3142 4572 3210 4628 ad
3236 4574 3577 4629 scribendum
3612 4585 3784 4630 trans-

2206 4667 2444 4724 volarem
2489 4685 2502 4722 :
2543 4665 2686 4738 quod
2740 4666 2953 4737 quidem
3012 4680 3181 4738 usque
3238 4666 3304 4721 ad
3349 4682 3585 4737 praesens
3630 4665 3785 4722 facio.

2209 4761 2408 4817 Verum
2433 4762 2559 4832 quia
2589 4759 2670 4834 (η)
2697 4759 2814 4815 heri
2839 4759 3066 4816 diacono
3093 4760 3158 4816 ad
3197 4777 3282 4816 me
3310 4763 3495 4830 misso,
3529 4771 3585 4818 ut
3615 4771 3666 4816 tu
3695 4779 3788 4833 pu-

2210 4863 2290 4909 tas
2313 4853 2609 4923 Epistolam
2631 4895 2646 4919 ,
2677 4862 2733 4907 ut
2757 4867 2857 4922 ego
2878 4853 3051 4908 sentio
3070 4892 3084 4916 ,
3109 4852 3566 4909 Commentarium
3612 4864 3662 4910 te
3702 4869 3793 4910 ex-

2207 4955 2424 5018 pectare
2451 4945 2667 5012 dixisti,
2706 4944 2924 5001 brevem
2952 4946 3359 5014 responsionem
3385 4947 3452 5001 ad
3491 4963 3552 5003 ea
3579 4947 3780 5006 deside

2272 5102 2334 5168 (ἱ)
2366 5103 2474 5175 Non
2499 5103 2637 5166 pauci
2662 5101 2809 5154 Codd.
2832 5101 3260 5175 disptttaudismlii‘
3278 5103 3794 5175 disputtmlibusmund

2209 5167 2267 5216 ad
2283 5164 2599 5231 superiorem
2623 5178 2792 5214 vocem
2836 5164 3139 5231 Scholasticis
3177 5164 3367 5217 referri
3394 5178 3575 5231 potest.
3611 5164 3712 5220 Sed
3745 5178 3796 5222 et

2207 5228 2363 5294 supra
2377 5228 2457 5292 plu
2464 5229 2635 5294 rituum
2657 5234 2856 5294 veteres
2873 5228 3168 5294 membranae
3184 5239 3388 5290 vertant,
3399 5228 3516 5282 dum
3533 5246 3621 5294 pro
3630 5234 3797 5284 metris

2209 5288 2318 5340 alia:
2341 5288 2532 5349 muniis,
2557 5289 2666 5339 alia;
2688 5288 2873 5340 meritis
2895 5289 3096 5340 habent.

2273 5353 2337 5415 (j)
2373 5353 2634 5422 Vaticanus
2673 5349 2806 5422 facit,
2834 5359 2890 5422 et
2911 5350 3052 5422 paulo
3075 5352 3196 5404 infra
3236 5355 3282 5404 in
3317 5356 3406 5405 hac
3445 5355 3618 5406 eadem
3661 5369 3799 5420 qua:-

2208 5413 2368 5476 stione
2389 5413 2598 5476 introivit
2621 5413 2708 5476 pro
2729 5413 2957 5476 introibit.

2297 5475 2348 5538 It)
2381 5475 2720 5538 Cisterciensis
2739 5475 2851 5538 olim
2874 5475 3240 5529 Nouautulanus
3257 5478 3405 5530 habet
3427 5480 3627 5531 exituri.

2297 5537 2337 5601 ι)
2374 5537 2519 5602 Alias.
2549 5538 2639 5602 1915
2663 5537 2850 5602 scripta
2875 5542 3027 5602 altero
3050 5540 3484 5602 p05l48ttpet'im't’m
3507 5543 3602 5594 die.

2275 5598 2366 5674 (ut)
2402 5599 2538 5648 Idem
2585 5598 2897 5649 Cistercieus.
2933 5600 3022 5648 Ms.
3050 5598 3092 5646 ἀ
3133 5598 3376 5652 Hebraeus
3414 5607 3608 5668 quidam
3647 5608 3796 5657 inter-

2212 5673 2361 5714 venit.
2387 5679 2409 5706 ‘I

2274 5727 2350 5787 (η)
2383 5724 2518 5787 Idem
2543 5735 2712 5787 rursus
2732 5722 2837 5772 lteri
2854 5737 2884 5771 a
2905 5723 3112 5775 Diacouo
3139 5739 3156 5775 :
3180 5726 3335 5775 Vatic.
3375 5729 3486 5778 595.
3507 5729 3614 5780 lteri
3636 5729 3800 5781 ure/tt-

2212 5784 2706 5859 diurouo._Victorius
2729 5798 2846 5859 vero
2869 5799 2934 5859 ex
2960 5800 3293 5859 |;t';ccottcet.)ta
3313 5792 3544 5859 opinione
3567 5807 3712 5859 quam
3751 5807 3799 5847 tn

2212 5847 2450 5914 superiori
2478 5847 2682 5910 epistola
2708 5847 3026 5909 cxplodimus,
3051 5847 3242 5903 suum
3271 5847 3494 5906 υἰεὶιόηο.
