4136 6332
304 401 405 457 455

302 533 441 583 rans,
471 531 590 588 qua:
620 515 828 593 singula
856 528 1164 586 magnorum
1189 512 1520 569 voluminum
1549 511 1627 584 (a)
1655 510 1878 582 prolixi-

300 620 408 667 tate
433 609 692 681 indigent,
715 615 868 664 ταῦτὰ
883 631 957 663 σοι
985 612 1256 678 laxatam,
1272 607 1480 662 duabus
1501 614 1704 660 tantum
1727 603 1878 672 Qua:-

298 701 577 755 stiuneulis
602 699 1020 770 praetermissis:
1047 713 1152 752 non
1197 712 1303 768 quo
1343 709 1450 752 non
1501 697 1765 768 potuerim
1807 693 1876 748 ad

299 794 412 849 illas
437 791 640 863 aliquid
664 792 1015 864 respondere,
1043 791 1137 847 sed
1163 792 1303 863 quod
1333 792 1402 846 ab
1423 788 1876 860 eloquentissimis

298 885 446 950 viris,
487 883 824 939 Tertulliano
863 883 939 954 (b)
984 892 1170 939 nostro
1193 883 1427 947 scilicet,
1460 890 1514 938 ct
1540 881 1871 943 Novatiauo,

297 976 462 1032 lalino
508 991 757 1032 sermone
799 975 907 1030 sint
952 974 1140 1042 editae;
1168 984 1222 1030 et
1265 976 1308 1030 si
1358 988 1494 1029 nova
1543 972 1872 1028 voluerimus

242 1130 258 1139 κ
296 1069 505 1129 afferre.
532 1067 605 1122 sit
625 1068 781 1122 latius
801 1067 1198 1136 disputandum.
1279 1066 1431 1138 161
1505 1064 1664 1119 Certe
1684 1076 1874 1132 exspe-

294 1168 379 1214 cto
399 1159 523 1230 quid
549 1159 755 1230 placeat
773 1176 787 1213 :
803 1167 1052 1214 utrumne
1077 1158 1349 1228 epistolari
1374 1157 1633 1212 brevitate
1657 1162 1873 1210 senten-

295 1251 392 1304 tias
409 1249 500 1304 tibi
527 1250 660 1305 velis
683 1251 849 1322 digeri
868 1260 958 1304 attt
974 1249 1302 1320 singulorum
1327 1249 1491 1304 libros
1507 1247 1715 1303 confici.
1736 1246 1868 1301 Nam

291 1353 345 1396 rt
371 1342 629 1413 Origenes
653 1344 706 1397 in
731 1353 920 1413 quarto
950 1342 1095 1396 Pauli
1123 1341 1188 1397 ad
1212 1343 1479 1396 Romanos
1509 1340 1582 1412 (c)
1613 1347 1872 1408 ιξηγήσεων

291 1443 434 1487 tmno
472 1433 540 1489 de
579 1434 988 1490 circumcisione
1023 1433 1300 1505 magnifice
1333 1434 1621 1504 disputavit
1651 1449 1666 1489 :
1698 1441 1753 1488 et
1790 1430 1860 1486 de

289 1523 500 1579 mundis
525 1534 682 1595 atque
711 1525 998 1580 immundis
1027 1526 1342 1580 animalibus
1367 1526 1418 1580 in
1451 1524 1688 1581 Levitico
1718 1525 1866 1596 plura

288 1614 576 1670 disseruit:
600 1627 658 1672 ut
686 1619 730 1672 si
763 1619 876 1688 ipse
920 1617 1157 1673 invenire
1199 1617 1326 1672 nihil
1373 1633 1584 1689 possem
1605 1660 1618 1682 ,
1649 1618 1718 1674 de
1752 1619 1868 1689 ejus

290 1715 462 1760 tamen
490 1706 720 1763 fontibus
748 1717 1038 1762 mutuarer.
1070 1709 1133 1764 Et
1164 1717 1219 1764 ut
1248 1710 1424 1765 verius
1455 1711 1673 1780 loquar,
1709 1711 1871 1782 Didy-

289 1797 357 1848 mi
385 1795 451 1850 de
478 1795 677 1866 Spiritu
705 1808 888 1853 sancto
919 1799 1110 1854 librum
1142 1800 1192 1854 iu
1225 1801 1467 1856 manibus
1496 1800 1684 1866 habeo,
1707 1818 1866 1873 quem

287 1889 594 1943 translatum
621 1890 712 1944 tibi
741 1891 897 1960 cupio
924 1890 1172 1946 dedicare
1200 1909 1213 1946 :
1245 1907 1312 1946 ne
1339 1908 1425 1947 me
1451 1894 1722 1949 existimes
1751 1903 1868 1950 tan-

288 1981 560 2036 tummodo
581 1980 890 2051 dormitare,
915 1985 1003 2054 qui
1035 1983 1316 2040 lectionem
1339 1985 1455 2041 sine
1475 1986 1598 2042 stilo
1619 2001 1864 2043 somnum

287 2082 457 2141 putas.
491 2075 750 2130 Anteialis
785 2076 960 2145 itaque
991 2075 1443 2146 problematibus,
1474 2091 1595 2147 quae
1624 2079 1866 2148 epistola:

285 2173 388 2220 tute.
417 2165 742 2236 subjeceras,
771 2167 894 2238 quid
925 2167 1053 2222 mihi
1081 2167 1355 2223 videretur
1381 2170 1632 2234 anuexui,
1653 2171 1863 2225 veniam

286 2259 577 2327 postulans,
609 2267 666 2314 et
694 2259 1047 2314 feStinationis
1072 2260 1275 2330 pariter
1299 2266 1353 2314 et
1379 2273 1649 2314 morarum
1675 2275 1688 2313 :
1719 2259 1865 2314 festi-

284 2351 510 2406 nationis
534 2393 550 2418 ,
579 2351 700 2420 quia
727 2350 792 2406 ad
821 2365 978 2405 unam
1009 2349 1521 2405 lucubratiunculam
1551 2348 1753 2405 dictare
1781 2348 1858 2420 (ά)

285 2443 537 2498 Voluerim
568 2442 857 2497 multorum
885 2455 1020 2510 Opus
1039 2441 1277 2506 dierum;
1304 2439 1588 2508 tarditatis,
1612 2441 1734 2512 quia
1757 2439 1863 2496 alio

280 2551 442 2606 opere
471 2535 741 2602 detentus,
771 2547 875 2589 non
900 2534 1078 2588 statim
1110 2532 1175 2587 ad
1207 2532 1524 2624 interrogaja
1558 2534 1824 2605 rescripsi.

277 2655 328 2709 2.
360 2653 501 2720 Quid
527 2652 622 2707 sibi
652 2653 758 2707 vult
781 2653 915 2722 quod
953 2652 1005 2706 in
1045 2650 1226 2707 Genesi
1267 2653 1513 2722 scriptum
1541 2662 1614 2708 est
1636 2670 1655 2709 :
1675 2653 1862 2710 Omnis

346 2747 438 2816 qui
487 2744 750 2802 occiderit
779 2745 909 2800 Cain
929 2785 944 2810 ,
975 2755 1181 2816 septem
1210 2741 1470 2800 vindictas
1510 2744 1788 2802 exsolvet?

347 2859 649 2923 Antequam
683 2855 751 2910 de
779 2855 1084 2922 Quaestione
1111 2855 1352 2912 dicamus
1372 2895 1388 2922 ,
1418 2865 1622 2922 rectum
1650 2857 1860 2915 videtur

280 2958 337 3005 ut
381 2949 648 3005 editiones
679 2949 1030 3016 interpretum
1076 2947 1405 3018 singulorum
1455 2965 1574 3005 cum
1604 2951 1720 3020 ipso
1747 2951 1857 3007 He-

281 3044 457 3100 braico
485 3043 556 3112 (e)
586 3040 927 3097 conferentes
957 3056 1226 3108 sermone,
1258 3041 1581 3112 digeramus,
1604 3059 1710 3114 quo
1730 3043 1860 3100 faci-

285 3135 382 3188 lius
424 3134 720 3203 Scriptura
764 3146 953 3189 sensus
1004 3133 1174 3203 possit
1219 3134 1461 3203 intelligi.
1504 3135 1748 3192 VAIOIER
1791 3154 1858 3194 ιο

283 3242 467 3283 ΑΜΝΑΙ
507 3241 715 3283 ιοοιιεη
753 3234 890 3280 01101.
926 3240 1063 3280 οιιεο
1116 3241 1237 3282 ϐΔΙΝ
1273 3241 1567 3283 εοΒΑτιιΑιι
1603 3245 1854 3287 JOCCAIO.

282 3319 488 3388 Aquila.
523 3339 543 3370 ι
581 3317 652 3373 Ει
680 3317 816 3372 dixit
844 3317 893 3372 ei
923 3317 1181 3372 Dominus
1206 3337 1220 3372 :
1244 3318 1531 3389 Propterea
1564 3324 1738 3376 omnis
1766 3323 1855 3392 qui

282 3410 529 3467 occiderit
554 3409 706 3474 Cain,
733 3407 1153 3478 septempliciter
1174 3408 1542 3466 ulcisceretur.
1571 3430 1591 3463 ι
1613 3411 1858 3484 Symma-

282 3503 410 3558 chus
441 3521 455 3557 :
490 3520 509 3554 ο
545 3502 614 3556 Et
658 3500 795 3556 dixit
840 3501 890 3555 ei
941 3501 1195 3556 Dominus
1223 3518 1237 3554 :
1264 3501 1381 3558 Non
1419 3502 1516 3568 sic,
1558 3503 1654 3560 sed
1682 3507 1857 3562 omnis

281 3593 367 3660 qui
391 3590 652 3646 occiderit
679 3590 833 3655 Cain,
864 3590 934 3662 (ι’)
966 3590 1277 3658 hebdomas,
1308 3594 1420 3648 sive
1447 3595 1706 3664 septimus
1740 3599 1858 3656 vin-

283 3683 558 3739 dicabitur.
597 3701 618 3736 ι
663 3682 1010 3753 Septuaginta
1058 3692 1113 3738 et
1160 3683 1457 3740 Theodotio
1487 3704 1500 3739 :
1531 3688 1596 3741 Et
1630 3687 1762 3743 dixit
1807 3691 1856 3744 ei

284 3777 535 3831 Dominus
565 3795 578 3830 :
617 3794 636 3828 ι
672 3775 787 3832 Non
835 3776 935 3840 sic,
964 3774 1058 3830 sed
1101 3773 1276 3830 omnis
1309 3776 1396 3845 qui
1425 3777 1680 3834 occiderit
1704 3781 1853 3848 Cain,

282 3875 486 3939 septem
516 3866 779 3922 vindictas
821 3866 1085 3921 exsolvet.
1122 3883 1141 3916 ι
1175 3864 1458 3934 Postquam
1490 3867 1620 3922 Cain
1648 3872 1858 3926 occide-

282 3969 364 4015 rat
405 3959 645 4026 fratrem,
680 3960 1036 4028 interrogatus
1060 3972 1088 4011 a
1117 3958 1344 4013 Domino
1376 3976 1390 4014 :
1423 3976 1442 4011 ς
1477 3959 1577 4016 Ubi
1617 3970 1699 4017 est
1722 3963 1855 4018 Abel

282 4051 443 4108 frater
492 4051 658 4107 tuus?
712 4070 731 4104 ι
765 4051 1154 4106 contumeliose
1201 4050 1512 4121 respondit,
1565 4071 1584 4106 ι
1617 4052 1856 4113 Nescio:

339 4210 412 4272 (a)
445 4207 628 4258 Vocem
656 4206 930 4272 prolixitatis
953 4208 1144 4272 ignorat
1162 4206 1318 4258 Vatic.
1336 4206 1489 4272 liber;
1513 4222 1670 4272 grvem
1693 4217 1856 4264 autem

279 4268 445 4335 verba,
469 4282 580 4335 quis
627 4268 804 4332 séepius
840 4269 952 4319 Mss.
976 4268 1266 4332 'depravaut
1287 4308 1301 4328 ,
1348 4268 1499 4320 latine
1518 4268 1853 4335 'signiiicant,

287 4351 309 4380 ι
331 4333 433 4382 hec
450 4334 534 4381 tibi
547 4344 617 4393 ex
643 4337 863 4393 tempore
886 4338 1237 4380 commentatus
1258 4344 1381 4381 sum.
1395 4347 1418 4377 ι

342 4395 413 4457 (ο)
438 4394 494 4444 in
517 4392 671 4443 Vatic.
703 4392 792 4442 his.
818 4393 1019 4457 aliisque
1049 4393 1398 4457 antiquioribus
1431 4393 1740 4445 desideratur
1769 4409 1855 4446 uo-

279 4453 402 4519 stre,
414 4468 512 4518 quo
548 4458 833 4519 nomineex
877 4453 1179 4518 Hieronymi
1200 4467 1350 4504 sensu
1382 4469 1440 4505 ac
1462 4457 1623 4519 pbrasi
1654 4459 1722 4507 nil
1763 4461 1855 4509 nisi

279 4515 455 4566 latinus
467 4523 637 4565 auctor
658 4515 960 4576 designatur.

340 4579 411 4640 (τε)
447 4578 666 4629 Graecam
707 4574 874 4640 vocem
916 4588 1108 4638 ιξηγςισων
1126 4615 1139 4636 ,
1176 4589 1289 4640 qua:
1310 4574 1462 4628 latine
1498 4580 1851 4640 enat-rationes,

278 4637 787 4706 sive'conungutarias
831 4637 989 4706 sonat,
1010 4637 1106 4689 duo
1147 4637 1311 4704 probae
1351 4648 1479 4692 notae
1522 4640 1637 4691 Mss.
1663 4637 1859 4706 penitus

279 4702 517 4764 ignorant,
542 4699 624 4749 alii
647 4711 854 4764 ιξητηταων
870 4698 1058 4764 legunt.

364 4764 420 4824 α)
454 4763 631 4812 Vatic.:
667 4761 903 4810 «Dictare
927 4761 1055 4811 volui
1076 4774 1182 4811 rem
1204 4762 1448 4813 dierum.»

361 4823 408 4886 ιν)
443 4823 880 4888 Εχρυηειεῠείιιιθ
895 4836 1070 4872 sensus
1087 4824 1342 4885 dispendio
1365 4825 1616 4888 commode
1659 4836 1858 4888 possunt

277 4883 550 4949 duae'voces
573 4883 866 4949 coitferenies
888 4897 1122 4949 sermone,
1147 4883 1278 4949 quas
1293 4893 1376 4935 aut
1399 4883 1560 4936 nullus
1581 4883 1859 4949 aut'receu-

278 4951 371 4996 tior
385 4947 561 5019 aliquis
582 4945 672 5017 Ms}
697 4953 882 5019 tantum
903 4948 1135 5019 agnoscit.
1162 4945 1214 4994 in
1240 4945 1594 5019 Yaticsautem.
1613 4948 1860 5019 desidera-

280 5017 356 5058 tur
380 5007 544 5071 etiam
565 5007 826 5071 Scriptura:
855 5007 1036 5066 seruus,
1076 5007 1290 5071 et_paulo
1313 5015 1420 5071 post
1441 5009 1658 5059 sobotltai
1680 5009 1860 5071 legitur

279 5084 364 5132 pro
386 5068 678 5132 sobathuim.
698 5070 756 5132 lu
789 5071 1092 5118 Ambrosiau.
1118 5069 1203 5132 P._
1217 5068 1278 5116 60
1307 5070 1641 5132 antiquissimo
1655 5068 1857 5132 tacitem,

281 5130 332 5181 et
347 5130 643 5196 Sapftutaim.
669 5131 778 5180 Vid.
808 5132 1070 5196 Quiestion,
1097 5130 1408 5196 inGenesiu.

344 5191 418 5256 (Η
454 5194 693 5256 Plerique
711 5207 884 5242 omnes
907 5191 1386 5256 bisshebdomadas,
1408 5193 1540 5242 unde
1560 5193 1744 5243 Erasm.
1776 5195 1860 5244 Ite-

282 5251 540 5319 bdo'n'tqda.
586 5251 778 5304 Mallem
821 5267 917 5319 ego
959 5251 1282 5319 Ιιιεὺιίοηιαιοδἶ
1323 5266 1387 5319 ex
1427 5268 1586 5319 graeco
1631 5265 1858 5319 issem“,

315 5317 408 5365 uod
434 5317 586 5381 latine
609 5315 973 5381 est_sept:jm_us_;
1006 5329 1116 5365 nam
1157 5316 1283 5381 quod
1322 5315 1625 5366 Martianteus
1651 5315 1861 5381 'cottjicit

281 5329 408 5424 quoa
434 5329 586 5366 tattne
609 5329 685 5365 est
713 5329 973 5380 sepumus;
1006 5329 1116 5365 nam
1157 5329 1283 5378 quoa
1322 5329 1625 5366 marttanteus
1669 5329 1861 5381 conjictt

299 5385 486 5427 ortasse
509 5377 786 5439 legendum
818 5374 1090 5439 hebdotnos,
1137 5378 1244 5439 si_v_e
1287 5385 1458 5439 ιβδομος,
1507 5381 1600 5428 etsi
1633 5379 1760 5427 idem
1786 5389 1862 5430 est

283 5451 476 5498 sensus,
508 5436 702 5498 longius
742 5445 905 5486 tamen
938 5437 1087 5486 distat
1110 5451 1135 5485 a
1326 5436 1553 5488 lectione.
1591 5440 1862 5490 Hebdosz

283 5502 464 5563 autut,
488 5512 634 5563 quam
658 5512 828 5549 vocem
852 5510 914 5546 ex
935 5499 1288 5563 ingenio__cudit
1308 5499 1567 5558 Victorius,
1594 5501 1672 5550 alii
1693 5515 1863 5551 omth

285 5559 546 5622 amplexati
567 5567 697 5622 sunt,
722 5567 774 5610 et
810 5566 1037 5610 veterum
1057 5559 1274 5608 codicutn
1309 5567 1445 5622 caret
1477 5563 1780 5619 auctoritate,
1814 5571 1864 5613 ct

287 5619 498 5671 maiime
517 5619 783 5692 incongrua
807 5628 901 5692 est,
927 5631 1024 5692 non
1047 5623 1178 5668 enim
1199 5619 1471 5692 septimum,
1488 5621 1580 5692 sed
1611 5635 1864 5692 numerum

285 5682 629 5747 septenum,
644 5680 706 5747 Aet
727 5689 907 5747 septem
929 5680 1121 5747 dierum
1141 5680 1347 5747 spatium
1367 5687 1521 5747 sonat.
1557 5681 1758 5747 Interim
1792 5695 1865 5734 to-

286 5743 384 5808 tam
419 5743 694 5808 Symmachi
738 5743 1190 5808 interpretationem
1213 5745 1281 5791 sic
1315 5743 1523 5808 exhibet
1563 5743 1860 5794 Ambrosias.

295 5823 317 5850 ι
350 5802 684 5874 ξχηῐιρεεὴᾳε,
706 5813 761 5874 _et
775 5802 903 5874 dixit
938 5804 986 5874 e_i
1022 5802 1259 5874 Dominus
1276 5817 1299 5874 :_
1317 5803 1583 5874 Propterea
1604 5808 1762 5874 omnis
1783 5809 1864 5869 qui

289 5863 519 5916 occiderit
551 5863 684 5926 Caio,
706 5865 1049 5923 hebdomadas,
1073 5872 1154 5914 aut
1176 5866 1362 5926 septies
1385 5863 1713 5914 vindicabitur.
1739 5883 1760 5910 s

690 5954 751 6017 S.
799 5954 1167 6015 HIBIONYMI
1209 5952 1253 6012 Ι.

1626 390 1952 450 EPISTOLA
1996 385 2238 445 XXXVI.

3461 391 3568 448 sm

1992 505 2230 577 nunquid
2259 513 2441 561 custos
2476 503 2653 562 fratris
2683 507 2784 564 mei
2816 507 2978 564 sum?
3015 525 3033 563 ι
3066 508 3426 579 Quamobrem
3452 525 3567 566 ma-

1987 598 2274 653 ledictione
2302 598 2607 667 danmatus,
2627 607 2686 654 ut
2711 613 2935 670 gemens
2977 611 3030 658 et
3108 605 3262 675 162
3331 613 3568 659 tremens

1987 691 2190 747 viveret
2225 706 2390 761 super
2411 702 2626 748 terram
2650 734 2665 758 ,
2700 694 2870 749 noluit
2897 697 3106 750 veniam
3134 697 3410 766 deprecari
3435 715 3449 754 :
3470 698 3566 755 sed

1985 784 2219 850 peccatis
2249 794 2464 852 peccata
2497 785 2900 855 congeminans,
2934 796 3137 842 tantum
3166 791 3366 859 putavit
3391 791 3564 857 nefas,

1984 874 2120 928 cuia
2150 875 2375 931 Domino
2407 893 2510 932 non
2545 886 2724 948 posset
2765 880 2987 949 ignosci.
3016 881 3252 953 Denique
3291 887 3570 958 respondit

1956 963 2212 1020 Domino
2243 983 2258 1021 :
2293 985 2311 1019 ι
2345 967 2513 1037 Major
2540 983 2656 1024 mea
2682 984 2842 1025 causa
2869 980 2972 1039 est,
2993 985 3150 1043 quam
3180 986 3234 1028 ut
3255 976 3511 1046 dimittar,
3541 998 3560 1032 ι

1984 1051 2034 1106 id
2065 1064 2168 1121 est,
2194 1056 2314 1124 plus
2342 1060 2577 1128 peccavi,
2607 1073 2765 1132 quam
2795 1073 2850 1118 ut
2880 1078 3091 1122 merear
3115 1066 3338 1124 absolvi.
3377 1088 3396 1123 ι
3425 1069 3567 1127 Ecce

1980 1146 2136 1214 ejicis
2156 1163 2244 1204 me
2263 1146 2424 1205 hodie
2448 1165 2478 1206 a
2503 1151 2640 1208 facie
2660 1162 2837 1224 terrm,
2857 1165 2912 1212 et
2931 1171 2960 1211 a
2979 1156 3114 1214 facie
3141 1169 3226 1216 tua
3245 1161 3563 1230 abscondar,

1979 1246 2034 1293 et
2059 1254 2154 1294 ero
2173 1256 2395 1311 gemens
2412 1252 2464 1299 et
2493 1254 2728 1303 tremens
2753 1264 2919 1320 super
2947 1261 3142 1308 terram
3177 1273 3192 1308 :
3221 1264 3275 1310 et
3301 1257 3422 1326 erit,
3451 1275 3568 1316 om-

1979 1328 2063 1383 nis
2092 1331 2182 1402 qui
2212 1331 2480 1390 invenerit
2523 1351 2631 1405 me,
2659 1339 2871 1396 occidet
2899 1357 3006 1399 me.
3047 1362 3067 1396 ι
3115 1344 3337 1416 Ejicior,
3370 1350 3562 1422 inquit,

1978 1435 2008 1473 a
2033 1433 2326 1493 conspectu
2368 1433 2480 1491 tuo,
2529 1437 2582 1484 et
2627 1433 2956 1490 conscientia
2998 1438 3254 1506 sceleris,
3284 1442 3362 1513 (g)
3390 1443 3563 1500 lucem

1977 1510 2148 1584 ipsam
2197 1515 2341 1573 ferre
2389 1535 2495 1575 non
2545 1523 2855 1592 sustinens,
2891 1528 3192 1585 abscondar
3234 1510 3560 1593 ut'latitem.

1983 1623 2003 1656 r
2041 1605 2284 1679 Eritque,
2312 1614 2489 1667 omnis
2530 1615 2620 1684 qui
2671 1617 2937 1675 invenerit
2976 1637 3084 1690 me,
3113 1625 3323 1683 occidet
3365 1645 3454 1686 me
3486 1649 3496 1686 :
3538 1653 3559 1684 ι

1977 1698 2101 1754 dum
2120 1715 2185 1756 ex
2210 1710 2443 1761 tremore
2461 1708 2704 1777 corporis
2719 1709 2800 1780 (It)
2823 1720 2877 1767 et
2897 1712 3104 1771 furiata:
3125 1721 3319 1776 mentis
3338 1725 3557 1794 agitatu,

1973 1805 2096 1846 eum
2144 1808 2263 1850 esse
2307 1796 2577 1870 intelligit,
2608 1803 2696 1871 qui
2744 1814 3016 1862 mereatur
3063 1810 3310 1869 interfici.
3363 1815 3560 1874 Verum

1975 1882 2115 1940 Deus
2143 1884 2329 1944 nolens
2356 1905 2477 1945 eum
2507 1895 2829 1964 compendio
2855 1901 3043 1955 mortis
3071 1901 3223 1959 finire
3250 1909 3518 1967 cruciatus
3541 1956 3556 1978 ,

1973 1987 2075 2032 nec
2114 1978 2334 2036 tradens
2379 1995 2572 2052 ptentr,
2621 2001 2724 2057 qua
2771 1999 2832 2044 se
2880 1990 2996 2060 ipse
3037 1993 3404 2067 damnaverat,
3436 2004 3509 2059 ait
3543 2048 3554 2060 .

1979 2087 1999 2122 ι
2032 2070 2146 2126 Νοη
2191 2072 2292 2140 sic,
2334 2093 2353 2128 ι
2391 2075 2443 2130 id
2487 2087 2589 2143 est,
2633 2094 2740 2134 non
2787 2090 2844 2137 ut
2884 2086 3142 2156 aestimas,
3189 2092 3470 2164 morieris,
3502 2110 3557 2154 et

1972 2173 2197 2218 mortem
2227 2181 2326 2236 pro
2348 2169 2588 2225 remedio
2614 2173 2846 2242 accipies
2872 2191 2885 2229 :
2910 2191 3094 2233 verum
3127 2181 3273 2240 vives
3298 2199 3464 2256 usque
3488 2192 3554 2244 ad

1971 2256 2253 2322 septimam
2276 2261 2700 2328 generationem,
2732 2276 2785 2319 et
2809 2269 3151 2326 conscientia:
3170 2284 3272 2328 tute
3295 2275 3416 2346 igne
3443 2288 3550 2334 tor-

1963 2344 2242 2413 ‘queberis,
2280 2347 2349 2402 ita
2395 2357 2453 2404 ut
2483 2351 2808 2424 quicumque
2839 2363 2890 2411 te
2930 2359 3208 2424 occiderit,
3257 2344 3553 2426 secundum

1969 2433 2234 2503 duplicem
2264 2437 2698 2510 intelligentiam,
2729 2450 2893 2502 autin
2916 2450 3141 2516 septima
3171 2453 3548 2524 generatione.

1967 2535 2059 2578 aut
2087 2527 2318 2596 septimo
2362 2541 2416 2585 te
2453 2531 2648 2589 liberet
2674 2537 2934 2593 cruciatu.
2981 2539 3098 2597 Non
3137 2546 3274 2612 quod
3305 2547 3419 2618 ipse
3459 2555 3552 2623 qui

1967 2618 2226 2674 occiderit
2271 2621 2424 2688 Cain,
2458 2633 2666 2694 septem
2712 2629 3003 2688 ultionibus
3040 2635 3404 2708 subjiciendus
3431 2618 3502 2701 sit
3533 2665 3546 2702 ε

1966 2709 2060 2764 sed
2090 2712 2231 2782 quod
2273 2713 2773 2784 septem'vindictas
2792 2763 2806 2785 ,
2836 2740 2958 2794 qua:
2984 2727 3036 2782 in
3078 2727 3208 2785 Cain
3237 2741 3382 2790 tanto
3411 2746 3548 2794 tetu-

1967 2817 2097 2872 pore
2143 2819 2531 2877 cucurrerunt,
2564 2813 2738 2870 solvat
2767 2817 3112 2890 interfector,
3149 2827 3402 2886 occidens
3425 2848 3545 2890 eum

1963 2893 2055 2964 qui
2085 2895 2208 2951 vita:
2237 2895 2411 2954 fuerat
2436 2900 2727 2961 derelictus
2755 2908 2818 2963 ad
2847 2923 3081 2979 poenam.

2035 2986 2090 3041 5.
2132 2985 2204 3043 Ut
2230 3001 2412 3048 autem
2451 2995 2592 3064 quod
2620 2996 2848 3056 dicimus
2873 3005 3206 3064 manifestius
3234 3008 3342 3079 fiat,
3373 3018 3548 3086 quoti-

1963 3078 2135 3136 dianae
2164 3087 2567 3143 consuetudinis
2615 3106 2876 3160 ponamus
2921 3101 3245 3170 exemplum.
3276 3078 3547 3177 Loquatur

1961 3172 2106 3229 inter
2134 3177 2354 3233 verbera
2383 3193 2574 3236 servus
2601 3183 2668 3238 ad
2695 3185 2970 3244 dominum
2998 3207 3012 3245 :
3043 3193 3165 3264 quin
3208 3172 3415 3255 incendi
3444 3202 3545 3257 do-

1963 3279 2106 3364 mum
2139 3277 2305 3335 tuam,
2328 3279 2383 3326 ct
2410 3273 2713 3331 universam
2731 3280 3080 3339 substantiam
3106 3295 3246 3342 tuam
3267 3290 3543 3364 dissipavi,

1962 3355 2204 3415 interfice
2231 3376 2337 3415 me.
2375 3364 2733 3438 Dominusque
2771 3373 3094 3442 reSpondeat
3132 3395 3145 3430 :
3176 3379 3290 3434 Non
3335 3355 3542 3451 ut-vis

1963 3450 2228 3518 morieris,
2283 3463 2333 3508 et
2377 3454 2532 3512 ﬁnies
2580 3471 2756 3516 morte
2805 3466 3102 3535 supplicia;
3157 3487 3340 3529 verum
3387 3477 3548 3551 longo

1964 3545 2208 3612 tempore
2235 3545 2556 3603 custodieris
2585 3549 2651 3605 ad
2699 3551 2886 3620 vitam,
2935 3565 2989 3610 et
3035 3567 3140 3613 tam
3184 3545 3545 3624 infeliciterin

1965 3629 2064 3684 hac
2093 3631 2211 3688 luce
2238 3637 2561 3704 versaberis,
2603 3651 2658 3695 ut
2688 3645 3010 3717 quicumque
3049 3659 3099 3704 te
3143 3656 3419 3722 occiderit,
3450 3659 3547 3715 be-

1963 3721 2207 3778 neficium
2238 3739 2455 3796 praestet
2494 3733 2674 3787 occiso
2701 3752 2713 3787 :
2746 3736 2868 3790 dum
2903 3747 2953 3791 te
2975 3740 3041 3795 de
3068 3750 3172 3796 tam
3205 3747 3384 3802 multis
3408 3721 3546 3807 libe-

1962 3825 2046 3872 ret
2087 3819 2431 3876 cruciatibus.
2486 3822 2554 3878 Et
2597 3828 2893 3884 secundum
2937 3829 3282 3904 Septuaginta
3329 3841 3544 3909 quidem

1961 3906 2251 3964 editionem
2285 3911 2372 3965 hic
2400 3914 2553 3968 nobis
2579 3930 2770 3972 sensus
2796 3919 3024 3976 videtur.

2039 4003 2193 4075 163
2232 4005 2286 4059 4.
2321 4004 2394 4061 De
2414 4021 2480 4060 eo
2509 4018 2685 4086 autem
2713 4010 2854 4079 quod
2884 4011 3074 4082 Aquila
3101 4019 3302 4087 posuit,
3331 4031 3548 4092 septem-

1962 4095 2159 4164 plictter
2177 4112 2196 4150 :
2222 4105 2277 4152 et
2293 4095 2664 4168 Symmachus,
2691 4101 2750 4173 (ἱ)
2769 4103 3041 4160 Itebdontas
3061 4109 3173 4167 sive
3201 4113 3444 4182 septimus
3464 4119 3548 4171 ul-

1959 4186 2192 4254 οἰκείαν,
2221 4189 2484 4258 majorum
2512 4202 2815 4249 nostrorum
2844 4196 2942 4252 ista
2973 4202 3237 4256 sententia
3269 4215 3372 4273 est,
3401 4212 3541 4278 quod

1962 4285 2148 4348 putant
2172 4280 2223 4334 in
2251 4280 2476 4350 septima
2503 4285 2846 4354 generatione
2888 4303 2916 4342 a
2946 4289 3176 4348 Lamech
3206 4294 3541 4357 interiectum

1960 4370 2299 4465 gain._Adam
2319 4375 2515 4446 quippe
2527 4378 2712 4448 genuit
2728 4380 2880 4446 Cain,
2898 4381 3027 4437 Cain
3042 4388 3223 4456 genuit
3245 4388 3453 4458 Enoch,
3477 4394 3545 4465 (λ)

1964 4461 2147 4518 Enoch
2178 4469 2358 4534 genuit
2384 4466 2520 4533 lrnd,
2550 4467 2665 4524 lrad
2706 4473 2889 4541 genuit
2925 4473 3168 4545 Maviacl,
3213 4477 3430 4536 Maviael
3457 4461 3547 4554 ςέ-

2026 4620 2100 4695 (9)
2131 4619 2308 4695 ῌχριιοί
2335 4621 2516 4695 addunt
2538 4623 2614 4672 ilic
2635 4626 2994 4695 tremebundus,
3018 4628 3150 4695 quod
3177 4628 3404 4695 plerique
3428 4633 3544 4687 Mss.

1961 4683 2067 4750 noti
2082 4685 2283 4750 habent,
2310 4696 2403 4732 nec
2433 4683 2820 4750 iiieronymiana:
2843 4683 3235 4750 interpretationi
3259 4683 3496 4747 interest."

2027 4742 2101 4806 (ἡ)
2120 4743 2213 4792 Alii
2233 4743 2368 4794 Mss:
2403 4742 2830 4810 «l‘uriatte'tnentis
2851 4742 3083 4810 agitatum
3110 4765 3221 4800 eum
3247 4742 3551 4809 esseinie'lli-

1963 4812 2076 4867 get;
2100 4821 2124 4849 ι
2157 4812 2209 4853 et
2229 4818 2342 4854 mox
2365 4822 2389 4873 ιι
2409 4807 2762 4873 compendiosa:
2786 4807 2969 4859 mortis.
2992 4826 3015 4856 ι
3055 4810 3356 4864 Ambrosiam.
3391 4836 3413 4864 ε
3432 4807 3550 4873 dum

1965 4875 2188 4933 extremo
2206 4868 2418 4928 corporis
2441 4873 2492 4933 et
2507 4868 2692 4924 i'tu'iatte
2706 4873 2882 4920 mentis
2903 4873 3084 4933 agitatu
3110 4885 3266 4933 eum,»
3297 4886 3394 4928 etc.

2026 4926 2102 5004 (ἰ)Δ
2132 4926 2341 5004 liursuin
2366 4929 2787 5004 eademﬂoccurrit
2815 4926 3099 5004 diiiic'ultas;
3125 4926 3266 4999 quam
3307 4926 3551 5004 superiori

1964 4987 2274 5038 adnutatioue
2298 4987 2352 5057 d_.
2392 4987 2780 5057 eventilavimus.
2825 4993 2875 5043 Si
2898 4987 3174 5057 conjectura
3221 4987 3550 5056 nostra'tau'ti

1967 5059 2059 5109 est,
2089 5063 2147 5100 ea
2171 5057 2310 5117 certe
2333 5049 2469 5100 locus
2490 5053 2767 5117 restituitur
2791 5062 2842 5105 et
2864 5049 3066 5115 sensus;
3090 5058 3202 5108 Mss.
3231 5049 3555 5117 nitidiora—nes

1965 5119 2245 5189 constanter
2263 5111 2357 5189 hoc
2377 5125 2574 5189 quoque
2599 5114 2648 5162 in
2799 5111 3140 5189 hebdomadas
3168 5121 3356 5189 legunt,
3384 5111 3552 5189 1133.32

1965 5187 2107 5242 quam
2132 5174 2439 5247 insequenti
2455 5174 2576 5247 vece
2595 5178 2786 5247 varient
2801 5179 3035 5239 nonnulli,
3059 5184 3142 5243 qui
3165 5174 3263 5247 sine
3284 5174 3553 5247 δεριεὲὶιξξει

1965 5233 2063 5302 sive
2101 5233 2287 5297 septies
2315 5237 2605 5302 przei'erunt,
2640 5239 2821 5302 vitiose
2863 5233 3046 5302 tamen,
3075 5233 3128 5293 ut
3151 5233 3548 5299 nullusrdubiia‘t:

1967 5292 2138 5356 Porro,
2156 5292 2561 5371 :quam:majqrum
2587 5292 2737 5348 fuisse
2753 5301 2827 5371 _de
2842 5292 3104 5371 iamec'lto
3127 5292 3326 5371 egisti}.
3345 5292 3551 5371 sapuit};

1967 5358 2288 5426 generatione
2308 5358 2641 5426 interfectore,
2657 5362 2952 5426 sententiam
2969 5366 3111 5416 tradit
3131 5366 3354 5426 Hieron,
3382 5358 3553 5418 o'ccur-

1968 5421 2031 5490 ri‘t
2053 5432 2112 5468 ea
2133 5419 2330 5490 quidem
2351 5420 2397 5490 in
2426 5423 2740 5490 vetustiorum
2757 5425 2966 5490 scriptis,
2995 5440 3202 5490 eamque
3229 5419 3392 5477 tuetur
3413 5429 3555 5479 Iose-

1967 5480 2093 5549 phus
2114 5487 2258 5530 vetus
2278 5481 2757 5549 christiauusauctor
2776 5480 3217 5549 inHypomnes'tico
3241 5500 3345 5549 cap.
3368 5491 3432 5549 5;
3462 5491 3553 5539 sed

1968 5537 2102 5612 aliine
2127 5544 2376 5612 contratab
2398 5537 2934 5612 antiquistempqribtis'
2952 5548 3216 5612 coni'utant,
3236 5537 3554 5612 etfpraaéipue

1970 5601 2250 5710 ἣὶεῐέςὲδῦὶυε
2280 5601 2693 5669 Μίιειιυδ,Ἐρίει.
2716 5601 2827 5666 317,
2851 5622 2995 5671 quam
3038 5623 3134 5658 non
3165 5601 3354 5672 pigebit
3376 5601 3553 5659 con'su-

1992 5677 2136 5713 υιεεθ.

2037 5725 2257 5797 (ἣρω.
2306 5725 2615 5797 Cistercieps.
2655 5742 2764 5797 cum
2785 5728 3066 5797 .Vaticanoh
3087 5727 3316 5797 aliisque,
3340 5745 3368 5797 μ
3388 5728 3554 5797 ξῃοςὴ

1971 5790 2144 5894 genuit
2166 5787 2341 5857 Cainau
2365 5787 2468 5859 (alii
2495 5788 2694 5851 Gaidad)
2718 5790 2895 5840 Cainau
2917 5790 3091 5850 genuit
3130 5787 3372 5850 Malaleel,
3407 5791 3557 5842 illaia-

1994 5847 2072 5894 eel
2097 5855 2268 5894 genuit
2285 5845 2622 5894 Mathusalem.
2654 5865 2675 5894 ι
2716 5858 2812 5894 etc.

1994 5845 2072 5897 cel
2096 5847 2268 5910 genuit
2285 5845 2622 5909 Mathusaletu,
2654 5845 2686 5896 ί
2716 5858 2812 5899 etc.

2841 5956 3153 6038 (ouium)
