4136 6332
606 374 705 430 155

605 492 716 544 nuit
739 486 1048 552 Ma'liuszila,
1082 484 1371 541 Mathus'tla
1399 484 1580 556 genuit
1605 484 1856 551 Lameelt,
1883 485 1971 554 qui
1999 485 2164 554 septi-

601 592 720 633 mus
743 578 810 632 ab
837 576 1003 631 Adam
1025 616 1040 638 ,
1073 591 1176 631 nou
1221 585 1412 645 sponte
1439 577 1458 647 (
1481 584 1539 630 ut
1584 576 1638 630 in
1684 575 1911 644 quodam
1952 573 2170 628 ltebrteo

598 666 866 722 volumine
909 665 1196 734 scribitur)
1236 666 1500 723 interfecit
1537 666 1664 723 Cain
1694 683 1707 720 :
1735 673 1796 720 ut
1830 666 1944 734 ipse
1981 675 2165 735 postea

597 756 903 822 conﬁtetur,
938 773 958 806 ι
987 757 1108 827 quia
1157 756 1329 811 virum
1371 755 1540 810 occidi
1588 756 1643 808 in
1686 755 1903 809 vulnere
1946 769 2087 818 men,
2114 761 2169 808 et

597 847 840 911 iuvenem
871 846 924 900 in
953 845 1119 900 livore
1146 859 1267 901 meo
1285 863 1299 898 :
1317 845 1566 914 quoniam
1591 845 1787 914 septies
1813 841 2168 897 vindicabitur

593 936 660 989 tle
687 935 814 990 Cain
847 952 860 990 :
888 933 955 990 de
982 934 1213 991 Lamech
1243 945 1420 990 autem
1450 935 1750 1003 Septuagies
1773 933 1968 1002 septies
1981 931 2164 1005 i(Gen.

595 1027 645 1080 4.
671 1026 762 1083 25.
792 1024 908 1096 21).
963 1025 1075 1082 Hoc
1107 1024 1322 1097 quidem
1374 1025 1444 1080 de
1485 1025 1638 1088 Cain,
1670 1024 1809 1095 quod
1849 1023 1901 1079 in
1939 1023 2165 1094 septima

592 1119 937 1188 generatione
973 1115 1050 1189 (a)
1089 1132 1120 1172 a
1161 1116 1394 1173 Lamech
1439 1115 1746 1172 interfectus
1787 1115 1876 1181 sit,
1921 1124 1974 1170 et
2014 1113 2163 1185 juxta

594 1213 752 1267 aliam
791 1211 1102 1276 editionem,
1129 1225 1340 1281 poenam
1381 1209 1462 1264 sui
1499 1208 1719 1264 sceleris
1744 1207 1947 1264 dederit
1977 1225 1992 1261 :
2023 1206 2163 1276 quod

597 1312 672 1357 tot
699 1301 1131 1372 generationibus
1159 1315 1379 1372 gemens
1414 1309 1470 1356 et
1506 1307 1742 1354 tremens
1783 1299 1982 1353 viveret
2006 1312 2166 1368 super

595 1404 812 1462 terram,
839 1393 966 1448 nihil
1010 1393 1223 1448 obscuri
1250 1389 1481 1448 arbitror
1504 1391 1846 1448 remansisse.

662 1485 716 1540 5.
773 1483 1020 1539 Vindicta:
1061 1484 1148 1540 77.
1194 1484 1247 1538 in
1290 1483 1512 1538 Lamecli
1551 1482 1884 1539 euoluendis.
1911 1511 1983 1523 -
2017 1480 2165 1536 Nunc

594 1574 723 1631 illud
753 1575 894 1646 quod
940 1590 1045 1629 non
1091 1573 1547 1645 interrogaveras,
1577 1573 1703 1628 dum
1730 1573 1874 1629 aliud
1912 1573 2118 1644 agimus
2142 1612 2161 1642 ,

595 1667 828 1737 irrepsit.
870 1665 998 1733 Quae
1024 1665 1133 1721 sint
1159 1666 1492 1736 septuaginta
1519 1673 1722 1734 septem
1752 1664 2016 1727 vindiettc,
2045 1677 2164 1734 qua:

594 1757 644 1810 in
676 1755 906 1812 Lamech
945 1756 1283 1812 exsolvenda:
1310 1757 1436 1812 sint.
1467 1757 1663 1821 Aiunt,
1695 1756 1762 1810 ab
1797 1755 1966 1811 Adam
1997 1769 2164 1828 usque

592 1847 657 1900 ad
684 1845 951 1902 Christum
989 1849 1359 1918 generationes
1400 1847 1728 1919 septuaginta
1755 1855 1977 1918 septem.
2022 1847 2164 1917 Lege

592 1937 785 1992 Lucam
808 1935 1219 2008 Evangelistam,
1246 1946 1301 1993 et
1323 1939 1560 1992 invenies
1578 1938 1647 1992 ita
1674 1951 1816 2004 esse,
1839 1945 1894 1990 ut
1914 1935 2159 1992 dicimus.

590 2027 741 2083 Sicut
769 2043 898 2098 ergo
945 2028 1168 2099 septima
1207 2028 1552 2098 generatione
1587 2027 1718 2083 Cain
1762 2038 2038 2098 peccatum
2078 2035 2163 2084 est

589 2119 927 2186 dissolutum,
949 2135 1053 2174 non
1078 2121 1218 2174 enim
1239 2119 1528 2174 vindicabit
1557 2119 1696 2173 Deus
1719 2119 1800 2173 bis
1828 2115 1878 2174 in
1908 2118 2158 2190 idipsum,

587 2222 642 2265 et
670 2211 760 2279 qui
805 2209 972 2265 semel
1003 2211 1204 2279 recepit
1239 2210 1376 2265 mala
1418 2210 1468 2265 in
1507 2209 1614 2264 vita
1647 2225 1762 2278 sua,
1804 2225 1908 2265 non
1941 2210 2158 2265 eosdem

588 2305 852 2360 cruciatus
881 2303 1112 2374 patietur
1139 2303 1192 2357 in
1221 2311 1413 2367 morte,
1441 2317 1576 2373 quos
1601 2311 1680 2357 est
1709 2293 1894 2372 passus
1921 2302 1972 2356 in
2009 2302 2113 2357 vita
2142 2319 2156 2356 :

589 2395 658 2450 ita
685 2403 739 2451 et
763 2395 992 2451 Lamech
1032 2405 1333 2468 peccatum,
1369 2393 1423 2449 id
1453 2403 1556 2460 est,
1588 2396 1749 2450 totius
1783 2394 1964 2450 mundi
2001 2406 2159 2466 atque

587 2487 859 2558 sanguinis
878 2529 894 2553 ,
921 2487 1010 2557 qui
1037 2486 1235 2542 elfusus
1257 2496 1358 2551 est,
1401 2483 1599 2542 Christi
1629 2485 1700 2558 (ὁ)
1730 2487 2027 2542 solveretur
2065 2486 2160 2542 ad-

589 2589 749 2633 ventu
782 2597 795 2631 :
825 2578 914 2648 qui
957 2578 1077 2633 tulit
1107 2577 1290 2633 mundi
1337 2589 1576 2648 peccata,
1607 2579 1696 2649 qui
1743 2578 1869 2634 lavit
1906 2579 2155 2633 amictum

587 2684 742 2724 suum
788 2669 1044 2740 sanguine
1085 2684 1221 2733 uvae,
1248 2679 1301 2724 et
1327 2669 1560 2725 torcular
1599 2671 1825 2726 calcavit
1850 2671 1995 2726 solus
2025 2688 2038 2724 :
2065 2670 2156 2740 qui

587 2767 653 2821 de
681 2765 848 2821 Edoni
882 2763 948 2819 ad
976 2765 1168 2821 caelum
1197 2763 1522 2819 rubicundus
1552 2763 1846 2820 ascendens
1881 2763 2033 2831 (Isai.
2063 2764 2153 2819 65.

587 2859 637 2914 1.
667 2857 742 2930 3).
763 2855 1112 2912 clamantibus
1131 2854 1332 2925 angelis
1358 2853 1666 2909 miraculum
1695 2855 1916 2924 praebuit
1941 2871 1953 2906 :
1987 2873 2007 2908 ι
2039 2855 2158 2910 Ele-

586 2959 707 3003 vate
745 2956 944 3018 portas,
973 2947 1261 3017 principes,
1294 2957 1520 3013 vestras,
1548 2957 1602 3001 et
1631 2945 1868 3002 introibit
1907 2963 1999 3002 rex
2042 2946 2155 3018 glo-

588 3042 680 3098 rizc
712 3061 730 3094 ι
764 3040 914 3113 (Ρεαι
951 3039 1041 3095 25.
1069 3041 1149 3109 7),
1173 3049 1227 3094 et
1249 3048 1461 3094 cmtera.
1482 3037 1765 3093 Referebat
1787 3037 1912 3094 mihi
1939 3037 2154 3109 quidam

589 3135 843 3190 Ilehrmus
873 3135 924 3188 in
960 3131 1385 3202 apocryphorum
1415 3129 1565 3185 libris
1591 3131 1922 3202 septuaginta
1950 3140 2152 3203 septem

585 3229 790 3280 animas
835 3242 900 3280 ex
947 3223 1176 3278 Lamcch
1255 3221 1411 3296 165
1483 3224 1736 3295 progenie
1768 3226 2155 3296 reperiri,qu:e

585 3318 783 3370 tliluvio
834 3315 1020 3370 deletae
1058 3315 1160 3369 sint
1196 3332 1209 3367 :
1240 3323 1295 3369 et
1343 3315 1394 3368 in
1451 3315 1550 3370 hoc
1580 3329 1805 3370 numero
1827 3315 1894 3370 de
1921 3315 2150 3370 Lamcch

587 3412 774 3461 tactam
802 3421 921 3462 esse
961 3405 1264 3471 vindictam,
1297 3404 1436 3476 quod
1483 3421 1653 3477 genus
1700 3405 1864 3477 ipsius
1894 3421 2059 3476 usque
2087 3409 2154 3462 ad

585 3498 961 3571 cataclysmum
992 3496 1429 3567 perseveraverit.-

658 3589 708 3642 6.
738 3585 865 3643 Cain
887 3596 1072 3657 septem
1098 3595 1320 3656 peccata.
1352 3615 1423 3625 —
1449 3584 1549 3640 Alii
1576 3584 1643 3642 de
1669 3595 1873 3657 septem
1910 3584 2156 3642 viudictis

587 3679 717 3735 Cain
739 3679 882 3734 varia
911 3678 1265 3762 suspicantur.
1297 3676 1532 3732 Primum
1562 3677 1677 3746 ejus
1717 3687 1964 3734 asserunt
1993 3677 2156 3734 fuisse

591 3765 884 3843 peccatum,
907 3770 1046 3842 quod
1076 3788 1178 3826 non
1208 3780 1351 3825 recte
1374 3768 1634 3825 diviserit.
1664 3769 1987 3834 Secundum,
2013 3771 2156 3842 qu0d

589 3864 835 3921 inviderit
860 3863 1007 3918 fratri
1047 3877 1164 3917 suo.
1193 3861 1452 3922 Tertium,
1479 3859 1620 3930 quod
1645 3860 1830 3916 dolose
1855 3861 2045 3931 egerit,
2071 3860 2156 3916 di-

586 3972 752 4013 cens:
783 3974 802 4006 ο
834 3954 1188 4026 Transeamus
1211 3953 1262 4008 in
1289 3968 1533 4021 campum
1570 3969 1588 4004 ι
1622 3951 1773 4024 (Gen.
1797 3953 1853 4008 4.
1885 3951 1961 4024 8).
1984 3953 2159 4022 Quar-

590 4059 721 4112 tum,
740 4045 879 4112 quod
910 4044 1250 4100 interfecerit.
1269 4043 1543 4111 Quintum,
1572 4045 1711 4113 quod
1742 4047 2037 4115 procaciter
2063 4062 2158 4103 ne-

590 4137 813 4206 gaverit,
839 4135 1023 4190 dicens
1047 4153 1061 4187 :
1090 4153 1108 4186 ι
1138 4133 1350 4197 Nescio,
1379 4135 1614 4204 nunquid
1650 4145 1831 4191 custos
1858 4135 2035 4191 fratris
2057 4137 2157 4193 mei

591 4242 707 4281 sum
742 4243 762 4276 ι
795 4225 863 4297 (υ.
891 4224 987 4292 9)?
1017 4223 1266 4288 Sextum,
1297 4222 1438 4293 quod
1478 4239 1538 4278 se
1579 4224 1750 4292 ipsum
1787 4226 2156 4294 damnaverit,

591 4317 808 4374 dicens:
837 4333 856 4367 ‹
891 4314 1054 4383 Major
1083 4315 1235 4382 culpa
1257 4329 1374 4368 mea
1398 4323 1499 4378 est,
1529 4330 1685 4384 quam
1709 4326 1765 4370 ut
1789 4317 2052 4373 dimittar»
2085 4335 2157 4389 (υ.

592 4407 727 4477 15).
759 4405 1087 4475 Septimum,
1139 4401 1259 4472 quia
1303 4416 1403 4457 nec
1451 4402 1732 4460 damnatus
1779 4407 1949 4475 egerit
1993 4407 2162 4476 [)(Btti-

593 4498 833 4563 tentiam,
847 4493 1136 4551 secundum
1151 4491 1428 4556 Ninivitas,
1447 4502 1498 4546 et
1513 4491 1794 4546 Ezechiam
1813 4508 1990 4564 regem
2003 4495 2029 4550 J
2037 4495 2158 4552 uda:

592 4592 681 4661 qui
709 4589 1074 4645 imminentem
1105 4592 1330 4639 mortem
1369 4581 1617 4654 lacrymis
1652 4583 1977 4639 sustulerunt
2003 4583 2077 4656 (ι)
2105 4595 2163 4642 ut

593 4679 682 4748 qui
709 4678 939 4732 damnati
963 4675 1191 4740 fuerant,
1223 4689 1328 4728 non
1356 4674 1611 4743 perirent,
1631 4672 1726 4729 sed
1749 4684 1966 4745 agentes
1992 4679 2162 4745 paeni-

593 4771 838 4832 tentiam,
879 4769 1226 4836 impetrarent
1267 4764 1688 4822 misericordiam
1734 4765 1849 4822 Dei.
1879 4767 2008 4824 Nam
2051 4780 2161 4824 tra-

594 4859 727 4913 dunt
766 4857 911 4911 illum
938 4872 966 4908 a
1007 4855 1424 4911 clementissimo
1455 4856 1581 4921 Deo,
1627 4857 1750 4914 ideo
1784 4873 1952 4930 usque
1979 4860 2044 4916 ad
2077 4875 2164 4917 se-

659 5050 723 5118 (a)
762 5050 817 5120 In
853 5050 1099 5120 plurimis_
1118 5050 1232 5100 Mss.
1270 5051 1608 5120 desiderantur
1627 5066 1660 5104 α
1691 5056 1909 5120 Lmnech,
1936 5065 1989 5109 et
2021 5058 2163 5120 paulo

591 5111 699 5184 post
709 5111 818 5163 'tota
853 5111 958 5184 haec
1000 5115 1251 5184 pericope:
1276 5129 1300 5184 ξ
1319 5111 1448 5174 quod
1461 5119 1532 5163 tot
1546 5111 1943 5176 generationibus
1956 5111 2164 5184 gemens

593 5188 649 5225 ac
672 5180 890 5224 tremens
909 5179 1103 5223 viveret
1118 5183 1265 5233 super
1287 5179 1486 5222 terram.

660 5234 725 5300 (bl
740 5304 748 5308 _
762 5235 918 5285 Antea
939 5233 1131 5308 ‘vulgati
1151 5231 1373 5284 solvetur.
1397 5233 1508 5284 Mox
1531 5232 1737 5288 Cisterc.
1755 5238 1867 5290 Hs:
1891 5257 1914 5289 ι
1933 5243 2017 5306 qui
2039 5242 2164 5296 tollit

592 5295 784 5360 peccata
809 5295 989 5344 mundi.
1013 5309 1037 5339 ιο
1950 5295 1967 5306 ⁵
2128 5295 2159 5296 "

659 5356 720 5470 ιε)
760 5357 938 5430 Fertne
960 5354 1240 5418 glossatoris
1259 5357 1509 5428 ingenium
1542 5359 1732 5421 sapiunt
1758 5362 1884 5413 .mlhi
1907 5366 1997 5415 ista
2012 5378 2040 5438 :_
2060 5383 2083 5413 ι
2105 5373 2161 5419 ut

592 5433 658 5470 au
695 5422 906 5469 damnati
939 5415 1138 5468 fuerunt
1170 5429 1265 5466 non
1290 5426 1534 5470 perirent.
1557 5420 1646 5468 sed
1675 5430 1882 5470 agentes
1915 5435 2158 5470 ommmn-

625 5415 676 5470 ui
695 5415 906 5489 damnati
939 5415 1147 5489 fuerunt.
1170 5429 1265 5489 non
1290 5415 1534 5489 perueni.
1557 5415 1646 5489 sed
1675 5430 1882 5489 agentes
1914 5415 2158 5489 ρφῄῑιθιῖζ

589 5478 722 5543 tiam,
745 5483 1061 5541 impetrarent
1083 5478 1592 5543 misericordiampel.
1621 5497 1645 5525 ι
1683 5478 1832 5534 Certe
1854 5478 2155 5539 in'Vatican.

588 5540 936 5610 amiqnis‘img,
954 5546 1102 5603 atque
1115 5541 1309 5610 optimae
1322 5549 1450 5610 notae
1471 5540 1584 5610 Mss.
1603 5554 1697 5610 non
1715 5543 1972 5610 habentur,
1991 5561 2157 5610 neque

589 5601 739 5676 etiam
783 5616 842 5654 ea
873 5601 1443 5678 Hieronymlume‘nsget‘
1475 5609 1738 5678 contextus
1769 5601 1995 5678 postulat,
2034 5601 2156 5672 quin

588 5667 683 5715 imo
743 5678 939 5715 sensum
994 5660 1226 5712 laxiorem
1270 5660 1463 5709 faciunt.
1514 5660 1571 5710 In
1609 5660 1924 5718 Ambrosiam
1958 5660 2155 5732 quoque

588 5727 731 5794 aliter
749 5723 1076 5794 _et__mendose
1125 5723 1410 5794 eﬂ'eruntur.
1551 5723 1675 5794 forte
1705 5728 1944 5794 studiosus
1980 5730 2154 5792 aliquis

589 5787 636 5834 in
653 5787 761 5836 libri
783 5787 894 5836 allio
913 5792 1243 5844 annotavcrat,
1267 5795 1378 5845 qute
1401 5789 1566 5844 postea
1591 5785 1834 5848 irrepsere
1869 5791 1918 5837 in
1941 5785 2147 5840 textum.

1891 360 2130 418 SANCTI
2161 357 2541 418 IIIERONYlll

3743 370 3844 423 £56

2279 491 2423 554 ptem
2458 480 2828 552 generationes
2873 481 3035 538 fuisse
3075 480 3317 548 dilatum,
3365 489 3424 537 ut
3459 482 3651 539 saltem
3691 484 3845 540 malis

2273 573 2426 643 ipsis,
2455 582 2512 630 et
2548 573 2631 644 (ά)
2657 573 2992 646 longaevitate
3018 575 3264 631 maeroris
3300 575 3636 648 cempulsus,
3671 578 3841 647 [ταξιιὶ-

2272 666 2489 720 tentiam
2513 673 2715 736 ageret,
2744 674 2799 722 et
2823 677 3119 722 mereretur
3142 667 3365 723 absolvi.

2343 757 2392 809 7.
2425 754 2675 810 Nonnulli
2700 757 3065 827 septenarium
3096 773 3375 813 numerum
3401 759 3613 828 plenum
3636 769 3691 814 et
3722 775 3841 828 per-

2267 845 2466 900 fectum
2492 845 2924 916 interpretantur,
2964 845 3032 906 de
3067 847 3250 903 multis
3291 847 3684 919 Scripturarum
3713 851 3839 906 locis

2269 933 2570 990 testimonia
2595 936 2972 994 contrahentes
2998 952 3013 990 :
3051 948 3105 992 et
3132 935 3272 992 hunc
3298 952 3418 993 esse
3443 952 3659 994 sensum
3680 955 3838 1010 quem

2266 1042 2427 1098 supra
2466 1029 2899 1099 perstrinximus,
2930 1029 3072 1100 quod
3115 1030 3204 1101 qui
3237 1031 3563 1087 interfecerit
3587 1031 3740 1100 Cain,
3771 1033 3838 1088 ab

2267 1120 2466 1191 ingenti
2491 1136 2612 1176 eum
2635 1117 2709 1194 (ε)
2735 1119 3044 1188 afﬂictione,
3073 1131 3128 1180 et
3155 1123 3334 1178 omnia
3366 1123 3629 1194 supplicia
3661 1133 3837 1180 trans-

2264 1221 2424 1268 eunte
2453 1212 2644 1268 liberet
2673 1228 2849 1284 ptena.

2334 1301 2388 1358 8.
2417 1302 2554 1358 Sunt
2581 1313 2758 1360 autem
2783 1303 2874 1375 qui
2892 1313 2946 1360 et
2968 1303 3038 1360 de
3057 1304 3344 1376 Evangelio
3366 1304 3838 1378 interrogationem

2263 1392 2409 1449 Petri
2456 1393 2717 1463 replicent
2747 1411 2762 1450 :
2795 1412 2814 1446 ι
2853 1393 3096 1461 Domine,
3138 1396 3349 1466 quoties
3389 1396 3630 1467 peccabit
3669 1398 3721 1453 in
3751 1414 3837 1454 me

2263 1483 2430 1541 frater
2455 1500 2625 1550 meus,
2665 1494 2722 1542 et
2747 1485 3010 1541 dimittam
3036 1485 3086 1542 ei
3119 1504 3134 1542 :
3163 1502 3330 1557 usque
3353 1487 3594 1559 septies?
3624 1489 3760 1546 Dicit
3787 1491 3836 1546 ei

2263 1576 2422 1634 Jesus
2444 1595 2458 1632 :
2483 1577 2601 1632 Non
2627 1578 2750 1634 dico
2773 1578 2864 1634 tibi
2888 1593 3056 1649 usque
3079 1579 3296 1650 septies,
3315 1578 3410 1635 sed
3431 1595 3598 1651 usque
3623 1590 3836 1652 septua-

2262 1667 2378 1738 gies
2405 1669 2604 1738 septies
2637 1687 2658 1722 ›
2689 1667 2904 1740 (Matth.
2937 1669 3025 1725 18.
3055 1671 3147 1725 21.
3173 1679 3221 1724 et
3245 1668 3361 1743 22).
3389 1671 3454 1726 Et
3479 1681 3664 1742 putant
3688 1688 3835 1728 mor-

2264 1767 2368 1814 tem
2382 1767 2542 1830 atque
2554 1768 2832 1831 peccatum
2851 1760 2907 1818 in
2929 1761 3151 1831 septima
3179 1762 3428 1832 progenie
3456 1762 3830 1828 sabbatizasse,

2261 1848 2472 1920 quando
2496 1849 2682 1905 Enoch
2708 1858 2891 1921 raptus
2911 1859 3014 1918 est,
3048 1868 3068 1902 ι
3097 1860 3270 1906 etnon
3296 1851 3690 1918 inveniebatur,
3711 1855 3832 1924 quia

2263 1940 2532 1996 transtulit
2571 1941 2719 1997 illum
2749 1942 2888 1998 Deus
2924 1960 2944 1995 ι
2981 1942 3133 2015 (Gen.
3163 1943 3215 1998 5.
3246 1942 3359 2012 24).
3403 1943 3477 2000 De
3503 1946 3832 2018 septuaginta

2261 2041 2438 2087 autem
2489 2040 2544 2088 et
2591 2041 2832 2103 septem,
2862 2033 3007 2089 illam
3059 2034 3446 2104 expositionem
3523 2036 3677 2108 165
3748 2052 3834 2092 se-

2260 2134 2494 2194 quuntur
2525 2141 2540 2181 :
2570 2125 2620 2180 in
2650 2125 2882 2182 adventu
2927 2125 3124 2182 Christi
3145 2167 3163 2194 ,
3191 2128 3381 2182 mortis
3417 2135 3576 2198 atque
3631 2130 3830 2199 peccati

2260 2217 2506 2272 aculeum
2534 2233 2652 2275 esse
2677 2217 3029 2276 confractum.

2330 2308 2383 2364 9.
2407 2308 2605 2366 Ponam
2630 2321 2684 2366 et
2705 2311 2863 2367 aliam
2887 2312 3214 2383 opinionem,
3238 2328 3305 2368 ue
3333 2313 3458 2384 quid
3488 2315 3670 2372 videar
3695 2331 3832 2386 prac-

2261 2404 2573 2468 tcrgressus.
2598 2399 2821 2468 Quidam
2857 2402 3142 2470 septimum
3176 2415 3373 2457 annum
3403 2406 3748 2469 remissionis,
3775 2416 3832 2462 et

2257 2493 2752 2564 quinquagesimum
2765 2493 2993 2558 Jubiltei,
3013 2502 3067 2549 et
3084 2495 3654 2568 quadringentesimum
3675 2513 3831 2552 nona-

2256 2584 2540 2652 gesimum,
2558 2585 2697 2655 quod
2717 2587 2898 2642 volunt
2917 2587 3132 2656 intelligi
3151 2588 3447 2658 septuagies
3458 2589 3673 2659 septies,
3689 2587 3826 2643 mul-

2257 2675 2324 2730 tis
2355 2675 2526 2730 modis
2550 2676 2996 2747 interpretantur:
3033 2687 3331 2734 asserentes
3357 2678 3426 2733 ob
3452 2677 3586 2734 hanc
3612 2693 3826 2734 causam

2254 2765 2676 2836 quinquagesimi
2701 2776 2756 2822 et
2778 2768 3184 2839 quingentesimi
3213 2769 3411 2823 numeri
3436 2768 3502 2840 (fl
3531 2767 3745 2834 sacrati,
3773 2768 3827 2822 in

2255 2854 2364 2910 Eva
2372 2857 2543 2926 ngelio
2553 2857 2782 2926 positum
2793 2858 3085 2913 debitorem
3103 2877 3114 2912 :
3129 2858 3675 2928 etquinquagesimum
3689 2857 3830 2912 Psal-

2254 2963 2400 3002 mum
2416 2949 2739 3017 pmoitentia:
2754 2967 2768 3004 :
2782 2949 2870 3019 qui
2900 2959 3100 3021 septem
3125 2949 3405 3004 conﬁcitur
3422 2948 3758 3019 septimanis,
3773 2957 3828 3002 et

2255 3039 2307 3094 in
2349 3041 2666 3110 principium
2708 3041 2966 3112 ogdoadis
3012 3036 3261 3111 erumpit.
3297 3041 3492 3096 Verum
3524 3056 3590 3096 ne
3623 3041 3829 3110 longius

2254 3143 2432 3187 sermo
2451 3133 2717 3203 procedat,
2737 3131 3009 3206 hucusque
3029 3147 3186 3203 super
3201 3132 3301 3187 hoc
3316 3133 3542 3188 locutum
3559 3147 3677 3188 esse
3691 3133 3828 3187 sulti-

2254 3223 2379 3290 ciat,
2400 3224 2521 3292 quia
2537 3235 2590 3278 et
2619 3241 2684 3280 ex
2707 3225 2788 3280 bis
2801 3241 2920 3296 quin
2938 3224 3305 3296 respersimus,
3326 3224 3591 3296 ingentem
3607 3224 3698 3279 tibi
3714 3223 3826 3280 dis-

2255 3314 2540 3384 putationis
2553 3315 2738 3370 silvam
2768 3317 2964 3385 poteris
2990 3316 3104 3385 ipse
3124 3315 3387 3370 coniicere
3415 3332 3428 3368 :
3451 3315 3626 3370 sciens
3639 3314 3826 3388 Orige-

2257 3421 2400 3471 nem,
2421 3405 2790 3462 duodecimum
2813 3417 2868 3462 et
2896 3405 2972 3479 (g)
3003 3407 3479 3462 tertiumdecimum
3507 3409 3556 3462 in
3579 3406 3829 3464 Genesim

2256 3495 2446 3550 librum
2473 3496 2541 3552 de
2571 3497 2668 3552 hac
2694 3507 2894 3558 tantum
2932 3498 3238 3567 Quaestione
3260 3498 3512 3554 dictasse.

2257 3605 2344 3661 10.
2376 3606 2475 3660 Cu‘
2505 3606 2641 3661 Deus
2664 3608 2882 3675 loquitur
2916 3607 2984 3661 ad
3019 3608 3291 3674 Abraham,
3319 3610 3452 3676 quod
3480 3617 3662 3675 quarta
3710 3623 3830 3678 pro-

2326 3701 2499 3770 genie,
2531 3699 2625 3769 ﬁtii
2654 3698 2820 3754 Israel
2865 3709 3027 3754 essent
3073 3700 3136 3753 de
3172 3697 3395 3770 :Egypto
3428 3699 3672 3752 reversuri
3718 3715 3738 3752 :
3780 3708 3831 3752 et

2330 3802 2501 3862 postea
2522 3791 2722 3862 Moyses
2737 3791 2931 3845 scribit:
2952 3791 3142 3857 Quinta
3171 3799 3343 3845 autem
3370 3789 3616 3859 progenie
3645 3804 3832 3843 ascen-

2328 3883 2520 3938 derunt
2549 3882 2640 3936 lllii
2667 3881 2827 3938 lsrael
2851 3881 2918 3936 de
2941 3891 3082 3937 terra
3106 3879 3356 3951 Egypti?
3383 3879 3530 3948 Quod
3550 3881 3716 3950 utique
3734 3881 3833 3934 nisi

2328 3982 2636 4042 experiatur,
2665 3972 2856 4026 videtur
2880 3987 2989 4027 esse
3013 3971 3338 4026 contrarium.

2330 4105 2442 4161 lloc
2480 4121 2603 4160 vero
2647 4105 2917 4176 problema
2962 4119 3082 4160 cum
3137 4103 3403 4173 legissem,
3451 4105 3589 4173 ccepi
3626 4119 3831 4159 mecum

2263 4197 2450 4251 tacitus
2485 4207 2745 4262 aestuare,
2771 4205 2827 4252 et
2853 4211 2886 4252 e
2923 4196 3142 4267 vestigio
3171 4194 3439 4260 Genesim,
3486 4196 3834 4265 Exodumque

2265 4303 2596 4357 percurrens.
2623 4288 2796 4359 reperi
2831 4289 2967 4354 loca,
3000 4288 3051 4343 in
3079 4287 3270 4359 quibus
3303 4288 3498 4358 scripta
3524 4297 3666 4350 sunt,
3715 4303 3834 4359 qua:

2261 4379 2508 4433 videntur
2552 4377 2724 4435 facere
2776 4377 3144 4450 quaestionem.
3190 4377 3270 4433 Ac
3316 4377 3486 4448 primo
3508 4363 3832 4432 aestimabam

2263 4467 2620 4538 spiritualibus
2638 4467 2928 4539 spiritualia
2945 4482 3280 4536 comparatis,
3301 4466 3676 4526 indissolubilis
3693 4481 3830 4535 esse,

2264 4560 2400 4614 sicut
2427 4569 2482 4615 et
2521 4560 2688 4614 multa
2732 4567 2858 4615 sunt
2907 4559 3032 4614 alia.
3061 4558 3195 4614 Nam
3235 4567 3290 4614 et
3328 4557 3672 4613 Mathusalam
3701 4574 3832 4628 qna-

2267 4649 2555 4706 tuordecim
2581 4665 2748 4705 annos
2779 4659 2897 4720 post
2920 4648 3174 4704 diluvium
3218 4648 3413 4704 vixisse
3437 4648 3705 4715 scribitur,
3737 4663 3834 4703 nee

2269 4752 2443 4798 tamen
2487 4743 2756 4811 ingressus
2793 4749 2875 4797 est
2918 4755 3095 4796 arcam
3125 4755 3246 4796 cum
3295 4739 3424 4796 Noe.
3451 4741 3519 4796 Et
3554 4755 3674 4795 cum
3724 4741 3834 4810 ipse

2268 4835 2408 4890 Deus
2467 4835 2674 4888 locutus
2732 4833 2803 4888 sit
2855 4831 2920 4887 ad
2965 4829 3234 4888 Abraham
3282 4849 3295 4886 :
3343 4848 3363 4882 ι
3394 4829 3623 4886 Sciendo
3665 4817 3843 4896 scies,

2264 4924 2382 4995 quia
2404 4921 2737 4995 peregrinum
2763 4925 2865 4978 erit
2888 4936 3069 4978 semen
3096 4929 3243 4976 tuum
3268 4919 3322 4975 in
3348 4928 3483 4976 terra
3510 4935 3615 4974 non
3645 4935 3761 4986 sua,
3785 4930 3838 4976 et
3891 4965 3904 4986 ,

2265 5016 2317 5070 in
2345 5015 2656 5070 servitutem
2679 5012 2918 5083 redigant
2933 5025 3026 5068 eos
3045 5019 3100 5068 et
3122 5009 3380 5082 amigent,
3409 5019 3463 5066 et
3485 5010 3837 5068 bumlliabunt
3885 5009 3892 5050 θ

2349 5185 2401 5256 ά)
2431 5185 2634 5256 aliquot
2662 5185 2777 5256 Mss.
2799 5183 2955 5256 longis
2975 5185 3084 5256 vita
3105 5195 3329 5256 interere,
3369 5198 3468 5256 non
3491 5185 3586 5237 alio
3605 5199 3772 5256 sensu.

2347 5244 2396 5309 ε)
2431 5244 2546 5296 Duo
2563 5246 2678 5295 Mss.
2697 5253 2750 5296 ut
2763 5245 2854 5309 qui
2876 5244 3186 5309 interﬁceret,
3207 5254 3261 5296 et
3277 5259 3400 5309 mox
3408 5245 3657 5309 liberaret.
3679 5248 3837 5298 Vatic.

2331 5258 2393 5314 te)
2431 5258 2540 5322 Duo
2563 5258 2678 5295 mss.
2697 5258 2750 5296 ut
2773 5258 2852 5354 (Lm
2876 5258 3186 5309 interﬁceret,
3207 5258 3261 5296 et.
3277 5259 3388 5296 mox
3414 5258 3657 5318 liberaret.
3685 5258 3837 5320 vatio.

2259 5317 2426 5378 autem
2471 5316 2678 5378 _tntegr9
2717 5306 2774 5378 ad
2812 5319 2875 5378 ue_
2916 5320 3067 5377 sensu
3125 5319 3297 5378 vocem
3340 5306 3598 5378 afﬂictione
3641 5317 3837 5359 omittit.

2261 5365 2784 5479 ἒὲιειςῐᾷεἷῖιῖἐξὶωθ,
2809 5367 2875 5418 ad
2895 5367 3056 5418 martia
3076 5365 3315 5431 supplicia
3348 5365 3689 5428 unum,
3731 5382 3839 5431 qua

2261 5437 2320 5479 ad
2341 5443 2451 5480 eum
2473 5437 2642 5479 refert.

2326 5487 2386 5556 (Γ)
2426 5491 2579 5556 Vatic.
2603 5498 2752 5551 atque
2774 5487 3119 5556 Ambrosianus
3138 5504 3248 5556 eum
3283 5491 3390 5556 aliis
3417 5490 3593 5556 decem
3617 5490 3838 5556 Μεεᾳα.

2259 5550 2410 5621 crete,
2429 5551 2559 5621 quod
2581 5558 2658 5621 est
2673 5550 2900 5621 mystice,
2927 5552 3028 5621 etsi
3045 5551 3393 5621 minus__latine,
3420 5550 3625 5621 fortasse
3647 5553 3834 5601 verius.

2326 5608 2404 5676 (gl
2429 5608 2536 5676 Ngn
2558 5613 2649 5676 nisi
2671 5608 2932 5676 duodecim
2948 5608 3420 5676 Origenislibrosi'n
3443 5611 3678 5662 Genesim
3711 5625 3834 5661 enu-

2258 5671 2450 5736 merant
2467 5671 2739 5736 Eusebius,
2763 5671 3084 5736 Nicephorus,
3108 5671 3296 5736 suidas,
3320 5675 3522 5736 alitque,
3544 5685 3670 5736 quos
3689 5686 3832 5734 supra

2259 5733 2548 5795 adduximus
2565 5733 2611 5780 in
2636 5730 2826 5795 epistol.
2849 5730 3011 5795 53._ad
3035 5730 3251 5792 Paulam,
3276 5730 3358 5784 ubi
3384 5730 3530 5784 etiam
3550 5730 3636 5795 qui
3660 5730 3833 5783 tactum

2259 5795 2338 5854 sit,
2363 5801 2416 5843 ut
2437 5794 2636 5842 tertium
2657 5793 2901 5841 decimum
2925 5793 3252 5856 Hieronymus
3274 5797 3491 5856 noverit,
3515 5793 3827 5858 explicamus
