4136 6332
281 402 378 459 ιτι

276 532 366 572 eos
416 512 571 568 annis
619 510 1013 581 quadringentis
1062 511 1219 582 (Gen.
1276 508 1362 566 15.
1416 511 1560 581 i3):
1597 531 1616 564 ι
1664 523 1842 584 postea

275 609 480 677 Moyses
501 605 686 660 scribit
713 604 764 658 in
789 603 1011 658 Exodo:
1046 621 1066 654 ι
1103 604 1167 657 Et
1194 604 1386 658 factum
1424 615 1510 660 est
1546 616 1665 675 post
1711 621 1844 676 qua-

275 698 580 766 dringentos
597 705 649 751 et
680 696 887 764 triginta
917 710 1105 759 annos,
1127 696 1288 750 exivit
1309 696 1484 751 omnis
1507 698 1586 768 (α)
1615 700 1844 767 potentia

277 787 478 842 Domini
500 787 566 842 de
588 795 726 841 terra
752 785 964 858 Egypti
991 803 1010 838 ο
1037 786 1056 858 (
1073 785 1241 841 Exod.
1266 787 1350 841 12.
1383 788 1447 843 Η
1469 792 1510 857 ).
1538 791 1680 859 Agar
1716 804 1848 858 quo-

275 896 375 951 que
399 880 700 944 lsmaelem,
730 881 876 948 quasi
909 880 1186 934 lactentem
1221 889 1274 934 et
1309 890 1548 937 tenerum
1578 889 1753 948 portat
1793 880 1846 935 in

277 975 531 1038 humeris,
556 988 677 1028 cum
717 973 900 1028 decem
949 980 1002 1027 et
1050 979 1173 1026 octo
1207 971 1392 1038 ferme,
1427 980 1481 1026 et
1507 971 1731 1040 amplius
1758 986 1842 1026 rc-

275 1068 512 1139 pariatur
573 1079 835 1119 annorum
888 1080 904 1120 :
947 1072 1011 1119 et
1055 1063 1331 1118 ridiculum
1388 1063 1456 1117 sit
1507 1071 1614 1118 tam
1692 1062 1849 1134 166

276 1157 524 1228 grandem
544 1155 792 1225 juvenem
835 1154 1020 1209 matris
1044 1151 1245 1209 sedisse
1269 1153 1580 1208 cervicibus.
1608 1151 1845 1207 Roboam

276 1265 402 1304 vero
430 1249 566 1302 ﬁlius
595 1245 893 1302 Salomonis
926 1245 1326 1314 quadragesimo
1348 1247 1519 1314 primo
1542 1244 1711 1298 trtatis
1735 1257 1845 1298 sine

274 1357 410 1396 anno
432 1340 576 1411 regni
601 1338 1134 1409 sumpsitexdrdium,
1149 1345 1204 1392 et
1224 1337 1458 1407 regnavit
1479 1337 1528 1389 in
1552 1335 1844 1391 Jerusalem

274 1434 422 1488 annis
461 1433 727 1489 sexdecim
759 1450 773 1486 :
803 1447 924 1487 cum
971 1431 1151 1501 utique
1179 1441 1328 1499 pater
1369 1429 1484 1499 ejus
1530 1427 1846 1484 duodecimo

275 1541 412 1579 anno
445 1539 670 1595 regnare
697 1523 975 1592 incipiens,
1001 1523 1154 1576 annis
1180 1520 1520 1591 quadraginta
1549 1520 1848 1590 regnaverit

276 1624 327 1668 et
351 1613 626 1669 undecimo
655 1613 816 1668 lilium
856 1627 1112 1682 generare
1149 1627 1253 1666 non
1280 1611 1527 1682 quiverit.

347 1704 432 1758 ii.
464 1703 604 1758 Dum
636 1702 751 1758 haec
771 1711 825 1757 et
845 1707 1010 1757 multa
1038 1701 1335 1770 huiusmodi
1364 1715 1569 1756 mecum
1593 1697 1847 1756 sollicitus

275 1794 573 1858 volveretn,
627 1793 834 1862 aperuit
880 1793 1008 1848 mihi
1052 1792 1268 1858 ostium,
1313 1792 1401 1862 qui
1444 1791 1602 1847 habet
1643 1792 1846 1846 clavem

276 1885 455 1948 David,
480 1894 536 1938 et
564 1884 852 1938 introduxit
876 1898 962 1938 tne
991 1883 1042 1938 in
1069 1883 1368 1937 cubiculum
1413 1897 1610 1953 suum,
1647 1883 1848 1951 posuit-

272 1991 375 2047 que
395 1977 446 2030 in
475 1975 730 2029 foramine
762 1985 923 2044 petrae
953 1991 967 2028 :
992 1983 1048 2029 ut
1073 1981 1193 2045 post
1235 1973 1477 2042 spiritum
1505 1973 1843 2037 saevientem,

274 2077 391 2136 post
415 2075 570 2120 teme
599 2080 732 2120 more
757 2074 978 2130 motum,
1034 2071 1154 2134 post
1181 2063 1483 2120 incendium
1533 2063 1846 2133 ignorantia:

271 2171 377 2231 φο
401 2156 612 2221 urebar,
645 2170 748 2210 vox
767 2155 832 2210 ad
855 2170 940 2210 me
965 2169 1110 2209 aurae
1135 2154 1352 2210 lenioris
1375 2153 1673 2220 accederet,
1702 2153 1847 2207 dice-

272 2261 490 2324 retque
524 2264 538 2301 :
569 2264 590 2298 ι
627 2247 801 2302 inveni
830 2261 988 2316 quem
1014 2245 1256 2315 qumsivit
1279 2244 1452 2299 anima
1474 2258 1592 2299 mea
1616 2263 1630 2298 :
1656 2245 1846 2299 tenebo

271 2352 390 2393 eum
435 2347 506 2405 «ξ
538 2354 647 2400 non
689 2338 953 2392 dimittam
985 2355 1005 2389 ι
1040 2335 1230 2405 (Cant.
1262 2335 1316 2388 5.
1360 2335 1448 2402 4).
1497 2334 1700 2388 Erssnt
1737 2348 1844 2388 cun

269 2429 511 2483 videatur
543 2429 814 2500 Scriptura
852 2427 991 2480 inter
1017 2439 1076 2479 se
1099 2438 1220 2478 esse
1251 2422 1533 2487 contraria,
1561 2432 1847 2492 utrumque

269 2535 456 2575 verum
501 2529 604 2585 est,
655 2535 784 2576 eum.
800 2516 1067 2572 diversum
1111 2516 1200 2569 sit.
1246 2514 1457 2584 Egressi
1499 2523 1622 2569 sunt
1659 2522 1844 2583 quarta

265 2611 614 2681 generatione
633 2608 721 2661 lilii
740 2607 901 2668 ist-cel
911 2606 980 2662 de
1003 2615 1140 2660 terra
1158 2604 1402 2676 Egypti:
1429 2604 1643 2674 Replica
1661 2618 1849 2674 genea-

266 2703 465 2772 logiam
485 2699 633 2754 Levi.
655 2698 781 2753 Levi
797 2697 982 2768 genuit
994 2695 1184 2761 Caath,
1218 2695 1386 2752 Caath
1406 2699 1585 2764 genuit
1603 2696 1843 2761 Amram,

264 2795 485 2847 Amram
513 2791 692 2860 genuit
713 2792 911 2853 Aaron,
945 2789 1120 2848 Aaron
1146 2789 1326 2859 genuit
1351 2788 1598 2851 Eleazar,
1627 2788 1846 2844 Eleazar

265 2882 450 2952 genuit
483 2879 695 2934 Finees.
743 2878 908 2934 Caath
937 2894 1058 2933 cum
1089 2889 1235 2949 patre
1269 2893 1365 2932 suo
1406 2877 1530 2933 Levi
1575 2878 1844 2948 ingressus

265 2981 350 3027 est
373 2971 684 3042 Egyptum.
717 2969 946 3024 Rursum
976 2969 1197 3024 Eleazar
1222 2985 1341 3024 cum
1370 2976 1518 3038 patre
1541 2983 1640 3023 suo
1667 2970 1842 3024 Aaron

266 3077 514 3133 egressus
547 3061 720 3117 estde
749 3060 1001 3131 Egypto.
1049 3061 1092 3114 A
1131 3059 1296 3115 Caath
1323 3075 1487 3131 usque
1510 3060 1576 3115 ad
1623 3059 1845 3116 Eleazar

268 3161 638 3222 computantur
691 3152 1060 3222 generationes
1111 3161 1341 3222 quatuor
1384 3167 1399 3207 :
1457 3151 1578 3207 licet
1623 3151 1837 3221 quidam

271 3245 432 3298 velint
469 3243 536 3296 ab
563 3242 636 3313 (b)
667 3245 881 3297 Amram
909 3241 1142 3312 incipere
1167 3251 1222 3296 et
1250 3241 1314 3296 ad
1341 3240 1552 3308 Fiuecs,
1581 3251 1638 3296 ut
1663 3256 1760 3296 nos
1789 3240 1842 3296 in

273 3333 578 3388 Eleazarum
631 3333 872 3398 fecimus,
905 3333 1202 3404 pervenire.
1231 3333 1288 3389 Si
1325 3348 1450 3388 vero
1479 3333 1710 3389 volueris
1735 3333 1843 3388 dis-

273 3439 451 3492 parem
509 3439 786 3478 numerum
845 3423 1161 3491 ostendere,
1219 3423 1486 3495 quomodo
1549 3423 1842 3479 secundum

275 3515 511 3571 Exedunt
539 3517 716 3585 quinta
741 3515 1084 3586 generatione
1111 3516 1312 3584 egressi
1339 3515 1446 3569 sint
1475 3515 1569 3569 filii
1591 3513 1752 3570 Israel
1776 3515 1844 3571 de

273 3613 409 3660 terra
437 3604 675 3676 Egypti,
732 3604 901 3660 tribus
943 3605 1034 3659 tibi
1075 3602 1226 3659 Judze
1274 3613 1330 3660 et
1355 3603 1487 3660 ordo
1512 3614 1840 3660 numeretur.

272 3695 400 3751 Jnda
429 3699 609 3766 genuit
647 3696 866 3760 Phares,
911 3695 1112 3752 Phares
1163 3697 1345 3766 genuit
1393 3696 1604 3762 Esrom,
1650 3695 1840 3750 Esrom

273 3787 452 3856 genuit
470 3789 648 3852 Amm,
685 3788 840 3840 Aram
866 3787 1046 3856 genuit
1074 3784 1396 3850 Aminadab,
1439 3785 1732 3840 Aminadab
1752 3801 1844 3857 ge-

274 3878 385 3931 nuit
410 3876 636 3941 Naason,
657 3876 864 3931 Naason
906 3877 1085 3947 genuit
1109 3875 1344 3932 Salmon.
1378 3876 1577 3931 Phares
1604 3891 1842 3946 cumpe-

275 3975 352 4020 trc
377 3981 475 4020 suo
495 3965 626 4020 Juda
648 3967 916 4036 ingressus
934 3975 1016 4021 cst
1036 3965 1345 4036 Egyptum.
1370 3965 1576 4020 Naason
1599 3967 1842 4036 princeps

274 4057 437 4111 tribus
461 4057 594 4111 .luda
614 4057 664 4110 in
692 4057 904 4111 deserto
918 4056 1233 4111 describitur
1262 4073 1276 4108 :
1301 4055 1450 4125 cujus
1471 4056 1608 4111 filius
1627 4055 1839 4112 Salmon

274 4155 466 4200 terram
518 4146 944 4214 repromissionis
994 4145 1227 4200 intravit.
1272 4143 1527 4216 Computa
1575 4161 1605 4202 a
1642 4146 1842 4202 Phares

274 4252 436 4308 usque
472 4236 538 4292 ad
589 4237 832 4306 Naason,
880 4237 1116 4292 invenies
1155 4237 1524 4307 generationes
1557 4237 1790 4308 quinque
1823 4256 1838 4294 :

275 4327 480 4382 tametsi
535 4328 771 4382 nonnulli
823 4328 918 4399 (ut
962 4328 1014 4383 in
1069 4327 1206 4383 tribu
1245 4328 1372 4383 Levi
1406 4328 1760 4400 ostendimus)
1788 4331 1838 4384 in

274 4417 460 4473 Esrom
492 4420 704 4488 initium
736 4419 954 4485 faciant.
984 4430 1036 4477 et
1063 4420 1129 4476 ad
1171 4421 1388 4478 Salmon
1441 4438 1606 4494 usque
1653 4437 1842 4494 perve-

274 4509 433 4563 ttiant.

340 4599 427 4654 12.
454 4599 589 4656 Puto
618 4601 886 4671 problenta
927 4601 1242 4658 dissolutum
1288 4622 1300 4658 :
1332 4605 1471 4676 quod
1501 4607 1544 4661 si
1571 4605 1834 4677 displicet,

272 4689 336 4744 ad
360 4693 730 4761 compendium
757 4693 987 4756 veniam.
1009 4702 1062 4748 et
1081 4695 1253 4751 dicam
1274 4696 1326 4751 in
1359 4696 1570 4752 ltebran
1597 4713 1702 4752 non
1720 4713 1840 4754 esse

272 4779 554 4835 diversum.
599 4782 752 4854 167
832 4783 1016 4852 Aquila
1043 4799 1269 4854 namque
1293 4787 1381 4854 qui
1411 4801 1517 4840 non
1545 4787 1842 4841 contentio-

272 4870 396 4936 sius,
415 4880 473 4925 ut
489 4873 701 4941 quidam
722 4882 926 4943 putant,
940 4873 1032 4928 sed
1049 4874 1333 4929 studiosius
1352 4875 1570 4930 verbum
1589 4875 1842 4945 interpre-

272 4969 408 5015 tatur
420 4961 486 5016 ad
511 4961 753 5029 verbum,
770 4962 822 5017 in
837 4977 903 5018 eo
923 4963 1040 5019 loco
1061 4965 1148 5018 ubi
1163 4964 1499 5034 Septuaginta
1523 4973 1836 5035 posuerunt:

275 5070 294 5102 ι
321 5053 511 5119 Quinta
534 5064 712 5109 autem
733 5057 1072 5123 generatione
1096 5057 1448 5112 ascenderunt
1469 5059 1558 5112 filii
1582 5057 1742 5112 Israel
1771 5059 1840 5115 dc

271 5151 406 5197 terra
430 5143 647 5215 Egypti
677 5163 697 5196 ι
737 5144 943 5213 (Exod.
970 5145 1055 5202 i3.
1088 5146 1210 5219 i8),
1233 5147 1302 5202 ita
1334 5147 1576 5203 transulit
1605 5153 1740 5204 τι(κί
1763 5150 1836 5222 (c)

335 5317 398 5387 (a)
434 5321 566 5387 Edit.
587 5321 949 5387 Benedleﬁoit
969 5323 1121 5375 mutis
1155 5323 1360 5386 populus
1391 5323 1598 5375 Domini.
1637 5323 1837 5387 Gmcus

269 5384 445 5454 autem,
468 5385 557 5433 cui
572 5386 720 5454 etiam
740 5384 984 5454 Hebraeus
1004 5384 1262 5454 consentit.
1287 5401 1395 5454 quae
1415 5394 1646 5454 tecm,
1685 5385 1837 5454 omnis

268 5444 489 5508 potentia,
509 5444 636 5504 quod
657 5456 724 5508 ex
746 5445 1021 5508 quindecim
1041 5444 1666 5508 Hieronymianis'Mss.'nos
1689 5448 1836 5496 etiam

270 5502 630 5570 exnessirnus._
656 5502 957 5570 Paulo__pos_t
997 5518 1082 5568 pro
1100 5502 1278 5570 decem
1295 5513 1341 5556 et
1374 5514 1477 5570 octo
1513 5508 1664 5570 ferme
1678 5541 1693 5565 ,
1737 5520 1836 5557 non

265 5563 404 5630 paftci
428 5565 542 5630 εἴθε.
551 5567 738 5630 habent
760 5563 886 5630 xvi,
911 5563 1078 5628 ferme,
1100 5563 1342 5630 Victorius
1363 5563 1546 5630 decepi,
1568 5575 1615 5618 et
1634 5563 1831 5630 septem.

333 5621 400 5689 (b)
435 5626 520 5689 Sic
551 5627 710 5678 lecturi
746 5641 810 5677 ex
843 5621 958 5675 Mss.
978 5621 1161 5689 nostris
1180 5627 1508 5688 supplevimns
1534 5621 1656 5678 cum
1687 5621 1835 5678 'antea

269 5687 424 5749 penes
445 5687 771 5749 Martianazum
795 5693 929 5737 esset
949 5687 1010 5735 ab
1033 5698 1221 5736 Amram
1243 5687 1389 5749 usque
1410 5689 1474 5737 ad
1501 5689 1687 5739 Finees.

331 5746 403 5809 (ε)
439 5748 608 5799 ‘Vatle.
658 5751 1110 5820 ὶνυκλψινοιιναιξοά
1153 5746 1338 5820 rectius
1381 5749 1478 5820 legi
1532 5758 1648 5811 puto
1691 5761 1833 5820 quam

593 5823 702 5860 nam
741 5808 886 5860 etiam
919 5808 1156 5859 Diodorus
1177 5811 1225 5858 in
1249 5808 1452 5860 Catenis
1466 5808 1593 5860 hunc
1621 5808 1835 5860 reeitaus

1589 396 1919 458 EPISTOLA
1961 399 2206 459 XXXVI;

3415 418 3518 475 458

1953 514 2300 582 ἔνοπλιρἀινοι
2318 513 2557 586 ἀνέβησαν
2569 524 2616 572 oi
2636 525 2728 574 uio!
2750 507 2926 594 Ῐσραῆλ
2940 525 3036 580 ἀπὸ
3057 523 3141 590 τῆς
3160 541 3244 596 τῆς
3265 526 3520 600 “postea,

1951 604 2002 659 id
2043 613 2144 670 est,
2206 624 2226 658 ι
2259 607 2326 662 Et
2363 609 2552 662 armati
2586 612 2940 669 ascenderunt
2967 617 3056 672 lilii
3100 620 3258 676 lsrael
3285 624 3351 677 de
3381 634 3521 680 terra

1950 697 2188 771 Egypti.
2212 717 2232 752 ο
2281 700 2429 755 Licet
2472 716 2570 770 pro
2594 716 2660 758 eo
2701 706 2842 774 quod
2902 722 2998 763 nos
3034 713 3215 767 armati
3256 712 3518 782 diximus,

1949 790 2239 846 secundum
2281 793 2438 862 graeci
2480 795 2741 850 sermonis
2779 799 3208 870 ambiguitatem,
3257 806 3519 874 instructi,

1949 881 2063 935 sive
2114 882 2314 945 muniti,
2372 893 2588 954 propter
2633 887 3051 959 supellectilem,
3091 908 3192 963 qua
3243 896 3522 970 Egyptian

1949 970 2330 1040 spoliaverunt,
2363 974 2531 1043 possit
2549 974 2788 1047 intelligi.

2024 1060 2110 1116 i5.
2153 1059 2462 1118 Estimanti
2505 1067 2868 1124 curiositatem
2918 1083 3038 1128 esse
3084 1069 3307 1142 finitam,
3353 1080 3524 1150 major

1949 1153 2218 1221 quaerendi
2247 1155 2409 1209 ardor
2444 1156 2682 1212 exoritur
2711 1175 2725 1212 :
2757 1167 2812 1214 et
2850 1159 2916 1216 ad
2949 1163 3344 1222 similitudinem
3373 1169 3524 1226 iere-

1949 1243 2069 1297 mia!
2080 1243 2342 1336 dissolvor
2359 1246 2588 1319 undique
2605 1260 2657 1304 et
2673 1249 2813 1308 ferre
2829 1268 2932 1309 non
2950 1269 3166 1325 possum
3180 1259 3394 1329 (Jerem.
3406 1263 3520 1336 20):

1947 1349 2114 1404 quare
2156 1334 2518 1408 Septuaginta,
2550 1342 2777 1409 quintam
2804 1346 3192 1416 generationem,
3235 1345 3291 1407 et
3332 1334 3522 1425 Aquila

1952 1426 2282 1516 transtulerit
2345 1437 2587 1487 armatos.
2643 1432 2912 1491 Volumen’
2957 1438 3238 1497 Hebraeum
3285 1446 3521 1516 replico,

1946 1515 2088 1608 quod
2119 1516 2311 1572 Paulus
2338 1519 2416 1589 (ά)
2437 1531 2623 1592 γενόλην
2641 1524 2788 1593 juxta
2817 1528 3071 1597 quosdam
3099 1543 3271 1603 vocat,
3295 1515 3361 1591 et,
3381 1539 3524 1608 ipsos

1947 1607 2286 1697 characteres
2329 1611 2587 1668 sollicitus
2633 1616 2943 1683 attendens,
2991 1622 3243 1692 scriptum
3291 1607 3520 1697 reperio.

1957 1695 2200 1753 VAIUSII
2238 1715 2340 1754 ιω
2386 1716 2486 1756 an:
2524 1718 2710 1760 Isnm.
2731 1723 2938 1763 IIEAREZ
2968 1726 3215 1768 “suam.
3245 1715 3301 1771 in
3323 1695 3523 1791 reliqua

1951 1795 2101 1879 parte
2131 1788 2596 1879 interpretationes
2634 1809 2739 1849 non
2766 1797 3072 1856 discordant
3107 1819 3121 1856 :
3147 1806 3320 1860 omnis
3350 1788 3522 1879 pugna

1947 1877 2015 1931 de
2040 1877 2205 1932 verbo
2234 1890 2316 1933 est
2345 1895 2564 1948 AHUSII,
2587 1883 2727 1952 quod
2751 1885 2832 1940 his
2851 1887 3041 1945 litteris
3057 1894 3324 1960 scribitur,
3356 1877 3519 1964 uerti,

1947 1983 2059 2023 IEI
2084 2010 2099 2037 ,
2140 1983 2250 2036 snt,
2290 1986 2383 2028 ⁸ιοι)
2403 2014 2418 2038 ,
2449 1989 2558 2028 usu
2581 2015 2598 2040 ,
2639 1985 2814 2032 utrum
2845 1994 2964 2034 nam
2993 1986 3226 2055 quinque,
3259 2002 3324 2042 an
3351 1991 3521 2044 muni-

1948 2067 2024 2112 tos
2047 2069 2200 2115 sonet
2241 2059 2332 2133 (ρ).
2367 2063 2434 2116 Ει
2460 2064 2670 2134 quidem
2697 2069 2914 2139 quinque
2953 2071 3057 2130 hoc
3100 2090 3348 2134 scrutante
3381 2081 3522 2150 dici,

1946 2165 2139 2220 negare
2159 2167 2262 2206 non
2284 2169 2566 2223 possumus
2590 2175 2604 2210 :
2625 2173 2806 2215 verum
2827 2164 3042 2235 quinque
3059 2167 3249 2238 plurali
3275 2188 3519 2242 numero,

1947 2252 2052 2294 non
2077 2242 2270 2310 quinta,
2317 2253 2373 2298 ut
2415 2244 2491 2300 illi
2547 2247 2876 2318 interpretati
2921 2266 3067 2324 sunt,
3105 2259 3356 2329 singulari
3384 2281 3399 2318 :
3427 2265 3522 2320 sed

1946 2344 2046 2384 nec
2081 2334 2334 2420 generatio
2363 2333 2632 2392 invenitur
2654 2338 2904 2409 adjuncta
2924 2383 2938 2410 ,
2963 2360 3081 2414 mue
3106 2347 3284 2420 lingua
3311 2352 3524 2411 bebrzea

1946 2433 2053 2474 non
2077 2418 2271 2477 dicitur
2298 2440 2312 2477 :
2344 2434 2400 2478 ut
2428 2426 2474 2480 si
2500 2437 2642 2482 esset
2668 2431 2842 2499 quinta
2875 2439 3148 2504 generatio,
3179 2418 3427 2500 sermone
3446 2447 3526 2502 le-

1945 2525 2160 2610 geretur
2201 2517 2409 2574 illorum
2441 2522 2508 2594 (ι’)
2551 2540 2723 2582 “es;
2763 2544 2882 2584 non.
2912 2529 3064 2590 Nunc
3085 2547 3261 2594 autem
3290 2557 3486 2599 Αιωειιι
3505 2586 3520 2610 .

1946 2604 2002 2659 id
2053 2615 2163 2709 est,
2203 2610 2438 2709 quinque,
2475 2616 2583 2670 imo
2619 2617 2814 2686 quinta,
2856 2629 3056 2678 tantum
3105 2630 3358 2700 scriptum
3411 2604 3525 2705 est,

1947 2706 2005 2752 ut
2027 2702 2096 2753 sit
2115 2702 2264 2770 quasi
2288 2717 2520 2759 sensus:
2555 2723 2575 2758 ι
2611 2708 2802 2776 Quinta
2837 2723 3012 2769 autem
3049 2721 3406 2780 ascenderunt
3432 2702 3524 2784 lilii

1946 2786 2110 2844 Israel
2134 2789 2202 2846 de
2222 2799 2360 2848 terra
2387 2793 2602 2867 Egypti
2638 2817 2650 2853 :
2687 2817 2706 2852 ι
2732 2803 2872 2871 quod
2893 2806 3015 2874 quia
3037 2808 3210 2866 minus
3247 2813 3527 2873 videbatur

1947 2877 2190 2950 intelligi,
2240 2882 2486 2954 adjuncta
2513 2894 2768 2957 generatio
2793 2904 2893 2950 est.
2927 2898 3168 2969 Aquilam
3194 2917 3321 2961 vero
3367 2917 3424 2963 ut
3471 2911 3524 2966 in

1944 2972 2174 3039 caeteris,
2200 2982 2255 3028 et
2280 2975 2332 3030 in
2372 2976 2474 3032 hoc
2508 2982 2742 3038 maxime
2777 2985 2896 3042 loco
2937 2994 3152 3062 proprie
3191 3000 3526 3058 transtulisse

1944 3064 2117 3118 omnis
2139 3063 2319 3122 Judtea
2348 3070 2645 3128 conclamat
2671 3091 2686 3131 :
2716 3086 2770 3131 et
2805 3076 3200 3153 Synagogarum
3230 3103 3526 3148 consonant

1945 3154 2188 3246 universa
2242 3159 2514 3228 subsellia,
2565 3164 2706 3233 quod
2747 3167 2989 3226 videlicet
3040 3173 3179 3229 idem
3224 3193 3422 3246 sermo,
3469 3192 3526 3240 et

1943 3245 2143 3300 eisdem
2176 3248 2366 3304 litteris
2389 3253 2638 3323 scriptus,
2665 3256 2902 3315 diversas
2928 3263 3064 3332 apud
3091 3279 3185 3321 eos
3215 3278 3269 3323 et
3295 3245 3451 3328 voces
3470 3285 3526 3330 et

1945 3337 2320 3409 intelligentias
2343 3341 2554 3400 habeat.
2579 3348 2656 3402 Ex
2678 3351 2870 3419 quibus
2906 3358 3134 3427 exempli
3170 3373 3327 3416 causa
3359 3379 3521 3420 unum

1946 3428 2210 3497 ponimus,
2243 3444 2298 3486 ut
2319 3433 2460 3502 quod
2491 3435 2714 3493 dicimus
2743 3443 3080 3514 perspicuum
3157 3451 3316 3522 168
3387 3453 3477 3524 liat
3504 3473 3518 3512 :

1946 3528 2183 3586 pastores
2210 3532 2262 3578 et
2289 3535 2555 3582 amatores
2592 3530 2790 3586 eisdem
2820 3534 3010 3592 litteris
3055 3543 3363 3600 scribuntur
3392 3561 3518 3615 nes,

1944 3624 2052 3672 MN,
2081 3625 2193 3678 JOD,
2225 3628 2337 3709 {El
2368 3631 2383 3667 :
2417 3617 2512 3672 sed
2542 3630 2783 3688 pastores
2819 3637 2977 3694 nom,
3016 3640 3284 3689 amatores
3333 3637 3523 3709 leguu.

1945 3707 2030 3753 tttr
2056 3715 2202 3755 nam.
2228 3701 2384 3798 unde
2409 3709 2604 3772 evenit,
2627 3719 2684 3764 ut
2701 3712 2786 3768 ubi
2811 3713 3106 3776 Jerusalem
3134 3724 3184 3778 in
3215 3701 3522 3798 Prophetis,

1944 3804 2064 3887 cum
2083 3794 2407 3887 amatoribus
2427 3799 2539 3854 suis
2562 3799 2925 3862 fornicationis
2949 3813 3152 3868 scelere
3169 3794 3427 3887 arguiiur,
3447 3794 3519 3879 ibi

1944 3883 1998 3988 in
2021 3885 2214 3988 nostris
2233 3887 2523 3959 codicibus,
2544 3908 2643 3962 pro
2665 3900 3008 3970 amatoribus,
3023 3883 3293 3974 pastorum
3322 3883 3518 3971 nomen

1942 3986 2010 4029 Sil
2035 3986 2389 4037 immutatum.

2014 4067 2103 4123 li.
2128 4069 2252 4126 Scio
2272 4071 2385 4128 haec
2411 4074 2634 4131 molesta
2658 4091 2779 4135 esse
2805 4079 3022 4151 lectori,
3055 4086 3148 4142 sed
3178 4088 3246 4146 de
3295 4091 3518 4152 Hebrai-

1942 4158 2021 4213 cis
2047 4158 2233 4216 litteris
2259 4163 2642 4258 disputantem,
2687 4185 2792 4226 non
2835 4172 2988 4230 decet
3032 4179 3331 4240 Aristotelis
3355 4201 3518 4258 argu-

1945 4261 2121 4344 menta
2134 4254 2477 4344 conquirere,
2499 4273 2597 4313 nec
2615 4274 2679 4314 ex
2703 4259 2920 4320 ﬂumine
2940 4264 3181 4324 Tulliano
3198 4254 3517 4344 eloquentiae

1943 4339 2216 4398 ducendus
2243 4355 2325 4401 est
2354 4346 2554 4403 rivulus
2581 4366 2594 4402 :
2641 4365 2740 4407 nec
2768 4367 2928 4410 aures
2953 4355 3257 4424 Quintiliani
3282 4339 3517 4424 llosculis

1941 4513 2627 4601 ἐξιξιὲθίξὲοέιιξιλξηλιεμινξιε
2649 4519 2937 4601 “saepe.
2958 4533 3347 4601 ντειενοιιηᾷυιη
3383 4540 3512 4601 quod

1943 4578 2092 4650 habet
2125 4579 2251 4650 idem
2277 4578 2531 4650 Vane-19;,
2557 4578 2628 4634 imi
2667 4578 2728 4650 1f;
2763 4599 2876 4650 quae
2913 4578 3124 4638 fortasse,
3147 4578 3512 4650 'v‘éiitii'és‘liﬁi

2448 4641 2730 4706 interpretis
2763 4641 2937 4708 lectio,
2963 4659 3016 4699 ut
3036 4641 3307 4707 Hebrum—m-

1941 4711 2154 4772 pressius
2174 4710 2424 4772 redderet,
3325 4719 3334 4726 '

2008 4766 2930 4854 idl£9§e3£2!ie9§ﬂe;.eeefei
2953 4785 3036 4854 aut
3053 4779 3508 4854 ,P’w'wleelmbem,

1941 4838 2026 4912 EE}
2047 4831 2481 4912 Whlii'ﬂ'i‘?
2502 4831 2777 4912 θέἓὲἓίὲδ.
2791 4831 2927 4888 δειλέ
2947 4831 3150 4912 ramites
3182 4831 3511 4912 ξέείἰὶί“ἓὲὶῐὲξξιε

1940 4897 2025 4940 aut
2045 4893 2196 4956 My
2215 4893 2494 4954 praeferunt.
2518 4893 2742 4962 Sequens
2765 4896 2898 4962 locus
2917 4900 2992 4950 sic
3011 4893 3221 4955 hebrteis
3241 4893 3509 4962 nilei-ﬂii

1939 4969 2095 5022 fertur
2127 4981 2312 5033 unm
2337 4981 2503 5056 γπκῃ
2523 4957 2698 5039 θκτων
2727 4985 2811 5038 7.13
2831 4960 2924 5046 ὗν
2949 4991 3204 5050 nimum.

2009 5061 2066 5130 (e)
2107 5061 2171 5136 lit
2190 5067 2422 5137 quantum
2445 5064 2550 5114 ﬁeri
2588 5073 2750 5138 potest
2787 5068 2844 5116 ad
2882 5068 3158 5143 hebraicum
3194 5082 3382 5127 textum
3419 5093 3508 5130 ve-

1939 5129 2751 5201 !939“!E‘liﬁ??’9%‘!99¢§£"83h
2776 5136 3113 5201 grammaticas
3146 5134 3371 5201 Ηβιπίιιω
3403 5139 3505 5201 lin-

1937 5198 2049 5248 gua:
2085 5185 2284 5252 regulas
2317 5185 2506 5236 videtur
2537 5185 2680 5252 Hier?
2711 5185 2954 5252 scribendi
2994 5185 3304 5248 festinatione
3334 5185 3508 5252 minus

1937 5246 2224 5324 attendisse,
2245 5246 2359 5324 dttm_
2389 5248 2612 5298 concedit
2633 5251 2835 5324 verbum
2866 5253 3076 5311 Dm
3111 5267 3254 5320 posse
3285 5246 3506 5324 ἰιιὶίἦᾶἆὲ

1937 5316 2212 5385 signiﬁcare
2233 5316 2360 5385 quod
2380 5327 2556 5385 revera
2578 5327 2716 5368 sonat
2737 5319 3098 5385 qttinquagtnta.

2005 5374 2075 5442 (Γ)
2113 5374 2306 5449 Acer-be
2338 5377 2468 5426 hunc
2488 5377 2658 5449 iocum
2693 5374 3127 5449 su'giliaut_'ct-itici,
3159 5389 3288 5449 quod
3324 5391 3505 5440 nomini

1938 5435 2041 5504 poi;
2061 5435 2308 5504 masculini
2328 5440 2544 5499 generis,
2573 5435 3063 5504 amesa'adjectivum
3094 5435 3502 5504 renitaiit'iéb’ni'.‘

1935 5496 2064 5565 larit.
2109 5498 2215 5565 Sed
2246 5496 2420 5565 vereor
2452 5496 2698 5563 ne'prava
2733 5496 3072 5564 ipsi'lectione
3107 5496 3498 5565 fallantur,"hiss.

1936 5559 2071 5607 enim
2112 5558 2306 5609 codices
2345 5558 2569 5624 aliquotf
2591 5574 2656 5610 ex
2698 5558 2901 5624 quorum
2932 5578 3136 5617 numero
3163 5558 3502 5617 Cisterciensis

1937 5631 2170 5686 perquam
2212 5620 2513 5686 emendatus,
2537 5633 2696 5686 emese
2716 5620 2924 5684 habent,
2965 5627 3196 5686 quodex
3239 5625 3501 5677 masculino

1932 5680 2118 5736 man
2135 5681 2277 5731 facile
2299 5680 2400 5742 legi
2432 5683 2602 5743 potuit.
2629 5680 2921 5746 lmpressaui
2951 5680 3066 5733 vero
3103 5685 3360 5736 lectionem
3403 5701 3500 5740 non

1935 5750 2258 5862 {ﬁngitith
2280 5750 2407 5814 quod
2430 5758 2482 5802 nt
2524 5753 2772 5815 scripserit
2805 5761 2988 5814 auctor,
3013 5767 3108 5804 non
3129 5755 3245 5805 satis
3278 5769 3501 5821 comper-
