2068 3166
292 191 345 218 439

290 254 318 276 et
343 246 458 276 scholari
482 244 676 273 declamatione
698 242 855 270 mttleenda‘.
880 241 1026 273 Pcdestris,
1052 246 1079 268 et

289 293 450 330 quotidiana:
458 291 561 324 similis,
576 296 603 318 et
616 290 715 318 nullam
731 289 942 317 lucttbrationem
953 288 1078 316 redolcns

288 340 374 368 oratio
402 337 553 366 necessaria
577 340 629 369 est,
651 344 711 371 quae
736 343 792 363 rem
819 334 941 370 explicet,
969 341 1077 361 sensum

287 387 428 419 edisserat,
449 385 564 417 obscura
587 383 749 415 manifestet,
775 389 828 409 non
851 388 911 416 qius
934 380 1075 408 verborum

287 432 479 467 compositione
489 429 651 458 frondescat.
665 428 725 456 Sint
739 428 783 454 alii
804 427 908 461 diserti,
922 425 1074 458 laudentur,

287 483 316 505 nt
329 478 431 509 volunt.
447 480 474 504 et
495 475 591 503 inflatis
604 475 703 506 buccis,
731 474 879 508 spumantia
900 471 982 498 verba
998 470 1074 497 truti-

286 528 371 552 ncnt:
387 521 561 551 mihisuflicit
585 521 624 547 sic
649 519 731 554 loqui,
752 523 782 545 ut
807 518 958 553 intelligar,
987 520 1016 544 ut
1041 516 1074 544 de

287 568 431 603 Scripturis
444 567 600 602 disputans,
623 565 820 600 Seripturarum
838 564 928 591 intiter
945 563 1074 597 simplici-

286 620 377 643 tatem.

286 660 330 687 i5.
346 659 397 686 Cur
409 658 483 688 Isaac
493 658 530 685 uir
543 658 625 692 justus
637 661 660 684 et
674 655 728 683 Deo
749 663 823 682 carus
846 663 896 682 non
917 654 955 682 illi
968 655 1007 681 cui
1029 661 1073 680 vo-

319 707 383 738 luit,
405 705 459 733 sed
492 704 534 731 cui
555 703 651 735 noluit,
677 702 795 737 deceptus
817 709 903 729 errore
929 700 1075 728 baredixit.’

322 751 433 787 (Cenes.
450 749 505 786 l7.)

322 806 417 834 Diﬂ'cro
430 805 562 841 paulisper
576 809 663 841 typos,
678 809 705 832 et
715 812 746 832 ea
759 811 819 839 qum
831 811 847 831 a
859 803 1003 838 majoribus
1026 810 1074 830 no-

285 854 348 881 stris
361 860 441 888 super
452 852 502 879 hoc
517 851 576 879 loco
588 855 649 879 sunt
666 851 850 885 interpretata,
866 854 1009 885 prmterco,
1021 856 1073 875 non

284 898 355 934 quod
371 897 489 932 opinioni
505 904 597 924 eorum
611 904 663 924 non
684 896 864 931 acquiescam,
887 894 934 923 sed
953 894 1025 930 quod
1047 898 1074 921 tu

284 945 335 972 hoc
346 947 448 971 tantum
463 949 576 977 quaeras,
592 949 675 977 quare
687 941 728 968 vir
746 941 833 975 justus
852 940 951 975 aliquid
969 940 1075 975 ignora-

284 989 364 1023 verit,
379 992 406 1016 et
425 991 516 1015 contra
532 994 607 1014 suam
635 986 730 1014 fecerit
749 985 921 1013 voluntatem.
944 985 983 1013 Ad
1003 985 1074 1021 quod

283 1035 401 1062 districta
416 1034 556 1069 responsio
566 1037 607 1060 est
620 1041 627 1060 :
642 1032 752 1060 Nouum
765 1039 898 1064 nomnen,
918 1036 1030 1066 excepto
1041 1039 1074 1058 eo

283 1080 327 1115 qui
340 1079 376 1107 ob
387 1084 503 1107 nostram
518 1078 632 1105 salutem
645 1084 753 1105 carnem
764 1081 805 1104 est
818 1077 940 1111 dignatus
953 1075 1072 1108 induere,

285 1128 391 1161 plenam
403 1125 528 1153 habuisse
537 1123 686 1155 scientiam,
700 1127 728 1151 et
737 1123 913 1150 certissimam
925 1122 1072 1150 veritatem.

284 1173 402 1207 Denique
414 1170 514 1199 Paulus
528 1177 562 1197 ex
573 1175 649 1205 parte
668 1168 813 1203 cognoscit,
828 1173 856 1196 et
877 1175 911 1196 ex
925 1172 1000 1203 parte
1013 1175 1075 1203 pro-

284 1218 373 1251 phetat
384 1216 414 1251 (1
432 1215 490 1243 Cor.
503 1215 546 1242 15.
562 1214 612 1250 9),
630 1219 736 1241 et'nunc
752 1220 799 1248 per
812 1213 948 1248 speculum
963 1213 1073 1241 videtin

284 1262 436 1297 aenigmate,
458 1265 486 1288 et
499 1259 646 1288 secundum
663 1258 737 1293 quod
749 1263 854 1293 oportet
867 1265 954 1291 orare,
971 1258 1075 1286 nescire

285 1314 334 1334 nos
357 1307 422 1334 dicit
442 1306 538 1342 (Rom.
565 1305 591 1333 8.
613 1304 666 1340 26)
680 1314 687 1332 :
701 1304 768 1338 Quia
794 1312 855 1331 cum
881 1304 984 1332 venerit
1005 1303 1074 1339 quod

286 1352 434 1387 perfectum
450 1355 501 1384 est,
514 1356 576 1378 tunc
586 1349 656 1386 quod
677 1357 709 1378 ex
724 1354 798 1385 parte
811 1355 852 1377 est
864 1350 1016 1378 destruetur
1029 1351 1073 1386 (1.

284 1399 344 1426 Cor.
359 1399 403 1426 15.
414 1397 468 1434 10).
478 1397 584 1425 Samuel
597 1397 729 1431 Propheta
742 1403 859 1424 connum
872 1402 969 1424 eratus
981 1396 1004 1424 Μ
1015 1397 1076 1431 (ι)ςί

285 1446 315 1473 in
335 1445 373 1481 (α)
392 1444 532 1478 Psalterio,
547 1443 580 1471 ad
602 1442 752 1477 ungendum
768 1450 857 1478 regem
884 1443 992 1476 missus,
1014 1450 1075 1470 cum

288 1492 367 1530 169
402 1490 546 1519 maximum
561 1489 675 1517 ﬁliorum
690 1488 765 1517 Jessc
784 1488 896 1516 vidisset
918 1488 1004 1522 Eliab,
1016 1489 1053 1515 ait
1068 1497 1074 1515 :

288 1547 297 1563 ι
313 1539 381 1565 Ecce
391 1543 481 1564 coram
498 1535 609 1563 Domino
623 1533 746 1562 Christus
758 1534 815 1569 ejus
826 1543 836 1560 ›
849 1534 886 1570 (1.
897 1534 960 1569 Reg.
974 1535 1017 1561 16.
1030 1534 1077 1569 6)?

285 1584 319 1611 Et
332 1583 398 1610 dixit
409 1581 538 1609 Dominus
552 1580 586 1608 ad
597 1580 706 1608 Samuel
720 1589 726 1607 :
741 1589 750 1606 ε
767 1579 823 1607 Noli
834 1580 969 1614 respicere
983 1579 1076 1607 faciem

286 1629 353 1663 ejus,
369 1634 455 1663 neque
469 1631 609 1658 staturam,-
628 1625 753 1660 quoniam
768 1625 905 1660 rcprobavi
921 1632 981 1652 eum
994 1633 1000 1651 :
1015 1624 1076 1660 quia

287 1683 340 1704 non
351 1674 484 1711 quomodo
499 1674 570 1701 videt
583 1673 662 1711 Deus,
678 1672 749 1700 videt
762 1672 852 1700 homo.
866 1672 951 1700 Homo
966 1671 1037 1700 videt
1052 1672 1076 1698 in

287 1709 367 1754 meie,
379 1721 450 1748 Deus
466 1723 555 1746 autem
579 1709 685 1753 inspicit
698 1724 745 1745 cor
759 1726 768 1743 ›
788 1716 872 1753 (Ibid.
887 1725 911 1743 υ.
924 1717 971 1750 7).
986 1717 1020 1744 Et
1031 1723 1078 1752 per

288 1767 405 1802 singulos
417 1765 455 1801 (lt)
466 1772 570 1799 semper
584 1764 718 1799 ignorans,
732 1770 814 1798 usque
824 1763 857 1790 ad
867 1762 949 1791 David
961 1762 1078 1790 nescisse

288 1812 455 1841 describitur.
480 1810 590 1838 Elisreus
603 1817 709 1845 quoque
732 1810 777 1845 qui
799 1809 895 1844 duplici
914 1810 1077 1845 glorificatus

288 1863 331 1887 est
351 1858 450 1893 Spiritu
463 1877 470 1890 ,
484 1857 560 1891 cujus
573 1863 633 1883 ossa
658 1856 738 1883 vitam
752 1855 866 1883 exanimi
881 1855 1003 1884 cadaveri
1018 1854 1078 1882 red-

289 1904 412 1931 diderunt
428 1903 472 1938 (ι.
487 1902 550 1938 Reg.
567 1902 579 1929 1
597 1906 619 1928 et
632 1900 684 1935 15)
701 1910 708 1928 :
724 1909 784 1928 cum
799 1901 944 1928 Sunamitis
964 1901 996 1928 ad
1017 1908 1077 1928 eum

290 1949 406 1976 venisset
427 1948 454 1975 in
478 1951 606 1979 montem,
623 1951 649 1974 et
663 1946 694 1973 ad
720 1946 800 1981 pedes
813 1946 870 1982 ejus
882 1946 1006 1974 ﬂebiliter
1020 1953 1079 1973 cor-

290 1996 397 2028 ruisset,
412 1995 485 2023 Giezi
507 1993 666 2029 prohibente
685 2001 718 2020 ne
737 1993 845 2025 faceret,
870 1993 927 2020 ait:
944 2002 954 2018 ‹
971 1992 1078 2019 Dimitte

290 2049 360 2074 eam,
376 2042 436 2076 quia
448 2041 536 2067 anima
547 2039 605 2075 ejus
619 2040 644 2066 in
659 2038 833 2066 amaritudine
844 2043 894 2071 est,
910 2043 937 2066 ct
952 2038 1080 2066 Dominus

292 2086 432 2114 abscondit
447 2093 461 2112 a
478 2093 530 2118 tne,
545 2091 571 2112 ct
584 2093 635 2112 non
662 2085 793 2111 nuntiavit
803 2085 867 2112 mihi
886 2094 895 2111 ι
913 2084 954 2119 (4.
970 2084 1033 2120 Reg.
1051 2085 1076 2112 1.

293 2132 355 2162 27).
386 2131 465 2158 Plura
483 2133 545 2157 sunt
571 2137 649 2163 quant
671 2133 699 2156 ut
724 2129 852 2164 exemplis
875 2130 1019 2157 debeamus
1033 2130 1080 2157 do-

292 2184 364 2210 cere,
389 2179 497 2203 sanctos
522 2174 593 2201 viros
611 2178 638 2201 et
665 2174 719 2201 Deo
739 2181 826 2207 caros,
842 2182 871 2202 ea
897 2175 1080 2202 tantummodo

292 2222 385 2253 scisse,
408 2228 467 2255 quze
490 2219 529 2247 eis
551 2226 566 2246 a
583 2219 694 2245 Domino
708 2219 823 2246 revelata
844 2224 927 2258 sunt:
944 2220 1080 2255 ignorasse

293 2275 367 2300 vero,
382 2274 440 2301 qure
455 2266 493 2299 eis
507 2265 625 2292 revelata
637 2272 689 2292 non
704 2264 800 2292 fuerint
812 2274 818 2292 :
830 2269 857 2293 et
869 2266 902 2292 ad
915 2266 1031 2301 singulas
1044 2268 1081 2293 vi-

293 2313 383 2339 siones
392 2310 546 2338 Zachariam
567 2315 647 2345 atque
665 2310 798 2338 Danielem
817 2311 980 2347 interrogare
998 2319 1080 2347 ange-

294 2359 359 2389 lum,
372 2361 398 2384 et
408 2356 560 2391 suppliciter
571 2356 718 2391 deprecari,
734 2361 884 2392 utexponat
900 2357 949 2385 sibi
961 2366 1019 2393 quae
1029 2359 1082 2386 sint

295 2404 340 2430 illa
353 2410 412 2437 qua:
428 2401 542 2428 tideant.
556 2401 630 2429 Unde
654 2410 705 2429 non
732 2403 827 2430 mirum
848 2407 898 2434 est,
924 2408 952 2430 ct
971 2403 1043 2431 Isaac
1057 2405 1081 2431 in

295 2455 370 2475 suam
385 2447 499 2473 maxime
514 2446 652 2472 utilitatem
675 2447 791 2474 nesci>se
803 2447 865 2481 quid
887 2447 986 2476 laceret
1000 2469 1006 2481 ,
1022 2457 1080 2476 cum

297 2492 380 2527 magis
389 2498 422 2518 eo
434 2495 551 2525 tempore
571 2495 682 2522 erraret,
696 2499 748 2525 quo
761 2492 843 2519 lilium
853 2494 1027 2528 sanguinaria:
1038 2495 1081 2521 de-

297 2538 379 2564 ditum
394 2536 538 2570 voluptati,
552 2540 579 2564 et
592 2543 664 2569 eum.
685 2536 729 2571 qui
751 2542 841 2571 postea
863 2539 969 2566 fratrem
994 2546 1084 2575 posset

298 2582 431 2613 occidere,
453 2582 633 2615 praetermisso
647 2581 694 2608 illo
710 2582 756 2616 qui
771 2582 927 2611 innocenter
951 2584 1085 2613 habitabat

250 2643 253 2645 -
299 2628 369 2654 dumi
380 2648 387 2660 ,
400 2626 480 2653 vellet
492 2625 598 2657 efferre.
613 2630 640 2652 et
655 2633 729 2653 suam
754 2627 838 2662 magis
849 2636 926 2663 quam
938 2630 985 2657 Dei
999 2631 1085 2660 facere

334 2696 366 2728 (α)
384 2696 509 2722 Hactenus
518 2696 619 2731 Vulgari
625 2696 650 2721 in
661 2697 794 2731 sacerdotio
807 2699 862 2731 Dei,
874 2706 945 2731 quam
956 2701 1086 2729 lectionem

301 2726 432 2761 immutare
448 2734 495 2752 non
513 2726 676 2761 dubitavimus
692 2734 724 2761 es
745 2728 792 2753 fide
813 2726 956 2761 Mss'fsupra
969 2726 1067 2761 triginta

300 2751 367 2790 quos
374 2751 460 2793 partim
465 2751 677 2793 partimalii
802 2751 986 2787 c‘EriéutIiE'rhiii.‘

299 2788 340 2813 fur
352 2788 433 2814 autem
446 2789 504 2813 illud
516 2788 603 2820 PSaltlli
612 2788 650 2820 98.
662 2788 686 2812 6.
702 2798 713 2811 ι
722 2789 824 2820 Moyses,
838 2795 864 2815 et
875 2792 954 2817 Aaron
967 2794 989 2817 in
1008 2788 1087 2819 sacer-

300 2819 397 2852 dotibus
404 2820 463 2852 ejus
470 2823 519 2852 get
535 2819 632 2844 Samuel
646 2819 786 2852 intonsos,
805 2822 846 2852 qui
868 2822 979 2848 invocant
998 2832 1086 2850 nomen

302 2851 364 2881 ejus.
377 2858 388 2872 ι
403 2849 459 2875 Mox
470 2850 547 2875 Vatie.
561 2856 649 2881 nomen
661 2849 726 2874 Lliab
737 2849 831 2876 omittii.

337 2881 368 2912 (b)
387 2881 436 2905 Pro
451 2887 544 2913 semper
562 2880 675 2916 plerique
687 2880 746 2905 editi
768 2886 856 2916 septeni
868 2890 877 2908 :
889 2887 914 2916 et
932 2885 1012 2909 statim
1029 2886 1085 2910 Mss.

303 2916 390 2943 magno
402 2918 503 2937 numero
515 2912 588 2937 nescit
600 2912 708 2941 brevius,
721 2918 763 2942 Iro
773 2914 874 2939 nescisse
887 2915 1039 2941 describitur.

937 183 1059 213 SANCTI
1079 183 1267 211 ΙΙΙΕΠΟΝΥΜΙ

1869 186 1922 218 460

1134 241 1307 268 voluntatem.
1324 241 1379 277 Ego
1401 247 1464 277 puto
1478 243 1577 271 divinae
1600 243 1808 279 dispensationis
1822 245 1920 280 fuisse,

1131 292 1160 314 ut
1184 287 1268 315 oculis
1290 294 1451 322 czecaretur,
1474 294 1501 317 et
1524 297 1584 317 cum
1614 290 1670 325 ipse
1691 290 1814 318 diceret:
1837 300 1847 317 ι
1866 292 1920 320 Vox

1130 333 1248 368 quidem,
1259 342 1309 362 vox
1322 334 1404 362 Iacob
1418 340 1458 363 est
1472 344 1479 362 :
1493 343 1588 363 manus
1602 341 1691 364 autern
1701 358 1708 367 .
1722 345 1816 364 manus
1827 338 1896 365 Esau
1910 347 1920 363 ο

1131 379 1206 415 (Gen.
1221 381 1334 414 21.22):
1352 386 1439 409 tamen
1468 390 1520 410 non
1545 383 1706 418 intelligeret
1720 384 1850 411 minorem
1863 392 1922 412 esse

1129 427 1272 462 tilium,qui
1280 428 1311 455 ad
1318 429 1531 457 benedictionem
1539 430 1628 457 fratris
1636 430 1876 464 prmrcptorastitci
1883 436 1920 458 at.

1165 473 1209 500 16.
1224 472 1361 509 Hippolyti
1383 476 1501 510 martyris
1515 476 1623 511 mystica
1644 476 1829 510 interpretatio.
1852 477 1923 511 Quo-

1128 518 1198 545 niam
1212 524 1300 545 autem
1316 520 1427 553 polliciti
1444 528 1545 551 sumus,
1559 525 1584 547 et
1596 520 1629 547 dc
1642 528 1673 547 co
1688 521 1749 555 qttid
1761 522 1922 556 significaret

1129 564 1154 591 in
1169 564 1258 598 figura,
1275 565 1418 600 adjungi-re
1433 586 1440 598 ,
1456 566 1589 601 Hippolyti
1605 567 1729 601 martyris
1744 567 1823 594 verba
1838 574 1921 601 pona-

1128 617 1196 641 mus,
1214 618 1227 636 a
1244 618 1297 645 quo
1318 616 1344 637 et
1359 611 1513 638 Victorinus
1537 616 1628 638 noster
1647 619 1699 638 non
1714 612 1857 646 plurimutn
1873 612 1922 639 dis-

1127 662 1218 691 crepat
1232 667 1238 683 :
1254 665 1305 683 non
1322 657 1392 691 quod
1411 658 1498 684 omnia
1521 658 1626 692 plenius
1650 664 1779 685 executus
1802 658 1853 690 sit,
1874 658 1921 685 sed

1127 702 1196 736 quod
1213 703 1294 737 possit
1309 703 1475 729 occasionem
1491 703 1610 738 praebere
1622 704 1714 730 lectori
1732 704 1764 730 ad
1777 704 1921 739 intelligen~

1126 749 1241 782 gentiam
1267 750 1398 777 latiorem.
1412 750 1447 784 (c)
1470 759 1479 775 ι
1495 750 1568 777 Isaac
1601 755 1687 785 portat
1709 751 1851 785 imaginem
1874 752 1920 779 Dei

1128 795 1223 828 Patris,
1240 795 1358 822 Rebecca
1374 796 1487 830 Spiritus
1506 796 1600 828 sancti,
1619 796 1687 823 Esau
1707 797 1795 831 populi
1811 798 1918 832 prioris,

1127 847 1152 869 et
1161 842 1270 870 diaboli.
1285 843 1366 870 Jacob
1377 843 1502 870 Ecclesia:
1513 843 1569 870 sive
1582 842 1690 870 Christi.
1699 843 1825 871 Scuuisse
1838 843 1918 875 Isaac.

1127 889 1383 915 consummationem
1404 889 1475 915 orbis
1490 888 1605 915 ostendit
1620 897 1626 914 ί
1641 888 1725 915 oculis
1736 889 1874 922 caligasse,
1889 889 1919 915 li-

1127 934 1186 961 dem
1199 935 1309 969 periisse
1324 935 1357 961 de
1372 935 1480 966 mundo,
1496 939 1522 961 et
1537 935 1672 969 religionis
1685 935 1774 961 lumen
1787 941 1849 962 ante
1859 943 1918 962 eum

1127 980 1275 1014 neglectum
1317 980 1394 1016 170
1430 988 1489 1007 csse
1509 980 1648 1015 significat.
1663 980 1738 1014 Quod
1753 980 1821 1007 [ilius
1836 981 1920 1014 major

1127 1031 1245 1058 vocatur,
1259 1026 1377 1060 acceptio
1391 1026 1455 1060 legis
1463 1026 1672 1053 cstJudzeorum.
1685 1026 1760 1059 Quod
1776 1033 1853 1053 escas
1861 1025 1918 1060 eius

1127 1076 1207 1106 atque
1222 1076 1358 1106 capturam
1375 1072 1459 1106 diligit
1474 1077 1559 1106 pater,
1571 1071 1691 1098 homines
1705 1076 1766 1098 sunt
1781 1072 1814 1099 ab
1827 1079 1919 1099 errore

1128 1118 1231 1149 salvati,
1247 1125 1314 1152 quos
1329 1125 1376 1151 per
1388 1117 1536 1144 doctrinam
1560 1117 1648 1152 justus
1663 1118 1775 1152 qttisquc
1796 1123 1917 1145 venatur.

1127 1163 1220 1190 Sermo
1237 1163 1281 1189 Dei
1297 1162 1490 1189 benedictionis
1502 1167 1542 1189 est
1557 1163 1738 1197 repromissio,
1751 1167 1778 1190 ct
1797 1170 1857 1196 spes
1875 1171 1918 1190 re-
1960 1158 1963 1163 ”

1126 1210 1170 1244 gni
1184 1208 1274 1240 futuri,
1291 1209 1315 1235 in
1330 1216 1381 1243 quo
1399 1216 1458 1235 cum
1474 1208 1579 1235 Christo
1595 1209 1678 1235 sancti
1695 1213 1756 1235 sunt
1769 1208 1918 1243 regnaturi,

1127 1260 1153 1281 et
1164 1262 1255 1281 verum
1269 1254 1406 1281 sabbatum
1423 1254 1589 1281 colebraturi.
1599 1254 1718 1281 Rebecca
1728 1254 1804 1288 plena
1818 1253 1918 1289 Spiritu

1127 1307 1230 1333 sancto,
1247 1301 1334 1328 sciens
1347 1301 1408 1335 quid
1422 1301 1552 1328 audiisset
1570 1305 1711 1336 antequam
1726 1304 1830 1336 pareret
1860 1302 1919 1335 quin

1128 1348 1209 1381 major
1220 1347 1307 1373 serviet
1321 1347 1411 1373 minori
1424 1357 1432 1372 ι
1448 1346 1524 1382 (Gen.
1536 1347 1580 1377 25.
1591 1346 1637 1381 25)
1651 1355 1658 1379 ;
1673 1347 1755 1381 magis
1768 1351 1856 1373 autem
1871 1346 1919 1373 for-

1128 1401 1170 1420 nta
1193 1393 1306 1427 Spiritus
1330 1394 1423 1425 sancti,
1441 1401 1500 1427 qua:
1520 1393 1604 1419 futura
1623 1397 1733 1419 noverat
1752 1392 1778 1418 in
1794 1391 1917 1421 Christo,

1129 1438 1154 1464 in
1166 1438 1247 1465 Jacob
1262 1438 1299 1473 ((1)
1310 1443 1370 1464 ante
1383 1437 1545 1465 meditatur:
1560 1438 1675 1472 loquitur
1688 1437 1719 1463 ad
1739 1437 1821 1463 lilium
1833 1438 1920 1463 mino-

1128 1492 1208 1511 rem:
1230 1483 1300 1510 Vade
1322 1484 1356 1509 ad
1382 1491 1498 1519 gregem,
1522 1489 1544 1510 et
1578 1483 1663 1517 accipe
1684 1483 1746 1508 milii
1767 1483 1826 1509 inde
1856 1484 1919 1509 duos

1129 1531 1213 1557 [tardos
1229 1539 1238 1555 ›
1253 1530 1327 1566 (Gen.
1342 1530 1386 1557 ‘27.
1396 1531 1423 1565 9)
1437 1539 1443 1562 ;
1461 1539 1470 1555 ι
1488 1530 1657 1564 prmligurans
1686 1536 1810 1555 carneum
1825 1528 1918 1555 Salva-

1132 1578 1196 1603 toris
1211 1577 1370 1608 adventum,
1388 1577 1413 1602 in
1441 1583 1494 1611 quo
1509 1583 1555 1603 eos
1575 1575 1617 1602 vel
1644 1575 1757 1602 maxime
1783 1575 1917 1606 liberaret,

1129 1623 1172 1656 qui
1189 1622 1304 1657 peccatis
1321 1621 1478 1648 tenebantur
1502 1622 1609 1648 obnoxii
1623 1630 1628 1647 :
1645 1621 1774 1656 siquidem
1790 1621 1815 1648 in
1832 1622 1917 1648 omni-

1130 1668 1178 1695 bus
1205 1668 1347 1702 scripturis
1375 1667 1443 1694 hct-di
1471 1675 1518 1702 pro
1539 1667 1723 1702 peccatoribus
1742 1667 1917 1701 accipiuntur.

1129 1712 1203 1746 Quod
1219 1718 1306 1740 autem
1322 1712 1505 1747 duosjubetur
1516 1712 1620 1744 alierre,
1636 1712 1747 1739 duorum
1763 1713 1917 1746 populorum

1130 1760 1291 1794 signiﬁcatur
1311 1760 1456 1793 assumptio
1472 1768 1477 1785 :
1493 1759 1562 1794 quod
1578 1764 1699 1792 teneros,
1715 1764 1741 1786 et
1756 1759 1855 1791 bonos,
1870 1759 1920 1786 du-

1130 1807 1204 1838 ciles,
1222 1811 1248 1833 et
1263 1806 1419 1833 innocentes
1440 1806 1534 1833 animm
1550 1805 1596 1841 (ε).
1618 1805 1691 1833 Stola
1714 1806 1755 1833 vel
1776 1806 1920 1833 vestimen-

1134 1858 1187 1880 tum
1202 1853 1282 1886 Esau,
1294 1853 1358 1879 ﬁdes
1372 1857 1398 1879 ct
1408 1852 1551 1887 Scriptura:
1565 1856 1626 1879 sunt
1636 1852 1814 1883 llebrmorum.
1824 1853 1920 1887 quibus

1133 1899 1271 1934 gentilium
1285 1898 1390 1925 indutus
1404 1902 1444 1924 est
1456 1898 1576 1933 populus.
1598 1898 1685 1925 Pelles
1707 1906 1765 1932 quae
1780 1899 1837 1932 ejus
1859 1898 1920 1925 Iil‘ﬂ-

1131 1944 1197 1971 Chiis
1213 1943 1385 1971 circumdata:
1396 1948 1467 1976 sunt,
1481 1948 1587 1977 peccata
1602 1944 1738 1978 utriusque
1751 1948 1812 1970 sunt
1827 1943 1919 1978 plebis.

1131 1997 1190 2024 qua:
1214 1989 1336 2016 Christus
1359 1988 1384 2015 in
1407 1988 1562 2015 extensione
1587 1996 1711 2015 manttum
1733 1989 1806 2016 cruci
1831 1996 1920 2016 secum

1133 2036 1232 2069 pariter
1243 2034 1336 2061 afﬁxit.
1352 2033 1426 2066 Quod
1439 2033 1511 2061 lsaac
1528 2034 1623 2069 quzerit
1635 2034 1668 2061 ab
1690 2033 1772 2061 Jacob
1784 2054 1791 2066 ,
1807 2042 1854 2061 cur
1870 2039 1920 2061 tam

1132 2080 1184 2106 cito
1199 2079 1351 2115 vencrit,(f)
1367 2079 1512 2106 admiratur
1525 2080 1638 2106 celerem
1651 2078 1815 2106 credentium
1832 2079 1921 2106 fidem.

1132 2126 1206 2159 Quod
1222 2125 1274 2152 cibi
1286 2125 1456 2152 delectabiles
1472 2124 1627 2158 offeruntur,
1636 2125 1721 2152 hostia
1736 2125 1843 2159 placens
1857 2126 1921 2158 Deo,

1133 2171 1203 2197 Salus
1216 2175 1255 2196 est
1268 2175 1448 2204 peccatorum.
1461 2170 1523 2197 Post
1538 2178 1611 2197 esum
1626 2171 1746 2205 sequitur
1760 2171 1920 2199 benedictio.

1133 2222 1160 2244 et
1168 2217 1225 2251 ejus
1238 2217 1320 2243 odore
1340 2215 1483 2250 perfruitur
1496 2224 1502 2243 :
1517 2217 1641 2243 virtutem
1663 2218 1866 2244 resurrectionis
1876 2238 1882 2249 ,
1897 2222 1923 2244 et

1134 2264 1207 2298 regni
1228 2267 1316 2297 aperta
1342 2271 1407 2290 voce
1424 2263 1596 2297 pronuntians
1613 2272 1618 2288 :
1636 2263 1769 2298 quomodo
1785 2264 1865 2291 etiam
1878 2264 1922 2290 ad-

1134 2314 1212 2336 orcut
1233 2317 1293 2336 eutn
1319 2309 1413 2335 fratres
1438 2309 1477 2335 sui
1497 2313 1523 2335 et
1546 2310 1662 2336 serviant
1678 2310 1700 2337 ei
1715 2331 1721 2342 ,
1736 2310 1875 2337 credentes
1891 2318 1922 2337 ex

1135 2354 1227 2382 lsrael.
1240 2355 1305 2387 Quia
1318 2354 1397 2388 igitur
1410 2354 1535 2388 iniquitas
1551 2360 1591 2381 est
1603 2355 1706 2381 inimica
1719 2355 1841 2390 justitizc,
1855 2356 1923 2383 Esau

1136 2400 1162 2426 in
1170 2399 1328 2426 discordiam
1341 2399 1497 2430 concitatur,
1508 2403 1533 2426 et
1547 2407 1637 2426 necent
1652 2400 1834 2427 fraudulentus
1848 2409 1925 2428 exeo-

1136 2446 1210 2480 gitat,
1224 2445 1348 2472 dicensin
1358 2445 1437 2472 corde
1448 2445 1539 2480 suo(g)
1557 2454 1562 2471 :
1578 2446 1785 2481 Appropinquent
1804 2447 1856 2474 dies
1868 2456 1929 2482 pas-

1156 2554 1161 2559 .
1172 2522 1202 2555 (c)
1221 2523 1257 2548 Ex
1271 2523 1297 2548 S.
1308 2523 1429 2578 Hﬂgpoliti
1441 2523 1504 2548 libro
1521 2531 1545 2553 ιις
1556 2530 1581 2549 τι
1591 2531 1636 2560 μετά
1646 2531 1679 2554 τίς,
1689 2530 1796 2557 Ws",
1808 2530 1836 2551 ut
1847 2526 1926 2563 Euse-

1137 2553 1192 2589 bius
1204 2558 1280 2589 vocat,
1291 2558 1318 2589 ut
1353 2560 1477 2589 teronynio
1492 2559 1578 2589 autem
1589 2556 1696 2589 videtur,
1709 2560 1885 2589 conmentario
1901 2565 1926 2583 ut

1137 2584 1305 2620 Genesint,_qui
1324 2589 1403 2609 tamen
1417 2584 1478 2609 liber
1491 2586 1625 2616 intercidit,
1639 2584 1712 2617 pauca
1729 2587 1814 2613 isthch
1831 2593 1926 2613 servata

1138 2619 1203 2643 sunt,
1215 2618 1241 2639 et
1252 2615 1326 2639 latine
1338 2621 1463 2639 conversa.

1173 2645 1208 2707 (tl)
1227 2645 1328 2681 Quidam
1340 2645 1400 2680 ηδε..
1408 2646 1538 2671 meditatur
1549 2650 1571 2672 et
1580 2646 1691 2679 loquitur.

1182 2677 1202 2707 ρ)
1223 2676 1327 2700 Subaudi
1338 2675 1506 2707 stgm/ictttur;
1524 2684 1573 2702 nec
1584 2679 1650 2702 enim
1666 2678 1689 2707 pl

1174 2675 1206 2709 (ρ)
1223 2676 1327 2700 Subaudi
1338 2675 1506 2711 signiﬁcth;
1524 2684 1573 2702 nec
1584 2675 1650 2702 enim
1666 2678 1746 2709 placet
1756 2680 1819 2709 quod
1836 2680 1928 2704 habent

1140 2707 1402 2740 vetereseditidomles
1410 2710 1433 2731 et
1440 2712 1575 2740 umocentes
1583 2708 1671 2740 anima
1677 2708 1806 2740 signiﬁcat.
1812 2710 1928 2735 Proxime

1140 2728 1575 2773 téia‘igi'uggiiaétiﬁ'gi"ii§iéﬁ
1583 2728 1669 2768 “etilli—5".
1677 2728 1928 2773 ⁷ἰῖέιῖἷέζιίὗ’,’ἑιῖίέἱίῖἱὲ

1140 2767 1263 2792 nonnullis
1273 2767 1329 2791 Mss.
1341 2768 1503 2797 reposuimus.
1664 2767 1667 2768 ⁷
1806 2767 1811 2771 ’
1855 2791 1857 2793 τ

1175 2797 1210 2830 (f)
1228 2798 1282 2832 Duo
1293 2798 1349 2832 Mss.
1357 2797 1501 2829 admiratur,
1512 2803 1538 2824 ut
1548 2799 1657 2832 loth
1666 2800 1777 2832 celerem,
1791 2805 1839 2827 etc.
1850 2802 1929 2827 Antea

1141 2833 1194 2852 erat
1203 2828 1381 2853 "admirabatur.

1173 2859 1209 2889 (g)
1224 2858 1555 2894 lictor-iusxppropinquam
1573 2862 1709 2894 immolavit
1727 2866 1809 2887 contra
1830 2862 1888 2887 Mss.
1906 2863 1931 2887 ti-

1140 2888 1205 2924 dem.
1224 2889 1319 2924 Deinde
1339 2888 1492 2924 duo'vetera'
1504 2891 1670 2924 exemplaria,
1683 2892 1735 2918 dies
1753 2895 1846 2922 mortis,
1859 2899 1931 2924 quam

1141 2922 1222 2943 tamen
1235 2919 1293 2943 infra
1306 2918 1435 2943 lectionem
1448 2920 1510 2944 haud
1523 2918 1629 2947 servant.
