4136 6332
573 388 678 443 865

569 505 738 569 Itogo,
770 514 876 556 non
907 499 1164 556 habuerat
1199 495 1384 552 decem
1423 493 1663 563 Origcnis
1694 489 2002 546 volumina?
2029 501 2138 543 non

571 593 891 662 luterpretes
921 588 1188 646 cancros?
1234 603 1339 641 non
1377 594 1523 640 certe
1568 583 1774 652 aliquos
1810 578 2141 635 necessarios

568 681 938 748 Hebraeorum,
983 687 1040 735 ut
1075 687 1167 733 aut
1207 677 1581 745 interrogaret,
1621 679 1713 727 aut
1755 671 1971 741 legeret,
2015 666 2141 738 quid

567 773 668 829 sibi
711 772 907 829 vellent
940 785 1060 842 quae
1095 767 1413 839 ignorabat?
1452 764 1556 821 Sed
1600 772 1706 818 tam
1749 761 1889 817 male
1933 759 2143 815 videtur

567 865 902 920 existimasse
926 862 995 919 de
1022 860 1250 932 posteris
1277 855 1374 930 (a),
1406 865 1463 912 ut
1507 869 1665 910 nemo
1703 860 1884 924 posset
1920 851 1988 906 de
2026 850 2143 921 ejus

566 951 840 1010 erroribus
861 951 1121 1022 judicare.

636 1048 695 1103 4.
738 1044 956 1101 Frustra
980 1059 1109 1114 ergo
1135 1059 1166 1097 a
1207 1055 1292 1097 me
1320 1038 1560 1109 ejusdem
1589 1036 1689 1093 viri
1727 1031 2143 1091 commentarios

567 1138 809 1208 postulas
835 1179 851 1204 ,
882 1152 1004 1193 cum
1043 1134 1172 1190 mihi
1203 1137 1254 1189 in
1286 1133 1394 1188 illis
1419 1130 1738 1202 displiceant
1775 1128 1943 1183 multo
1964 1125 2139 1197 plura,

567 1243 726 1300 quam
757 1228 1019 1301 placeant.
1049 1225 1203 1296 Quod
1241 1225 1286 1280 si
1321 1221 1654 1294 apposueris,
1680 1235 1778 1276 cur
1808 1218 2018 1275 caeteris
2045 1216 2142 1273 de-

567 1320 762 1386 derim,
790 1318 997 1383 audies,
1025 1332 1132 1374 non
1160 1330 1350 1372 omnes
1375 1311 1562 1368 iisdem
1589 1313 1728 1367 vesci
1757 1309 1958 1366 debere
1984 1306 2141 1364 cibis.

567 1410 724 1467 Iesus
751 1410 803 1466 in
848 1409 1064 1466 deserto
1101 1407 1284 1479 plures
1327 1404 1640 1461 hordeaceis
1680 1401 1907 1474 panibus
1954 1398 2140 1471 pascit.

570 1500 948 1557 frumentaceis
973 1499 1274 1571 pauciores.
1301 1495 1566 1553 Corinthii
1596 1495 1648 1550 in
1672 1493 1868 1564 quibus
1895 1491 2144 1547 audieba-

571 1601 659 1648 tur
685 1591 964 1648 fornicatio
992 1589 1165 1661 qualis
1194 1602 1294 1644 nec
1326 1589 1466 1643 inter
1502 1581 1710 1657 gentes,
1745 1583 1885 1638 lacte
1913 1595 2143 1651 pascun-

572 1694 683 1752 tur,
713 1684 838 1755 quia
882 1683 1108 1738 necdum
1145 1687 1394 1752 poterant
1437 1676 1666 1734 solidum
1711 1674 1887 1730 cibum
1929 1686 2142 1742 capere.

571 1774 791 1846 Ephesii
816 1783 995 1831 autem
1024 1773 1076 1828 in
1105 1771 1300 1844 quibus
1326 1769 1531 1826 nullum
1555 1768 1760 1824 crimen
1789 1764 2049 1836 arguitur,
2075 1761 2147 1818 ab

570 1867 690 1938 ipso
731 1867 956 1922 Domino
999 1864 1203 1922 caelesti
1239 1871 1526 1920 vescuntur
1565 1875 1722 1932 pane,
1753 1866 1808 1915 et
1837 1871 2146 1914 sacramen.

571 1967 706 2022 tum,
737 1958 878 2030 quod
908 1973 939 2014 a
969 1955 1166 2012 seculis
1191 1953 1559 2011 absconditum
1592 1951 1783 2016 fuerat,
1827 1954 2140 2018 agnoscunt.

569 2048 756 2120 Neque
777 2063 908 2104 vero
927 2063 1113 2104 eorum
1152 2047 1242 2118 qui
1271 2061 1301 2100 a
1328 2059 1415 2100 me
1441 2040 1771 2112 exemplaria
1802 2045 2142 2108 acceperunt,

571 2139 656 2196 vel
700 2140 1016 2195 auctoritate
1059 2137 1142 2192 vel
1187 2145 1346 2193 aatale
1384 2133 1619 2200 ducaris,
1657 2146 1819 2202 quum
1863 2139 1919 2185 et
1961 2127 2146 2182 Daniel

573 2245 705 2302 puer
729 2244 890 2287 senes
926 2229 1151 2300 judicet,
1201 2237 1255 2283 et
1304 2228 1471 2281 Amos
1516 2233 1696 2295 pastor
1736 2233 2039 2292 caprarmn,
2091 2217 2144 2271 in

570 2319 907 2378 sacerdotum
936 2319 1204 2390 principes
1233 2315 1538 2372 invehatur.

979 2453 1301 2516 EPISTOLA
1339 2449 1605 2509 xxxvm
1645 2448 1742 2523 (ι).

1084 2603 1151 2644 an
1187 2600 1502 2649 ιιΑιιεειιΑιι
1544 2583 1636 2657 (c),

989 2725 1066 2779 De
1089 2723 1448 2796 [Egrotatioue
1470 2721 1729 2780 Blesilla.

569 2865 848 2922 Blasillam
879 2863 1057 2918 Paulle
1080 2841 1262 2931 ﬁliam,
1291 2875 1406 2929 quae
1432 2868 1629 2913 mortuo
1655 2857 1858 2921 marito,
1883 2857 2146 2910 admonita

642 2959 816 3016 valida
847 2956 993 3030 febri,
1031 2965 1187 3010 totam
1225 2970 1334 3008 sese
1367 2960 1676 3008 convertant
1700 2949 1770 3004 ad
1797 2949 2073 3015 Christum,
2101 2957 2150 3003 et

644 3049 954 3106 Monachum
982 3045 1210 3117 proﬁteri
1251 3053 1493 3113 mperat,
1544 3041 1609 3097 de
1649 3041 1908 3113 proposito
1949 3039 2146 3106 laudat,

645 3145 852 3218 ejusque
879 3137 1288 3197 obtrectatoribus
1316 3134 1601 3207 respondet.

648 3299 704 3353 l.
743 3294 1013 3352 Abraham
1041 3292 1346 3349 tentaturin
1378 3291 1505 3358 lilio,
1528 3299 1584 3346 et
1621 3289 1828 3346 fidelior
1856 3289 2148 3353 invenitur.

574 3385 1157 3458 JosephinIEgyptum
1234 3381 1391 3460 1⁵14
1458 3382 1800 3449 venditur,ut
1824 3390 2028 3451 patrem
2053 3397 2149 3452 pa-

575 3485 710 3543 scat,
733 3485 788 3532 et
808 3474 1020 3531 fratres.
1045 3472 1301 3530 Ezechias
1326 3472 1495 3527 vicina
1517 3481 1686 3527 morte
1709 3479 1957 3536 terretur,
1981 3481 2039 3526 ut
2061 3471 2149 3526 fu-

575 3584 668 3623 sus
688 3569 739 3624 in
756 3569 1040 3639 lacrymas,
1055 3564 1356 3636 quindecim
1379 3578 1639 3618 annorum
1659 3562 1886 3632 spatium
1911 3565 1958 3618 ei
1984 3573 2150 3632 prote-

574 3660 715 3716 letur
734 3659 800 3715 ad
823 3661 1002 3714 vitam.
1019 3657 1207 3713 Petrus
1223 3655 1510 3727 Apostolus
1527 3653 1731 3709 Domini
1749 3653 1995 3724 passione
2022 3669 2152 3708 eon-

576 3753 797 3820 cutitur,
819 3761 876 3806 ut
891 3765 1070 3806 amare
1091 3749 1226 3805 flens
1248 3746 1426 3803 audiat
1454 3763 1468 3801 :
1491 3744 1654 3800 Pasce
1678 3761 1790 3800 oves
1813 3762 1947 3800 meas
1966 3745 2147 3816 (Joan.

574 3841 664 3897 2|.
702 3843 814 3912 t7).
849 3839 930 3914 (ά)
960 3841 1152 3896 Paulus
1193 3839 1347 3910 lupus
1372 3851 1556 3907 rapax,
1596 3844 1652 3890 et
1701 3835 1976 3906 Benjamin
2022 3835 2154 3890 ado-

577 3934 886 4001 lescentior,
926 3933 978 3987 in
1017 3931 1184 3988 extasi
1217 3929 1387 4015 (.Gen.
1417 3928 1507 3993 t9,
1551 3926 1643 3982 Ps.
1674 3925 1761 3982 67.
1787 3928 1857 3985 28
1879 3928 1897 4000 )
1920 3937 2154 3984 creatur

577 4033 636 4079 ut
663 4024 859 4090 videat,
899 4033 953 4079 et
985 4022 1264 4092 repentino
1295 4019 1632 4076 tenebrarum
1676 4016 1899 4074 horrore
1922 4018 2156 4073 circum-

579 4115 757 4181 datus,
803 4115 1084 4170 Dominum
1129 4120 1304 4178 vocat,
1345 4127 1504 4182 quem
1548 4110 1750 4166 dudum
1781 4118 1839 4166 ut
1881 4109 2152 4166 hominem

582 4207 1014 4279 persequebatur.

649 4299 706 4353 2.
747 4297 820 4352 Ita
866 4306 920 4352 et
962 4311 1125 4362 nunc,
1166 4294 1238 4349 mi
1282 4293 1550 4359 Marcella,
1593 4292 1878 4348 Bltesillam
1917 4302 2153 4349 nostram

581 4391 809 4448 vidimus
833 4389 1038 4447 ardore
1056 4387 1279 4444 febrium
1325 4401 1421 4456 per
1443 4386 1652 4456 triginta
1687 4384 1856 4442 ferme
1883 4387 1998 4443 dies
2019 4388 2158 4458 jugi«

583 4496 665 4544 ter
692 4494 945 4542 mstuasse
974 4501 989 4538 :
1018 4490 1075 4537 ut
1111 4481 1273 4536 sciret
1308 4478 1623 4550 rejiciendas
1650 4477 1868 4534 delicias
1895 4481 2155 4548 corporis,

581 4579 723 4651 quod
774 4577 932 4650 paulo
970 4583 1088 4647 post
1127 4571 1398 4628 vermibus
1425 4570 1754 4626 exarandum
1801 4569 1890 4623 sit.
1925 4569 2077 4640 Venit
2107 4579 2160 4625 et

582 4670 649 4724 ad
689 4670 828 4724 hanc
866 4667 1121 4723 Dominus
1155 4664 1332 4730 Jesus,
1378 4662 1649 4733 tetigitque
1685 4675 1898 4715 manum
1938 4659 2074 4730 ejus,
2105 4669 2160 4715 et

584 4775 711 4815 ecce
759 4772 981 4828 surgens
1020 4757 1284 4812 ministrat
1320 4755 1391 4809 ei.
1431 4753 1726 4810 Redolebat
1752 4752 1949 4823 aliquid
1995 4754 2160 4823 negli-

583 4849 800 4921 gentiae,
829 4857 882 4903 et
908 4847 1207 4902 divitiarum
1239 4845 1416 4904 fasciis
1443 4844 1704 4915 colligata,
1736 4845 1786 4899 in
1815 4845 1992 4899 saeculi
2009 4844 2158 4913 jace-

649 4960 724 5025 (a)
766 4959 850 5032 Sic
887 4958 1250 5032 eme’ndavimus
1275 4959 1551 5032 .e_x_ire'giis
1580 4958 1892 5032 membranis,
1931 4957 2157 5032 aliisque,

585 5145 798 5216 'u'selis
817 5143 880 5194 άε
893 5139 1121 5216 ml???»
1141 5139 1475 5216 emetiar?
1496 5139 2104 5216 Ερξὲςέεέἓξ¹¹ιὲὲἓῖέθέ¹υέἒ
2128 5155 2157 5190 ε

587 5198 795 5278 ηίξδῖτῗξς
831 5216 943 5256 επακ
967 5198 1797 5278 Απΐξΐέί..ξπ.κὶυίέμπέίὲἓ,ἰίξΡέξοέΡπο
1821 5200 1953 5260 Quod
1974 5201 2033 5260 δέν
2059 5209 2156 5250 ειυ-

587 5258 794 5328 ιθρῇθοιὶέ
807 5276 988 5325 nempe
1010 5263 1158 5312 multo
1178 5261 1323 5326 plura
1345 5273 1487 5324 quam
1506 5258 1743 5323 placeant.
1839 5258 1850 5260 “

650 5327 727 5395 (b)
752 5327 880 5395 illius
898 5326 958 5395 as
975 5323 1157 5388 scripta
1172 5323 1347 5395 eodem
1367 5328 1577 5395 tempore
1599 5320 1947 5395 qua‘superior.

653 5382 725 5455 (ο)
755 5388 892 5439 Unus
909 5382 1214 5455 Veronensis
1247 5383 1429 5455 aliique
1460 5382 1574 5455 Mss.
1600 5385 1662 5431 de
1683 5382 2156 5455 Conuersione-nua-

587 5445 730 5510 silice,
767 5463 878 5514 quae
900 5447 1034 5514 haud
1057 5449 1322 5514 incongrua
1354 5445 1693 5514 ipsaqu‘oque.
1713 5445 2076 5514 estinscr'iptio.
2107 5447 2158 5494 lu

590 5502 878 5578 iamautem
899 5508 1109 5578 Epistula
1139 5502 1302 5578 statim
1323 5502 1406 5554 ubi
1437 5502 1726 5558 de'Eaechia
1750 5502 1873 5558 alter
1908 5502 2157 5554 veronen.

588 5569 742 5638 spatio
763 5569 1023 5638 proteletur
1038 5569 1108 5638 nd
1129 5569 1289 5638 vitam.

654 5586 742 5625 atto
799 5586 1023 5623 metetur
1044 5586 1108 5620 aa
1129 5586 1289 5619 vuum.

654 5637 733 5698 (ά)
763 5586 877 5684 ἴ)υο
909 5630 1200 5698 simul__eum
1220 5629 1285 5678 de
1308 5627 1435 5698 tribu
1453 5623 1707 5698 Benjamin
1731 5633 1864 5698 esset
1894 5626 1946 5695 S.
1981 5625 2162 5698 Paulus

589 5685 756 5747 alludit
785 5697 882 5759 hoc
909 5694 1014 5759 loco
1049 5693 1370 5759 Hieronymus
1399 5686 1527 5759 gen:
1553 5685 1630 5757 49.
1671 5702 1695 5730 ι
1726 5685 2084 5759 Deidamiam;
2106 5702 2163 5758 us

590 5746 755 5820 rapax.
783 5765 836 5812 et
855 5757 1035 5810 Psalm.
1066 5757 1146 5807 6'1.
1177 5746 1260 5802 28'.
1297 5750 1367 5802 [bi
1399 5747 1650 5809 Benjamin
1681 5746 2083 5802 adolescentulus
2112 5751 2160 5802 in

591 5822 768 5874 tuentis
791 5832 1015 5872 excessu.
1039 5834 1063 5865 ι

1856 369 2095 430 SANCTI
2133 365 2506 424 HIERONYMI

3713 375 3816 434 661

2248 484 2342 539 bat
2367 485 2629 556 sepulcro.
2659 483 2765 542 Sed
2795 484 3063 544 infremuit
3092 484 3272 556 Iesus,
3309 496 3366 544 et
3390 490 3738 548 conturbatus
3764 494 3818 550 in

2245 574 2455 646 spiritu,
2486 577 2731 632 clamavit
2753 579 2935 634 dicens
2965 595 2981 637 :
3009 578 3262 646 Blaesilla,
3307 581 3429 636 veni
3470 581 3612 636 foras
3634 582 3814 651 (Joan.

2247 667 2336 722 ll.
2367 669 2451 721 15.
2477 666 2541 720 de
2566 667 2804 738 Lazaro).
2846 670 2975 738 Quae
3017 680 3200 726 vocata
3226 673 3476 737 surrexit,
3510 683 3565 729 et
3607 691 3818 745 egressa

2246 771 2367 811 cum
2395 756 2620 811 Domino
2648 759 2895 814 vescitur.
2923 759 3092 815 Juda-i
3124 760 3392 817 minentur
3417 760 3510 835 [a|.
3533 765 3816 838 mirentur],

2246 855 2302 901 et
2329 856 2585 916 tumeant,
2617 858 2858 919 quaerant
2889 851 3132 907 occidere
3157 853 3465 907 suscitatam
3497 871 3510 908 :
3543 855 3641 909 soli
3673 855 3819 925 Apo-

2245 937 2366 993 stoli
2409 937 2719 1008 glorientur.
2750 939 2862 996 Scit
2895 956 2954 997 se
2998 941 3160 997 vitam
3209 958 3360 998 suam
3391 945 3439 999 ei
3462 944 3692 1010 debere,
3729 948 3818 1016 qui

2245 1030 2495 1086 reddidit.
2523 1030 2637 1086 Scit
2661 1045 2723 1088 se
2762 1031 2878 1102 ejus
2905 1033 3198 1104 amplexari
3240 1034 3424 1105 pedes,
3472 1036 3624 1106 cujus
3664 1039 3821 1107 paulo

2245 1130 2370 1177 ante
2409 1121 2665 1192 judicium
2719 1123 3142 1195 pertimescebat.
3190 1125 3395 1196 Corpus
3436 1142 3575 1196 pene
3607 1128 3821 1200 jacebat

2246 1212 2510 1280 exanime,
2537 1223 2592 1270 et
2616 1213 2838 1271 anhelos
2856 1225 3004 1272 artus
3029 1232 3170 1272 mors
3198 1218 3370 1273 vicina
3397 1220 3686 1290 quatiebat.
3713 1219 3816 1279 Ubi

2247 1311 2371 1359 tunc
2410 1314 2564 1360 erant
2599 1307 2792 1361 auxilia
2829 1308 3288 1378 propinquorum?
3326 1311 3412 1365 ubi
3463 1313 3625 1368 verba
3669 1315 3819 1369 omni

2248 1393 2483 1450 inaniora
2516 1396 2697 1451 fumo?
2721 1396 2862 1454 Nihil
2890 1398 2982 1454 tibi
3009 1399 3187 1467 debet,
3230 1415 3264 1457 ο
3304 1402 3505 1474 ingrata
3549 1406 3818 1476 cognatio,

2245 1500 2364 1554 qua:
2391 1485 2589 1542 mundo
2625 1487 2802 1558 periit,
2828 1496 2886 1545 et
2919 1489 3134 1547 Christo
3178 1493 3389 1549 revixit.
3434 1495 3532 1563 Qui
3559 1497 3820 1552 Christia-

2246 1593 2345 1632 nus
2371 1587 2474 1644 est,
2502 1577 2728 1649 gaudeat
2757 1597 2772 1635 :
2797 1581 2888 1652 qui
2919 1580 3185 1648 irascitur,
3230 1599 3336 1639 non
3375 1599 3434 1640 se
3471 1601 3590 1643 esse
3621 1587 3820 1644 indicat

2245 1667 2614 1724 christianum.

2317 1763 2372 1818 3.
2415 1763 2578 1818 Vidua
2600 1778 2716 1834 quae
2741 1762 2912 1819 soluta
2937 1771 3021 1819 est
3049 1763 3262 1820 vinculo
3286 1767 3534 1832 maritali,
3573 1768 3702 1825 nihil
3728 1785 3820 1825 nc-

2247 1869 2396 1909 ct-Sse
2437 1854 2596 1910 habet
2629 1856 2729 1911 nisi
2771 1870 3138 1926 perseverare.
3178 1858 3245 1911 At
3274 1857 3593 1915 scandalizat
3628 1876 3817 1932 quem-

2250 1945 2388 2013 piam
2422 1946 2587 2000 vestis
2625 1946 2840 2002 fuscior.
2889 1947 3224 2003 Scandalizet
3270 1948 3520 2013 Joannes.
3553 1967 3659 2023 quo
3685 1953 3821 2009 inter

2248 2045 2402 2089 natos
2430 2035 2708 2092 mulierum
2753 2037 2922 2106 major
2961 2037 3136 2093 nullus
3178 2037 3318 2094 fuit:
3349 2040 3436 2110 qui
3471 2042 3702 2113 Angelus
3733 2043 3818 2100 di-

2247 2137 2386 2194 ctus,
2419 2127 2590 2197 ipsum
2617 2143 2826 2198 quoque
2858 2129 3138 2184 Dominum
3165 2129 3450 2201 baptizavit
3482 2151 3496 2188 :
3525 2137 3614 2206 qui
3641 2151 3822 2193 came-

2250 2221 2421 2276 lorum
2468 2221 2691 2276 vestitus
2734 2221 2985 2291 tegmine,
3037 2237 3171 2278 zona
3224 2223 3444 2292 pellicea
3485 2225 3818 2297 cingebatur.

2247 2311 2364 2366 Cibi
2394 2311 2946 2382 displicentviliores?
2977 2312 3106 2368 nihil
3139 2314 3294 2370 vilius
3319 2325 3402 2371 est
3428 2316 3666 2374 locustis.
3710 2319 3819 2376 lllze

2248 2403 2566 2459 christianos
2604 2404 2787 2461 oculos
2825 2405 3184 2462 scandalizent
3228 2409 3436 2478 potius,
3477 2426 3596 2481 quas
3625 2427 3822 2485 purpu-

2250 2497 2408 2562 risso,
2437 2505 2492 2552 et
2512 2497 2828 2568 quibusdam
2873 2498 3008 2554 fucis
3041 2512 3132 2554 ora
3163 2500 3454 2572 oculosque
3479 2502 3771 2574 depingunt
3799 2520 3816 2560 :

2251 2603 2472 2656 quarum
2519 2587 2682 2644 facies
2710 2603 2942 2661 gypsee,
2975 2598 3030 2647 et
3056 2591 3224 2645 nimio
3272 2592 3505 2648 candore
3529 2594 3816 2664 deformes,

2253 2678 2387 2733 idola
2419 2681 2779 2746 mentiuntur;
2803 2681 2995 2752 quibus
3015 2682 3060 2737 si
3084 2682 3218 2738 forte
3238 2684 3546 2755 improvidis
3562 2689 3822 2760 lacryma-

2252 2787 2366 2826 rum
2394 2775 2529 2828 stilla
2559 2777 2815 2845 eruperit,
2895 2777 3050 2850 175
3121 2779 3270 2836 sulco
3305 2780 3488 2837 defluit
3514 2801 3528 2835 :
3554 2798 3686 2853 quas
3723 2797 3822 2840 nec

2252 2881 2504 2921 numerus
2544 2883 2805 2924 annorum
2834 2879 3010 2940 potest
3048 2871 3260 2936 docere,
3302 2872 3442 2944 quod
3471 2874 3663 2929 vetulae
3691 2875 3819 2938 sint,

2252 2973 2370 3026 quae
2402 2958 2608 3026 capillis
2636 2960 2825 3016 alienis
2852 2963 3105 3018 verticem
3134 2971 3363 3030 struunt,
3408 2973 3464 3019 et
3493 2965 3817 3035 prazteritam

2247 3049 2580 3121 juventutem
2608 3052 2660 3106 in
2703 3054 2846 3124 rugis
2879 3053 3107 3108 anilibus
3150 3056 3352 3125 poliunt
3385 3072 3399 3109 :
3438 3071 3558 3126 qua:
3588 3054 3822 3125 denique

2253 3152 2377 3199 ante
2398 3155 2648 3216 nepotum
2673 3160 2888 3216 gregem
2912 3146 2987 3216 (a)
3015 3154 3304 3201 trementes
3330 3146 3650 3216 virguncula:
3676 3161 3825 3201 eom-

2255 3245 2538 3306 ponuntur.
2589 3237 2878 3292 Erubescat
2919 3235 3111 3291 mulier
3154 3235 3481 3303 christiana,
3529 3237 3572 3291 si
3619 3245 3822 3293 natura:

2253 3327 2394 3396 cogit
2417 3326 2684 3392 decorem,
2717 3326 2763 3383 si
2791 3327 2970 3383 carnis
2990 3341 3170 3383 curam
3199 3326 3324 3381 facit
3346 3326 3412 3382 ad
3439 3328 3822 3397 concupiscen-

2254 3419 2404 3483 tiam,
2437 3418 2488 3473 in
2511 3434 2613 3490 qua
2640 3419 2728 3490 qui
2756 3428 2900 3484 sunt,
2923 3418 3214 3475 secundum
3241 3418 3576 3490 Apostolum,
3604 3420 3819 3476 Christo

2255 3511 2467 3583 placere
2495 3527 2601 3568 non
2632 3522 2872 3582 possunt.

2325 3606 2379 3661 4.
2423 3604 2589 3659 Vidua
2626 3615 2806 3660 nostra
2844 3613 2970 3661 ante
3013 3604 3080 3676 (f)
3124 3605 3385 3660 morosius
3428 3605 3735 3672 ornabatur,
3769 3616 3824 3662 et

2254 3694 2342 3752 die
2384 3705 2491 3751 tota
2541 3695 2666 3768 quid
2705 3696 2803 3751 sibi
2853 3696 3090 3762 deesset,
3118 3696 3387 3766 quzerebat
3417 3685 3487 3750 ad
3525 3698 3822 3767 speculum,

2255 3786 2406 3843 Nunc
2434 3787 2668 3858 loquitur
2702 3786 3036 3843 conﬁdenter
3065 3805 3079 3842 :
3116 3806 3136 3840 ι
3169 3787 3278 3845 Nos
3310 3796 3484 3842 autem
3515 3803 3700 3843 omnes
3737 3803 3826 3843 re-

2255 3880 2426 3936 velata
2456 3879 2593 3935 faeie
2617 3880 2840 3950 gloriam
2870 3880 3075 3934 Domini
3105 3880 3464 3950 speculantes,
3496 3879 3548 3934 in
3578 3878 3819 3935 eamdem

2258 3971 2540 4042 imaginem
2567 3969 3025 4035 transformamur,
3057 3985 3085 4023 a
3124 3971 3291 4040 gloria
3322 3969 3373 4023 in
3404 3969 3648 4039 gloriam,
3674 3969 3825 4040 quasi

2257 4078 2287 4118 a
2332 4063 2541 4118 Domini
2583 4063 2793 4132 spiritu.
2829 4080 2848 4114 ι
2881 4061 3032 4116 Tunc
3059 4063 3236 4116 crines
3261 4061 3530 4116 ancillulze
3571 4057 3824 4130 dispone-

2258 4154 2406 4219 bant,
2435 4163 2490 4210 et
2517 4154 2729 4210 mitellis
2752 4153 3109 4223 crispantibus
3129 4161 3315 4207 vertex
3343 4152 3648 4206 arctabatur
3675 4151 3830 4206 inno-

2258 4249 2378 4303 xius
2407 4265 2421 4301 :
2453 4260 2594 4301 nunc
2619 4247 2917 4315 neglectum
2937 4254 3092 4314 caput
3112 4245 3212 4299 scit
3231 4244 3330 4298 sibi
3356 4254 3557 4298 tantum
3585 4243 3830 4298 sufficere

2259 4337 2399 4409 quod
2435 4338 2658 4392 velatur.
2692 4336 2786 4390 Illo
2834 4346 3074 4406 tempore
3118 4337 3418 4404 plumarum
3454 4349 3665 4406 quoque
3698 4333 3830 4388 dura

2261 4429 2515 4485 mollities
2550 4429 2849 4494 videbatur,
2873 4439 2927 4483 et
2957 4429 3008 4483 in
3037 4429 3324 4484 exstructis
3351 4426 3517 4482 thoris
3539 4427 3719 4495 jacere
3743 4426 3834 4480 vix

2262 4529 2490 4590 poterat.
2526 4519 2678 4574 Nunc
2707 4519 2772 4573 ad
2809 4519 3068 4573 orandqu
3098 4517 3288 4573 festina
3319 4518 3607 4586 consurgit,
3643 4525 3696 4572 et
3727 4515 3833 4570 tin-

2262 4611 2384 4666 nula
2415 4609 2506 4682 [aL
2538 4609 2815 4682 Itymmtla]
2851 4625 2982 4665 voce
3021 4609 3232 4664 caeteris
3256 4608 3460 4662 alleluia
3497 4605 3833 4677 pratripiens,

2262 4703 2408 4773 prior
2434 4701 2621 4771 incipit
2642 4700 2858 4756 laudare
2882 4699 3162 4754 Dominum
3194 4712 3368 4752 suum.
3406 4697 3718 4751 Flectuntur
3739 4711 3834 4765 ge-

2263 4809 2367 4849 nua
2387 4808 2548 4860 super
2569 4791 2766 4846 nudam
2799 4791 3035 4852 humum,
3075 4799 3129 4844 et
3157 4789 3366 4844 crebris
3391 4786 3641 4857 lacrymis
3671 4785 3836 4840 facies

2267 4885 2606 4955 psimmylhio
2629 4892 2753 4936 ante
2781 4881 3048 4936 sordidata
3077 4889 3354 4951 purgatur.
3392 4878 3520 4932 Post
3539 4878 3837 4931 orationem

2265 4976 2460 5033 Psalmi
2482 4981 2827 5043 concrepant,
2859 4982 2913 5028 et
2943 4972 3080 5026 lassa
3107 4971 3310 5036 cervix,
3339 4970 3565 5040 poplites
3584 4968 3841 5023 vacillan-

2266 5081 2365 5136 tes,
2425 5069 2476 5124 in
2523 5081 2875 5136 somnumque
2916 5073 3198 5134 vergentes
3239 5063 3404 5128 oculi,
3452 5061 3620 5116 nimio
3645 5060 3840 5115 mentis

2264 5160 2457 5215 ardore
2484 5160 2568 5213 vix
2598 5159 2883 5226 impetrant
2908 5165 2964 5210 ut
2991 5155 3290 5226 quiescant.
3318 5154 3469 5210 Pulla
3507 5153 3707 5219 tunica,
3738 5152 3843 5207 mi-

2267 5268 2367 5307 nus
2410 5267 2532 5306 cum
2575 5249 2720 5304 humi
2755 5248 3022 5318 jacuerit,
3068 5246 3397 5302 sordidatur.
3441 5246 3646 5301 Soccus
3689 5244 3845 5299 vilior

2326 5386 2396 5446 (ρ)
2439 5383 2689 5446 Maluisset
2719 5381 3029 5446 Martianzeus
3062 5378 3254 5446 legere,
3290 5379 3548 5446 interiecta
3570 5382 3626 5446 ut
3655 5373 3846 5446 vocula,

2267 5437 2533 5504 trementes,
2557 5450 2609 5506 ut
2630 5437 3150 5506 ttt'rgnncttlte_:_atqu_§
3166 5443 3228 5488 ita
3244 5437 3449 5502 quidem
3471 5439 3531 5486 ad
3555 5440 3628 5506 sui
3652 5443 3846 5506 captum

2268 5506 2424 5555 locum
2448 5499 2576 5554 hunc
2599 5499 2885 5563 immutavit,
2899 5501 2987 5563 ubi
3012 5499 3075 5549 ab
3093 5499 3390 5563 Hieronymo
3405 5502 3650 5563 repetitur
3669 5499 3717 5545 in
3736 5509 3845 5563 cap.

2267 5568 2315 5629 2.
2342 5567 2494 5629 Epist.
2519 5566 2579 5615 ad
2589 5565 2782 5629 _'l‘itum.
2813 5557 2911 5611 Sed
2929 5557 3297 5629 praeterquam
3330 5557 3604 5629 qupd'eam
3628 5557 3851 5629 voculam

2270 5621 2721 5689 Mssfexemplaria
2732 5630 2907 5672 neutro
2929 5621 2976 5670 in
3000 5621 3104 5689 loco
3125 5621 3308 5689 habent
3326 5621 3450 5689 {ille
3473 5622 3708 5689 ironicam
3728 5621 3849 5671 Vim.

2271 5701 2450 5751 exqua
2474 5681 2779 5751 totépendet
2797 5696 2971 5751 sensus
2993 5682 3256 5751 elegantia,
3281 5695 3390 5751 non
3400 5681 3664 5751 intellexit.

2393 5703 2450 5736 ua
2474 5703 2573 5737 tota
2598 5703 2779 5748 penum.
2797 5703 2971 5732 sursus
2993 5703 3256 5743 negantia,
3282 5703 3376 5730 nun
3401 5703 3664 5732 tuwucxtt.
3750 5737 3762 5751 δ

2334 5703 2533 5859 Quae:
2555 5748 2865 5798 Veronenses
2887 5743 3000 5793 Mss.
3025 5756 3082 5792 ac
3105 5748 3247 5792 vetus
3271 5742 3444 5805 editio,
3461 5749 3572 5794 ante
3593 5740 3854 5794 moniturus

2272 5817 2546 5862 ornabatur.
