4136 6332
313 333 413 388 ωε

310 454 616 502 anratorum
669 443 894 514 pretium
935 443 1235 498 calceorum
1293 443 1573 512 egentibus
1628 443 1869 514 largitur.

311 536 584 607 Cingulum
616 551 722 590 non
747 551 898 596 auro.
926 534 1260 606 gemmisque
1282 533 1592 589 distinctum
1622 543 1705 588 est
1729 549 1745 599 ;
1777 533 1874 588 sed

312 630 520 688 laneum
575 636 632 682 et
679 637 786 681 tota
830 627 1167 696 simplicitate
1207 625 1550 696 purissimum
1591 640 1605 678 :
1644 634 1698 680 et
1730 624 1873 694 quod

313 718 474 784 possit
503 718 670 787 magis
712 717 1009 787 astringere
1037 715 1368 781 vestimenta,
1409 730 1569 786 quam
1606 713 1871 770 scindere.

309 810 365 864 Si
390 808 513 863 huic
538 807 810 877 pr0pnsito
833 806 1032 861 invidet
1051 807 1314 876 scorpius,
1335 815 1389 861 et
1408 821 1655 862 sermone
1679 805 1873 862 blando

307 902 374 961 tle
398 900 560 957 vetita
593 915 804 954 rursum
831 899 1022 954 arbore
1049 898 1334 956 comedere
1367 897 1672 968 persuadet,
1703 898 1877 953 illida-

310 1003 392 1046 tnr
406 992 456 1048 ei
484 1007 581 1062 pro
606 991 752 1046 solea
773 990 1076 1052 anathema.
1107 999 1154 1044 et
1188 991 1240 1044 in
1263 1005 1360 1044 suo
1384 990 1631 1045 morienti
1656 990 1876 1058 pulvere

308 1083 512 1139 dicatur
539 1099 552 1136 :
591 1080 732 1135 Vade
759 1093 890 1136 retro
943 1082 1138 1136 Satana
1168 1081 1360 1152 (Marc.
1392 1081 1446 1136 8.
1479 1083 1594 1150 53).
1620 1081 1762 1150 quod
1790 1083 1874 1136 in-

310 1181 646 1243 terpretatur,
677 1173 900 1228 adverse.
935 1173 1303 1229 Anveussnws
1329 1187 1514 1236 omne
1541 1172 1737 1229 Christi
1766 1181 1871 1238 est,

307 1275 360 1321 et
386 1265 760 1330 Antichristus,
793 1264 877 1319 cui
909 1272 1171 1334 praecepta
1199 1265 1485 1333 diSplicent
1507 1263 1726 1320 Christi.

376 1355 430 1410 5.
469 1354 578 1411 Oro
608 1367 679 1416 te.
710 1355 834 1425 quid
868 1355 972 1409 tale
995 1369 1252 1426 unquam,
1292 1355 1450 1425 quale
1477 1354 1718 1425 Apostoli
1745 1352 1875 1410 feci-

308 1459 445 1510 mus,
476 1453 534 1498 ut
563 1444 752 1499 merito
785 1443 1253 1500 scamlalizentur?
1288 1443 1498 1500 Patrem
1529 1459 1713 1500 senem
1751 1430 1873 1499 cum

309 1536 566 1601 navicula,
584 1545 639 1592 et
667 1538 762 1592 reti
843 1538 999 1610 176
1069 1536 1364 1592 dimittunt.
1397 1535 1769 1592 Publicanusa
1795 1548 1873 1591 te-

309 1627 464 1682 loneo
484 1628 670 1698 surgit,
689 1637 741 1682 ct
760 1630 996 1698 sequitur
1008 1628 1336 1683 Salvatorem
1359 1627 1873 1697 :volensdiscipulns

309 1720 497 1774 reverti
517 1718 757 1782 domum,
775 1727 830 1774 et
853 1720 963 1775 suis
988 1729 1114 1774 ante
1133 1719 1459 1783 renuntiare,
1483 1719 1720 1790 magistri
1739 1732 1871 1773 voce

310 1810 633 1881 prohibetur.
661 1809 943 1880 Sepultura
994 1825 1099 1864 non
1131 1809 1290 1864 datur
1318 1811 1454 1882 patri
1486 1824 1503 1866 :
1530 1825 1598 1864 ετ
1633 1823 1873 1864 rts'rnts

306 1917 472 1972 genus
500 1911 600 1967 est,
635 1903 852 1972 impium
879 1917 999 1958 esse
1022 1916 1121 1974 pro
1149 1901 1394 1956 Domino.
1421 1900 1529 1956 Nos
1548 1901 1671 1972 quia
1698 1901 1869 1956 serica

308 2003 456 2049 veste
493 2010 596 2049 non
638 1996 854 2058 utimur,
894 1993 1138 2049 monachi
1169 1992 1472 2062 iudicamur
1517 2009 1532 2047 :
1571 1990 1694 2062 quia
1735 1989 1870 2046 ebrii

306 2099 409 2138 non
437 2099 637 2149 sumus,
673 2099 772 2139 nec
799 2083 1059 2140 cachinno
1081 2098 1176 2138 ora
1205 2083 1570 2142 dissolvimus.
1595 2081 1872 2138 continen-

306 2185 384 2230 tes
413 2191 663 2231 vocamur
703 2186 758 2232 et
786 2177 994 2232 tristes.
1017 2177 1074 2232 Si
1105 2176 1282 2232 tunica
1309 2191 1415 2231 non
1442 2175 1740 2242 canduerit,
1763 2183 1870 2229 sta-

305 2268 394 2320 tim
426 2267 551 2321 illud
581 2283 612 2322 e
645 2267 800 2322 trivio
839 2267 914 2338 (a)
950 2283 964 2320 :
1000 2266 1284 2338 lmpostor,
1321 2275 1378 2322 et
1400 2264 1618 2322 Graecus
1637 2274 1739 2320 est.
1765 2264 1868 2321 Ca-

305 2355 552 2411 villentnr
575 2356 803 2412 vafriora
826 2358 970 2422 licet,
1001 2364 1057 2412 et
1083 2355 1260 2427 pingui
1284 2355 1581 2426 aqualiculo
1607 2353 1678 2424 (ὁ)
1705 2354 1871 2409 fartos

301 2445 677 2500 circumferant
719 2447 980 2509 homines,
1017 2446 1247 2500 Blzrsilla
1287 2454 1468 2500 nostra
1511 2445 1723 2510 ridebit,
1771 2460 1871 2500 nec

300 2533 677 2606 dedignabitnr
722 2535 1022 2605 loquacium
1079 2550 1328 2590 ranarum
1373 2534 1560 2591 audire
1601 2534 1868 2602 convitia,

297 2640 417 2679 cum
443 2625 696 2681 Dominus
722 2625 836 2695 ejus
861 2625 1036 2680 dictus
1062 2625 1131 2681 sit
1163 2624 1479 2681 Beelzebub.

723 2779 1044 2836 EPISTULA
1083 2779 1306 2836 XXXIX
1344 2776 1441 2851 (ο).

523 2891 602 2948 Aa
631 2890 848 2950 Psuuu
873 2907 1032 2964 super
1060 2891 1208 2948 obitu
1238 2890 1481 2948 Blesilla:
1509 2889 1649 2948 filiae.

300 3004 544 3073 Blasilla,
574 3007 727 3076 paulo
755 3015 868 3077 post
907 3015 1114 3062 mortem
1153 3007 1341 3072 mariti,
1383 3020 1624 3073 suamque
1661 3021 1866 3059 conver-

366 3097 556 3151 sionem
593 3097 850 3167 defuncta,
884 3095 1102 3151 Paulam
1127 3103 1338 3150 matrem
1359 3094 1652 3150 consolatur
1680 3093 1863 3149 Hiero-

368 3203 567 3258 nymus,
597 3196 746 3258 atque
775 3187 988 3242 nimium
1025 3188 1137 3257 ejus
1163 3186 1390 3242 dolorem
1411 3187 1667 3258 objurgat,
1693 3188 1862 3244 admi-

365 3289 560 3349 scetque
587 3279 784 3335 interim
808 3279 1048 3335 Blesillae
1065 3280 1291 3346 uirtutes,
1315 3287 1363 3334 et
1389 3278 1562 3334 vitam.

369 3415 420 3469 1.
463 3432 484 3467 α
519 3414 648 3482 Quis
674 3414 822 3469 dabit
844 3415 1003 3484 capiti
1032 3428 1152 3469 meo
1177 3429 1392 3484 aquam,
1438 3422 1494 3470 et
1518 3414 1687 3469 oculis
1729 3415 1864 3470 meis

303 3504 496 3560 fontem
532 3506 905 3578 lacrymarum,
943 3515 997 3560 et
1040 3507 1260 3576 plorabo
1293 3525 1312 3558 υ
1346 3505 1482 3576 (Jer.
1511 3507 1562 3563 9.
1599 3507 1651 3577 1)
1683 3525 1697 3562 :
1731 3522 1859 3572 non,

303 3607 356 3652 ut
382 3598 637 3654 Jcremias
675 3599 769 3662 ait,
807 3616 826 3650 ι
862 3599 1169 3653 vulneratos
1200 3597 1283 3669 (ά)
1312 3599 1488 3670 populi
1530 3599 1676 3664 mei;
1712 3617 1732 3651 ι
1763 3614 1864 3654 nec

304 3698 359 3742 ut
383 3689 534 3745 Jesus
563 3690 647 3760 (l)
679 3690 948 3745 miseriam
977 3690 1274 3746 Jerusalem
1303 3709 1318 3744 :
1347 3691 1442 3746 sed
1481 3691 1705 3762 plorabo
1733 3708 1863 3747 san-

303 3780 559 3847 ctitatem,
609 3780 1052 3845 misericordiam,
1107 3781 1489 3843 innocentiam,
1517 3780 1861 3840 castitatem:

307 3871 524 3940 plorabo
545 3886 732 3926 omnes
762 3872 960 3941 pariter
987 3872 1038 3925 in
1069 3871 1224 3925 unius
1253 3880 1425 3926 morte
1466 3870 1727 3926 defecisse
1753 3871 1864 3927 vir-

305 3969 462 4016 tutes.
494 3960 608 4016 Non
637 3961 780 4032 quod
813 3961 1038 4032 lugenda
1063 3961 1135 4014 sit
1162 3960 1250 4015 illa
1278 3977 1395 4030 qua:
1421 3959 1574 4024 abiit,
1605 3961 1698 4016 sed
1723 3961 1864 4031 quod

302 4051 453 4105 nobis
483 4052 842 4122 impatientius
869 4052 938 4108 sit
964 4051 1274 4116 dolendum,
1301 4051 1442 4122 quod
1482 4049 1575 4124 [al.
1604 4050 1738 4124 qui.]
1783 4063 1866 4107 ta-

306 4145 406 4199 lcm
431 4145 612 4200 videre
637 4144 946 4203 desivimus.
980 4145 1110 4213 Quis
1138 4145 1279 4199 enim
1315 4145 1471 4199 siccis
1495 4145 1664 4200 oculis
1686 4159 1868 4200 recor-

301 4235 475 4303 detur,
507 4237 690 4308 viginti
732 4252 996 4291 annorum
1025 4235 1478 4291 adolescentulam
1518 4245 1622 4290 tam
1659 4235 1865 4292 ardenti

304 4328 404 4384 fide
431 4331 604 4384 crucis
644 4331 848 4385 levasse
873 4329 1146 4396 vexillum,
1191 4337 1252 4384 ut
1280 4329 1448 4400 magis
1476 4331 1726 4385 amissam
1760 4331 1869 4385 vir-

301 4420 593 4488 ginitatem,
623 4437 781 4490 quam
807 4421 982 4476 mariti
1010 4421 1216 4477 doleret
1250 4421 1557 4476 interitum?
1594 4421 1725 4488 Quis
1749 4422 1866 4478 sine

302 4511 619 4579 singultibus
646 4521 882 4567 transeat
909 4511 1096 4568 orandi
1134 4512 1464 4579 instantiam,
1497 4513 1726 4568 nitorem
1758 4512 1864 4568 lino

303 4615 455 4668 guaa,
511 4603 783 4656 memoriae
829 4603 1203 4668 tenacitatem,
1253 4618 1478 4658 acumen
1523 4603 1762 4674 ingenii?
1809 4604 1865 4660 Si

303 4690 483 4746 lira-ce
508 4692 813 4763 loquentem
837 4693 1094 4748 audiisses
1112 4733 1127 4758 ,
1159 4693 1318 4748 latine
1340 4710 1457 4748 eam
1485 4696 1692 4750 nescire
1710 4705 1864 4765 puta.

304 4795 388 4835 res
419 4801 433 4834 :
461 4784 504 4837 si
535 4784 587 4837 in
623 4799 901 4839 romanum
927 4801 1116 4839 sonum
1139 4785 1313 4854 lingua
1352 4801 1412 4840 se
1448 4796 1702 4849 verterat,
1736 4787 1867 4842 nihil

301 4874 515 4926 omnino
544 4876 816 4946 peregrini
845 4890 1024 4930 sermo
1053 4875 1347 4930 redolebat.
1365 4875 1482 4931 lam
1504 4893 1632 4932 vero
1651 4879 1791 4948 quod
1815 4879 1866 4933 in

305 4967 454 5038 177
513 4969 740 5039 Origene
755 4966 825 5038 (ε)
845 4985 1056 5039 quoque
1087 4969 1178 5023 illo
1195 4968 1398 5024 Graecia
1423 4977 1530 5024 tota
1549 4969 1792 5032 miratur,
1813 4970 1867 5025 in

362 5081 435 5206 (ag
459 5083 629 5155 Graec
650 5083 776 5132 dixit
795 5084 845 5133 in
864 5082 1015 5147 Epist.
1040 5085 1098 5132 ad
1125 5083 1314 5133 Furiam
1338 5097 1483 5147 regum
1501 5094 1522 5134 ὁ
1538 5096 1714 5155 ιιιοιτης,

361 5144 409 5203 (b
465 5145 699 5206 nimirum
721 5146 936 5206 superbe
978 5158 1034 5194 se
1057 5153 1248 5206 gerant,
1272 5159 1371 5206 quo
1413 5158 1560 5194 sensu
1600 5146 1713 5194 alth
1736 5156 1870 5206 saepe

361 5157 432 5206 to)
465 5157 699 5218 nimirum
721 5157 936 5216 superne
978 5158 1034 5194 se
1057 5157 1248 5218 gerant,
1272 5159 1371 5218 quo
1413 5158 1560 5194 sensu
1600 5157 1870 5217 aumsaepo

301 5265 418 5316 sine
458 5265 661 5316 aliorum
723 5265 960 5329 deSpectu
1011 5265 1231 5330 passibus
1261 5268 1309 5317 iu
1353 5281 1526 5330 gressu
1584 5265 1874 5319 tardioribus

303 5332 585 5450 υωὲἶιῖξίαδ
600 5389 680 5440 25.
694 5389 880 5452 Scripta
897 5394 1000 5448 post
1020 5390 1311 5452 superiorem
1333 5394 1430 5440 tres
1453 5388 1646 5440 circiter
1668 5401 1867 5440 nienses.

310 5385 439 5518 ηξίι)
463 5449 664 5518 Cisterc.
704 5449 794 5518 bis.
819 5446 1085 5499 vulneratos
1107 5447 1238 5518 ﬁlios
1251 5450 1414 5518 populi
1429 5450 1551 5518 me_i,_
1562 5450 1757 5518 mallem
1776 5465 1867 5512 ego

385 5446 439 5510 τι)
463 5449 664 5522 Cisterc.
704 5446 1088 5522 bisIvulueratos'
1107 5447 1414 5522 populi
1429 5450 1757 5522 uigilmallem
1776 5465 1872 5522 ego

303 5501 436 5568 ﬁlia;
477 5501 534 5560 ut
569 5509 801 5560 Ieremia:
839 5521 1016 5571 sensus
1037 5501 1264 5571 praefert:
1298 5501 1408 5560 ilo:
1447 5501 1578 5560 addit
1612 5501 1871 5562 Caritatem

306 5579 366 5617 ex
435 5579 544 5623 acta
565 5571 719 5621 altera
745 5583 862 5620 voce
891 5568 1102 5632 plorabo.

306 5689 348 5706 ,Δ
368 5583 431 5706 Εἴ
445 5633 754 5706 ,Οοηεὶιιιξὶοι-
772 5631 964 5706 videtur
985 5632 1412 5706 sensusjnlveteri
1431 5631 1682 5706 editione,_
1696 5651 1719 5679 ι
1740 5633 1870 5697 quod

304 5689 355 5739 lo
374 5689 456 5744 ἰ)ἰὶ
495 5706 596 5744 ene
618 5693 786 5752 miror,
810 5692 1037 5756 quodque
1061 5694 1110 5742 in
1131 5691 1214 5741 illo
1236 5692 1424 5742 Graecia
1442 5697 1561 5750 tota.
1585 5710 1609 5739 ι
1638 5689 1733 5746 etc.

367 5752 440 5818 (l)
459 5707 674 5808 gravius
694 5753 922 5806 miseram
942 5753 1039 5816 legi
1059 5754 1216 5816 jubet.

1598 327 1925 386 EPISTOLA
1963 328 2205 388 XXXIX.

1989 445 2169 512 paucis
2195 459 2298 500 non
2323 445 2493 500 diram
2524 447 2817 516 mensibus,
2857 450 2951 506 sed
2979 451 3186 521 diebus,
3216 455 3286 510 ita
3318 455 3546 512 hebrum:

1985 535 2176 606 lingua:
2205 537 2403 591 vicerat
2439 538 2800 609 diflicnltatcs,
2842 553 2898 598 ut
2941 544 2995 601 in
3031 544 3302 602 discendis
3339 563 3542 604 calien-

1983 627 2171 697 disqne
2215 629 2463 696 Psalmis,
2505 646 2624 686 cum
2655 641 2829 689 matre
2855 641 3221 693 contenderet.
3263 640 3544 697 llumilitas

1984 720 2209 773 vestium
2239 735 2342 774 non
2369 720 2452 790 (ut
2479 720 2532 776 in
2561 721 2828 793 plerisque
2856 723 3014 795 solet)
3042 736 3304 785 tumentes
3335 733 3545 788 autimas

1983 809 2239 878 arguebat
2262 827 2278 864 :
2305 809 2401 866 sed
2427 825 2546 865 cum
2577 811 2817 868 interiori
2847 827 2907 868 se
2935 823 3115 871 mente
3137 816 3423 888 dejecernt,
3456 822 3540 876 in-

1984 908 2066 956 ter
2093 901 2404 956 ancillarum
2447 902 2709 971 virginum
2753 903 2830 976 [In
2869 905 2990 960 aliis
3030 907 3180 962 libris
3231 911 3402 966 vilium
3445 927 3544 982 pro

1982 992 2251 1062 virginum,
2285 992 2426 1063 quod
2455 1003 2510 1049 et
2533 994 2757 1049 Gravius
2786 994 2991 1068 statuit]
3021 997 3220 1052 cultum
3246 999 3547 1057 doininam-
3632 1051 3644 1064 .

1981 1095 2086 1151 qne
2108 1081 2238 1136 nihil
2270 1083 2522 1150 medium,
2552 1084 2651 1140 nisi
2681 1085 2822 1155 quod
2850 1086 2901 1141 in
2930 1101 2996 1141 eo
3031 1086 3238 1142 facilius
3263 1089 3544 1160 dignosce-

1983 1170 2159 1235 batur,
2189 1173 2328 1243 quod
2354 1174 2645 1243 neglectius
2674 1175 2970 1231 incedebat.
3011 1177 3341 1234 Vacillahant
3367 1195 3544 1251 :egro-

1981 1266 2184 1321 tatione
2229 1281 2481 1336 gressus,
2532 1277 2587 1323 et
2643 1269 2928 1338 pallentem
2989 1285 3054 1328 ac
3111 1281 3423 1328 trementem
3470 1275 3547 1328 fa-

1978 1356 2138 1421 ciem,
2185 1359 2273 1410 vix
2309 1357 2506 1413 collum
2562 1365 2718 1413 tenue
2763 1359 3084 1426 sustinebat,
3129 1372 3186 1418 et
3236 1373 3410 1419 tamen
3451 1373 3545 1419 aut

1979 1447 2322 1518 Prophetam,
2348 1459 2441 1505 aut
2468 1451 2810 1522 Evangelium
2850 1468 3065 1523 semper
3093 1454 3146 1510 in
3190 1456 3433 1512 manibus
3459 1465 3540 1512 te-

1979 1538 2156 1592 nebat.
2185 1537 2460 1612 Lacrymis
2501 1555 2596 1596 ora
2635 1541 2988 1611 complentur,
3021 1545 3284 1616 singultus
3320 1559 3546 1616 occupat

1979 1643 2164 1684 vocem
2197 1647 2210 1683 :
2238 1639 2291 1684 et
2317 1629 2606 1686 haerentem
2635 1632 2887 1702 linguam,
2911 1633 3114 1690 viscera
3140 1648 3407 1692 commota
3437 1654 3543 1693 non

1977 1718 2177 1774 laxant.
2227 1720 2359 1774 Cum
2408 1731 2648 1776 sanctum
2692 1724 3064 1794 corpusculum
3106 1725 3334 1782 febrium
3385 1729 3550 1786 ardor

1977 1822 2322 1881 excoqueret,
2353 1822 2409 1869 et
2433 1813 2764 1870 semianimis
2809 1813 2903 1887 [ιιι.
2934 1818 3247 1891 ιεηιὶαηὶηιε]
3289 1819 3538 1878 lectulum

1977 1902 2198 1958 vallaret
2219 1903 2452 1959 circulus
2480 1905 2920 1976 propinquorum,
2949 1907 3064 1964 haec
3098 1919 3338 1965 extrema
3366 1909 3460 1982 [aL
3487 1913 3542 1967 in

1976 1994 2219 2068 extrario]
2259 1997 2418 2052 verba
2450 1997 2735 2053 mandabat
2764 2015 2777 2052 :
2809 1998 2970 2055 Orate
3011 2000 3291 2057 Dominum
3335 2000 3541 2071 Iesum,

1976 2095 2035 2141 ut
2057 2086 2185 2140 mihi
2214 2087 2471 2156 ignoscat.
2502 2088 2622 2158 quia
2665 2089 2888 2159 implere
2927 2106 3032 2145 non
3061 2093 3204 2162 potui
3231 2093 3372 2163 quod
3399 2097 3546 2149 vole-

1975 2177 2118 2232 bam.
2162 2178 2361 2234 Secura
2405 2186 2539 2245 esto,
2591 2180 2663 2234 mi
2720 2181 2946 2236 Blzesilla
2977 2183 3065 2253 (Ῑ),
3116 2185 3355 2240 sentiens
3395 2187 3541 2241 omni

1975 2279 2216 2338 tempore
2253 2269 2569 2325 vestimenta
2609 2279 2697 2325 tua
2741 2271 2988 2327 candida.
3033 2273 3244 2329 Candor
3284 2277 3534 2341 vestium,

1973 2359 2314 2429 sempiterme
2342 2359 2659 2429 virginitatis
2685 2370 2768 2416 est
2798 2364 3020 2432 pnritas.
3048 2361 3374 2420 Conliilimus
3413 2381 3540 2436 pro-

1973 2449 2101 2504 bare
2125 2465 2247 2505 vera
2267 2465 2386 2505 esse
2410 2464 2529 2520 qua:
2557 2450 2784 2506 dicimus
2815 2471 2829 2506 :
2857 2451 3110 2518 Noncum
3141 2471 3238 2510 εει·
3261 2469 3381 2512 sera
3402 2471 3539 2512 con-

1972 2543 2169 2598 versio.
2205 2543 2314 2598 Vox
2350 2543 2463 2598 hare
2500 2545 2729 2614 primum
2772 2544 3012 2602 dedicata
3059 2557 3137 2602 est
3181 2547 3235 2604 in
3278 2548 3531 2606 latrone:

1979 2652 2000 2686 α
2033 2633 2202 2689 Amen
2236 2632 2357 2688 dico
2393 2634 2509 2698 tibi,
2556 2633 2714 2690 hodie
2753 2650 2960 2691 mecum
3008 2638 3115 2692 eris
3142 2640 3193 2692 in
3229 2639 3482 2695 Paradiso
3511 2661 3532 2694 s

1971 2722 2122 2791 (an.
2166 2723 2256 2779 25.
2305 2722 2422 2794 45).
2475 2724 2760 2796 Postquam
2790 2737 2968 2784 autem
2997 2728 3206 2785 sarcina
3233 2730 3410 2787 carnis
3437 2733 3536 2788 ab-

1963 2816 2130 2885 jccla.
2158 2815 2223 2872 ad
2249 2830 2404 2872 suum
2431 2819 2608 2872 anima
2631 2819 2887 2874 revolavit
2909 2831 3204 2886 auctorem,
3233 2829 3290 2878 et
3315 2823 3366 2877 in
3394 2825 3536 2878 anti-

1969 2923 2127 2978 quam
2166 2909 2558 2975 possessionem
2600 2909 2690 2963 diu
2733 2911 3067 2982 peregrinata
3111 2915 3445 2978 conscendit,
3469 2931 3535 2971 ex

1969 3015 2121 3056 ntere
2165 3010 2418 3070 parantur
2463 3001 2724 3071 exequia',
2764 3012 2821 3057 et
2868 3003 3121 3058 nobilium
3159 3005 3348 3061 ordine
3395 3023 3537 3075 pra:-

1904 3096 1913 3112 ‘
1968 3100 2150 3157 eunte,
2180 3107 2398 3148 aureum
2440 3091 2638 3146 feretro
2675 3092 2916 3147 velamen
2949 3093 3274 3150 obtenditur.
3311 3096 3536 3152 νωθὴς..

1970 3193 2056 3238 tur
2103 3183 2234 3240 mihi
2287 3192 2415 3240 tunc
2459 3183 2694 3240 clamare
2736 3183 2806 3240 de
2847 3184 2986 3241 cmlo
3014 3186 3115 3255 (l).
3161 3186 3274 3240 Non
3303 3201 3537 3256 agnosco

1967 3284 2146 3330 vestes
2197 3292 2211 3330 :
2254 3277 2480 3331 amictus
2516 3275 2618 3332 iste
2670 3290 2777 3331 non
2827 3284 2912 3332 est
2960 3292 3111 3332 meus
3141 3295 3154 3330 :
3184 3278 3272 3334 hic
3316 3287 3536 3336 ornatus

1967 3365 2170 3420 alienus
2203 3374 2304 3420 est.

2037 3454 2089 3510 2.
2131 3455 2236 3511 Sed
2266 3455 2393 3526 quid
2420 3456 2664 3526 agimus?
2693 3456 2876 3512 Matris
2903 3457 3220 3526 prohibituri
3250 3461 3534 3533 lacrymas,

1969 3549 2068 3618 ipsi
2115 3548 2429 3618 plangimus.
2469 3549 2740 3605 Confiteor
2783 3551 3002 3606 allectus
3049 3568 3233 3616 meos,
3267 3563 3410 3609 totus
3450 3553 3537 3610 hic

1969 3642 2102 3697 liber
2120 3641 2332 3697 ﬂetibus
2353 3643 2620 3698 scribitur.
2649 3643 2822 3698 Flevit
2845 3653 2900 3698 et
2924 3643 3078 3699 lesus
3109 3645 3389 3712 Lazarum,
3411 3648 3535 3717 quia

1967 3733 2178 3788 amabat
2206 3733 2354 3786 illum
2383 3733 2562 3802 (Joan.
2586 3735 2698 3803 ll).
2722 3733 2837 3788 Non
2860 3743 2944 3790 est
2964 3735 3194 3805 optimus
3212 3739 3534 3800 consolator.

1968 3840 2126 3893 quem
2153 3825 2351 3893 proprii
2374 3825 2592 3880 vincunt
2616 3826 2865 3895 gemitus.
2888 3826 3041 3896 cujus
3061 3829 3350 3884 visceribus
3369 3830 3538 3884 emol-

1970 3915 2114 3980 litis,
2143 3914 2305 3970 fracta
2333 3914 2384 3969 in
2429 3915 2678 3986 lacrymis
2722 3915 2883 3971 verba
2911 3916 3193 3972 dcsudant.
3224 3918 3432 3983 Testor,
3464 3919 3537 3972 mi

1971 4005 2133 4062 Paula
2153 4045 2169 4070 ,
2199 4003 2412 4068 .lcsum,
2441 4020 2602 4075 quem
2631 4004 2859 4060 Blesilla
2902 4021 3040 4062 nunc
3067 4009 3337 4074 sequitur;
3371 4015 3538 4063 testor

1969 4103 2182 4150 sanctos
2212 4094 2466 4165 Angelos,
2487 4110 2710 4165 quorum
2748 4087 3035 4150 consortio
3097 4098 3254 4170 178
3322 4097 3535 4162 fruitur.

1969 4185 2155 4240 eadem
2177 4200 2263 4241 me
2284 4187 2524 4241 dolorum
2551 4186 2754 4256 perpeti
2772 4193 3031 4242 tormenta
3054 4204 3174 4258 quae
3202 4189 3397 4258 pateris
3415 4208 3428 4246 :
3443 4205 3538 4258 pa-

1970 4284 2106 4330 trem
2130 4291 2249 4332 esse
2273 4276 2483 4346 spiritu,
2507 4277 2788 4332 nutricium
2817 4277 3058 4343 caritate,
3079 4289 3133 4334 et
3160 4280 3426 4336 interdum
3450 4280 3537 4336 di-

1969 4381 2127 4421 cere:
2148 4385 2168 4418 ‹
2192 4366 2376 4421 Pereat
2395 4367 2510 4422 dies
2530 4367 2638 4434 illa,
2667 4367 2720 4422 in
2743 4382 2845 4438 qua
2866 4377 3020 4422 natus
3040 4385 3156 4424 sum
3179 4388 3198 4422 s
3217 4370 3428 4441 (Jerem.
3443 4371 3536 4424 20.

1972 4458 2086 4527 14).
2110 4459 2197 4524 Et,
2225 4458 2352 4513 illei
2383 4459 2509 4513 mihi
2538 4469 2727 4525 mater,
2750 4469 2808 4514 ut
2833 4459 2960 4529 quid
2979 4461 3207 4530 genuisti
3237 4477 3323 4516 me
3343 4461 3537 4528 virum,

1972 4548 2052 4620 (g)
2071 4550 2161 4620 qui
2183 4549 2388 4606 dicerer
2403 4549 2690 4604 discrimen
2709 4549 2852 4603 οιιιιοί
2877 4559 3030 4606 terra:
3055 4570 3074 4602 ι
3104 4549 3264 4620 (Ibid.
3294 4551 3380 4606 15.
3406 4551 3472 4606 10
3492 4554 3534 4621 ).

1972 4643 2037 4698 Ει
2079 4643 2203 4698 illud
2233 4660 2246 4696 :
2284 4661 2302 4695 ι
2335 4643 2516 4699 Justus
2541 4659 2633 4709 es,
2667 4643 2884 4698 Domine
2906 4683 2922 4709 ,
2950 4655 3311 4700 verumtamen
3343 4646 3537 4715 judicia

1972 4735 2159 4804 loquar
2183 4735 2246 4788 ad
2278 4744 2348 4788 te.
2377 4734 2513 4802 Quid
2542 4733 2797 4803 est,quod
2828 4734 2927 4788 viae
2959 4744 3295 4804 peccatorum
3317 4753 3539 4808 prospe-

1975 4826 2202 4882 rantur?
2244 4845 2263 4879 ο
2308 4826 2413 4894 Et,
2447 4844 2467 4878 ι
2501 4825 2597 4880 Mei
2626 4840 2836 4896 quoque
2863 4840 3000 4896 pene
3029 4827 3158 4884 moti
3193 4839 3314 4884 sunt
3344 4830 3538 4900 pedes.

2037 5022 2576 5089 ([_)_.Peric0pen__hanc
2593 5021 2798 5089 duorum
2831 5034 3064 5089 versum
3103 5036 3134 5089 a_
3162 5021 3364 5089 seruiens
3385 5036 3545 5086 usque

1975 5082 2294 5150 conﬁdimus;
2314 5082 2379 5133 ex
2409 5082 2713 5150 Cluniacensi
2758 5082 2927 5133 codice
2974 5082 3162 5150 invexit
3198 5082 3503 5133 Martianzmis
3530 5121 3542 5141 .

1974 5143 2119 5207 quam
2139 5157 2228 5195 nos
2246 5144 2583 5208 Cistercieasis
2601 5177 2617 5202 ,
2648 5143 2951 5207 aliorumque
2972 5146 3168 5208 Optima:
3193 5154 3318 5195 notae
3340 5150 3543 5194 auctori-

1976 5205 2078 5256 tate
2099 5206 2346 5266 impendio
2361 5205 2636 5256 adferimus.

2040 5268 2114 5330 (q)
2148 5267 2322 5317 Multas
2344 5267 2700 5330 exemplarium
2727 5266 2990 5330 varietates
3009 5267 3099 5317 hoc
3123 5268 3169 5316 in
3203 5266 3311 5330 loco
3333 5266 3542 5330 reperiri

1978 5325 2284 5391 tes't'atusreSt.
2318 5335 2431 5378 ante
2454 5325 2545 5377 nos
2565 5327 2800 5391 Reatinus
2827 5326 3110 5391 Episcopus,
3140 5329 3223 5391 qui
3248 5325 3410 5391 tamen
3439 5325 3543 5373 nul-

1979 5390 2073 5439 lam
2096 5390 2348 5451 exhibuit.
2373 5402 2467 5439 nec
2487 5387 2928 5451 quidquamdvoluit
2961 5387 3232 5438 immutare.
3263 5389 3313 5437 In
3341 5389 3431 5451 hoc
3462 5399 3542 5433 au-

1978 5459 2078 5502 tem
2099 5449 2208 5510 fere
2229 5447 2540 5510 consentiunt
2583 5447 2642 5498 ea
2675 5449 2853 5510 quibus
2876 5462 2964 5499 nos
3005 5454 3182 5499 utimur
3205 5484 3216 5504 ,
3259 5456 3312 5496 ut
3355 5447 3540 5506 legant.

1977 5512 2061 5572 qui
2082 5508 2279 5568 judicer
2310 5516 2356 5560 et
2401 5509 2636 5572 deceruar
2658 5508 2786 5558 oraui
2829 5515 3004 5568 terrm,
3044 5523 3154 5572 quae
3197 5510 3378 5557 Grmcze
3422 5518 3541 5566 pric-

1977 5571 2146 5645 Sertim
2191 5571 2575 5645 interpretationi
2619 5577 2734 5633 ἄνδρα
2775 5577 3006 5631 sua:an
3049 5571 3108 5620 ω
3165 5577 3440 5630 διακρινθμνον.
3461 5580 3537 5624 ap-

1979 5635 2132 5698 prime
2153 5633 2414 5682 cohaerent.

2043 5694 2116 5755 (l)
2149 5694 2424 5760 Acutiorem
2462 5690 2724 5760 lectionem
2771 5697 2908 5739 vocat
2950 5689 3156 5739 Gravius
3193 5688 3314 5737 hanc
3342 5699 3354 5733 :
3386 5703 3410 5731 ι
3446 5692 3541 5735 Nor

1980 5767 2182 5818 agnosco
2207 5768 2222 5806 :
2247 5758 2395 5805 vester
2417 5756 2619 5802 arnictus
2642 5756 2758 5811 iste,
2773 5763 2864 5800 non
2887 5762 3036 5800 nisus.
