4136 6332
383 332 486 387 469

383 441 636 498 humilem
659 449 714 496 et
736 439 990 512 quietum,
1012 447 1068 495 et
1087 445 1398 492 trementem
1425 436 1583 492 verba
1607 452 1726 490 mea
1755 455 1773 489 ι
1797 435 1949 507 (luti.

383 536 472 592 66.
502 534 662 588 Juxta
688 532 774 588 LX
787 533 870 601 Χ).
899 532 1008 586 Hoc
1033 540 1116 587 est
1147 531 1290 601 quod
1319 528 1396 601 (a)
1427 531 1552 584 mihi
1575 529 1953 584 Monasterium

382 626 766 698 promittebas?
804 623 945 695 quod
976 623 1160 678 habitu
1189 639 1218 676 a
1247 623 1504 677 matronis
1542 623 1757 676 czcteris
1795 636 1957 690 sepa-

384 730 532 783 rato,
564 718 656 772 tibi
693 716 842 785 quasi
873 714 1171 784 religiosior
1196 713 1502 770 videbaris?
1529 711 1680 766 Mens
1711 713 1807 766 ista
1837 724 1958 780 quae

385 809 603 880 plangit,
630 809 918 863 sericarum
944 808 1168 862 vestium
1200 815 1302 864 est.
1337 805 1702 873 Intereiperis,
1731 811 1784 857 et
1812 817 1960 856 emo-

385 902 516 956 reris
536 940 552 960 .
578 910 633 955 et
658 899 809 969 quasi
839 914 944 953 non
974 898 1025 950 in
1053 911 1199 951 meas
1230 911 1419 950 manus
1447 905 1670 950 ventura
1701 896 1805 957 sis,
1834 909 1959 947 cru-

391 993 558 1047 :lclem
581 991 819 1060 judicem
845 990 1000 1060 fugis.
1031 987 1258 1059 Fugerat
1284 987 1551 1057 quondam
1579 996 1636 1042 et
1658 986 1821 1041 Jonas
1848 984 1962 1038 ani-

387 1097 565 1138 mosus
595 1082 877 1153 PrOpheta,
905 1081 998 1136 sed
1028 1082 1078 1136 in
1107 1080 1368 1150 profundo
1389 1080 1556 1134 maris
1583 1093 1736 1132 meus
1765 1077 1878 1131 fuit.
1902 1075 1959 1132 Si

386 1175 648 1229 viventem
703 1173 953 1234 crederes
999 1173 1196 1236 tiliam,
1247 1185 1516 1241 nunquam
1569 1171 1849 1238 plangeres
1894 1167 1962 1222 ad

386 1265 606 1320 meliora
632 1264 908 1334 migrasse.
937 1262 1047 1318 l'loc
1067 1271 1148 1317 est
1165 1262 1306 1332 quod
1335 1277 1430 1332 per
1449 1259 1762 1330 Apostolum
1786 1272 1960 1312 meum

379 1359 665 1422 jnsseram,
694 1370 761 1410 ne
788 1369 883 1424 pro
907 1353 1296 1409 dormientibus
1321 1353 1374 1406 in
1398 1350 1800 1408 similitudinem
1823 1347 1964 1404 Gen-

390 1453 517 1504 tium
571 1446 938 1502 tristaremini.
998 1445 1286 1508 Erubesce,
1369 1444 1522 1514 181
1602 1441 1674 1512 (ὁ)
1719 1439 1963 1494 Ethnica:

389 1539 724 1608 compatione
770 1522 1059 1608 superaris.
1094 1535 1281 1590 Melior
1308 1534 1508 1589 diaboli
1546 1533 1734 1587 ancilla
1761 1573 1774 1594 ,
1801 1545 1960 1599 quam

389 1646 505 1686 mea
535 1639 635 1684 est.
668 1628 758 1683 llla
792 1627 1061 1682 inlidelem
1094 1629 1340 1681 maritum
1387 1623 1702 1679 translatum
1733 1622 1881 1692 lingit
1909 1622 1961 1676 iu

389 1721 602 1785 coelum,
620 1729 672 1774 tu
699 1733 906 1773 mecum
924 1726 1065 1772 tuam
1089 1716 1252 1771 ﬁliam
1277 1725 1718 1779 commorantem,
1739 1721 1830 1768 aut
1856 1726 1961 1767 non

389 1811 584 1877 credis,
613 1819 704 1864 aut
729 1825 835 1864 non
860 1809 964 1863 vis.

460 1902 513 1953 3.
561 1899 667 1956 Sed
707 1900 842 1953 dicis
887 1895 1155 1968 quomodo
1182 1895 1361 1966 lugere
1389 1910 1473 1949 me
1519 1892 1790 1964 prohibes,
1837 1907 1962 1965 cum

390 2002 438 2046 et
473 1991 635 2046 Jacob
663 1989 860 2059 Joseph
893 1990 943 2043 in
976 2003 1132 2044 sacco
1173 1985 1400 2051 lleverit,
1432 1986 1871 2056 congregatisque
1893 1983 1961 2038 ad

392 2101 452 2139 se
495 2085 741 2137 omnibus
791 2083 1119 2152 prOpiuqttis,
1165 2080 1393 2135 noluerit
1417 2079 1704 2140 consolari,
1733 2077 1916 2131 dicens
1947 2095 1961 2131 :

400 2194 418 2224 ι
450 2173 774 2228 Descendunt
797 2171 861 2225 ad
891 2173 1055 2226 lilium
1103 2187 1280 2225 meum
1309 2171 1495 2239 lugens
1519 2170 1570 2222 in
1604 2168 1910 2222 infernum?
1940 2185 1958 2216 ι

394 2266 594 2337 (Cenes.
641 2267 731 2322 57.
778 2266 892 2334 55.)
940 2267 1004 2318 Et
1052 2264 1214 2318 David
1245 2263 1478 2316 Absalon
1506 2269 1758 2330 cooperto
1793 2257 1968 2327 capite

395 2360 686 2425 planxerit,
732 2365 980 2426 repetens
1013 2373 1024 2408 :
1062 2374 1079 2406 ι
1110 2354 1207 2408 Fili
1239 2354 1342 2416 mi,
1391 2352 1626 2406 Absalon
1648 2393 1663 2416 ,
1696 2351 1926 2404 Ahsalon
1949 2390 1964 2415 ,

394 2449 465 2503 fili
499 2448 570 2500 mi
603 2466 615 2500 :
656 2447 776 2516 quis
805 2445 982 2508 dabit,
1015 2451 1072 2496 ut
1101 2442 1299 2496 moriar
1326 2455 1422 2509 pro
1453 2448 1525 2505 te,
1559 2440 1632 2492 fili
1664 2440 1755 2501 mi,
1791 2438 1967 2492 Abso-

395 2540 530 2593 lun?
559 2558 578 2590 ι
613 2537 689 2606 (Ξ.
722 2536 848 2607 Reg.
886 2531 1288 2602 18.33.)Ji0ysi
1315 2544 1527 2600 quoque
1557 2537 1612 2583 et
1640 2531 1836 2592 Aaroo,
1867 2543 1970 2582 ca!-

395 2630 631 2696 terisque
674 2626 989 2682 Sanctorum
1033 2623 1289 2678 solemnis
1335 2622 1403 2676 sit
1444 2622 1616 2675 luctus
1658 2619 1970 2676 exbibitus?

300 2753 306 2758 κ
396 2720 674 2776 Perfacilis
719 2718 784 2772 ad
835 2719 935 2772 ista
982 2714 1259 2785 responsio
1299 2723 1382 2769 est
1415 2731 1427 2766 :
1461 2712 1684 2766 Lusisse
1711 2709 1874 2765 Jacob
1905 2711 1967 2762 li-

398 2814 551 2877 lium,
602 2827 760 2881 quem
806 2809 1028 2880 putabat
1053 2808 1308 2871 occisum,
1340 2804 1406 2859 ad
1433 2818 1590 2873 quem
1620 2813 1670 2856 et
1702 2804 1814 2870 ipse
1856 2808 1971 2854 erat

399 2903 465 2958 ad
497 2901 696 2957 inferos
736 2901 1112 2964 descensurus,
1143 2897 1328 2951 dicens
1365 2911 1378 2947 :
1416 2913 1435 2946 ι
1461 2892 1786 2948 Descendunt
1813 2891 1877 2945 ad
1903 2889 1968 2944 fi—

405 2994 529 3048 lium
581 3005 759 3046 meum
806 2990 995 3058 lugens
1043 2989 1099 3042 in
1145 2986 1408 3040 infernum
1437 3003 1456 3037 ι
1503 2982 1652 3050 (Gen.
1685 2983 1801 3051 37),
1849 2981 1971 3050 quia

403 3085 625 3142 necdum
657 3084 885 3153 paradisi
908 3084 1122 3150 januam
1141 3078 1384 3134 Christus
1403 3075 1702 3146 eli‘rcgerat,
1727 3090 1823 3141 nec
1844 3073 1970 3127 dum

406 3177 701 3231 flammeam
730 3175 872 3228 illam
903 3171 1229 3240 romphaeam
1263 3177 1318 3225 et
1346 3166 1657 3237 vertiginem
1686 3163 1972 3235 prasiden-

408 3270 535 3324 tium
560 3267 845 3323 Cherubim
868 3306 884 3332 ,
917 3266 986 3335 (ε)
1019 3263 1233 3332 sanguis
1259 3262 1376 3331 ejus
1403 3261 1719 3316 extinxerat.
1751 3257 1902 3314 Unde
1921 3265 1976 3312 ct

407 3359 672 3413 Abraham
703 3357 828 3412 licet
860 3357 910 3409 in
941 3357 1059 3410 loco
1087 3353 1369 3422 refrigerii,
1401 3361 1577 3406 tamen
1607 3350 1747 3420 apud
1778 3348 1976 3404 inferos

408 3465 524 3504 cum
555 3450 756 3504 Lazaro
781 3448 943 3502 fuisse
973 3447 1224 3502 scribitur
1250 3443 1398 3516 (Luc.
1425 3443 1536 3515 16).
1563 3441 1631 3497 Ει
1654 3441 1816 3496 David
1835 3441 1978 3512 juste

409 3539 619 3594 flevisse
647 3540 813 3592 filium
838 3537 1178 3608 parricidam,
1206 3537 1296 3606 qui
1319 3535 1481 3589 alium
1504 3534 1802 3605 parvulum,
1835 3541 1981 3601 post-

411 3647 586 3700 quam,
615 3641 675 3685 ut
703 3631 924 3693 viveret,
958 3631 1242 3697 impetrare
1269 3642 1373 3681 non
1407 3626 1596 3695 potuit,
1626 3625 1748 3694 quia
1777 3623 1982 3678 sciebat

411 3737 514 3776 non
544 3735 811 3791 peccasse,
840 3735 946 3773 non
974 3717 1116 3772 llevit
1147 3716 1221 3786 (2.
1253 3716 1383 3785 Reg.
1413 3714 1524 3785 l2).
1557 3715 1629 3768 De
1649 3713 1829 3784 Moyse
1852 3728 1980 3766 vero

415 3822 469 3868 et
496 3816 693 3879 Aaron,
722 3812 862 3883 quod
890 3811 970 3867 eis
992 3825 1056 3866 ex
1085 3809 1252 3864 veteri
1281 3823 1428 3862 more
1455 3807 1524 3861 sit
1553 3806 1797 3875 planctus
1825 3805 1994 3859 cxhi-'

417 3907 573 3972 bitus,
607 3922 711 3960 non
743 3904 1043 3959 mirandmn
1075 3910 1176 3964 est,
1206 3915 1325 3956 cum
1366 3907 1420 3954 et
1467 3899 1519 3952 in
1552 3897 1699 3952 Actis
1749 3898 1981 3966 Aposto-

415 3998 606 4059 lorum,
635 3996 742 4065 jam
774 3994 1058 4064 Evangelio
1086 3999 1424 4053 eoruscante,
1455 3990 1727 4058 Stephano
1756 3986 1982 4042 fecerint

416 4087 758 4157 Jerosolymae
803 4085 995 4140 fratres
1037 4084 1304 4153 planctum
1344 4095 1591 4150 magnum
1637 4079 1776 4147 (Act.
1806 4078 1860 4149 8)
1889 4096 1902 4131 :
1931 4086 1986 4132 et

419 4180 596 4251 utique
625 4180 865 4249 planctus
892 4191 1136 4247 magnus,
1169 4189 1272 4229 non
1305 4175 1358 4228 in
1391 4172 1749 4242 plangentium
1793 4170 1984 4224 exani-

419 4273 670 4338 matione,
711 4281 768 4327 ut
799 4280 852 4326 tu
897 4281 1071 4340 putas,
1099 4269 1191 4324 sed
1221 4268 1272 4323 in
1304 4283 1494 4338 pompa
1523 4267 1742 4332 funeris,
1777 4274 1831 4320 et
1855 4279 1985 4319 exe-

419 4367 658 4436 quiarum
688 4364 983 4436 frequentia
1015 4361 1392 4432 intelligendus
1417 4361 1505 4414 sit.
1538 4358 1775 4428 Denique
1803 4357 1871 4412 de
1899 4357 1996 4413 Ja-

420 4457 518 4512 eob
559 4457 834 4526 Scriptura
879 4456 956 4510 sic
1003 4454 1233 4524 loquitur
1281 4471 1294 4508 :
1346 4451 1458 4506 «Et
1502 4450 1742 4505 ascendit
1788 4447 1986 4516 Joseph

421 4549 645 4619 sepelire
675 4557 878 4618 patrem
903 4563 1080 4613 suum,
1111 4555 1165 4600 et
1191 4544 1548 4600 ascenderunt
1572 4557 1691 4596 cum
1715 4556 1781 4595 eo
1801 4555 1988 4594 omnes

421 4641 567 4712 pueri
594 4641 906 4706 Pharaonis,
939 4648 992 4694 et
1019 4639 1259 4693 seniores
1283 4636 1474 4691 domus
1501 4635 1638 4704 ejus,
1668 4643 1722 4688 et
1748 4634 1989 4686 seniores

422 4735 593 4788 omnis
623 4743 778 4788 terrre
804 4731 1040 4803 Egypti,
1067 4737 1122 4784 et
1144 4729 1320 4782 omnis
1346 4727 1544 4790 domus
1569 4724 1769 4794 Joseph
1800 4733 1853 4777 et
1880 4722 2000 4776 fra-'

423 4834 529 4880 tres
557 4823 689 4894 ejus.
718 4843 737 4876 ι
775 4823 842 4877 Ει
865 4831 978 4892 post
1007 4819 1275 4891 paululum
1307 4836 1320 4873 :
1355 4836 1374 4868 ‹
1399 4817 1466 4871 Ει
1489 4816 1846 4871 ascenderunt
1868 4829 1988 4868 cum

421 4932 486 4970 eo
533 4916 802 4987 quadriga:
841 4925 895 4970 et
919 4914 1146 4984 equites,
1178 4922 1232 4964 et
1262 4909 1393 4963 facta
1427 4916 1551 4962 sunt
1573 4917 1741 4962 castra
1770 4904 1989 4974 grandia

421 5008 598 5062 nimis.
625 5028 643 5060 ι
687 5010 765 5064 Ac
806 5005 997 5060 deinde
1044 5022 1057 5058 :
1109 5021 1128 5054 ι
1157 5003 1220 5057 Ει
1261 5001 1582 5071 planxerunt
1627 5011 1746 5052 cum
1775 4997 1989 5066 planctu

485 5202 657 5268 (a)_Ita
679 5202 794 5268 Mss,
833 5201 1026 5268 codices
1065 5202 1214 5250 nostri
1247 5199 1447 5258 habent,
1493 5205 1544 5247 et
1581 5196 1988 5268 quosﬂietorins

418 5259 673 5314 consuluit.
699 5264 841 5314 Falso
863 5263 1107 5321 Erasmus,
1135 5274 1346 5324 eumque
1367 5269 1565 5324 secutus
1595 5259 1904 5324 Martianaaus
1935 5259 1990 5309 in

419 5326 728 5436 lMonttisterio,
765 5326 892 5388 quod
915 5324 1123 5372 nondum
1154 5321 1425 5384 arripuerat
1445 5321 1594 5370 Paula
1617 5359 1630 5384 ,
1677 5321 1764 5370 sed
1805 5329 1990 5371 tantmn

433 5400 550 5435 irom
571 5398 720 5436 serat.
1629 5398 1631 5400 ’

433 5398 720 5436 iromtserat.
1629 5398 1631 5400 ’

433 5400 448 5432 ι
571 5425 581 5435 .
708 5422 720 5436 .
1629 5398 1631 5400 ·

416 5398 1261 5522 Ϊτῗῖῑιςὲἒῗιῗξηαᾶξιωεεχιξιῇυποτὶ
1277 5443 1647 5522 (ιυτεὸερει-(Ιρβ
1670 5450 1777 5493 erat
1795 5479 1810 5506 ,
1833 5450 1888 5492 ut
1909 5455 1994 5492 su-

419 5505 498 5572 pra
526 5505 574 5572 in
598 5509 750 5572 Epist.
776 5509 855 5572 23.
883 5505 1214 5572 adnotavimus
1237 5505 1305 5553 ex’
1326 5510 1480 5572 veteri
1505 5507 1687 5572 lapide.

485 5567 545 5637 (ε)
586 5565 760 5637 Confer
781 5569 1402 5637 Auctorisucomm‘eutarios
1435 5568 1483 5614 in
1505 5565 1696 5637 Eccles.
1721 5579 1858 5637 capp.
1885 5567 1917 5637 ξ)
1941 5573 1993 5616 ει

417 5630 465 5695 9.
488 5625 590 5695 tum
615 5626 1141 5695 Origenis__Hgmil._de
1180 5625 1472 5695 Epgastrim.
1495 5688 1507 5695 ‘
1515 5627 1696 5695 quibus
1735 5625 1852 5695 locis
1886 5628 1991 5676 haec

416 5691 479 5742 de
505 5686 730 5744 flammeo
747 5692 905 5756 gladio
926 5688 1137 5740 Paradisi
1169 5687 1324 5736 aditus
1343 5686 1646 5738 custodiénte
1672 5686 1813 5740 latius
1837 5702 1988 5753 cXpo-

418 5762 612 5804 nuntur.

1683 323 2010 380 EPISTULA
2051 322 2304 380 XXXIX.

3533 333 3638 396 ιτο

2063 453 2284 508 magno,
2314 449 2370 495 et
2391 441 2510 497 forti
2539 444 2697 499 nimis
2717 464 2735 497 ι
2765 446 2915 518 (Gen.
2936 448 3024 504 50.
3046 443 3097 504 7.
3119 459 3165 505 et
3185 452 3368 521 seqq.)
3387 450 3638 507 Plaictus

2062 528 2164 582 iste
2185 530 2444 586 solemnis
2463 549 2568 588 non
2600 534 2785 606 longas
2809 537 3070 610 IEgyptiis
3101 542 3327 611 imperat
3349 542 3631 612 laery'mas,

2063 619 2156 674 sed
2205 619 2408 677 funeris
2435 634 2698 680 monstrat
2723 638 2990 683 ornatum.
3023 629 3176 684 Juxta
3225 648 3382 702 quem
3421 634 3635 686 modum

2064 714 2245 766 Aaron
2263 729 2472 782 quoque
2501 724 2556 770 et
2581 716 2817 788 Moysen,
2837 719 2994 774 fictos
3018 736 3137 776 esse
3167 722 3499 777 manifestum
3531 733 3632 778 est.

2061 804 2283 874 Nequeo
2361 809 2516 880 182
2587 811 2718 864 satis
2759 810 3047 880 Scripturze
3090 813 3306 870 laudare
3361 818 3635 888 mysteria,

2065 904 2120 949 et
2150 896 2388 951 divinum
2419 915 2655 964 sensum,
2688 900 2740 954 in
2764 903 2940 955 verbis
2968 903 3092 958 licet
3115 904 3443 972 simplicibus
3469 906 3640 959 admi-

2065 984 2196 1050 rari,
2229 987 2354 1054 quid
2386 989 2486 1042 sibi
2515 989 2642 1043 velit
2667 989 2807 1058 quod
2837 990 3047 1062 Moyses
3072 992 3357 1061 plangitur,
3389 1005 3443 1047 et
3481 994 3638 1047 Jesus

2065 1075 2211 1131 Nave
2259 1079 2340 1132 vir
2385 1091 2602 1135 sanctus
2649 1082 2890 1150 sepultus
2917 1083 3164 1148 refertur,
3195 1094 3246 1139 et
3280 1093 3450 1138 tamen
3483 1087 3638 1140 ﬂetus

2064 1182 2186 1223 esse
2231 1185 2333 1224 non
2375 1171 2642 1227 scribitur.
2683 1173 2883 1243 Nempe
2926 1174 3051 1228 illud
3095 1175 3234 1245 quod
3265 1177 3315 1228 in
3347 1176 3545 1246 Moyse,
3581 1175 3631 1230 id

2065 1269 2167 1323 est,
2196 1261 2248 1315 in
2278 1262 2418 1331 Lege
2447 1266 2609 1318 veteri
2637 1265 2736 1319 sub
2762 1268 2962 1333 peccati
2991 1267 3156 1320 Adam
3179 1282 3366 1322 omnes
3387 1269 3641 1323 teneban-

2067 1360 2154 1406 tur
2199 1353 2375 1421 elogio
2408 1353 2770 1428 [damnatione]
2797 1373 2811 1422 ;
2844 1367 2898 1410 et
2925 1358 2990 1410 ad
3023 1358 3220 1411 inferos
3251 1357 3639 1412 descendentes

2064 1456 2453 1515 censequenter
2498 1449 2744 1520 lacryma:
2795 1452 3294 1521 prosequebantur,
3346 1453 3636 1507 secundum

2065 1536 2399 1605 Apostolum,
2443 1537 2535 1607 qui
2579 1539 2650 1592 ait
2685 1556 2698 1594 :
2736 1557 2753 1589 ι
2785 1540 2852 1593 Et
2894 1541 3134 1608 regnavit
3179 1555 3321 1596 mors
3351 1542 3418 1596 ab
3469 1540 3637 1595 Adam

2067 1641 2231 1696 usque
2260 1626 2328 1680 ad
2356 1627 2595 1698 Moysen,
2625 1629 2786 1683 etiam
2818 1646 2980 1700 super
3009 1646 3104 1685 eos
3129 1633 3216 1702 qui
3246 1647 3350 1686 non
3379 1647 3637 1701 peccave-

2066 1726 2188 1772 runt
2216 1735 2236 1768 ι
2291 1716 2467 1785 (Rom.
2499 1719 2551 1773 5.
2591 1720 2694 1789 Η).
2725 1720 2780 1773 lu
2809 1721 2938 1776 Jcsu
2965 1736 3113 1787 vero,
3156 1723 3206 1777 id
3247 1733 3350 1788 est,
3379 1725 3430 1778 in
3460 1723 3639 1777 Evan-

2065 1813 2227 1882 gelio,
2257 1829 2352 1884 per
2379 1830 2537 1884 quem
2565 1815 2849 1871 Paradisus
2879 1827 2962 1871 cst
2987 1827 3224 1886 apertus.
3258 1828 3483 1872 mortem
3513 1832 3642 1887 gau-

2067 1904 2152 1958 dia
2173 1915 2577 1976 prosequuntur.
2604 1907 2759 1962 Flrnt
2779 1923 2946 1978 usque
2970 1908 3125 1962 hodie
3141 1907 3332 1973 Judaei,
3360 1917 3412 1962 et
3430 1905 3642 1960 nudatis

2066 1995 2292 2064 pedibus
2319 1996 2370 2050 in
2403 1997 2583 2052 cinere
2609 1998 2826 2053 volutati
2854 2014 3011 2053 sacco
3032 1999 3303 2053 incubant.
3329 1999 3405 2052 Ac
3426 2013 3494 2051 ne
3516 1995 3640 2066 quid

2068 2085 2207 2140 desit
2235 2088 2620 2156 superstitioni,
2655 2105 2720 2144 ex
2759 2091 2863 2144 ritu
2893 2091 3180 2144 vanissimo
3224 2089 3640 2154 Pharisaeorum,

2070 2177 2297 2246 printum
2325 2180 2498 2233 cibum
2523 2181 2680 2242 lentis
2703 2183 3004 2252 accipiunt;
3031 2183 3272 2238 videlicet
3298 2185 3643 2237 ostendentes

2069 2271 2211 2340 quali
2255 2272 2433 2326 edulio
2474 2273 2828 2343 primogenita
2881 2274 3227 2343 perdiderint.
3278 2275 3383 2329 Sed
3427 2275 3642 2338 merito,

2069 2364 2190 2432 quia
2219 2364 2272 2416 in
2305 2365 2748 2420 resurrectionem
2783 2365 2992 2420 Domini
3023 2381 3126 2420 non
3155 2365 3460 2425 credentes,
3486 2364 3644 2418 Anti-

2070 2452 2254 2508 christi
2278 2466 2644 2525 praeparantur
2667 2455 2939 2510 adventui.
2968 2455 3076 2511 Nos
3100 2471 3227 2510 vero
3253 2456 3340 2524 qui
3371 2455 3640 2508 Chri~tum

2071 2543 2358 2609 induimus,
2403 2553 2459 2599 et
2505 2543 2629 2599 facti
2673 2559 2879 2610 sumus,
2926 2548 3075 2614 juxta
3107 2544 3444 2614 Apostolum.
3477 2558 3644 2611 genus

2073 2635 2275 2703 regium
2302 2642 2358 2688 et
2381 2634 2709 2690 sacerdotale
2741 2636 2817 2695 Η.
2849 2635 2991 2689 Petr.
3018 2635 3104 2703 ε),
3139 2650 3240 2688 non
3273 2635 3532 2689 debemus
3555 2630 3646 2686 su-

2071 2738 2170 2793 per
2197 2733 2438 2778 mortuos
2461 2725 2782 2780 contristari.
2817 2745 2836 2777 ι
2861 2726 2926 2780 Ει
2952 2725 3100 2789 dixit,
3125 2725 3313 2794 inquit,
3338 2724 3547 2793 Moyses
3577 2722 3643 2776 ad

2072 2816 2250 2869 Aaron
2295 2824 2348 2868 et
2388 2815 2612 2871 Eleazar
2653 2828 2710 2872 et
2752 2815 2986 2871 lthamar
3014 2816 3154 2871 filios
3187 2817 3322 2885 ejus,
3355 2814 3442 2884 qni
3471 2815 3644 2868 "relicti

2072 2915 2225 2961 erant
2256 2924 2270 2960 :
2301 2906 2718 2976 Caputvestrum
2743 2923 2846 2961 non
2873 2907 3230 2970 denudabitis,
3255 2916 3309 2962 et
3330 2908 3644 2962 vestimen'a

2073 3008 2248 3054 vestra
2277 3013 2380 3054 non
2409 2999 2684 3064 scindetis,
2716 3016 2782 3054 ne
2807 3000 3142 3064 moriamini;
3173 3011 3224 3053 et
3249 3013 3411 3068 super
3433 3013 3644 3052 omnem

2075 3106 2396 3162 synagogam
2441 3092 2618 3148 veniat
2669 3093 2742 3146 ira
2783 3111 2802 3144 ι
2856 3091 3040 3159 (Leuit.
3073 3092 3158 3146 lO.
3188 3092 3269 3161 6).
3343 3091 3534 3155 Nolite,
3567 3090 3649 3143 in-

2077 3184 2212 3250 quit,
2241 3183 2488 3239 scindere
2513 3187 2832 3238 vestimenta
2867 3195 3065 3248 vestra,
3093 3193 3145 3237 et
3174 3184 3366 3236 luctum
3393 3182 3649 3237 exhibere

2077 3272 2364 3340 Gentilem,
2394 3289 2461 3329 ne
2486 3275 2804 3328 ntoriamiui.
2837 3275 2984 3330 Mons
3011 3289 3212 3328 NOSTBA
3237 3282 3512 3344 peccatum
3544 3283 3646 3326 est.

2078 3367 2167 3430 Et,
2199 3367 2339 3437 quod
2390 3367 2607 3421 forsitan
2651 3368 2868 3422 crudele
2911 3369 3065 3421 alicui
3113 3367 3377 3428 videatur,
3407 3364 3499 3420 sed
3529 3363 3651 3418 fidei

2080 3459 2438 3513 necessarium
2482 3465 2583 3522 est,
2628 3458 2683 3512 in
2726 3459 2913 3512 eodem
2943 3458 3178 3512 Levitieo
3218 3456 3488 3522 scribitur,
3515 3471 3651 3524 quo-

2080 3549 2240 3603 modo
2266 3549 2529 3603 Sacerdos
2561 3563 2782 3617 magnus
2807 3549 2872 3601 ad
2905 3558 3133 3618 patrem,
3158 3557 3402 3611 matrem,
3434 3547 3655 3600 fratres-

2081 3656 2204 3712 que,
2233 3640 2316 3695 vel
2348 3641 2542 3695 liberos
2581 3650 2820 3706 mortuos
2864 3640 3215 3708 prohibeatur
3259 3636 3549 3700 accedere,
3588 3649 3657 3688 ne

2083 3735 2332 3788 videlicet
2379 3735 2555 3788 anima
2602 3735 2695 3787 Dei
2728 3733 3004 3787 sacriticiis
3031 3747 3251 3798 vacans,
3282 3740 3338 3784 et
3369 3740 3477 3784 tota
3507 3729 3558 3782 in
3589 3728 3658 3780 il-

2084 3826 2185 3881 lius
2211 3826 2477 3896 mysteriis
2510 3823 2600 3897 (al.
2632 3823 2939 3895 ministeriis]
2969 3833 3244 3892 occupata,
3273 3823 3448 3890 aliquo
3475 3821 3661 3889 impe-

2085 3920 2261 3974 diatur
2289 3918 2502 3973 affectu.
2548 3917 2737 3972 Nonne
2783 3917 2904 3970 aliis
2934 3917 3113 3971 verbis
3143 3915 3372 3985 idipsum
3401 3913 3454 3966 iu
3484 3912 3662 3965 Evan-

2086 4009 2227 4080 gelio
2259 4009 2584 4080 przecipitur,
2636 4017 2696 4062 ut
2737 4023 2843 4061 non
2876 4007 2954 4077 (ά)
2989 4007 3263 4062 renuntiet
3289 4003 3472 4060 domui
3498 4000 3662 4056 disci-

2089 4101 2276 4172 pulos?
2325 4109 2382 4154 nt
2426 4109 2635 4154 mortuo
2682 4099 2816 4167 patri
2866 4113 2974 4153 non
3017 4099 3269 4154 exhibeat
3299 4090 3666 4164 sepulturam?

2095 4214 2114 4247 ‹
2147 4195 2212 4249 Et
2240 4193 2307 4248 de
2348 4194 2566 4257 sanctis,
2601 4192 2789 4262 inquit.
2832 4205 2938 4245 non
2969 4194 3132 4263 exi_et,
3161 4198 3216 4246 et
3258 4205 3361 4244 non
3405 4181 3665 4242 cantami~

2091 4280 2305 4344 nabitur
2350 4288 2702 4342 sanctificatio
2746 4284 2836 4338 Dei
2880 4283 3018 4352 ejus,
3053 4285 3174 4355 quia
3207 4287 3463 4336 sanctum'
3492 4277 3665 4333 oleum

2091 4379 2354 4434 unctionis
2395 4393 2424 4432 a
2472 4378 2582 4433 Deo
2625 4391 2788 4446 super
2813 4390 2934 4429 eum
2979 4383 3100 4428 est;
3135 4371 3321 4440 (Levii.
3349 4372 3463 4444 21).
3506 4371 3667 4426 Certe

2092 4482 2374 4542 postquam
2421 4468 2689 4525 credimus
2733 4468 2785 4521 in
2825 4465 3119 4530 Christum,
3161 4473 3216 4518 et
3248 4465 3368 4519 oleo
3394 4464 3667 4518 unctionis

2093 4564 2209 4632 ejus
2240 4571 2479 4630 accepto,
2510 4559 2658 4614 illum
2687 4567 2960 4627 portamus
2987 4561 3038 4610 in
3072 4557 3245 4621 nobis,
3275 4571 3380 4609 non
3405 4555 3668 4611 debemus

2093 4655 2240 4709 exire
2282 4653 2349 4708 de
2391 4652 2612 4719 templo,
2659 4650 2710 4704 id
2746 4658 2846 4712 est,
2899 4649 2976 4725 de,
3008 4648 3284 4717 preposito
3313 4647 3665 4703 Christiano:

2095 4761 2199 4800 nou
2246 4744 2389 4798 foras
2432 4741 2635 4812 egredi,
2688 4739 3043 4794 incredulitati
3091 4740 3338 4794 videlicet
3376 4737 3666 4794 Gentilium

2100 4837 2254 4908 183
2325 4833 2660 4889 commisceri
2687 4849 2701 4895 ;
2733 4831 2827 4886 sed
2856 4847 2977 4888 esse
3003 4848 3218 4904 semper
3243 4833 3582 4899 intrinsecus,
3615 4833 3666 4887 id

2095 4939 2176 4982 est
2205 4926 2456 4981 voluntati
2490 4924 2699 4978 Domini
2729 4923 3051 4978 ministrare.

2166 5020 2219 5074 4.
2273 5019 2394 5072 llaec
2434 5017 2634 5072 ideirco
2663 5016 2909 5092 dicimus,
2946 5032 3014 5072 ne
3039 5018 3335 5087 ignorantia
3363 5017 3669 5088 Scriptura-

2097 5126 2215 5166 rum
2246 5109 2623 5165 auctoritatem
2656 5108 2747 5162 tibi
2773 5107 3032 5177 prteberet
3055 5109 3106 5162 in
3131 5110 3297 5173 luctu,
3329 5119 3386 5165 et
3409 5109 3671 5164 videreris

2097 5201 2483 5259 rationabiliter
2527 5213 2729 5254 errare.
2783 5198 2851 5252 Et
2892 5197 3068 5253 adhuc
3114 5200 3193 5254 sic
3253 5199 3464 5254 locutus
3526 5215 3664 5265 sum,

2098 5293 2249 5364 quasi
2277 5307 2434 5346 unam
2461 5291 2529 5346 de
2560 5289 2729 5345 turbis
2754 5292 3093 5345 convenerint
3121 5289 3494 5345 Christianam.
3519 5288 3668 5341 Nune

2101 5400 2226 5439 vero
2269 5399 2390 5438 cum
2436 5383 2600 5438 sciam
2647 5383 2742 5436 toti
2774 5390 2826 5436 te
2856 5382 3191 5436 renuntiasse
3221 5379 3453 5444 mundo;
3486 5387 3538 5431 et
3566 5367 3682 5430 ab?

2120 5601 2122 5604 μ
2168 5563 2236 5632 (d)
2276 5561 2786 5632 Martianaeusab‘sque
2809 5556 3288 5632 negapdiparﬁgla,
3311 5553 3664 5632 affertur-ilict,

2099 5617 2264 5677 contra
2291 5639 2433 5688 quam
2467 5617 3075 5688 sentit.Matthatus_9._6l.
3102 5625 3154 5666 et
3174 5618 3393 5688 Hier.__in_
3423 5617 3664 5688 superiori

2101 5689 2254 5748 Epist.
2280 5677 2328 5737 ul.
2432 5704 2455 5731 ct
2473 5685 2660 5748 volens,
2683 5683 2855 5748 inquit,
2877 5681 3139 5748 discipulus
3159 5680 3339 5748 reverti
3364 5677 3555 5725 domum
3576 5711 3590 5735 ,
3613 5682 3667 5726 ct

2107 5740 2206 5801 suis
2231 5757 2343 5801 ante
2369 5746 2672 5804 renuntiare,
2699 5740 2916 5803 magistri
2941 5740 3056 5791 voee
3083 5740 3381 5802 pmhibetur.
3404 5756 3425 5783 ιι
