4136 6332
492 331 594 390 HI

489 449 652 518 jeetis
697 444 1016 514 calcatisque
1053 440 1258 500 deliciis
1299 440 1501 508 saeculi,
1539 444 1786 508 orationi,
1813 444 2054 516 jejuniis,

1776 328 2014 386 suum
2057 325 2428 384 lilEltDNYttl
3165 408 3169 412 _
3628 349 3730 409 ιη

2175 455 2334 496 unam
2377 445 2546 498 cernit
2573 445 2640 500 de
2669 447 2773 504 tuis
2796 448 2978 506 liberis
3007 451 3443 525 triumphantem,
3470 460 3726 520 obtritum

495 537 712 594 lectioni
761 551 947 592 vacare
985 535 1254 605 quotidie;
1298 550 1419 591 cum
1459 535 1525 591 ad
1553 535 1854 606 exemplum
1881 536 2058 592 Abra-
2167 526 2263 600 [ιιι.
2291 531 2543 607 obrutam]
2567 549 2628 589 se
2649 551 2770 591 esse
2796 540 3108 610 condolens,
3131 546 3319 612 quaerit
3346 546 3400 602 in
3423 563 3729 612 remanente

493 628 614 682 ham
641 627 826 695 cupias
853 625 1000 680 exire
1027 626 1096 679 de
1121 634 1262 681 terra
1291 635 1400 694 tua,
1428 636 1483 681 et
1509 626 1577 682 de
1599 627 1918 697 cognatione
1943 638 2054 692 tua,

2166 619 2460 687 victoriam,
2505 639 2662 694 quam
2692 628 2744 681 in
2773 641 3044 698 praeunte
3081 633 3190 702 jam
3218 637 3464 706 perdidit.
3497 639 3730 702 (ἶιιλιιυιε

491 730 548 772 ιιι
577 728 630 773 et
655 717 920 774 Chaldzis
948 725 1004 774 et
1031 718 1408 788 Mesopotamia
1431 717 1721 784 derelictis,
1751 726 1946 772 terram
1972 733 2031 772 re

2165 711 2218 764 in
2245 726 2372 767 suos
2413 717 2600 783 pietas,
2630 719 2872 789 impietas
2904 724 2955 778 in
2987 726 3150 780 lleum
3181 737 3282 783 est.
3313 730 3578 788 Abraham
3606 739 3727 792 uni-

492 808 862 878 promissionis
908 811 1171 873 introeas;
1221 825 1343 865 cum
1385 823 1598 864 omnem
1624 809 2053 874 substantiolam,

488 910 577 954 aut
623 900 944 969 pauperibus
969 901 1213 971 dilargita
1255 902 1350 966 sis,
1382 914 1473 954 aut
1498 901 1580 970 (ιι)
1609 900 1732 954 ﬁliis
1757 910 1883 955 ante
1907 916 2056 955 mor-

489 1000 595 1044 tem
625 991 826 1046 mundo
853 1001 1058 1046 mortua
1084 991 1316 1054 dederis,
1348 992 1512 1046 miror
1542 1000 1598 1044 te
1623 1006 1687 1046 ea
1711 990 1907 1057 facere,
1935 1007 2055 1061 qua:

485 1081 532 1136 si
559 1080 795 1136 facerent
820 1090 1045 1146 caeteras,
1075 1082 1492 1151 reprehensione
1517 1081 1692 1150 dignae
1719 1081 2049 1136 viderentur.

487 1169 644 1226 Redit
671 1171 764 1226 tibi
795 1172 847 1226 in
878 1172 1187 1227 memoriam
1215 1171 1572 1228 confabulatio
1591 1173 1730 1243 ejus.
1759 1173 2050 1239 blanditim,

485 1275 684 1324 sermo,
732 1263 1090 1326 consortium;
1138 1272 1193 1316 et
1238 1265 1378 1333 quod
1427 1263 1510 1317 his
1551 1278 1758 1328 careas,
1805 1265 1912 1332 pati
1944 1279 2049 1317 non

488 1360 656 1420 potes.
685 1351 1011 1422 lgnoscimus
1035 1355 1219 1408 matris
1245 1355 1514 1426 lacrymis,
1541 1355 1634 1409 sed
1663 1357 1876 1408 modum
1903 1369 2049 1423 qua:-

475 1443 654 1498 .rimus
685 1445 737 1498 ιιι
765 1444 969 1500 dolore.
1002 1446 1059 1500 Si
1090 1457 1362 1515 parentem
1391 1448 1588 1516 cogito.
1622 1463 1726 1500 non
1760 1448 2048 1514 repreheno

483 1537 554 1592 do
579 1538 720 1608 quod
750 1540 987 1610 plangis;
1019 1540 1065 1594 si
1095 1540 1448 1594 Christianam
1479 1549 1535 1594 et
1563 1539 1898 1605 Muttacltant,
1932 1539 2048 1594 istis

484 1631 785 1686 nominibus
827 1643 999 1686 mater
1038 1631 1360 1686 excluditur.
1410 1632 1618 1686 Recens
1646 1632 1836 1686 vulnus
1859 1641 1961 1698 est,
1993 1641 2046 1686 et

485 1731 656 1778 tactus
701 1723 802 1778 iste
843 1738 950 1793 quo
979 1723 1243 1787 blandior,
1272 1738 1377 1776 non
1407 1732 1512 1776 tam
1561 1730 1732 1785 curat,
1763 1738 1922 1792 quam
1953 1738 2047 1776 es-

479 1823 715 1884 asperat.
738 1817 985 1870 Attamen
1010 1816 1151 1886 quod
1180 1824 1419 1884 tempore
1446 1815 1792 1885 mitigandum
1817 1825 1918 1876 est,
1949 1829 2047 1869 cur

477 1905 684 1962 ratione
726 1921 830 1961 non
876 1907 1140 1962 vincitur?
1166 1907 1296 1962 Nam
1323 1919 1377 1962 et
1400 1906 1584 1962 Noemi
1616 1908 1810 1962 famem
1837 1907 2046 1977 fugiens

477 1997 529 2052 in
558 2006 696 2053 terra
725 1998 898 2061 Moab.
929 2009 985 2055 et
1008 2001 1256 2055 maritum
1287 2000 1513 2068 perdidit
1553 2007 1609 2054 et
1651 1999 1810 2055 ﬁlios.
1833 1999 1902 2078 Et
1919 2014 2041 2053 cum

473 2103 690 2146 suorum
733 2091 934 2145 auxilio
975 2100 1118 2146 esset
1159 2091 1433 2155 destitum,
1483 2090 1622 2145 liuth
1652 2091 1950 2161 alienigena
1972 2090 2042 2145 ab

473 2179 591 2248 ejus
617 2179 782 2237 latere
810 2197 916 2238 non
947 2182 1150 2238 recedit
1177 2182 1359 2254 (Ruth.
1389 2184 1465 2254 t).
1493 2182 1628 2239 Vide
1655 2184 1838 2254 quanti
1863 2184 2040 2238 meriti

471 2270 542 2324 sit
587 2270 816 2328 deserta:
865 2273 1178 2344 pmstitisse
1226 2276 1497 2331 solatium.
1547 2277 1622 2332 Ex
1668 2277 1786 2346 ejus
1834 2275 2041 2332 semine

471 2358 719 2418 Christus
763 2365 956 2420 oritur.
993 2366 1223 2436 Respice
1263 2367 1385 2432 Job,
1431 2377 1624 2438 quanta
1669 2370 1953 2435 sustinuit,
1984 2379 2035 2424 et

467 2453 671 2509 videbis
711 2465 761 2510 te
790 2459 1010 2512 nimium
1037 2460 1338 2524 delicatam,
1371 2463 1520 2517 illum
1545 2463 1740 2518 erectis
1766 2464 1817 2517 in
1844 2463 2036 2518 ctelum

467 2545 656 2612 oculis,
699 2548 839 2604 inter
867 2553 1048 2606 ruinas
1075 2552 1286 2616 domus,
1326 2569 1512 2624 poenas
1550 2555 1765 2620 ulceris,
1794 2555 2037 2608 innume-

468 2650 557 2691 ras
581 2637 860 2703 orbitates,
888 2649 944 2695 et
967 2642 1032 2696 ad
1060 2651 1358 2698 extremum
1409 2645 1590 2700 uxoris
1637 2645 1872 2707 insidias,
1901 2644 2035 2696 invi-

467 2737 610 2782 ctam
641 2730 878 2785 teuuisse
901 2731 1226 2801 patientiam.
1257 2735 1380 2790 Scio
1405 2736 1532 2805 quid
1557 2749 1884 2804 responsura
1911 2737 1984 2789 sis
2016 2752 2030 2789 :

465 2817 580 2875 ﬂoc
620 2820 693 2875 illi
723 2823 872 2892 quasi
908 2824 1055 2893 justo
1103 2825 1168 2879 ad
1198 2826 1564 2894 probationem
1593 2829 1858 2882 evenisse.
1887 2827 1953 2882 Et
1978 2838 2031 2881 tu

463 2925 495 2966 e
516 2909 721 2966 duobus
749 2913 906 2982 elige,
936 2915 1078 2984 quod
1105 2916 1241 2971 velis
1267 2933 1283 2969 :
1308 2927 1394 2972 aut
1424 2929 1604 2972 sancta
1633 2933 1694 2974 es
1713 2957 1730 2982 ,
1757 2927 1814 2973 et
1841 2919 2033 2987 proba-

463 3000 576 3056 ris:
605 3011 691 3058 aut
725 3005 1010 3072 peccatrix.
1039 3013 1094 3062 et
1123 3002 1318 3076 injuste
1345 3009 1608 3078 quereris,
1640 3009 1845 3064 minora
1873 3012 2030 3064 susti-

462 3107 618 3159 nens,
646 3109 804 3164 quam
834 3098 1079 3152 mereris.
1110 3097 1246 3165 Quid
1275 3108 1453 3154 vetera
1482 3100 1777 3170 replicem?
1807 3115 2030 3169 praesen-

463 3181 532 3235 tia
546 3184 786 3253 exempla
802 3195 1028 3242 sectare.
1049 3186 1122 3254 (ὁ)
1142 3187 1334 3243 Sancta
1352 3189 1573 3244 Melania
1592 3190 1758 3246 nostri
1776 3191 2028 3258 temporis

462 3271 600 3327 inter
625 3273 957 3330 Christianos
983 3292 1105 3332 vera
1135 3279 1386 3334 nobilitas
1416 3282 1434 3351 (
1452 3296 1571 3334 cum
1601 3296 1703 3351 qua
1736 3281 1829 3335 tibi
1851 3282 2029 3335 Domi-

459 3377 578 3427 nus,
627 3364 862 3434 mihique
903 3367 1161 3423 concedat
1204 3369 1256 3422 in
1303 3370 1391 3425 die
1418 3387 1511 3425 sua
1545 3372 1740 3428 habere
1786 3374 2024 3443 partem)

457 3455 665 3511 calente
679 3455 854 3511 adhuc
874 3459 1049 3514 mariti
1130 3460 1286 3532 184
1357 3464 1697 3530 corpusculo.
1723 3473 1775 3517 et
1799 3463 2022 3518 necdum

459 3545 696 3610 hamato,
716 3546 852 3602 duos
871 3549 1026 3604 simul
1056 3552 1285 3620 perdidit
1311 3553 1467 3607 ﬁlios.
1489 3555 1619 3608 Rem
1639 3569 1755 3609 sum
1783 3555 2024 3610 dicturus

456 3637 841 3707 incredibilem,
859 3643 951 3698 sed
975 3652 1110 3700 teste
1126 3643 1356 3712 Christo,
1375 3664 1480 3702 non
1500 3648 1703 3704 falsam.
1721 3649 1851 3716 Quis
1879 3649 2020 3704 illam

456 3737 580 3784 tunc
607 3744 710 3785 non
739 3741 950 3800 putaret
973 3749 1124 3790 more
1151 3735 1497 3807 lymphatico,
1526 3739 1728 3807 sparsis
1752 3739 2020 3804 crinibus,

453 3826 602 3873 veste
624 3823 916 3887 conscissa,
949 3823 1182 3880 lacerum
1214 3836 1401 3896 pectus
1431 3829 1719 3883 invadere?
1749 3829 2020 3900 Lacrymaa

449 3917 596 3975 gutta
624 3927 729 3967 non
760 3913 944 3980 ﬂuxit;
975 3917 1126 3972 stetit
1150 3919 1460 3987 immobilis,
1489 3930 1544 3976 et
1569 3921 1635 3976 ad
1669 3923 1830 3992 pedes
1856 3925 2021 3978 advo-

452 3997 562 4054 luta
590 3999 808 4066 Cltristi,
838 4007 986 4075 quasi
1011 4007 1182 4077 ipsum
1207 4018 1434 4076 teneret,
1457 4012 1656 4066 arrisit.
1683 4013 2016 4082 Expeditius,

449 4091 640 4162 inquit,
672 4095 765 4150 tibi
807 4099 1066 4153 servitura
1113 4118 1254 4164 sum.
1293 4104 1534 4172 Domine,
1574 4107 1697 4176 quia
1745 4117 1892 4162 tanto
1931 4123 2018 4163 me

449 4199 614 4240 onere
657 4185 914 4242 liberasti.
965 4191 1075 4266 Sed.
1113 4192 1334 4249 forsitan
1379 4207 1660 4266 superatur
1703 4199 1754 4252 in
1785 4201 2011 4254 czeteris.

450 4276 700 4344 Quinimo
723 4293 823 4348 qua
852 4279 970 4334 illos
1001 4293 1180 4338 mente
1207 4289 1611 4354 contempserit,
1631 4288 1683 4342 itt
1703 4292 1859 4344 unico
1878 4303 2018 4362 post-

449 4383 512 4422 ea
555 4366 664 4423 lilio
710 4368 920 4439 probat,
948 4371 1034 4426 cui
1063 4374 1206 4428 omni
1235 4390 1392 4443 quam
1424 4377 1654 4432 habebat
1680 4383 2017 4448 possessione

450 4475 727 4525 concessa,
759 4461 1040 4534 ingruente
1073 4465 1184 4534 jam
1225 4465 1420 4532 hieme,
1447 4467 1834 4540 Jerosoiymam
1863 4473 2015 4528 navi-

449 4552 611 4621 gavit.

519 4643 574 4697 5.
626 4645 791 4700 Parce
831 4661 1012 4716 quaso
1039 4647 1151 4713 tibi,
1182 4665 1340 4720 parce
1370 4650 1492 4706 filia:
1519 4667 1638 4708 cum
1669 4653 1883 4710 Christo
1901 4655 2014 4726 jam

450 4734 709 4802 regnanti,
760 4751 916 4804 parce
959 4740 1149 4796 saltem
1186 4741 1482 4799 Eustochio
1520 4753 1644 4812 tua,
1674 4748 1828 4818 cujus
1857 4765 2014 4818 parva

447 4827 622 4884 adlmc
647 4836 796 4894 aetas,
829 4840 884 4887 et
911 4834 1058 4888 rudis
1087 4850 1221 4904 pene
1260 4838 1501 4904 infantia,
1533 4851 1585 4895 te
1623 4843 1872 4913 magistra
1915 4844 2012 4918 [al.

452 4919 798 4993 magistrante]
841 4923 1105 4994 dirigitur.
1157 4926 1319 4982 Saevit
1348 4945 1488 4985 nunc
1515 4930 1782 5002 diabolus,
1810 4945 1866 4991 et
1891 4938 2012 5007 quia

471 5055 842 5178 Fuscilassdt'tltgi
866 5073 1032 5138 legant
1050 5075 1188 5140 ﬁlim,
1234 5089 1288 5130 et
1323 5087 1542 5143 mortuae,
1578 5085 1752 5136 vitiose
1775 5095 1936 5139 tamen
1962 5099 2016 5142 ut

449 5131 609 5180 nullus
629 5131 833 5182 dubitat.

509 5191 578 5252 (lt)
613 5190 796 5260 Recole
819 5195 1174 5260 adnotationem
1196 5209 1406 5250 nostram
1427 5216 1474 5252 a.
1497 5204 1546 5252 in
1567 5204 1718 5260 Epist.
1741 5208 1772 5256 3
1819 5208 1878 5258 ad
1902 5209 2016 5260 Ruf-

448 5249 614 5322 [ξίιιιιιιε
637 5258 785 5322 sane
824 5255 1063 5322 isthgecin
1085 5260 1252 5322 primis
1275 5249 1343 5310 ex,
1360 5249 1545 5312 Hieron
1553 5249 2012 5322 .quiéhioo'id'iﬁ.

445 5310 616 5393 Christi
773 5331 804 5386 ,ι
836 5316 1040 5393 Melania
1063 5310 2008 5393 ,ιξοδὶιὶξξίιιειιιυΙὶῥιιιιῖῇῆὀ-ιῖᾆηξιῖιῖξ

447 5381 498 5420 et
523 5373 788 5445 ttarcellini
808 5379 1288 5445 quondamtionsnlis
1302 5382 1571 5445 ﬁlia,unieo
1592 5373 2012 5445 Ρτὲῶὲῑῑξιὲἶὲί

445 5435 701 5509 scribimus
723 5451 808 5509 pro
825 5435 1061 5509 ᾉνωιριζε)
1078 5448 1190 5491 tunc
1215 5435 1412 5509 Urbano
1427 5443 1524 5494 ﬁlio
1542 5435 1794 5509 derelicto,
1817 5435 2013 5505 Ride;-

447 5493 881 5574 lvtn‘am'navigavit
898 5501 1018 5574 ,_ubi
1043 5493 1174 5574 inrito
1199 5505 1455 5574 _virtutum,
1483 5493 1841 5574 praesidali;
1854 5493 2012 5565 Ῑὶὶιῖἧῖζ

445 5553 594 5630 litatis
625 5557 715 5610 fuit
729 5553 965 5630 iiii-actito
982 5601 1000 5630 ,_
1021 5565 1258 5630 ut.__Tecla;
1281 5553 1460 5630 ηοωεή
1483 5553 1822 5630 δᾴὶ-Ιλδὶἦττ
1833 5553 2013 5627 “an;

479 5622 808 5700 ειωξιξὲθςίειξ
820 5623 1100 5700 είςιέέωιίί
1127 5622 1771 5700 ιιοπιίιιεέηίειιθργεςὴίηιιεξ
1788 5637 1835 5685 in
1856 5622 2010 5700 Ειῑίξιῖ

688 5684 1124 5762 estjddliuﬁinum,
1150 5695 1252 5738 tum
1277 5686 1387 5738 infr.
1423 5690 1472 5738 in
1506 5677 2010 5762 Ειιίειί-Ᾰῖέίῖἷλῖἳί

445 5743 579 5799 pium
601 5749 653 5793 et
675 5743 994 5808 Augustinum

2162 815 2283 856 cum
2328 803 2492 859 ﬁlium
2542 807 2697 864 laetus
2727 810 2996 880 interﬁcit,
3028 825 3081 870 et
3111 825 3166 870 tn
3195 833 3353 874 unam
3384 821 3452 876 de
3492 825 3728 894 pluribus

2161 897 2405 962 quereris
2423 904 2770 957 coronatam?
2789 903 2904 959 Non
2923 921 3140 975 possum
3163 911 3280 965 sine
3303 913 3504 981 gemitu
3525 917 3722 989 eloqui,

2159 987 2301 1056 quod
2347 988 2586 1046 dicturus
2637 1008 2779 1048 sum.
2826 996 2956 1050 Cum
2986 997 3055 1052 de
3083 1001 3253 1054 media
3282 1017 3474 1074 pompa
3501 987 3722 1075 funeris,

2162 1087 2214 1133 te
2239 1081 2536 1138 exanimem
2564 1083 2846 1153 referrent,
2881 1087 2982 1143 hoc
3011 1090 3152 1146 inter
3182 1107 3243 1147 se
3272 1097 3500 1164 populus
3535 1102 3723 1156 mnesi-

2161 1170 2306 1225 tabat
2331 1189 2344 1224 :
2378 1171 2564 1229 Nonne
2593 1174 2723 1230 illud
2751 1185 2835 1231 est
2856 1179 2998 1247 quod
3024 1183 3218 1251 sacpius
3243 1184 3593 1244 dicebamus?
3623 1191 3724 1246 Do-

2159 1258 2229 1312 let
2274 1259 2434 1315 ﬁliam
2472 1261 2691 1332 jejuniis
2721 1265 3074 1334 interfectam,
3107 1273 3247 1338 quod
3280 1289 3384 1329 non
3423 1277 3506 1330 vel
3546 1278 3614 1334 de
3641 1294 3726 1336 se-

2155 1355 2331 1408 cundo
2373 1356 2490 1424 ejus
2535 1359 2876 1415 matrimonio
2905 1363 3134 1418 tenuerit
3167 1379 3406 1435 nepotes.
3438 1369 3723 1443 Quousque

2155 1459 2322 1513 genus
2364 1445 2683 1502 detestabile
2728 1449 3110 1507 Monachorum
3158 1471 3261 1510 non
3309 1459 3440 1514 urbe
3471 1462 3725 1529 pellitur?

2155 1551 2259 1589 nan
2305 1539 2565 1606 lapidibus
2591 1543 2873 1598 obruitur?
2904 1560 3009 1598 non
3046 1549 3401 1617 praecipitatur
3425 1553 3475 1606 in
3502 1548 3723 1611 ﬂuctus?

2153 1625 2444 1684 Matronam
2501 1632 2858 1690 miserabilem
2897 1636 3246 1704 seduxerunt,
3300 1656 3422 1710 qua:
3461 1659 3582 1698 cum
3624 1644 3714 1720 [aL

2149 1718 2292 1791 quia]
2333 1720 2586 1776 Monacha
2631 1739 2754 1780 esse
2795 1727 3048 1794 noluerit,
3093 1727 3218 1784 hinc
3259 1732 3534 1800 probatur,
3578 1718 3717 1806 quod

2151 1808 2293 1863 nulla
2318 1808 2604 1867 Gentilium
2631 1814 2700 1868 ita
2724 1829 2852 1870 suos
2875 1832 3105 1887 unquam
3133 1817 3336 1875 ﬂeverit
3369 1821 3527 1876 lilios.
3581 1824 3719 1892 Qua-

2150 1901 2252 1956 lem
2276 1912 2428 1972 putas
2447 1903 2513 1958 ad
2532 1904 2662 1960 istas
2679 1921 2835 1961 voces
2854 1907 3124 1963 Christum
3148 1909 3396 1966 habuisse
3415 1915 3677 1970 tristitiam
3696 1916 3719 1968 ?

2147 1989 2424 2057 Quomodo
2449 1995 2716 2051 exultasse
2744 1996 3018 2066 Satanam,
3047 2000 3136 2070 qui
3160 2016 3301 2056 nunc
3319 2012 3462 2057 tuam
3484 2007 3715 2060 animam

2147 2083 2354 2148 eripere
2392 2082 2670 2150 festinans,
2703 2096 2759 2142 et
2788 2089 2856 2158 pii
2890 2089 2984 2144 tibi
3029 2106 3336 2160 proponens
3366 2093 3567 2151 doloris
3598 2097 3715 2152 ille-

2145 2173 2380 2240 cebram,
2412 2175 2538 2230 dum
2568 2187 2692 2233 ante
2731 2180 2918 2235 oculos
2963 2191 3084 2236 tuos
3119 2184 3242 2239 tilias
3289 2200 3503 2256 semper
3543 2189 3715 2259 imago

2147 2275 2408 2334 versatur,
2435 2269 2581 2352 cupit
2609 2278 2834 2326 matrem
2863 2275 3018 2328 simul
3053 2290 3248 2330 necare
3275 2277 3526 2346 victricis,
3555 2290 3607 2336 et
3629 2295 3715 2336 so-

2143 2357 2417 2414 litudinem
2467 2363 2670 2418 sororis
2723 2364 2976 2420 invadere
3006 2367 3229 2423 relictae.
3259 2369 3374 2424 Non
3404 2381 3460 2426 ut
3489 2381 3710 2429 terream

2143 2449 2347 2520 loquor,
2395 2451 2492 2508 sed
2539 2463 2596 2508 ut
2641 2454 2770 2509 mihi
2818 2457 2968 2512 testis
2993 2466 3076 2512 est
3104 2459 3380 2527 Dominus,
3412 2463 3563 2532 quasi
3587 2475 3710 2522 ante

2143 2542 2375 2598 tribunal
2414 2545 2532 2614 ejus
2568 2547 2849 2613 assistens,
2895 2549 2950 2604 in
2987 2551 3107 2606 haec
3157 2561 3208 2607 te
3236 2555 3394 2608 verba
3433 2558 3706 2613 convenio.

2140 2632 2480 2692 Detestanda:
2505 2647 2629 2693 sunt
2659 2640 2775 2695 istm
2801 2641 3068 2713 lacrymae,
3101 2645 3270 2715 plena:
3295 2648 3597 2720 sacrilegio,
3631 2651 3709 2706 in-

2137 2725 2448 2781 credulitate
2478 2730 2816 2796 plenissimae,
2878 2735 3032 2806 185
3105 2752 3225 2806 qua:
3245 2753 3348 2794 non
3375 2738 3572 2796 habent
3590 2758 3708 2798 mo-

2136 2811 2284 2879 dum,
2307 2830 2424 2884 quae
2445 2833 2612 2887 usque
2635 2820 2702 2874 ad
2731 2823 2975 2877 viciniam
3002 2827 3189 2881 mortis
3216 2828 3492 2884 accedunt.
3522 2830 3707 2887 Ululas

2137 2913 2188 2957 et
2221 2905 2567 2975 exclamitas,
2597 2917 2653 2964 et
2681 2915 2831 2980 quasi
2858 2913 3177 2983 quibusdam
3207 2916 3407 2974 facibus
3433 2934 3654 2978 accensa
3685 2965 3700 2988 ,

2133 3005 2388 3064 quantum
2416 2997 2468 3051 in
2487 3007 2538 3054 te
2562 3009 2664 3065 est,
2686 3004 2758 3056 tui
2781 3018 2994 3074 semper
3015 3006 3278 3064 homicida
3299 3026 3376 3066 es.
3399 3010 3472 3084 (ε)
3503 3013 3607 3068 Sed
3637 3016 3701 3068 ad

2135 3087 2290 3140 talem
2315 3088 2552 3144 clemens
2575 3091 2871 3161 ingreditur
2895 3095 3070 3161 Jesus,
3093 3107 3147 3154 et
3174 3099 3343 3156 dicit:
3380 3119 3400 3153 ι
3427 3102 3560 3171 Quid
3594 3104 3706 3173 plo-

2132 3175 2382 3231 ras?Non
2404 3188 2485 3234 est
2506 3191 2709 3236 mortua
2734 3185 2928 3253 puella,
2943 3186 3035 3240 sed
3061 3187 3258 3244 dormit
3280 3209 3299 3242 ι
3319 3190 3504 3261 (Marc.
3523 3194 3574 3249 5.
3593 3195 3660 3250 59
3683 3213 3698 3260 ;

2131 3279 2177 3321 ct
2206 3267 2332 3325 Luc.
2366 3271 2417 3326 8.
2449 3272 2560 3344 52).
2597 3274 2854 3330 Irrideant
2888 3279 3293 3336 circumstantes
3323 3300 3336 3336 :
3367 3284 3465 3338 ista
3515 3286 3697 3342 infide-

2131 3359 2250 3415 litas
2276 3361 2580 3419 Judasorum
2607 3375 2708 3422 est.
2740 3367 2817 3423 'l‘e
2841 3385 3074 3440 quoque,
3102 3373 3144 3427 si
3169 3375 3234 3428 ad
3259 3377 3560 3446 sepulcrum
3577 3379 3698 3434 lilia:

2128 3451 2370 3513 volueris
2391 3455 2640 3521 volutari,
2668 3457 2902 3528 Angelus
2930 3461 3224 3530 increpabit
3248 3481 3261 3517 :
3296 3483 3316 3517 ι
3344 3466 3480 3533 Quid
3504 3471 3698 3544 (pueris

2127 3540 2392 3598 viventem
2407 3558 2526 3598 eum
2547 3548 2770 3602 mortuis
2785 3550 2840 3603 ti
2861 3549 3009 3618 (Luc.
3025 3552 3116 3607 24.
3135 3554 3213 3624 5.)
3227 3554 3374 3622 Quod
3395 3558 3514 3626 quia
3535 3541 3695 3616 Maria

2127 3629 2322 3684 fecerat
2365 3631 2693 3703 Magdalene,
2742 3647 3021 3708 postquam
3052 3657 3232 3697 vocem
3261 3643 3466 3699 Domini
3495 3662 3554 3702 se
3580 3650 3692 3704 cla-

2125 3720 2321 3775 mantis
2343 3726 2576 3791 agnovit,
2606 3725 2672 3779 ad
2697 3725 2814 3795 ejus
2841 3729 3117 3797 provoluta
3149 3732 3328 3801 pedes,
3353 3734 3499 3789 audit
3526 3753 3540 3790 :
3573 3755 3593 3790 ι
3616 3737 3693 3794 Ne

2125 3809 2360 3879 tetigeris
2389 3827 2496 3878 tne,
2529 3813 2752 3869 necdum
2779 3818 2921 3872 enim
2946 3820 3157 3876 escendi
3174 3821 3239 3876 ad
3257 3821 3463 3880 Patrem
3484 3841 3688 3881 mentm

2125 3897 2307 3967 (Joan.
2335 3901 2424 3956 20.
2452 3903 2570 3969 27),
2622 3905 2674 3960 id
2717 3915 2820 3972 est,
2869 3924 2974 3962 non
3003 3912 3230 3966 mereris
3257 3921 3472 3983 tangere
3511 3931 3694 3972 resur-

2122 4001 2336 4061 gentem
2367 4011 2526 4065 quem
2557 4007 2822 4053 mortuum
2853 4001 3130 4057 existimas
3157 4003 3208 4058 in
3239 4007 3508 4076 sepulcro.

2194 4085 2248 4139 6.
2275 4085 2418 4152 Quas
2468 4103 2610 4144 nunc
2660 4091 2934 4148 existimas
2976 4093 3264 4151 Blzcsillam
3308 4107 3543 4154 nostram
3587 4100 3693 4170 pati

2122 4189 2332 4242 cruces,
2389 4193 2509 4245 quas
2574 4179 2712 4235 ferre
2760 4191 3048 4249 tormenta,
3089 4185 3232 4256 quod
3281 4187 3375 4242 tibi
3425 4187 3692 4244 Christum

2121 4265 2298 4322 videat
2323 4267 2654 4326 subiratum?
2679 4270 2888 4328 Clamat
2916 4291 3058 4331 nunc
3084 4277 3169 4331 illa
3199 4278 3397 4348 lugenti
3435 4297 3448 4334 :
3479 4280 3535 4336 Si
3589 4295 3692 4334 un-

2122 4372 2279 4427 quam
2320 4374 2406 4439 me
2432 4362 2618 4416 amasti
2648 4403 2664 4428 ,
2694 4374 2865 4421 mater
2885 4408 2902 4432 ,
2929 4369 2974 4423 si
3005 4377 3093 4423 tua
3143 4370 3304 4426 ubera
3331 4373 3485 4439 snsi,
3514 4373 3556 4427 si
3589 4373 3691 4428 tuis

2122 4428 2364 4501 instituta
2383 4464 2501 4504 sum
2530 4453 2772 4518 monitis,
2801 4471 2868 4512 ne
2889 4428 3140 4514 invideas
3176 4460 3358 4531 gloria:
3389 4478 3554 4528 mea};
3594 4478 3692 4518 nec

2121 4533 2222 4590 hoc
2246 4550 2391 4606 agas,
2438 4548 2548 4594 uta
2573 4541 2726 4597 nobis
2753 4545 2804 4598 in
2833 4559 3144 4617 perpetuum
3174 4566 3503 4620 separemur.
3531 4553 3692 4608 Putas

2120 4640 2238 4680 esse
2275 4642 2360 4682 me
2406 4629 2608 4684 solam?
2633 4631 2811 4688 Habeo
2837 4652 2934 4705 pro
2976 4650 3026 4693 te
3056 4639 3274 4696 Mariam
3316 4642 3536 4699 Matrem
3588 4645 3691 4698 Do-

2119 4716 2268 4771 mini.
2297 4717 2482 4774 Multas
2502 4719 2588 4776 hic
2612 4722 2767 4779 video
2782 4741 2913 4795 quas
2927 4738 3053 4784 ante
3077 4731 3400 4788 nesciebam.
3426 4734 3470 4790 0
3493 4748 3692 4806 quanto

2120 4807 2307 4862 melior
2330 4820 2412 4864 est
2441 4811 2540 4867 iste
2576 4814 2877 4871 comitatus.
2910 4817 3088 4875 liabeo
3111 4822 3320 4877 Annam
3342 4824 3608 4894 quondam
3639 4827 3688 4881 in

2121 4897 2410 4970 Evangelia
2426 4902 2848 4974 prophetautem,
2875 4916 2948 4972 et,
2977 4925 3083 4977 quo
3109 4913 3275 4982 magis
3300 4914 3552 4983 gaudeas,
3575 4925 3692 4972 tan-

2121 4999 2292 5045 torum
2321 5007 2576 5048 annorum
2611 4995 2844 5062 labores,
2872 5013 2971 5068 ego
2993 5000 3044 5054 in
3077 5001 3246 5057 tribus
3273 5005 3544 5062 mensibus
3562 5021 3694 5062 con-

2119 5090 2298 5135 secuta
2320 5097 2458 5136 sum.
2489 5083 2654 5139 Unam
2683 5085 2909 5155 palmam
2937 5091 3198 5147 castitatis
3238 5097 3562 5164 accepimus.
3588 5097 3690 5153 Mi-

2119 5172 2317 5226 sereris
2345 5173 2468 5240 tnei,
2507 5175 2627 5244 quia
2651 5173 2901 5229 mundum
2920 5179 3147 5248 reliqui?
3169 5184 3237 5236 At
3264 5200 3364 5254 ego
3385 5187 3545 5242 vestri
3570 5203 3693 5244 sor-

2121 5266 2228 5314 tem
2260 5259 2451 5328 doleo,
2479 5279 2618 5332 quos
2642 5264 2816 5319 adhuc
2842 5269 3022 5322 sicculi
3068 5286 3254 5327 carcer
3279 5275 3526 5344 includit;
3559 5295 3693 5349 quos

2119 5350 2353 5419 quotidie
2395 5351 2448 5406 in
2475 5354 2588 5408 acie
2628 5354 2948 5424 prmliautes,
2981 5376 3121 5414 nunc
3160 5363 3256 5426 ira;
3281 5381 3421 5421 nunc
3449 5370 3692 5436 avaritia,

2119 5441 2464 5504 nunelibido,
2495 5459 2633 5497 nunc
2676 5445 2940 5502 variorum
2972 5450 3233 5507 incentiva
3281 5456 3530 5513 vitiorum
3574 5477 3695 5531 pcr-

2120 5528 2334 5583 trabunt
2361 5530 2427 5583 ad
2454 5531 2679 5586 ruinam.
2701 5530 2757 5587 Si
2781 5534 2879 5600 vis,
2903 5545 2960 5591 ut
2989 5549 3156 5594 mater
3183 5557 3302 5597 mea
3331 5546 3428 5611 sis,
3455 5528 3585 5602 cura
3611 5551 3694 5620 (ά)

2180 5643 2251 5713 ξε)
2273 5641 2716 5713 gisterciensissed
2738 5645 2872 5713 nale
2895 5646 2978 5713 ille
2998 5649 3223 5713 clemens,
3242 5662 3340 5706 etc.

2119 5702 2258 5814 moi)
2278 5703 2453 5755 Plures
2474 5719 2536 5756 ex
2562 5705 2705 5756 editis
2723 5711 2776 5756 et
2797 5705 2910 5756 Mss.
2936 5709 3046 5760 libri
3069 5726 3157 5762 cur
3179 5702 3372 5779 suae
3391 5718 3581 5772 Christo
3601 5735 3693 5774 non
