4136 6332
418 385 518 442 473

417 498 626 570 placere
657 490 888 547 Christo.
911 483 1027 540 Non
1061 492 1291 551 agnosco
1319 483 1543 531 matrem
1564 516 1577 535 ,
1608 485 1728 527 meo
1757 469 1982 523 Domino

418 562 802 654 displicentem.
836 575 1092 645 Loquitur
1119 571 1204 625 illa
1230 579 1280 622 et
1311 566 1413 619 alia
1444 562 1630 654 multa,
1659 575 1780 654 qua:
1807 566 1979 622 taceo,

417 689 472 732 et
493 651 585 744 pro
614 683 666 728 te
691 669 972 727 Dominum
1000 670 1185 730 rogat;
1217 658 1454 726 mihique
1477 663 1536 710 ut
1563 653 1631 707 de
1659 651 1777 721 ejus
1805 658 1984 704 mente

418 781 634 826 securus
659 778 775 820 sum
802 760 895 832 (al.
918 754 1074 825 sim),
1095 753 1303 808 veniam
1330 749 1580 818 impetrat
1607 749 1940 814 peccatorum
1965 755 1980 792 :

419 860 555 934 quod
586 855 786 918 monui,
813 852 954 922 quod
983 849 1222 902 hortatus
1247 837 1557 934 sum,‘quod
1587 834 1836 892 invidiam
1858 845 1984 902 pro-

420 930 755 1024 pinquorum.
788 951 846 998 ut
870 940 1014 997 salva
1043 944 1207 1001 esset,
1233 930 1439 1001 excepi.

488 1013 544 1096 7:
573 1041 752 1109 Itaque
776 1035 904 1090 dum
942 1029 1158 1100 spiritus
1185 1026 1283 1081 hos
1307 1032 1455 1080 artus
1491 1020 1656 1091 regit,
1687 1017 1814 1072 dum

421 1135 576 1205 hujus
599 1105 826 1186 fruimur
845 1131 1176 1185 commeatu,
1205 1116 1446 1188 spondeo
1464 1155 1480 1178 .
1508 1111 1803 1205 promitto,
1829 1105 1984 1176 polli-

421 1197 562 1290 ceor,
575 1224 718 1277 illam
739 1233 858 1274 mea
873 1216 1050 1284 lingua
1070 1210 1360 1274 resonabit,
1375 1207 1450 1262 illi
1475 1202 1581 1259 mei
1599 1197 1984 1290 dedicabuntur

427 1288 584 1390 13¢
653 1312 898 1374 labores,
940 1308 1016 1364 illi
1047 1321 1222 1362 meum
1264 1300 1475 1358 sudabit
1524 1294 1811 1390 ingenium.
1831 1288 1987 1343 Nulla

422 1388 524 1466 erit
548 1407 757 1480 pagina,
793 1418 913 1474 quae
941 1415 1049 1457 non
1096 1397 1382 1454 Blaesillam
1426 1399 1602 1449 sonet.
1644 1388 1987 1480 Quocumque

425 1478 688 1559 sermonis
726 1497 895 1553 nostri
945 1498 1289 1550 monumenta
1336 1482 1708 1558 pervenerint,
1739 1478 1826 1532 illa
1865 1488 1988 1529 cum

424 1595 556 1651 meis
583 1588 857 1661 opusculis
907 1581 1347 1655 peregrinabitnr.
1381 1577 1530 1632 Hanc
1567 1573 1621 1626 in
1666 1583 1784 1626 mea
1811 1572 1988 1661 mente

423 1657 648 1742 deliram
669 1681 846 1752 legent
862 1676 1125 1745 Virgines,
1147 1670 1353 1734 Viduas,
1368 1663 1632 1729 Monacbi,
1661 1657 1985 1752 sacerdotes.

425 1774 608 1831 Brevis
633 1745 752 1826 vitae
790 1767 1048 1840 spatium,
1075 1773 1274 1818 aeterna
1321 1755 1578 1814 memoria
1602 1745 1987 1820 compensabit.

425 1867 553 1936 Qua:
581 1881 699 1920 cum
719 1862 930 1920 Christo
960 1858 1089 1914 vivit
1118 1857 1172 1911 in
1198 1852 1367 1918 caelis,
1399 1852 1452 1906 in
1482 1847 1755 1905 hominum
1783 1855 1994 1914 quoque

425 1975 519 2015 ore
553 1959 758 2013 victura
793 1961 896 2009 est.
922 1948 1190 2008 Transibit
1207 1954 1262 2002 et
1287 1956 1524 2015 praesens
1561 1947 1708 2001 tetas,
1756 1949 1991 2003 sequen-

427 2059 513 2106 tur
536 2046 726 2112 saecula
747 2052 869 2114 post
913 2041 1107 2104 futura,
1139 2051 1258 2108 qua:
1284 2036 1398 2089 sine
1435 2045 1636 2096 amore,
1664 2028 1779 2083 sine
1798 2023 1992 2082 invidia

423 2139 758 2210 judicabunt.
785 2135 927 2188 Inter
962 2130 1140 2186 Paula:
1174 2123 1554 2192 Eustochiique
1582 2133 1776 2210 nomen
1819 2114 1994 2210 media

427 2206 965 2302 ponetur.Nunquam
991 2224 1044 2276 in
1063 2219 1196 2274 meis
1221 2217 1477 2271 moritura
1501 2220 1584 2268 est
1608 2209 1778 2265 libris.
1802 2206 1998 2262 Audiet

429 2337 514 2378 me
541 2333 751 2391 semper
775 2317 1078 2386 loquentem
1125 2323 1247 2364 cum
1291 2320 1498 2368 sorore,
1523 2317 1644 2358 cum
1674 2307 1864 2355 matre.

913 2422 1242 2482 EPISTOLA
1278 2420 1372 2476 XL
1413 2418 1513 2490 (a).

801 2583 870 2622 an
898 2567 970 2637 (b)
998 2577 1334 2629 IARCELLLI,
1365 2577 1432 2616 ne
1455 2573 1639 2616 ONASO.

435 2679 660 2734 Onasunt
699 2677 1073 2732 obtrectatorem
1098 2675 1382 2746 quempiam
1423 2672 1572 2737 ridet,
1598 2669 1685 2740 qui
1710 2667 1844 2738 quod
1872 2664 1999 2720 His-

503 2787 744 2842 ronymus
783 2771 836 2824 in
872 2770 976 2824 suis
1006 2768 1146 2824 libris
1185 2767 1420 2820 adversus
1445 2764 1564 2818 vitia
1595 2761 1901 2831 scripserat,
1931 2754 2001 2810 ad

503 2878 650 2918 suam
671 2861 1020 2916 contumeliam
1049 2860 1296 2931 pertinere
1317 2855 1542 2926 putabat.

410 3027 412 3029 ,
506 2977 560 3030 1.
590 2973 800 3038 Medici,
827 2987 962 3042 quos
988 2981 1178 3026 vocant
1215 2966 1554 3038 Chirurgieos
1574 3005 1591 3030 ,
1630 2961 1875 3019 crudeles
1901 2975 2001 3032 pu—

435 3074 632 3129 tantur,
649 3073 705 3119 et
732 3063 908 3119 miseri
938 3072 1080 3118 sunt.
1101 3062 1182 3117 An
1202 3076 1306 3115 non
1332 3067 1414 3114 est
1429 3055 1664 3124 miseria,
1682 3055 1869 3111 alienis
1891 3069 1996 3108 non

435 3156 618 3212 dolere
669 3155 1018 3220 vulneribus,
1062 3161 1118 3208 et
1168 3161 1406 3208 mortuas
1456 3164 1646 3205 carnes
1693 3143 1998 3202 inclementi

436 3262 616 3302 secare
642 3245 827 3302 ferro?
873 3244 988 3301 Non
1021 3245 1239 3300 horrere
1289 3252 1563 3298 curantem
1587 3281 1603 3306 ,
1645 3240 1786 3311 quod
1817 3239 2002 3293 horret

441 3338 550 3405 ipse
576 3337 666 3408 qui
707 3336 937 3406 patitur,
965 3343 1020 3390 et
1061 3335 1330 3390 inimicum
1375 3331 1590 3403 putari?
1616 3331 1688 3386 lta
1716 3345 1774 3385 se
1817 3337 2001 3384 natura

440 3429 632 3493 habet,
663 3437 720 3483 ut
771 3441 950 3483 amara
1002 3427 1072 3482 sit
1118 3427 1351 3492 veritas,
1403 3423 1595 3478 blanda
1650 3421 1775 3477 vitia
1817 3419 2002 3476 existi-

443 3527 668 3574 mentur.
741 3516 905 3574 Isaias
966 3518 1017 3574 in
1071 3518 1370 3587 exemplum
1422 3513 1742 3585 captivitatis
1789 3511 1998 3576 futurae,

442 3609 609 3664 nudus
657 3625 763 3665 non
812 3609 1078 3666 erubescit
1120 3607 1367 3663 incedere
1413 3604 1563 3675 (Isai.
1589 3603 1704 3676 20).
1739 3601 1999 3658 Jeremias

441 3700 506 3756 de
543 3700 714 3756 media
766 3700 1066 3757 Jerusalem
1104 3699 1173 3754 ad
1211 3698 1537 3768 Euphratem
1565 3695 1781 3749 ﬂuvium
1827 3694 2003 3748 Meso-

444 3795 685 3861 potamiae
748 3793 976 3848 mittitur
1019 3792 1252 3862 (Jeretn.
1297 3791 1436 3860 I3):
1468 3799 1526 3846 ut
1570 3789 1711 3844 inter
1763 3789 2003 3843 inimicas

443 3893 642 3953 gentes,
673 3885 758 3941 ubi
792 3895 873 3940 est
893 3884 1161 3955 Assyrius,
1185 3893 1241 3939 et
1256 3892 1429 3938 castra
1458 3892 1583 3938 sunt
1611 3880 2002 3946 Chaldzeorum,

447 3985 605 4044 portat
629 3983 878 4049 περίζωμα
905 3975 973 4048 (c)
1001 3974 1467 4044 corrumpendum.
1501 3970 1742 4028 Ezechiel
1766 3979 2003 4025 stercore

445 4067 670 4135 primum
717 4068 976 4132 humano,
1017 4064 1211 4121 deinde
1253 4063 1489 4128 bubulo,
1523 4077 1712 4132 panem
1747 4061 1814 4116 de
1857 4061 2004 4115 omni

444 4168 681 4213 semente
723 4171 1070 4226 conspersum
1116 4155 1276 4210 edere
1304 4154 1520 4223 jubetur
1545 4151 1756 4224 (Ezech.
1784 4152 1836 4206 4.
1861 4150 1955 4222 24)
1985 4167 1999 4204 :

445 4257 496 4303 et
521 4250 696 4303 uxoris
744 4248 1010 4303 interitum
1033 4246 1188 4301 siccis
1217 4246 1386 4300 oculis
1417 4245 1578 4298 videt.
1608 4247 1771 4298 Amos
1794 4243 1862 4298 de
1905 4241 2007 4298 Sa-

445 4338 616 4392 maria
635 4337 846 4408 pellitur
877 4336 1052 4408 (Amos
1075 4336 1152 4406 7).
1179 4335 1485 4422 Currquaeso
1508 4335 1531 4389 ?
1554 4333 1754 4403 Nempe
1782 4332 1902 4389 ideo
1929 4331 2006 4404 (ά)

447 4430 658 4499 pellitur
680 4471 696 4497 ,
745 4429 869 4500 quia
916 4427 1199 4498 chirurgici
1224 4423 1526 4498 spirituales
1550 4468 1564 4492 ,
1595 4434 1841 4482 secantes
1878 4424 2005 4479 vitia

448 4530 821 4589 peccatorum,
867 4518 933 4574 ad
983 4518 1346 4590 paenitentiam
1393 4517 1762 4573 cohortantur.
1813 4515 2007 4571 Paulus

450 4610 734 4681 Apostolus
761 4628 775 4665 :
811 4629 830 4663 ι
870 4609 1139 4673 Inimicus,
1173 4609 1361 4679 inquit,
1385 4608 1536 4662 vobis
1558 4608 1724 4662 factus
1744 4621 1885 4669 sum,
1911 4621 2007 4660 ve-

448 4717 560 4756 rum
588 4702 770 4758 dicens
789 4721 808 4755 ι
830 4700 1024 4773 (Galat.
1046 4702 1122 4772 4).
1155 4701 1220 4756 Et
1239 4700 1359 4770 quia
1387 4699 1675 4756 Salvatoris
1699 4698 1828 4752 dura
1860 4697 2009 4752 vide-

448 4793 637 4849 bantur
713 4794 866 4866 187
939 4790 1188 4863 eloquia,
1235 4791 1445 4860 plurimi
1489 4788 1868 4859 discipulorum
1917 4802 2008 4842 re-

451 4893 677 4941 trorsum
705 4885 968 4941 abierunt.

530 4997 582 5058 a)
625 4996 753 5047 Alias
795 4995 903 5058 I00.
927 4994 1112 5058 Scripta
1150 4992 1284 5042 circa
1304 4991 1657 5058 tempus.

531 5053 574 5124 ὁ)
601 5058 684 5112 Sic
701 5057 990 5124 praeferunt
1021 5053 1134 5124 biss.
1159 5053 1444 5124 atque_editi
1485 5053 2010 5124 νίιίιιετμςίοινθξῑ..,Υἱειοιιἲ

450 5114 572 5184 vei-0'
587 5120 716 5184 quod
727 5114 922 5184 'Erasm.
949 5114 1245 5184 probaverat:
1257 5115 1342 5184 ad
1371 5123 1601 5184 Bonasum
1626 5114 1859 5184 inscribit,
1883 5117 2012 5178 quod

449 5179 513 5228 illi
560 5175 736 5231 nomen
774 5181 836 5232 ab
860 5175 1044 5230 enormi
1082 5189 1197 5226 uaso
1233 5177 1432 5226 inditum
1475 5182 1628 5236 putet.
1654 5175 1744 5224 Alii
1783 5175 2013 5227 Bonosunt

449 5241 592 5292 scribi
615 5243 804 5292 debere
827 5254 922 5291 non
943 5241 1060 5289 satis
1078 5237 1228 5291 ﬁrmis
1250 5237 1554 5300 argumentis
1568 5237 1881 5288 contendunt.
1905 5238 2013 5288 Huc

451 5314 567 5363 ergo
589 5303 850 5353 referenda
873 5302 956 5351 illa
989 5301 1055 5350 ad
1082 5298 1340 5363 limosum;
1379 5299 1484 5363 sive
1521 5298 1584 5348 de
1617 5307 1799 5363 annoso
1842 5301 2011 5349 inscri-

451 5359 548 5467 ptio
576 5366 770 5415 videtur
795 5378 808 5413 :
835 5376 932 5426 quo
951 5359 1166 5410 animalis
1200 5360 1394 5408 nomine
1417 5359 1743 5408 adversarium
1765 5373 1904 5409 suum
1928 5375 2011 5410 vo-

469 5427 595 5467 uerit
616 5427 668 5467 ς-
695 5425 840 5467 Pater
865 5424 1216 5467 net-stringere.
1237 5417 1426 5467 Dicitur
1445 5421 1663 5467 Bonosus
1702 5420 1876 5467 animal
1910 5436 2011 5467 cor-

469 5427 595 5474 uerit
616 5427 668 5474 S.
695 5425 840 5474 Pater
853 5417 1216 5482 perstringere.
1237 5417 1426 5469 Dicitur
1445 5421 1663 5470 Bonosus
1702 5420 1876 5470 animal
1910 5436 2013 5471 cor-

451 5439 595 5474 lllel‘ll
616 5439 668 5474 δ.
695 5439 840 5474 Vale?
895 5439 1216 5482 erStrtngere.
1237 5439 1426 5469 υιειιυι·
1448 5439 1663 5470 υοῐιιιδιιδ
1702 5439 1876 5470 atumat
1910 5439 2012 5471 cor-

451 5494 542 5533 nua
564 5486 748 5536 habere
770 5439 1006 5548 impfexa,
1027 5495 1121 5548 nec
1143 5495 1285 5548 posse
1304 5494 1594 5544 quemquam
1619 5482 1816 5548 laedere.
1851 5482 2012 5534 limum

452 5555 577 5616 ergo
591 5549 748 5616 versis
769 5544 981 5616 calcibus
1004 5544 1226 5616 ejaculari
1240 5578 1254 5601 ,
1278 5556 1374 5606 quo
1397 5552 1666 5616 sequentes
1684 5544 1856 5616 adurit.

459 5662 471 5673 .
515 5607 584 5668 (c)
619 5609 818 5667 Quidam
842 5607 956 5657 Mss.
981 5605 1161 5655 addunt
1183 5605 1363 5656 Grata:
1389 5605 1516 5653 vocis
1539 5605 2010 5668 interpretationem,

459 5665 505 5717 td
526 5676 594 5718 est
618 5669 847 5719 lumbare.

451 5676 504 5717 ια
526 5676 594 5718 εει
618 5676 847 5718 lumbare.

515 5727 590 5789 (ά)
614 5731 792 5780 Victor.
811 5728 1016 5790 alterum
1036 5724 1229 5790 pellitur
1243 5727 1445 5777 verbum
1467 5740 1562 5777 non
1585 5727 1748 5790 habet,
1769 5735 1820 5779 et
1835 5728 2013 5780 deinde

454 5788 812 5844 cohortabantur
835 5804 922 5855 pro
942 5788 1263 5841 cohertantur.

1785 352 2117 413 .EPISTOLA
2162 353 2292 410 XLI.

3553 353 3656 408 17‘

2156 466 2212 519 2.
2246 463 2397 520 Unde
2420 479 2525 518 non
2557 464 2747 518 mirum
2783 473 2882 529 est,
2917 464 2961 519 si
2985 473 3039 518 et
3072 465 3275 536 nosipsi
3306 466 3448 520 vitiis
3473 465 3655 521 detra-

2089 560 2298 627 hentes,
2324 558 2646 615 ollendimus
2674 558 2952 628 plurimos.
2976 560 3222 630 Disposui
3252 574 3437 614 nasum
3473 573 3657 614 secare

2087 649 2385 715 latentem,
2427 649 2606 704 timeat
2631 650 2721 718 qui
2768 657 3065 705 strumosus
3091 656 3193 706 est.
3215 650 3349 706 Volo
3372 648 3656 705 cornicula:

2088 741 2374 798 detrahere
2409 743 2688 813 garrienti,
2727 743 3056 797 rancidulam
3083 743 3189 812 (al.
3211 740 3567 813 rancidulam)
3599 756 3658 795 se

2089 832 2348 901 intelligat
2366 834 2577 888 cornix.
2603 833 2848 903 Nunquid
2892 850 3027 888 unus
3057 833 3108 888 in
3139 834 3270 888 urbe
3295 833 3530 888 Romana
3550 841 3654 899 est,

2087 925 2176 994 qui
2202 924 2392 978 habeat
2407 933 2649 979 «truncas
2673 923 2957 979 inhonesto
2977 924 3194 978 vulnere
3217 938 3371 978 nares
3386 923 3654 993 ?(.Eneid.

2091 1013 2179 1070 lib.
2215 1014 2312 1069 VI.
2341 1013 2362 1087 )
2404 1015 2650 1085 Nunquid
2671 1016 2820 1073 solus
2841 1016 2916 1084 (ε)
2943 1016 3152 1070 Onasus
3179 1012 3501 1082 Segestanus
3529 1029 3658 1068 cava

2091 1107 2272 1172 verba,
2302 1107 2430 1162 etin
2459 1106 2675 1161 modum
2698 1106 3020 1162 vessicarum
3048 1103 3326 1167 tumentia,
3352 1104 3530 1159 buccis
3557 1115 3662 1158 tru-

2091 1197 2288 1250 tinatur
2315 1196 2554 1252 inﬂatis?
2587 1197 2715 1251 Dico
2735 1196 2994 1265 quosdam
3019 1197 3243 1261 scelere,
3272 1195 3535 1264 perjurio.
3567 1196 3662 1248 lal-

2091 1292 2247 1343 sitate
2265 1288 2330 1342 ad
2359 1289 2670 1359 dignitatem
2699 1290 2880 1343 nescio
2893 1303 3051 1358 quam
3079 1287 3408 1358 pervenisse.
3429 1285 3566 1354 Quid
3595 1286 3660 1340 ad

2093 1388 2145 1436 te
2167 1421 2183 1446 ,
2209 1381 2298 1450 qui
2323 1390 2375 1436 te
2404 1380 2654 1450 intelligis
2693 1379 3074 1434 innocentem?
3099 1379 3264 1432 Rideo
3305 1377 3618 1432 advocatum
3643 1415 3660 1440 ,

2091 1470 2181 1540 qui
2211 1479 2433 1539 patrono
2481 1479 2634 1539 egeat
2666 1488 2680 1525 :
2712 1469 3006 1540 quadrante
3035 1468 3104 1540 (ι’)
3139 1468 3351 1538 dignam
3404 1469 3662 1537 eloquen-

2095 1563 2222 1617 tiam
2255 1576 2383 1616 nare
2425 1562 2696 1616 subsanno
2728 1578 2742 1614 :
2775 1560 2899 1630 quid
2929 1559 2994 1613 ad
3048 1569 3099 1613 te
3119 1601 3134 1625 ,
3156 1559 3246 1629 qui
3287 1559 3519 1613 disertus
3562 1558 3664 1612 es?

2096 1652 2232 1707 Volo
2274 1653 2328 1709 in
2357 1652 2686 1706 nummarios
2729 1650 2906 1705 invehi
2934 1650 3248 1704 Sacerdotes
3275 1667 3288 1702 :
3312 1658 3367 1704 tu
3397 1649 3486 1719 qni
3516 1648 3666 1704 dives

2099 1744 2172 1816 (g)
2205 1758 2298 1812 es,
2349 1743 2476 1813 quid
2520 1742 2801 1798 irasceris?
2827 1742 3077 1796 Clausum
3105 1741 3263 1811 cupio
3307 1741 3417 1795 suis
3458 1741 3666 1810 ignibus

2089 1835 2286 1890 ardere
2328 1833 2640 1889 .ancanum
2695 1851 2710 1888 :
2767 1820 3001 1902 nunquid
3051 1830 3246 1900 hospes
3292 1830 3407 1901 ejus
3452 1846 3534 1898 es,
3575 1839 3669 1886 aut

2097 1927 2324 1992 vicinus,
2357 1925 2499 1996 quod
2529 1941 2557 1979 a
2581 1925 2816 1980 delubris
2844 1925 2968 1979 idoli
3003 1924 3188 1978 niteris
3212 1922 3512 1978 incendium
3540 1923 3668 1978 sub.

2099 2017 2347 2073 movere?
2376 2017 2555 2072 Placet
2573 2015 2705 2071 mibi
2735 2015 2800 2070 de
2817 2014 2997 2080 larvis,
3016 2014 3083 2069 de
3103 2022 3316 2077 noctua,
3347 2011 3414 2068 de
3433 2011 3663 2080 bubone,

2097 2107 2165 2162 de
2184 2107 2399 2162 Niliacis
2428 2107 2604 2161 ridere
2632 2106 2910 2176 portentis.
2941 2103 3206 2172 Quidquid
3245 2103 3444 2158 dictum
3469 2102 3628 2157 fuerit
3647 2141 3664 2165 ,

2100 2197 2155 2252 in
2192 2207 2243 2252 te
2265 2196 2466 2251 dictum
2491 2205 2663 2265 putas.
2712 2194 2768 2249 In
2793 2195 3162 2265 quodcumque
3206 2195 3386 2248 vitium
3407 2193 3532 2263 stil_ti
3563 2194 3667 2248 mei
3747 2199 3759 2246 ξ

2101 2302 2284 2342 nmero
2323 2295 2721 2356 contorquetur,
2748 2294 2800 2340 te
2837 2285 3076 2340 clamitas
3102 2285 3386 2354 designari.
3413 2284 3668 2340 Conserta

2101 2391 2260 2432 manu
2291 2377 2343 2431 in
2368 2376 2456 2446 jus
2480 2389 2673 2440 vocas,
2703 2385 2758 2430 et
2804 2377 3091 2447 satyricum
3123 2376 3436 2446 scriptorem
3485 2376 3566 2446 (It)
3612 2373 3666 2430 in

2104 2485 2261 2542 prosa
2286 2470 2444 2526 stulte
2474 2470 2670 2540 arguis.
2698 2470 2780 2522 An
2811 2468 2931 2524 ideo
2959 2469 3048 2524 tibi
3080 2468 3252 2524 bellus
3288 2467 3518 2531 videris,
3547 2467 3670 2534 quia

2103 2563 2279 2619 fausto
2297 2563 2501 2619 vocaris
2524 2562 2738 2618 nomine
2756 2561 2780 2614 2
2807 2560 2957 2629 quasi
2987 2575 3115 2625 non,
3137 2569 3192 2616 et
3219 2562 3365 2615 lucus
3385 2559 3504 2614 ideo
3524 2558 3673 2614 dica-

2104 2664 2209 2722 tur,
2247 2655 2391 2726 quod
2431 2655 2632 2711 minime
2654 2655 2816 2708 luceat
2847 2670 2867 2708 :
2889 2663 2943 2712 et
2968 2653 3147 2709 Pareae
3175 2653 3243 2708 ab
3267 2668 3334 2708 eo
3353 2693 3372 2719 ,
3393 2652 3538 2723 quod
3577 2667 3674 2706 ne-

2102 2765 2354 2821 quaquam
2371 2755 2622 2818 parcant:
2647 2756 2701 2802 et
2738 2745 3057 2802 Eumenides
3080 2744 3253 2812 furiae,
3286 2744 3427 2815 quod
3451 2759 3553 2798 non
3570 2744 3670 2798 sint

2103 2840 2328 2912 benigna
2353 2857 2373 2896 :
2394 2847 2450 2896 et
2478 2839 2634 2910 vulgo
2678 2836 2952 2904 Etltiopes
2971 2845 3232 2893 vocentur
3256 2837 3498 2909 argentei.
3520 2834 3673 2904 Quod

2103 2931 2149 2988 si
2175 2931 2228 2986 in
2248 2929 2604 3001 descriptione
2637 2928 2900 2985 ftedorum
2919 2943 3131 2998 semper
3159 2927 3426 2993 irasceris,
3453 2926 3562 2997 jam
3580 2925 3673 2980 tibi

2103 3035 2224 3078 cum
2256 3019 2436 3076 Persio
2462 3019 2689 3075 cantabo
2719 3035 2734 3072 :

2105 3112 2166 3183 (i)
2198 3111 2383 3181 Optent
2403 3122 2452 3166 te
2466 3127 2704 3183 generum
2718 3125 2828 3177 res,
2853 3119 2902 3165 et
2919 3110 3113 3182 regina,
3146 3110 3325 3176 puella:

2107 3202 2178 3259 Te
2191 3204 2392 3272 rapiant
2409 3201 2682 3273 :qm'dquid
2707 3202 2978 3256 calcaveris
3006 3201 3099 3255 hoc
3117 3217 3234 3256 rosa
3259 3201 3348 3268 ﬁat
3373 3199 3570 3270 (Satyr.
3590 3198 3674 3271 2).

2178 3296 2232 3351 5.
2255 3294 2400 3348 Dabo
2426 3303 2604 3348 tamen
2623 3292 2927 3359 consilium,
2957 3292 3151 3363 quibus
3176 3290 3522 3352 absconditis.
3546 3304 3676 3360 pos-

2105 3385 2180 3440 sis
2210 3383 2479 3454 pulchrior
2503 3397 2784 3452 apparere.
2814 3381 2986 3436 Nasus
3015 3396 3120 3436 non
3149 3380 3391 3436 videatur
3415 3381 3466 3434 in
3489 3379 3626 3435 l‘acie
3657 3395 3673 3433 :

2107 3492 2284 3532 sermo
2323 3489 2428 3529 non
2463 3484 2616 3529 sonet
2643 3473 2707 3528 ad
2732 3473 3051 3543 loquendum
3082 3491 3097 3528 :
3123 3480 3281 3543 atque
3301 3472 3373 3527 ita
3395 3480 3450 3527 et
3474 3469 3678 3527 formo-

2105 3581 2219 3634 sus,
2251 3573 2304 3622 et
2332 3565 2561 3620 disertus
2587 3563 2755 3620 videri
2793 3562 3012 3632 poteris.

2466 3699 2624 3770 138
2693 3696 3026 3752 EPISTOLA
3059 3695 3172 3751 xu
3226 3697 3318 3767 ω.

2610 3848 2678 3888 Α»
2706 3847 3018 3888 uncum.“
3051 3831 3149 3902 (k).

2111 3944 2316 4016 Refellit
2358 3943 2594 3998 Montani
2628 3943 2847 3998 hwretici
2890 3944 3131 4014 dogmata
3151 3984 3164 4005 .
3213 3944 3523 4014 ostenditque
3555 3945 3677 4015 quid

2145 4036 2276 4089 inter
2303 4035 2411 4102 eius
2433 4050 2645 4100 errores,
2667 4043 2816 4104 atque
2844 4033 3085 4088 Ecclesia
3109 4035 3401 4088 sententiam
3422 4034 3638 4088 intersit.

2184 4171 2233 4226 I.
2267 4169 2591 4226 Testimonia
2637 4168 2704 4224 de
2749 4168 2969 4224 Joannis
2997 4167 3283 4238 Evangelio
3312 4178 3630 4240 congregata
3654 4211 3668 4234 ,

2112 4279 2231 4334 qua:
2259 4263 2351 4318 tibi
2377 4262 2590 4332 quidam
2618 4262 2848 4318 Moiitani
2887 4270 3116 4317 sectator
3138 4261 3375 4328 ingessit.
3407 4261 3457 4314 in
3486 4261 3678 4332 quibus

2113 4355 2357 4412 Salvator
2381 4364 2561 4411 noster
2587 4369 2646 4410 se
2674 4353 2740 4410 ad
2785 4353 2994 4410 Patrem
3023 4353 3238 4418 iturum,
3286 4353 3677 4422 missurumqne

2176 4509 2246 4571 (e)
2267 4507 2508 4571 Yictorius
2541 4518 2603 4571 e_x
2627 4511 2963 4571 pmconcepta
2980 4505 3209 4571 gpinione
3235 4514 3447 4571 Bonosus
3469 4510 3683 4571 sagma-

2113 4565 2238 4619 nusf
2259 4569 2375 4620 Cum
2413 4581 2531 4618 vero
2565 4565 2775 4628 Segesta
2803 4565 2959 4618 altera
2980 4565 3266 4628 Pannoniae,
3291 4565 3446 4628 altera
3469 4565 3684 4628 Liguriae

2114 4632 2282 4680 civitas
2318 4629 2499 4691 fuerit,
2537 4625 2757 4691 quinam
2798 4628 2877 4677 bic
2913 4629 3193 4691 denotatur,
3236 4625 3363 4691 b_aud
3401 4625 3682 4690 expeditum

2116 4699 2192 4742 est
2204 4691 2424 4740 delinire.
2448 4688 2783 4750 Verosimilius
2795 4694 2955 4737 tamen
2971 4689 3231 4737 Pannonia
3249 4688 3510 4750 Segestum
3531 4696 3682 4738 notat.

2178 4752 2243 4870 ξι)
2266 4750 2343 4800 AI.
2365 4751 2630 4824 indignant2
2649 4749 2692 4831 id
2719 4757 2795 4798 est
2818 4762 2882 4798 ne
2903 4751 3168 4811 quadrante
3188 4749 3386 4822 quidem
3407 4750 3618 4813 dignam.

2199 4815 2250 4870 g)
2274 4811 2508 4862 Reatinus
2543 4810 2809 4870 hplscopus
2845 4824 2953 4860 cum
2993 4809 3202 4870 negandi
3245 4809 3498 4870 particula,
3530 4818 3618 4862 tut

2199 4809 2250 4874 'g')
2274 4809 2508 4862 Reatinus
2543 4809 2820 4875 Episcopus
2841 4809 2953 4875 eum
2993 4809 3220 4872 negandi
3245 4809 3498 4875 particula,
3530 4811 3687 4875 tuiqni

2117 4870 2250 4923 dives
2277 4885 2369 4921 non
2399 4885 2450 4922 es
2478 4883 2495 4920 :
2520 4870 2707 4933 meliori
2722 4870 2936 4933 'quidem
2971 4870 3150 4932 sensu,
3189 4870 3279 4922 sed
3302 4872 3414 4923 Mss.
3438 4881 3520 4921 aut
3542 4870 3689 4925 editis

2116 4934 2223 4982 aliis
2245 4933 2379 4982 libris
2400 4946 2494 4982 non
2515 4931 2904 4982 suifrattantibus.

2182 4994 2256 5057 (h)
2293 4993 2527 5059 Nimirum
2565 4993 2692 5056 quod
2715 5007 2817 5059 non
2851 4996 3265 5059 uisicarminibus
3287 4995 3470 5059 satyrte
3492 5007 3688 5059 compo-

2119 5055 2308 5112 nantur,
2337 5063 2396 5120 _et
2425 5055 2824 5120 soluta’oratione
2852 5057 3166 5120 scribentem,
3192 5055 3464 5120 satyricum
3487 5055 3687 5120 scripto-

2120 5131 2226 5165 rem
2257 5116 2456 5166 stultum
2474 5117 2538 5178 sit
2560 5114 2825 5178 appellare,
2849 5131 2905 5166 ac
2923 5120 2963 5168 si
2989 5119 3095 5168 uuis
3117 5114 3526 5168 ltalice‘diceret:
3548 5114 3692 5168 sorit-

2119 5185 2193 5227 tor
2218 5178 2278 5242 με
2301 5179 2475 5242 sonetti
2504 5177 2556 5228 in
2591 5177 2913 5242 prosauouod
2935 5178 3064 5242 addit
3085 5180 3242 5242 fausto
3264 5179 3448 5242 vocaris
3470 5177 3686 5237 nomine,

2120 5238 2328 5302 expliunt
2342 5239 2578 5302 Μαι-αξη..
2592 5237 2731 5302 quod
2749 5237 2936 5289 Onasus
2951 5237 3161 5290 idem'sit
3181 5253 3237 5289 ac
3259 5241 3531 5302 Onesimus,
3540 5252 3690 5302 quem

2119 5299 2460 5364 ill—Nolllillllm
2496 5299 2882 5364 libro'decorum
2922 5302 3057 5364 Hier.
3099 5304 3467 5364 interpretatur.
3509 5299 3692 5364 Verius

2121 5370 2249 5423 puto,
2275 5362 2598 5425 deduceretur
2619 5363 2682 5411 ab
2703 5373 2795 5425 asa...
2812 5362 2979 5412 Greco
2997 5362 3241 5425 themate;
3251 5362 3378 5425 quod
3403 5367 3480 5411 est
3496 5363 3624 5425 iuva,
3643 5366 3692 5410 et

2117 5421 2328 5486 prosum,
2353 5423 2482 5487 unde
2513 5431 2695 5474 Onasus
2719 5423 2869 5474 latine
2894 5425 3196 5487 Profuturus,
3220 5421 3374 5473 fausto
3393 5421 3589 5470 nomine
3611 5434 3690 5470 vo-

2117 5487 2214 5533 cari
2240 5486 2406 5534 notuit.

2179 5499 2250 5606 Ei)l
2260 5499 2434 5596 3min
2443 5547 2571 5594 iores
2593 5545 2792 5610 vulgati,
2815 5559 2870 5596 ac
2890 5545 3004 5596 Mss.
3025 5544 3208 5609 aliquot
3232 5552 3513 5594 Formosum
3534 5546 3579 5590 te
3603 5554 3690 5604 op-

2117 5613 2222 5669 tent
2236 5620 2478 5669 uenerunt,
2507 5614 2604 5656 etc.

2188 5665 2256 5733 (ί)
2279 5667 2409 5733 Αιὶαδ
2432 5669 2509 5718 54.
2534 5667 2721 5733 scripta
2741 5665 3053 5733 cadentgnno
3072 5666 3186 5733 ὅθί.

2180 5721 2253 5794 (7t)
2279 5730 2488 5782 Veteres
2511 5721 2651 5790 editi,
2666 5737 2718 5779 et
2739 5726 2952 5777 nonnulli
2975 5726 3090 5776 Mss.
3114 5725 3294 5776 addunt
3313 5721 3543 5777 advenas
3565 5732 3690 5777 non.

2117 5798 2300 5844 tamen.
