4136 6332
429 375 529 429 4⁸77

862 499 1190 559 EPISTOLA
1232 501 1369 557 XLII
1415 500 1510 570 (ti).
1591 493 1604 506 ’

966 631 1032 669 ΑΙ)
1073 625 1410 668 ιίΛιιοιειιΑιι.

753 723 940 775 Contra
973 720 1287 776 Novatianos
1319 721 1614 775 Iltcreticos.

415 852 627 921 Roganti
673 849 933 908 Marcella:
974 853 1096 922 quid
1142 855 1207 907 sit
1260 854 1462 908 verbum
1509 863 1683 907 contra
1727 852 1977 922 Spiritum

479 944 724 1002 Sanctum
748 984 763 1009 ,
802 945 1091 1013 'eqoondet,
1121 959 1320 1000 sensum
1368 944 1642 998 Novatiani
1667 943 1852 998 docens
1873 959 1978 997 esse

475 1036 680 1105 falsum.

475 1155 525 1202 1.
576 1148 756 1202 Brevis
789 1148 860 1220 (b)
893 1159 975 1205 est
1002 1150 1386 1220 qtttcstiuncula
1407 1191 1423 1216 ,
1471 1165 1628 1221 quam
1657 1149 1864 1230 misisti,
1920 1159 1976 1204 et

406 1249 578 1306 aperta
606 1241 882 1306 responsio
904 1249 1004 1294 est.
1035 1240 1089 1296 Si
1119 1243 1260 1296 enim
1289 1241 1356 1296 de
1397 1255 1462 1296 eo
1486 1240 1626 1311 quod
1650 1241 1700 1294 in
1734 1239 1978 1308 Evange-

407 1329 474 1382 lio
499 1328 781 1384 scribitur:
808 1348 828 1382 ‹
861 1329 1192 1402 Quicumque
1218 1332 1410 1387 dixerit
1430 1331 1648 1385 verbum
1670 1339 1853 1386 contra
1884 1329 1974 1384 Fi-

406 1422 528 1475 lium
552 1422 802 1486 hominis,
822 1423 1122 1476 remittetur
1139 1424 1186 1477 ei
1209 1441 1222 1477 :
1244 1423 1334 1492 qui
1363 1431 1539 1477 autem
1569 1421 1761 1477 dixerit
1790 1429 1974 1475 contra

407 1514 555 1586 191
617 1514 869 1582 Spiritum
892 1514 1143 1570 Sanctum
1174 1531 1279 1570 non
1308 1517 1608 1571 remittetur
1626 1515 1696 1578 ei,
1721 1530 1893 1585 neque
1921 1515 1972 1569 in

403 1605 500 1659 hoc
526 1605 738 1668 sat-culo,
771 1619 946 1674 neque
972 1605 1023 1658 in
1055 1605 1481 1675 futttrm(Matth.
1508 1607 1597 1660 12.
1622 1605 1712 1670 '52;
1739 1615 1786 1660 et
1808 1605 1972 1658 Marc“.

402 1696 580 1762 5.29),
621 1694 943 1751 Novatianus
984 1694 1185 1750 afllmat
1207 1712 1309 1750 non
1332 1711 1490 1766 posse
1530 1711 1750 1765 peccare
1777 1696 1974 1764 inSpi-

402 1787 556 1838 ritum
581 1787 855 1852 Sanctum,
884 1786 981 1839 nisi
1011 1802 1130 1840 eum
1159 1787 1247 1855 qui
1269 1785 1602 1842 Christianus
1621 1789 1708 1852 sit,
1738 1797 1791 1841 et
1821 1796 1971 1857 post-

403 1893 462 1930 ea
495 1879 762 1948 negaverit
788 1897 802 1943 ;
831 1879 1163 1933 manifestum
1189 1889 1271 1933 est
1297 1879 1511 1934 Judzcos
1531 1881 1617 1950 qui
1645 1896 1709 1934 eo
1733 1889 1972 1949 tempore

405 1971 858 2041 hiasphemabant,
919 1983 1136 2039 peccato
1175 1971 1523 2040 blasphemia:
1573 1987 1678 2026 non
1736 1971 1904 2025 teneri
1954 1987 1968 2027 :

404 2061 611 2130 quippe,
646 2061 734 2130 qui
785 2061 933 2130 impii
979 2061 1174 2121 coloni,
1224 2061 1516 2115 interiectis
1564 2060 1863 2130 Propltetis,
1905 2060 1972 2115 de

405 2167 534 2205 nece
566 2151 770 2206 Domini
812 2152 1136 2220 cogitabant.
1163 2160 1217 2204 ct
1241 2151 1290 2204 in
1319 2160 1521 2204 tantum
1551 2162 1702 2204 erant
1756 2149 1968 2220 perditi,

402 2251 460 2296 ut
486 2241 549 2294 ad
578 2241 857 2295 salvandos
880 2256 992 2303 eos,
1023 2255 1081 2294 se
1109 2242 1199 2294 Dei
1240 2240 1406 2294 Filius
1447 2241 1658 2294 venisse
1686 2238 1973 2312 responde-

403 2335 488 2385 rit.
525 2330 674 2386 Unde
696 2331 763 2386 de
792 2339 904 2385 toto
927 2328 1093 2401 ipsius
1120 2330 1411 2398 Scripturze
1445 2328 1629 2383 ordine
1657 2328 1974 2383 convincen-

403 2423 503 2477 dus
527 2429 627 2486 est,
653 2438 759 2476 non
789 2421 871 2476 his
901 2421 1320 2476 irrcmissibilem
1363 2435 1485 2475 esse
1508 2420 1702 2474 dictam
1730 2421 1974 2490 blasphe-

403 2513 583 2577 tniam,
628 2510 718 2580 qui
766 2512 1042 2565 tormentis
1084 2509 1388 2578 compulsi,
1416 2519 1470 2564 et
1495 2510 1656 2564 variis
1691 2510 1972 2565 eviscerati

401 2602 723 2656 cruciatibus
757 2640 772 2666 ,
829 2601 1108 2654 Dominum
1161 2600 1547 2670 denegassent;
1605 2599 1698 2654 sed
1749 2600 1829 2653 his
1883 2597 1972 2668 qui

399 2710 520 2748 cum
573 2693 625 2746 in
661 2693 944 2747 virtutibus
995 2691 1206 2747 videant
1237 2706 1398 2762 opera
1428 2691 1521 2746 Dei
1549 2731 1562 2756 ,
1587 2691 1975 2746 calumnientur

399 2791 454 2837 et
481 2784 774 2849 clamitent,
795 2782 1054 2837 daemonis
1080 2795 1202 2837 esse
1227 2783 1497 2844 virtutem,
1530 2790 1585 2836 et
1613 2783 1791 2837 omnia
1822 2783 1968 2852 signa

400 2890 515 2943 qua:
536 2872 672 2928 facta
699 2881 843 2937 sunt,
875 2889 979 2926 non
1011 2873 1078 2926 ad
1101 2872 1334 2926 divinam
1365 2871 1808 2941 magniﬁcentiam
1833 2911 1849 2936 ,
1878 2871 1970 2925 sed

333 2946 335 2950 l
402 2963 464 3018 ad
489 2963 756 3018 diabolum
791 2964 1058 3033 pertinere
1088 2961 1318 3033 (Matth.
1351 2961 1456 3027 ης
1486 2960 1652 3015 Marc.
1683 2962 1746 3027 ὃς
1774 2971 1819 3015 et
1840 2961 1969 3017 Luc.

403 3057 458 3110 ll
486 3055 524 3126 ).
561 3053 712 3110 Unde
747 3064 802 3109 et
831 3054 1074 3110 Salvator
1103 3062 1284 3108 noster
1325 3061 1438 3108 toto
1463 3053 1824 3123 responsiOnis
1863 3068 1971 3109 suae

405 3146 502 3201 hoc
527 3147 634 3217 agit
672 3155 1012 3216 argumento,
1045 3155 1105 3200 ut
1129 3145 1337 3208 doceat,
1386 3159 1492 3199 non
1541 3159 1697 3212 posse
1723 3144 1970 3199 Satanam

404 3237 520 3306 cjici
547 3253 577 3292 a
603 3235 798 3293 Satana
825 3277 841 3302 ,
872 3245 928 3291 et
957 3251 1178 3307 regnum
1207 3236 1322 3305 ejus
1360 3235 1499 3290 inter
1524 3249 1582 3290 se
1615 3250 1718 3288 non
1749 3249 1866 3289 esse
1890 3235 1970 3288 di-

405 3328 591 3382 visum.
642 3326 775 3383 Cum
817 3328 959 3382 enim
1005 3327 1196 3381 diaboli
1243 3327 1471 3380 studium
1517 3326 1606 3390 sit,
1646 3325 1735 3380 Dei
1777 3325 1972 3380 latuere

405 3427 715 3482 creaturam,
748 3417 1017 3489 quomodo
1039 3417 1275 3486 ejusdem
1304 3417 1496 3486 poterit
1525 3431 1645 3471 esse
1680 3415 1970 3470 voluntatis

403 3522 593 3564 sanare
628 3513 963 3579 languentes,
1009 3517 1064 3564 et
1119 3512 1352 3578 seipsum
1401 3506 1467 3562 de
1515 3509 1747 3562 obsessis
1790 3506 1972 3578 fugare

406 3599 750 3671 corporibus?
798 3601 995 3656 Probet
1021 3602 1197 3670 itaque
1225 3600 1590 3666 Novatianus,
1634 3602 1859 3671 aliquem
1903 3601 1971 3657 de

407 3689 506 3751 his,
535 3691 621 3760 qui
647 3691 950 3747 sacrificare
993 3691 1252 3761 compulsi
1281 3699 1404 3744 sunt
1429 3699 1552 3746 ante
1579 3692 1806 3746 tribunal
1830 3691 1973 3761 judi-

408 3780 498 3844 eis,
522 3781 860 3850 respondisse
879 3782 1054 3836 omnia
1079 3795 1196 3850 quin
1225 3781 1274 3834 in
1295 3780 1581 3850 Evangelio
1603 3781 1798 3848 scripta
1821 3791 1966 3848 sunt,

416 3887 517 3924 non
545 3887 573 3926 a
599 3872 734 3928 Filio
777 3873 909 3939 Dei,
941 3872 1036 3926 sed
1085 3888 1113 3926 a
1155 3871 1453 3926 Beelzebub
1500 3873 1736 3940 principe
1774 3872 1975 3927 daemo-

414 3958 612 4011 niorum
659 3958 819 4012 luisse
855 3956 1085 4027 perfecta
1112 3997 1126 4022 ,
1158 3967 1213 4011 et
1257 3967 1380 4010 tunc
1425 3957 1618 4024 poterit
1675 3957 1974 4026 approbare

406 4047 818 4103 irremissibilem
876 4049 927 4102 in
975 4048 1228 4118 Spiritum
1277 4047 1529 4102 Sanctum
1569 4060 1689 4100 esse
1727 4047 1974 4117 blaSphc-

407 4137 580 4190 tniam.

471 4227 524 4280 2.
552 4228 620 4285 Ut
646 4239 824 4284 autem
867 4239 922 4285 et
949 4231 1155 4285 acutius
1183 4229 1383 4301 aliquid
1423 4229 1816 4300 interrogemus
1843 4273 1858 4298 ,
1891 4248 1974 4289 re-

405 4321 678 4386 spondeat,
707 4321 832 4392 quid
873 4322 941 4376 sit
966 4331 1150 4376 contra
1175 4322 1368 4376 Filium
1414 4309 1643 4376 lto/minis
1687 4322 1888 4391 dicere,
1921 4333 1975 4380 ct

407 4411 457 4464 in
488 4403 741 4482 Spiritum
771 4414 1022 4470 Sanctum
1065 4415 1457 4484 biaSphemare.
1493 4417 1606 4487 Ego
1649 4419 1846 4488 quippe
1881 4435 1968 4474 as-

406 4503 691 4572 srrojuxta
719 4518 934 4558 sensum
969 4504 1111 4559 illius
1132 4546 1146 4570 ,
1180 4520 1272 4560 eos
1300 4507 1388 4574 qui
1415 4506 1686 4562 Christum
1712 4509 1761 4563 in
1795 4525 1974 4578 persc-

405 4594 611 4649 cutione
643 4595 976 4666 negaverint,
998 4605 1181 4651 contra
1211 4596 1401 4651 Filium
1434 4597 1663 4654 hominis
1682 4599 1900 4667 dixisse,
1920 4610 1976 4655 et

406 4701 506 4740 non
549 4688 600 4742 in
629 4687 885 4758 Spiritum
929 4689 1179 4744 Sanctum
1217 4690 1636 4759 blaSphemassc.
1681 4692 1780 4757 Qui
1832 4694 1972 4747 enint

405 4777 788 4850 interrogatur,
832 4795 898 4834 an
928 4778 1262 4834 Christianus
1291 4781 1390 4846 sit,
1423 4790 1476 4836 et
1511 4781 1870 4836 Christianum
1915 4799 1975 4840 se

406 4885 508 4923 non
531 4885 649 4926 esse
672 4871 1007 4942 responderit
1032 4888 1046 4936 ;
1075 4871 1256 4942 utique
1285 4872 1528 4940 negando
1548 4871 1840 4939 Christum,
1873 4873 1975 4930 hoc

401 4971 502 5021 est,
535 4961 729 5016 Filium
758 4961 988 5016 hominis
1011 5003 1026 5026 ,
1059 4962 1276 5032 Spiritui
1317 4961 1510 5016 Sancto
1539 4977 1644 5016 non
1686 4961 1814 5017 facit
1840 4964 1977 5032 inju-

404 5048 553 5105 riam.
584 5051 638 5106 Si
667 5059 844 5106 autem
871 5051 1140 5106 Christum
1179 5050 1448 5122 negando,
1479 5052 1689 5121 negavit
1726 5063 1778 5106 et
1809 5052 1976 5122 Spiri-

405 5146 551 5205 tum;
600 5141 862 5198 edisserat
890 5141 1184 5198 Haereticus
1209 5180 1226 5207 ,
1266 5140 1533 5210 quomodo
1578 5158 1682 5196 non
1712 5154 1894 5212 peccet
1922 5147 1974 5201 in

403 5228 674 5296 Spiritum,
699 5233 788 5304 qui
808 5232 1002 5288 Filium
1027 5232 1257 5286 hominis
1279 5231 1640 5302 denegaverit.
1663 5235 1768 5290 Aut
1789 5237 1832 5291 si
1855 5237 1975 5306 Spi-

403 5321 556 5377 ritum
585 5322 839 5380 Sanctum
871 5323 974 5379 hoc
1016 5325 1136 5378 loco
1214 5322 1368 5394 192
1438 5324 1834 5396 intelligendum
1878 5329 1977 5384 Pa.

463 5453 534 5511 (a)
569 5452 639 5503 ΑΙ.
669 5455 777 5505 149.
798 5456 980 5512 scripta
1003 5453 1136 5504 circa
1158 5454 1380 5505 eumdem
1402 5467 1577 5505 annum
1599 5457 1708 5506 58L.

460 5516 535 5577 (b)
570 5515 801 5565 Pluribus
822 5515 1018 5572 verbis,
1043 5517 1130 5564 sed
1168 5515 1304 5564 nullo
1343 5517 1501 5567 ferme
1532 5531 1680 5567 sensu
1713 5519 1837 5569 Edit.
1877 5521 1976 5570 Be-

401 5577 516 5643 ned.
546 5594 568 5622 ι
589 5578 763 5628 Brevis
785 5584 934 5639 atque
957 5577 1202 5626 succincta
1225 5579 1592 5643 quaestiunculis.
1615 5594 1758 5642 quam
1781 5583 1974 5643 misisti,

403 5638 792 5703 e_t_obscura,_et
834 5638 1004 5699 aperta
1028 5638 1302 5703 responsio
1325 5647 1434 5703 est.
1471 5657 1496 5685 τι
1532 5638 1648 5703 Nos'
1674 5638 1975 5703 Victoriam,

401 5694 616 5763 aliosque
661 5694 819 5763 editos
861 5694 1156 5763 vetustiores
1195 5701 1482 5763 sequimur:
1519 5702 1774 5754 mallemus
1813 5694 1976 5754 tamen

401 5757 490 5826 hoc
513 5757 614 5822 legi
637 5761 796 5816 modo,
830 5777 852 5804 α
877 5759 1056 5809 Brevis
1077 5757 1460 5826 qtmstitinculte,
1487 5776 1630 5826 quam
1655 5766 1845 5825 misisti,
1869 5779 1978 5816 suc-

400 5823 649 5878 cinctaoet
692 5827 860 5884 aperta
885 5823 1138 5883 responsio
1158 5829 1250 5870 est.
1272 5839 1294 5866 ι

1771 383 2094 443 εριετοιΑ
2112 385 2116 389 ’
2137 383 2343 441 XLIII."

3548 397 3651 450 178

2090 508 2222 555 trem
2250 507 2416 570 putat,
2457 500 2628 556 Patris
2657 501 2795 557 nulla
2825 510 2907 558 est
2931 517 2959 558 a
2997 513 3247 575 negatore
3291 508 3488 562 mentio
3517 508 3651 562 laeta

2084 603 2203 642 cum
2231 599 2463 660 negaret.
2501 591 2689 645 Petrus
2718 593 3000 660 Apostolus
3021 610 3085 649 eo
3113 605 3372 666 tempore,
3404 613 3508 668 quo
3553 613 3654 662 an,-

2083 681 2217 734 cillze
2249 683 2658 751 interrogatione
2681 686 3010 750 perterritus,
3033 687 3312 743 Dominum
3338 692 3565 759 negavit,
3599 692 3651 744 in

2084 770 2274 826 Filium
2299 774 2545 837 hominis,
2562 791 2627 828 an
2649 775 2700 829 in
2721 777 2974 844 Spiritum
3003 778 3253 833 Sanctum
3281 783 3488 836 videtur
3506 798 3648 838 com.

2084 863 2293 918 misisse
2322 865 2631 932 peceatum?
2651 865 2706 920 Si
2737 865 2787 919 id
2816 867 2955 936 quod
2973 869 3066 934 ait,
3090 872 3256 922 nescio
3277 872 3545 929 hominem.
3576 873 3648 926 ri—

2082 949 2260 1007 dicule
2288 954 2515 1009 voluerit
2544 957 2900 1025 interpretari,
2947 972 3050 1010 non
3091 958 3357 1012 Christum
3403 977 3524 1014 eum
3557 978 3653 1015 ne.-

2081 1057 2259 1111 gasse,
2293 1045 2386 1098 sed
2415 1045 2682 1100 hominem
2709 1062 2724 1111 ;
2756 1049 3064 1102 mendaeem
3093 1049 3249 1104 faciet
3301 1053 3649 1115 Salvatorem,

2081 1135 2169 1202 qui
2198 1149 2272 1198 se,
2295 1135 2395 1190 hoc
2411 1148 2514 1203 est,
2530 1137 2719 1192 Filium
2740 1139 2852 1203 Dei,
2873 1139 3172 1208 negandum
3197 1157 3317 1195 esse
3342 1146 3656 1208 pranlixerat

2083 1223 2845 1298 (Matt/:36;etJoan.15).Si
2867 1241 3043 1285 autem
3078 1233 3288 1302 negavit
3317 1232 3505 1287 Filium
3538 1235 3650 1300 Dei,

2081 1314 2223 1368 unde
2239 1326 2486 1370 etamaro
2499 1317 2660 1384 licvit,
2683 1329 2737 1374 et
2755 1321 2944 1374 trinam
2970 1325 3324 1390 negationem,
3356 1325 3488 1377 trina
3515 1333 3656 1393 post-

2080 1419 2142 1458 ea
2169 1405 2506 1462 confessione
2533 1408 2753 1476 delevit,
2776 1412 3112 1465 manifestum
3154 1424 3257 1479 εει,
3284 1425 3557 1482 peccatum
3601 1416 3654 1469 in

2080 1495 2332 1565 Spiritum
2363 1499 2638 1566 Sanctum,
2669 1501 2790 1557 ideo
2816 1518 2920 1558 non
2951 1519 3106 1574 posse
3130 1505 3344 1571 dimitti,
3376 1509 3517 1577 quod
3547 1506 3642 1560 hae

2079 1587 2200 1642 beat
2269 1589 2650 1658 blaSphemiam
2687 1609 2700 1645 :
2735 1603 2791 1648 ut
2852 1610 2972 1648 cum
3015 1594 3197 1650 videas
3259 1597 3313 1651 in
3365 1597 3650 1654 virtutibus

2082 1676 2267 1741 Deum,
2299 1678 2595 1734 Beelzebub
2619 1682 2961 1737 ealnnmicris
2981 1683 3035 1737 itt
3065 1683 3236 1738 factis.
3264 1686 3455 1740 Doceat
3483 1687 3646 1758 igitur

2077 1767 2308 1836 aliquem
2336 1781 2640 1839 negatorem
2667 1811 2681 1835 ,
2713 1771 3007 1826 Beelzebub
3029 1788 3250 1828 vocasse
3281 1774 3569 1852 Chrismm,
3599 1787 3654 1831 et

2080 1859 2471 1915 ultro-referam
2499 1862 2742 1931 gradum,
2779 1872 3085 1933 negatorem
3118 1879 3222 1922 non
3254 1881 3410 1933 posse
3441 1871 3648 1922 veniam

2077 1951 2330 2022 consequi
2353 1961 2470 2020 post
2497 1954 2720 2008 ruinam.
2754 1954 2909 2009 Aliud
2939 1966 3022 2010 est
3051 1939 3331 2012 tormentis
3357 1958 3570 2023 cedere,
3589 1969 3646 2014 et

2077 2056 2137 2095 se
2179 2041 2540 2098 Christianum
2582 2059 2776 2115 negare
2818 2063 2833 2102 :
2884 2046 3027 2101 aliud
3065 2046 3352 2115 Christum,
3381 2048 3647 2104 diabolum

2078 2131 2276 2196 dicere,
2297 2134 2434 2188 sicut
2479 2135 2571 2189 tibi
2614 2135 2728 2204 ipsa
2779 2135 3077 2206 Scriptura,
3132 2147 3294 2208 atque
3344 2151 3646 2209 contextus,

2079 2222 2213 2276 lecta
2263 2223 2517 2279 attentius
2582 2235 2830 2294 poterunt
2886 2224 3000 2297 [al.
3062 2229 3370 2300 potuerunt]
3423 2230 3647 2287 demon-

2077 2323 2268 2368 strare.

2149 2407 2202 2462 5.
2255 2405 2450 2462 Fuerat
2493 2407 2708 2478 quidem
2763 2410 3021 2478 prolixius
3069 2411 3437 2470 disserendum
3495 2434 3510 2470 :
3553 2417 3646 2472 sed

2075 2497 2327 2567 quoniam
2359 2498 2565 2564 amicis,
2597 2510 2652 2554 et
2675 2500 2767 2570 qui
2789 2503 2856 2559 ad
2887 2511 3124 2558 nostrum
3153 2503 3496 2576 hospitiolum
3520 2523 3649 2562 con-

2079 2599 2358 2654 venerunt,
2384 2589 2719 2658 praesentiam
2740 2601 2974 2646 nostram
2993 2609 3188 2662 negare
3211 2610 3317 2649 non
3335 2611 3646 2665 possumus,

2077 2690 2130 2734 et
2159 2679 2253 2734 tibi
2279 2696 2384 2734 non
2416 2682 2594 2736 statim
2643 2684 2998 2751 respondere,
3045 2686 3328 2741 admodum
3362 2689 3531 2743 visum
3567 2699 3649 2744 est

2076 2773 2394 2842 arrogantis,
2418 2774 2578 2828 latam
2599 2763 3010 2844 disputationem
3048 2777 3194 2834 brevi
3235 2793 3480 2835 sermone
3503 2796 3650 2840 com.-

2078 2864 2475 2932 prehendimns,
2508 2875 2694 2921 utnon
2720 2877 2825 2922 tam
2849 2868 3162 2938 Epistolam,
3187 2884 3344 2940 quam
3364 2871 3649 2927 Commen-

2078 2955 2321 3010 tariolum
2351 2957 2690 3012 dictaremus.

2539 3090 2861 3147 EPISTOLA
2903 3092 3062 3148 xum
3092 3095 3180 3164 (c).

2595 3221 2674 3294 (1)
2706 3240 2772 3279 ΔΙ)
2793 3240 3128 3281 κληθειιλιι.

2079 3352 2375 3409 Marcellam
2405 3355 2652 3424 hortatur,
2683 3369 2734 3412 ut
2768 3359 2933 3415 Roma
2957 3363 3151 3431 relicta,
3183 3381 3237 3419 se
3261 3383 3346 3423 rus
3373 3373 3600 3442 conferat
3632 3391 3650 3430 :

2148 3462 2238 3514 per
2293 3449 2658 3503 contentionem
2710 3452 3010 3518 ostendens,
3067 3464 3113 3509 et
3161 3469 3404 3526 quantum
3466 3463 3648 3518 habent

2148 3535 2313 3591 Roma
2343 3539 2708 3610 molestiarum,
2755 3553 2803 3596 et
2825 3556 3070 3612 quantum
3110 3550 3521 3608 commoditatum
3566 3570 3651 3608 so-

2147 3628 2325 3683 litudo.

2150 3764 2202 3818 1.
2235 3762 2570 3833 Ambrosius,
2599 3767 2679 3838 (Δ)
2697 3781 2801 3836 quo
2829 3767 3042 3824 chartas
3062 3810 3077 3834 ,
3107 3780 3349 3841 sumptus
3367 3814 3384 3840 ,
3413 3776 3650 3833 notarios

2077 3855 2434 3920 ministrante,
2467 3867 2573 3911 tam
2596 3858 3008 3914 innumerabiles
3033 3860 3200 3916 libros
3227 3877 3352 3917 vere
3373 3863 3640 3919 Adaman-

2081 3946 2225 4012 tius,
2259 3955 2314 4001 et
2352 3946 2732 4004 Chalcenterus
2776 3959 2958 4004 noster
2995 3954 3276 4020 explicavit
3310 3955 3363 4010 in
3421 3959 3649 4026 quadam

2079 4036 2340 4105 Epistola,
2387 4052 2544 4106 quam
2574 4039 2638 4094 ad
2665 4039 2911 4095 eumdem
2960 4041 3026 4096 de
3061 4043 3288 4099 Athenis
3340 4047 3650 4117 scripsetat,

2079 4127 2262 4194 refert,
2314 4144 2583 4199 nunquam
2637 4146 2697 4187 se
2740 4132 2916 4192 cibum
2958 4134 3184 4205 Origene
3228 4149 3492 4207 praesente
3534 4142 3653 4199 sine

2081 4220 2309 4276 lectione
2335 4223 2666 4292 sumpsisse;
2699 4241 2964 4296 nunquam
3011 4228 3176 4285 inisse
3219 4244 3486 4300 somnum,
3546 4237 3653 4291 nisi

2078 4327 2216 4366 unus
2258 4328 2288 4367 e
2315 4311 2565 4370 fratribus
2613 4316 2779 4370 sacris
2811 4317 3004 4376 litteris
3043 4329 3375 4389 personaret.
3407 4322 3519 4379 Hoc
3543 4326 3656 4380 die-

2077 4401 2175 4457 bus
2253 4405 2406 4477 193
2477 4406 2651 4475 egisse
2675 4417 2729 4462 et
2756 4408 3017 4474 noctibus,
3049 4420 3106 4464 ut
3150 4419 3207 4466 et
3249 4412 3408 4468 lectio
3451 4415 3652 4480 oratio,-

2080 4510 2201 4550 uem
2229 4499 2517 4568 exciperet,
2549 4509 2603 4559 et
2629 4501 2800 4556 oratio
2830 4501 3133 4559 lectionem.

2149 4585 2203 4640 2.
2255 4587 2388 4654 Quid
2429 4603 2529 4646 nos
2566 4591 2766 4646 ventris
2807 4591 3055 4646 animalia
3102 4593 3204 4649 tale
3245 4609 3481 4665 unquam
3523 4599 3656 4656 feci-

2081 4683 2235 4736 mus?
2264 4695 2398 4749 quos
2427 4681 2472 4735 si
2515 4681 2597 4736 vel
2636 4681 2872 4742 secunda
2907 4683 3037 4737 ltora
3067 4684 3306 4756 legentes
3350 4689 3652 4760 invenerit,

2081 4773 2420 4827 oscitamus:
2465 4787 2628 4828 manu
2671 4770 2860 4828 faciem
2905 4773 3264 4844 defricantes,
3314 4781 3661 4838 continemus

2079 4862 2444 4928 stomachum;
2469 4871 2524 4918 et
2551 4863 2700 4933 quasi
2743 4873 2864 4934 post
2892 4866 3118 4923 multum
3146 4869 3384 4934 laborem
3413 4873 3659 4930 mundia-

2145 5089 2214 5152 (ε)
2252 5088 2378 5142 Alias
2404 5091 2462 5141 18
2487 5091 2676 5151 Scripta
2697 5090 2830 5143 circa
2852 5104 2932 5143 an.

2143 5153 2220 5214 (tl)
2375 5155 2623 5224 imprimunt
2646 5153 2955 5205 Marcionites
2973 5193 2996 5224 ,_
3011 5157 3195 5224 deinde
3217 5159 3278 5224 ab
3317 5159 3661 5224 Origeneeorc

2080 5224 2264 5286 rectus,
2279 5214 2510 5286 Ecclesizc
2532 5216 2775 5286 diruptus,
2805 5214 3196 5286 et_¢_:on_i'essi9nis
3221 5214 3486 5286 Donuni'czc
3508 5223 3662 5286 gloria

2080 5276 2321 5345 insignis»
2347 5277 2524 5345 dicitur
2545 5280 2595 5327 in
2620 5276 2844 5342 Catalogo
2867 5281 3044 5345 script.
3070 5280 3260 5345 Eccles,
3285 5296 3329 5332 c.
3353 5285 3449 5345 56;
3476 5276 3538 5334 et
3551 5299 3661 5334 cum

2082 5341 2191 5406 ejus
2229 5354 2252 5384 ι
2281 5339 2544 5406 industria,
2570 5339 2804 5406 sumptu,w
2821 5349 2873 5390 et
2919 5339 3142 5392 instantia
3188 5344 3371 5394 inﬁnita
3416 5339 3665 5406 Origenes

2080 5400 2340 5468 dictaverit
2370 5399 2628 5468 volumina,
2648 5399 2810 5463 {ejus
2839 5411 3089 5468 ιρτοδιάκτης,
3110 5406 3218 5454 sive
3255 5399 3659 5468 operumjmpul-

2081 5473 2160 5510 sor
2182 5462 2348 5527 audiit.
2372 5460 2578 5527 Videtur
2601 5460 2763 5512 autem
2789 5460 3033 5527 memoriae
3046 5460 3194 5525 lapsu
3217 5460 3422 5527 peccare
3457 5460 3662 5527 Hieron.

2081 5536 2192 5572 cum
2215 5521 2471 5586 Mbrmio
2494 5523 2624 5573 illam
2658 5525 2909 5585 epistolam
2933 5521 3185 5586 adscribit,
3217 5521 3284 5574 de
3308 5527 3526 5586 improbo
3551 5526 3663 5575 Ori-

2081 5585 2224 5646 genis
2243 5584 2428 5644 labore,
2456 5599 2564 5648 cum
2589 5597 2621 5634 e
2643 5584 2885 5648 contrario
2923 5589 3074 5648 ipsius
3091 5585 3361 5648 Adamantii
3376 5584 3545 5648 exstet
3567 5586 3665 5637 fra-

2081 5645 2333 5708 gmentum
2356 5646 2579 5708 epistolas
2595 5647 2656 5696 ad
2673 5646 2932 5708 quemdam
2942 5645 3020 5696 'de
3043 5645 3295 5696 Ambrosio
3319 5647 3363 5694 id
3381 5647 3664 5707 perhibetis.

2084 5707 2148 5757 At
2169 5720 2347 5757 vereor
2365 5707 2432 5756 tte
2453 5707 2573 5756 falso
2599 5707 2903 5757 inscribatur.

2115 5768 2220 5877 JH
2245 5768 2463 5840 .Consule
2503 5769 2754 5817 cbronicas
2797 5769 3098 5829 posteriores
3132 5766 3280 5814 Notas
3305 5768 3352 5815 in
3378 5766 3666 5831 Prmfationo

2187 5838 2520 5877 -utst.xxxw.
2600 5871 2605 5876 .

2088 5830 2144 5878 ad
2168 5829 2323 5892 Epist.
2352 5843 2520 5878 xxxw.
2600 5871 2605 5876 .
