4136 6332
506 383 608 439 ιτο

503 497 642 553 libus
669 490 745 564 (a)
785 501 994 544 rursum
1045 477 1273 555 negotiis
1321 493 1664 554 occupamur.
1714 478 2070 536 Praetermitto

502 585 744 657 prandia,
769 579 961 651 quibus
983 591 1137 633 mens
1155 583 1376 631 onerata
1399 575 1679 644 premitur.
1701 570 1873 626 Pudet
1891 570 2072 625 dicere

501 674 855 746 frequentiam
887 669 1173 732 salutandi,
1207 682 1310 738 qua
1336 676 1427 720 aut
1457 665 1558 735 ipsi
1583 663 1820 734 quotidie
1845 661 1908 716 ad
1936 662 2071 715 alios

501 769 772 839 pergimus
791 806 806 831 ,
851 772 943 817 aut
972 761 1039 816 ad
1068 775 1166 816 nos
1205 759 1483 814 venientes
1511 756 1590 827 (l)
1617 763 1840 810 czeteros
1866 765 2070 820 exspe-

500 869 728 914 ctamus.
761 855 1022 923 Deinceps
1053 852 1158 906 itur
1187 851 1240 905 in
1269 849 1454 913 verba,
1480 860 1658 901 sermo
1686 845 1896 907 teritur,
1925 843 2066 896 lace-

500 959 686 1004 rantur
702 947 974 1008 absentes,
1001 943 1108 996 vita
1130 939 1306 995 aliena
1326 937 1668 997 describitur,
1693 943 1744 989 et
1766 931 2071 987 mordentes

501 1037 756 1100 invicem,
777 1031 1144 1089 consumimur
1155 1030 1232 1083 ab-
1247 1023 2074 1082 inut-alia.me

500 1137 658 1196 cupat
684 1125 1031 1183 etum.
1048 1123 1354 1178 ﬂuam
1381 1117 1548 1174 amici
1582 1116 1932 1179 recesserint,
1978 1129 2070 1168 ra-

502 1219 1114 1288 tiociniquotamus.
1142 1211 1294 1268 Nunc
1313 1210 1391 1265 ira
1416 1222 1697 1278 personam
1727 1206 1893 1260 leonis
1917 1203 2069 1258 nobis

500 1308 704 1365 inducit
731 1309 831 1382 [ab
864 1302 1111 1376 imponit]
1137 1321 1150 1357 :
1183 1317 1327 1358 nunc.
1352 1315 1482 1356 cura
1507 1297 1778 1369 superﬂua
1817 1297 1870 1350 in
1899 1307 2070 1349 annos

501 1400 756 1468 plurimos
776 1397 1025 1451 duratura
1050 1393 1382 1464 praecogitat.
1404 1389 1514 1444 Nec
1535 1386 1880 1444 recordamur
1900 1384 2071 1438 Evan-

497 1491 643 1560 gelii,
672 1489 940 1544 dicentis:
978 1504 997 1538 I
1027 1485 1223 1547 Stulte,
1253 1482 1355 1537 hac
1380 1491 1539 1536 nocte
1563 1478 1808 1534 auferent
1835 1477 2068 1530 animam

495 1591 642 1636 tnam
661 1597 688 1634 a
709 1591 760 1637 te
785 1599 798 1635 :
826 1596 946 1650 quae
963 1586 1139 1633 autem
1161 1575 1469 1646 prteparasti
1485 1571 1638 1642 cujus
1662 1578 1820 1626 erunt
1836 1570 1887 1623 ἲ»
1911 1567 2064 1638 (Luc.

499 1675 588 1731 12.
621 1674 737 1743 ‘20.)
783 1672 972 1726 Vestes
1000 1685 1107 1724 non
1137 1668 1204 1723 ad
1235 1681 1362 1722 usus
1414 1673 1617 1720 tantum
1637 1704 1654 1729 ,
1697 1660 1793 1718 sed
1833 1659 1899 1715 ad
1929 1659 2068 1714 deli-

496 1767 610 1821 cias
671 1762 1076 1834 conquiruntur.
1124 1757 1460 1828 Ubicumque
1515 1751 1890 1824 compendium
1948 1759 2064 1814 est,

494 1859 733 1914 volocior
753 1871 871 1927 pes,
889 1855 1030 1910 citus
1052 1865 1253 1914 sermo,
1275 1851 1422 1904 auris
1441 1847 1716 1902 attentior.
1739 1844 1794 1900 Si
1815 1843 2066 1898 damnum

495 1953 516 2025 (
534 1963 590 2006 nt
630 1965 774 2020 smpe
799 1950 853 2004 in
883 1963 943 2002 re
969 1943 1220 1999 familiari
1251 1941 1497 1997 accidere
1535 1937 1710 2006 solet)
1741 1936 1896 1990 fuerit
1926 1949 2067 1988 nun-

494 2048 702 2108 tiatum,
728 2041 905 2096 vultus
925 2052 1160 2095 maerore
1180 2034 1518 2106 deprimitur.
1542 2031 1810 2085 Latamur
1825 2027 1893 2083 ad
1915 2043 2069 2081 num-

491 2149 661 2196 mum,
691 2131 765 2203 (ὁ)
793 2129 950 2186 obolo
976 2126 1372 2183 contristamur.
1402 2119 1556 2178 Unde
1592 2134 1715 2175 cum
1745 2119 1800 2173 in
1835 2133 1941 2172 uno
1971 2116 2069 2170 ho-

492 2223 637 2278 mine
663 2220 978 2274 animorum
1025 2227 1132 2270 tam
1178 2215 1390 2271 diversa
1437 2212 1511 2266 sit
1555 2208 1754 2276 facies,
1801 2207 2065 2277 Pmpheta

492 2315 777 2371 Dominum
805 2312 1142 2381 deprecatur,
1171 2307 1392 2362 dicens:
1432 2324 1450 2357 ι
1484 2303 1737 2368 Domine,
1767 2303 1820 2357 in
1853 2303 2066 2358 civitate

490 2419 580 2462 tua
613 2407 899 2476 imaginem
943 2417 1129 2458 eorum
1167 2399 1365 2470 dissipa
1401 2418 1419 2452 ι
1455 2398 1476 2471 (
1509 2396 1602 2452 Ps.
1625 2397 1716 2451 72.
1741 2395 1813 2452 20
1845 2395 1886 2465 ).
1929 2395 2063 2450 Cum

489 2502 634 2556 enim
663 2499 728 2553 ad
758 2497 1039 2567 imaginem
1067 2503 1124 2549 et
1168 2491 1572 2548 similitudinem
1614 2489 1704 2544 Dei
1741 2487 1940 2543 conditi
1987 2489 2064 2540 si-

489 2605 633 2657 inus,
664 2605 728 2645 ex
754 2589 885 2643 vitio
912 2594 1099 2641 nostro
1125 2596 1384 2655 personas
1411 2582 1567 2636 nobis
1594 2579 1853 2650 plurimas
1878 2592 2063 2648 super-

490 2683 816 2739 inducimus.
845 2679 912 2734 Et
949 2676 1220 2748 quomodo
1252 2677 1304 2730 in
1349 2671 1698 2729 theatralibus
1724 2672 1898 2726 scenis
1924 2683 2064 2726 unus

491 2784 652 2845 atque
674 2773 812 2828 idem
834 2770 1044 2834 histrio,
1070 2782 1212 2822 nunc
1232 2765 1514 2821 Herculem
1540 2763 1789 2817 robustus
1807 2761 2060 2827 os'endit,

491 2876 635 2920 nunc
660 2861 839 2917 mollis
864 2864 916 2916 in
943 2860 1208 2916 Venerem
1241 2855 1520 2926 frangitur,
1551 2867 1693 2909 nunc
1722 2851 1979 2907 tremulus
2006 2852 2061 2908 in

488 2956 743 3029 Cybelem
770 2971 784 3007 :
813 2954 884 3008 ita
912 2961 968 3007 et
992 2965 1092 3006 nos
1121 2948 1231 3020 (qui
1259 2948 1301 3001 si
1328 2947 1395 3001 de
1425 2944 1626 3000 mundo
1652 2959 1758 2998 non
1787 2957 2059 3005 essemus,

487 3048 760 3103 odiremur
787 3060 818 3099 a
849 3040 1080 3113 mundo)
1111 3049 1188 3094 tot
1218 3038 1478 3093 habemus
1502 3049 1852 3106 personarum
1883 3033 1954 3107 (c)
1982 3033 2060 3087 si-

489 3138 840 3202 militudines,
870 3143 1002 3206 quot
1023 3141 1263 3204 peccata.

559 3231 612 3283 5.
645 3229 983 3296 Quapropter
1022 3225 1145 3294 quia
1176 3221 1338 3276 multa
1377 3220 1486 3292 jam
1515 3220 1639 3275 vitae
1677 3220 1846 3289 spatia
1883 3228 2060 3274 trans-

487 3319 729 3376 misimus
753 3315 1078 3378 tluctuando.
1101 3323 1154 3368 et
1177 3313 1326 3367 navis
1347 3320 1526 3368 nostra
1547 3326 1686 3366 nunc
1704 3309 2057 3381 procellarum

487 3423 746 3467 concussa
781 3407 1011 3469 turbine,
1045 3419 1184 3460 nunc
1213 3403 1552 3474 scopulorum
1584 3401 1921 3456 illusionibus
1946 3417 2061 3472 pcr-

487 3503 657 3559 forata
689 3511 770 3558 est
801 3499 898 3574 [:ll.
931 3495 1277 3570 perturbata],
1319 3511 1440 3552 cum
1467 3496 1695 3566 primum
1723 3495 1878 3558 licet,
1907 3493 2058 3564 quasi

485 3605 697 3666 portum
722 3590 1004 3664 quemdam
1027 3599 1229 3644 secreta
1256 3589 1394 3642 ruris
1423 3588 1702 3642 intremus.
1730 3586 1803 3640 lbi
1828 3587 2058 3641 cibarius

488 3686 653 3756 panis,
670 3694 724 3738 et
747 3683 862 3738 olus
885 3681 1082 3735 nostris
1108 3678 1350 3733 manibus
1400 3675 1556 3750 194
1593 3677 1887 3747 irrigatum.
1907 3685 1958 3730 et
1976 3676 2058 3730 lac

466 3775 689 3831 delicia:
709 3774 1013 3836 rusticana},
1033 3771 1166 3824 viles
1192 3768 1429 3839 quidem,
1448 3767 1542 3822 sed
1573 3767 1886 3822 innocentes
1907 3765 2058 3820 cibos

485 3867 721 3936 prarbent
747 3863 847 3938 [aL
881 3858 1178 3932 prabeant].
1211 3859 1282 3913 Ita
1304 3859 1567 3924 viventes,
1591 3872 1696 3911 non
1721 3857 1790 3911 ab
1813 3856 2056 3910 oratione

483 3973 732 4024 somnus,
766 3971 866 4010 nec
891 3954 1140 4008 saturitas
1171 3966 1198 4004 a
1233 3952 1462 4006 lectione
1492 3949 1782 4005 revocabit.
1812 3947 1867 4005 Si
1897 3957 2056 4003 testas

481 4059 585 4112 est,
617 4055 880 4103 secretum
909 4044 1116 4099 arboris
1146 4043 1332 4097 umbra
1359 4040 1634 4112 prabebit.
1663 4041 1718 4095 Si
1745 4049 2050 4108 autumnus,

483 4139 594 4208 ipsa
649 4137 787 4191 aeris
837 4135 1121 4206 temperies
1141 4173 1154 4195 ,
1188 4141 1242 4188 ct
1269 4141 1430 4187 strata
1461 4132 1646 4187 subter
1686 4131 1807 4185 folia
1828 4172 1842 4197 ,
1875 4131 2051 4185 locum

482 4231 675 4299 quietis
694 4226 997 4282 ostendent.
1026 4225 1161 4280 Vere
1177 4239 1304 4295 ager
1322 4225 1541 4280 floribus
1564 4224 1815 4294 pingitur,
1837 4232 1894 4279 et
1912 4223 2054 4277 inter

480 4321 731 4388 querulas
759 4333 909 4383 aves,
941 4317 1139 4371 Psalmi
1165 4317 1372 4370 dulcius
1395 4316 1769 4370 cantabuntnr.
1801 4315 1856 4370 Si
1883 4316 2050 4385 frigus

479 4413 638 4467 fuerit
657 4420 711 4466 et
740 4409 1011 4466 brumales
1039 4408 1211 4472 nives,
1246 4407 1384 4476 ligna
1413 4421 1518 4460 non
1539 4421 1778 4460 coemam
1798 4445 1815 4469 ,
1845 4416 1896 4460 et
1916 4407 2054 4477 [cali-

478 4505 597 4559 dius
624 4501 876 4574 vigilabo,
907 4500 988 4555 vel
1017 4497 1304 4553 dormiam.
1335 4495 1491 4552 Certc
1516 4495 1654 4566 quod
1680 4497 1866 4560 sciam,
1895 4496 2050 4551 vilius

478 4610 584 4648 non
615 4593 820 4662 algebo.
857 4591 1060 4646 Habeat
1086 4590 1186 4644 sibi
1217 4589 1383 4643 Roma
1413 4600 1539 4642 suos
1569 4587 1826 4640 tumultus
1847 4627 1861 4649 ,
1888 4602 2048 4641 arena

476 4684 680 4744 saeviat,
709 4684 884 4736 circus
911 4681 1159 4745 insaniat,
1187 4679 1391 4734 theatra
1418 4678 1689 4732 luxurient
1707 4718 1723 4742 ,
1755 4685 1809 4732 et
1833 4676 1954 4746 quia
1979 4676 2050 4731 de

477 4776 677 4832 nostris
704 4773 986 4828 dicendum
1011 4781 1095 4827 est
1115 4813 1128 4832 .
1157 4781 1518 4827 matronarum
1543 4769 1780 4840 quotidie
1806 4769 2050 4824 visitetur

475 4875 712 4921 senatus.
741 4863 903 4918 Nobis
944 4862 1219 4917 adhaerere
1250 4862 1474 4916 Domino
1501 4861 1697 4915 bonum
1722 4868 1802 4914 est
1821 4901 1837 4925 ,
1866 4869 1920 4914 et
1951 4875 2048 4928 po-

475 4972 603 5011 ncro
634 4957 684 5008 in
732 4953 956 5007 Domino
995 4953 1101 5006 Deo
1140 4967 1288 5020 spem
1330 4960 1566 5004 nostram
1602 4948 1784 5021 (Psal.
1821 4947 1912 5016 72)
1943 4965 1957 5002 :
1991 4957 2050 5002 ut

474 5061 594 5098 cum
627 5051 990 5114 paupertatem
1022 5041 1175 5094 istam
1201 5042 1455 5096 castorum
1491 5055 1648 5108 regna
1691 5039 2041 5103 mutaverint,

473 5147 815 5204 erumpamus
845 5133 898 5185 in
923 5145 1107 5184 vocem
1133 5148 1146 5183 ε
1185 5150 1204 5183 c
1233 5131 1368 5197 Quid
1389 5130 1530 5184 enim
1552 5128 1681 5182 mihi
1701 5139 1784 5183 est
1810 5131 1863 5183 in
1883 5131 2040 5193 caelo,

470 5235 526 5281 ct
552 5242 580 5278 a
612 5234 662 5279 te
708 5223 833 5294 quid
871 5223 1013 5276 volui
1045 5237 1206 5291 super
1230 5219 1465 5276 terram?
1494 5239 1513 5272 ι
1547 5221 1665 5286 Quo
1701 5218 1904 5274 scilicet
1923 5235 2040 5275 cum

541 5395 606 5461 (a)
647 5394 764 5446 Mss.
789 5391 1061 5461 quidam__ac
1081 5397 1224 5439 vetus
1247 5388 1365 5438 edit.
1389 5393 1492 5450 post
1512 5384 1713 5436 multum
1733 5384 1943 5437 laborem
1967 5385 2040 5436 la-

477 5452 652 5518 bimur,
675 5463 720 5506 et
755 5452 1094 5518 ntimdialibus,
1122 5462 1218 5518 etc.

540 5506 606 5586 Ib)
636 5506 878 5569 Victorius
895 5506 1112 5586 ,__aliiq_ue
1135 5509 1554 5586 edit‘vetustiores
1574 5506 1748 5560 amisso
1767 5509 1901 5560 obolo
1916 5523 1937 5571 ;
1952 5511 2040 5561 sed

470 5577 684 5645 priorem
705 5592 877 5652 vocem
899 5577 1012 5628 Mss.
1039 5578 1277 5684 iﬁnorant.
1335 5635 1344 5646 ο
1555 5633 1566 5646 _
1754 5634 1764 5644 .

537 5645 597 5684 lci
649 5643 953 5684 star-transeas
985 5651 1048 5684 nu
1087 5648 1148 5684 ο.
1184 5643 1266 5684 aut
1287 5632 1569 5684 Hieronymi
1613 5640 1764 5683 menti

537 5645 597 5706 (ε)
649 5643 953 5706 Martianaaus
985 5632 1118 5686 nullo
1134 5671 1148 5695 ,
1173 5643 1266 5706 aut
1287 5632 1767 5706 Hieroniminmenti
1787 5634 2039 5706 contrario

465 5694 612 5753 sensu
629 5744 642 5762 ,
668 5709 732 5752 tot
761 5701 987 5751 habemus
1018 5694 1724 5762 peccatorurnsimiljtndincs,
1751 5702 1848 5745 etc.
1875 5694 2035 5755 Repo-

465 5755 654 5815 snimus
676 5774 985 5822 personarum
1009 5755 1071 5810 ex
1097 5758 1208 5808 aliis
1230 5759 1376 5808 editis
1395 5769 1453 5805 ac
1476 5755 1590 5806 Mss.

523 5825 598 5888 (ι)
639 5821 711 5875 Al.
739 5823 909 5876 haberi
931 5830 1063 5880 notat
1089 5821 1294 5873 Gravius
1314 5826 1523 5869 exteros.

1743 345 1748 349 ’
1790 355 2031 422 SANC'I‘I
2069 357 2438 417 mancum

3639 360 3743 408 ϐω

2176 482 2322 529 tanta
2348 473 2678 544 reperiamus
2704 472 2756 526 in
2800 472 2970 539 ctelo,
3003 485 3161 540 parva
3184 479 3240 527 et
3265 469 3462 526 caduca
3488 472 3748 541 quaesisse

2176 579 2273 622 nos
2299 565 2576 621 doleamus
2605 563 2655 617 in
2685 571 2824 618 terra
2854 563 2952 634 (ό).
2976 562 3124 617 Vale.

2639 674 2964 731 EPISTOLA
3005 674 3164 729 xuv
3195 674 3287 745 (ι).

2729 791 2808 844 Au
2836 788 3188 844 ΜΑιιεειιΑιι.

2745 902 2826 959 De
2856 904 3172 980 Muneribus.

2178 1013 2486 1070 latuscula
2513 1016 2668 1071 missa
2691 1031 2724 1068 a
2749 1014 3025 1080 Marcella,
3057 1014 3187 1081 sibi,
3215 1024 3262 1066 et
3288 1012 3504 1077 Paula,
3532 1013 3752 1085 [iliaque

2823 1106 3006 1174 ianus
3031 1104 3311 1175 allegorice
3333 1105 3708 1175 interpretatur.

2245 1198 2314 1254 Ut
2343 1199 2640 1253 absentiam
2681 1212 3014 1267 corpora,
3318 1195 3750 1252 confabulatione

2173 1290 2447 1344 solemur:
2479 1287 2550 1361 (f)
2579 1289 2704 1343 facit
2741 1288 3106 1358 unusquisque
3135 1288 3280 1358 quod
3323 1287 3600 1357 puniet.
3642 1287 3749 1340 Vos

2172 1381 2311 1436 dona
2341 1381 2699 1436 transmittitis
2724 1397 2739 1435 :
2768 1367 2869 1435 nos
2895 1379 3167 1450 Epistolas
3198 1379 3540 1437 remitti“
3552 1381 3752 1450 gratia-

2171 1489 2311 1529 rum.
2341 1474 2414 1528 Ita
2444 1481 2621 1527 tamen
2649 1480 2738 1536 ut,
2773 1471 2896 1542 quia
2924 1471 3222 1526 velatarum
3249 1470 3514 1541 virginum
3553 1485 3754 1530 me

2171 1574 2253 1622 est
2271 1605 2288 1632 ,
2317 1565 2494 1635 aliqua
2523 1563 2576 1618 in
2599 1564 2728 1632 ipsis
2749 1562 3076 1618 munusculis
3101 1576 3221 1618 esse
3246 1561 3496 1632 mysteria
3519 1555 3746 1616 demon-

2173 1665 2424 1712 stremns.
2451 1655 2674 1721 Saccus,
2707 1654 2966 1710 orationis
2993 1653 3204 1724 signum
3231 1662 3389 1723 atque
3413 1652 3597 1721 jejunii
3638 1661 3742 1708 est.

2173 1748 2360 1812 Scllze,
2394 1754 2451 1802 ut
2493 1745 2641 1800 foras
2671 1744 2834 1815 pedes
2868 1744 3018 1814 virgo
3059 1759 3164 1798 non
3201 1752 3430 1798 moveat.
3471 1742 3656 1809 Cerei,
3687 1752 3745 1797 ut

2171 1853 2397 1894 accenso
2416 1837 2616 1892 lumine
2633 1875 2650 1902 ,
2679 1834 2861 1904 sponsi
2883 1841 3219 1904 exspectetur
3237 1829 3515 1888 adventus.
3538 1831 3745 1888 Calices

2172 1928 2634 1983 mortificationem
2663 1925 2840 1980 carnis
2862 1924 3170 1990 ostendunt,
3198 1932 3252 1979 et
3271 1937 3486 1992 semper
3507 1923 3740 1977 animum

2170 2020 2236 2075 ad
2280 2018 2595 2089 martyrium
2645 2024 3023 2087 pra-paratum.
3063 2032 3082 2066 ι
3117 2014 3268 2069 Calix
3309 2014 3494 2084 quippe
3535 2013 3742 2070 Domini

2172 2107 2464 2175 inebrians,
2482 2123 2638 2180 quam
2658 2107 2948 2178 praeclarus
3026 2104 3181 2178 195
3253 2115 3334 2161 cst
3354 2123 3374 2156 ι
3399 2104 3513 2176 (Ps.
3538 2104 3629 2159 22.
3659 2105 3740 2174 5).

2169 2201 2323 2270 Quod
2369 2209 2546 2256 autem
2575 2208 2632 2254 et
2656 2198 2913 2264 matronis
2937 2196 3010 2268 (g)
3038 2197 3243 2264 offertis
3275 2197 3533 2251 muscaria
3560 2209 3737 2266 parva,

2171 2293 2348 2363 parvis
2360 2291 2677 2347 animalibus
2692 2289 3063 2352 eventilandis,
3078 2287 3292 2358 elegans
3308 2287 3619 2357 significatio
3635 2297 3736 2355 est,

2174 2384 2373 2439 debere
2401 2382 2662 2437 luxuriam
2679 2382 2788 2437 cito
2808 2381 3177 2450 restinguere;
3205 2381 3327 2452 quia
3349 2393 3544 2434 musca:
3573 2379 3740 2434 mori-

2169 2483 2338 2539 tura},
2380 2474 2558 2529 oleum
2596 2471 2877 2528 suavitatis
2917 2471 3297 2527 exterminant.
3329 2472 3424 2525 llic
3468 2480 3622 2543 typus
3671 2472 3742 2527 sit

2168 2566 2430 2636 virginum
2467 2583 2480 2620 :
2530 2562 2647 2619 haec
2688 2563 2856 2634 figura
2898 2574 3286 2618 matronarum.
3326 2562 3488 2617 Nobis
3524 2570 3735 2629 autem,

2169 2656 2297 2712 licet
2333 2656 2385 2712 in
2416 2670 2724 2726 perversum
2743 2696 2758 2719 ,
2805 2669 3026 2710 munera
3054 2665 3229 2710 vestra
3256 2655 3612 2710 conveniunt:
3642 2653 3738 2710 Se.

2166 2748 2297 2804 dere
2325 2757 2508 2818 aptum
2531 2757 2615 2804 est
2639 2748 2849 2815 otiosis,
2872 2747 2934 2802 in
2960 2762 3119 2803 sacco
3136 2751 3316 2818 jacere
3338 2747 3734 2818 paenitentibus,

2166 2839 2360 2894 calices
2381 2838 2579 2895 habere
2607 2838 2932 2910 potantibus.
2959 2839 3106 2895 Licet
3129 2849 3184 2894 et
3210 2851 3424 2910 propter
3447 2848 3736 2895 nocturnos

2167 2941 2372 2994 metus,
2418 2941 2475 2987 et
2511 2931 2724 2987 animos
2759 2945 2974 3001 semper
3013 2932 3152 2986 malo
3189 2932 3522 2987 conscientia:
3549 2932 3735 2988 formi-

2165 3021 2376 3090 dantes,
2403 3036 2593 3078 cereos
2617 3037 2830 3092 quoque
2853 3021 3165 3077 accendisse
3187 3026 3258 3076 sit
3282 3031 3510 3092 gratum.

2632 3131 2960 3189 EPISTOLA
3000 3131 3138 3188 XLV
3165 3133 3268 3205 (In.

2763 3251 2843 3303 An
2876 3249 3140 3346 Assensit.

2166 3361 2393 3428 Navem,
2425 3361 2590 3417 Roma
2619 3362 2962 3428 discessurus,
2994 3362 3354 3425 conscendens,
3386 3373 3567 3434 purgat
3593 3380 3646 3418 se
3667 3361 3730 3418 ab

2233 3455 2619 3509 obtrectatorum
2639 3452 2926 3520 calumniis,
2954 3451 3091 3524 apud
3107 3469 3231 3523 quos
3251 3453 3424 3524 ingens
3443 3455 3537 3508 sibi
3557 3455 3729 3508 odium

2231 3547 2557 3616 conﬂaverat,
2589 3544 2724 3616 quod
2755 3543 2976 3597 Paulam
2997 3586 3011 3610 ,
3038 3554 3085 3598 et
3107 3541 3431 3598 Eustochium
3459 3545 3728 3614 primarius

2234 3638 2448 3709 feminas
2477 3637 2708 3691 traxisset
2733 3635 2801 3688 ad
2829 3633 3199 3689 Monaclwrum
3227 3635 3525 3689 institutum.
3793 3619 3796 3623 ’

2233 3755 2287 3810 1.
2319 3753 2377 3809 Si
2423 3753 2514 3808 tibi
2557 3762 2734 3822 putem
2763 3752 2962 3823 gratias
3000 3767 3029 3806 a
3058 3768 3144 3808 me
3185 3751 3366 3808 referri
3395 3761 3583 3821 posse,
3614 3763 3722 3809 non

2160 3846 2385 3916 sapiam.
2415 3844 2612 3900 Potens
2656 3853 2739 3899 est
2781 3845 2920 3899 Deus
2944 3859 3107 3914 super
3133 3857 3354 3914 persona
3388 3857 3504 3896 mea
3528 3853 3726 3898 sancta:

2160 3938 2352 4005 animae
2383 3945 2485 3990 tua:
2513 3936 2794 3990 restituere
2830 3934 2973 4004 quod
3003 3943 3254 3989 meretur.
3286 3934 3394 4002 Ego
3417 3933 3557 3988 enim
3585 3933 3723 3987 indi-

2160 4041 2296 4097 gnus
2317 4041 2415 4082 nec
2434 4026 2702 4081 aestimare
2724 4017 2956 4095 unquam
2979 4025 3147 4096 potui.
3172 4040 3268 4080 nec
3288 4035 3491 4093 Optare,
3521 4034 3577 4078 ut
3596 4024 3724 4078 mihi
3745 4065 3775 4088 ..

2163 4126 2364 4171 Lautum
2408 4117 2460 4170 in
2508 4115 2724 4170 Christo
2768 4115 3040 4185 largireris
3086 4115 3351 4170 affectum.
3401 4115 3466 4168 Et
3494 4115 3726 4170 licctu:e

2159 4208 2476 4263 sceleratum
2518 4207 2734 4276 quidam
2777 4216 2996 4276 putent,
3025 4215 3080 4262 et
3106 4207 3352 4261 omnibus
3395 4203 3605 4276 flagitiis
3629 4205 3726 4261 ob-

2159 4307 2358 4362 ratum,
2385 4307 2438 4352 et
2465 4313 2563 4368 pro
2591 4300 2823 4367 peccatis
2853 4300 3008 4366 meis,
3038 4299 3197 4353 etiam
3240 4297 3353 4352 luce
3381 4311 3540 4367 parva
3567 4296 3675 4351 sint
3706 4313 3722 4351 :

2159 4398 2336 4445 tamen
2359 4399 2413 4444 tu
2442 4389 2581 4445 bene
2606 4389 2757 4452 facis,
2786 4388 2926 4459 quod
2948 4405 3013 4444 cx
3042 4399 3128 4444 tua
3149 4398 3326 4444 mente
3350 4388 3511 4444 etiam
3531 4386 3722 4452 malos,

2159 4479 2329 4534 bonos
2358 4490 2531 4549 putas.
2558 4480 2925 4536 Periculosum
2957 4480 3155 4550 quippe
3191 4487 3276 4534 est
3315 4479 3383 4535 de
3408 4493 3567 4534 servo
3593 4477 3724 4533 alte~

2225 4656 2295 4722 (ά)
2337 4653 2531 4704 Heicin
2565 4654 2776 4764 antiquis
2799 4653 2935 4703 editt.
2975 4652 3188 4717 elogium
3225 4653 3435 4713 Bctbel,
3458 4654 3595 4716 cujus
3633 4655 3755 4705 ini-.

2229 4735 2274 4764 m
2292 4752 2306 4764 .
2340 4724 2511 4764 Verum
2552 4723 2601 4764 ut
2635 4727 2666 4762 α
2741 4714 2955 4764 villulam
2985 4714 3192 4764 Christi.
3219 4717 3422 4764 eiusque
3444 4728 3552 4762 cum
3576 4713 3724 4764 Roma

2156 4713 2306 4775 tiu'm',
2340 4724 2511 4764 Verum
2552 4723 2601 4764 ut
2635 4713 2700 4764 ad
2726 4714 2955 4778 uillulam
2985 4713 3194 4778 citi-isti,
3219 4717 3422 4778 ejusque
3444 4713 3552 4778 cum
3576 4713 3724 4765 Roma

2155 4778 2447 4843 comparatio
2462 4809 2478 4835 ,
2501 4789 2658 4839 usque
2680 4776 2739 4824 ad
2763 4777 2958 4843 biectast
2979 4775 3320 4843 uulgauit-itur
3342 4775 3591 4825 bnatoris:
3611 4789 3724 4843 can-

2154 4837 2331 4898 tionés,
2346 4837 2619 4900 adsuunttjr
2643 4849 2790 4900 τρυε
2813 4837 3292 4900 ῳιίόθηιᾉνέτὺγὶξ-ὶιι
3315 4850 3379 4900 ea
3411 4849 3554 4898 quam
3579 4837 3724 4900 paulo

2155 4909 2262 5009 post
2283 4895 2548 4950 subdemus
2568 4895 2748 4970 Paula),
2772 4897 3090 4981 et‘Eustocbii
3114 4899 3170 4946 ad
3187 4895 3461 4970 Marcellam
3477 4895 3626 4969 epist.
3642 4897 3720 4970 lt}.

2189 4964 2425 5009 abentur.
2450 4972 2542 5009 nec
2562 4960 2760 5009 dubium
2783 4965 2878 5009 est.
2902 4959 3018 5007 unde
3039 4960 3104 5008 ob
3137 4967 3408 5009 argumenti
3448 4959 3720 5008 Similitudl‘

2189 4964 2432 5022 abentur.,
2450 4972 2542 5009 nec
2562 4960 2760 5009 dubium
2783 4965 2878 5018 est,
2902 4959 3018 5007 inde
3039 4960 3104 5008 ob
3137 4959 3408 5022 argumenti
3448 4959 3723 5008 similitudi.

2154 5036 2266 5071 nem
2290 5021 2554 5076 translata,

2238 5083 2280 5144 ε)
2311 5082 2438 5132 Alias
2460 5081 2536 5132 20.
2561 5081 2747 5144 Scripta
2767 5079 2900 5144 circa
2933 5078 3060 5144 idem
3084 5086 3268 5144 tempus
3289 5090 3398 5141 quae
3419 5078 3656 5144 amarior.

2242 5140 2284 5207 Ι)
2325 5144 2603 5207 Hieronymi
2634 5142 2834 5207 quidem
2872 5142 3073 5207 ingenio
3102 5153 3159 5190 ac
3179 5140 3333 5207 manu
3354 5176 3369 5200 ,
3393 5140 3483 5207 sed
3519 5140 3720 5207 alterius

2152 5199 2369 5259 nomine,
2395 5213 2448 5254 et
2489 5199 2694 5264 fortasse
2716 5199 2897 5260 Paulae,
2928 5199 2986 5250 Et
3026 5201 3276 5264 Eustachii
3318 5199 3494 5264 soripta
3531 5204 3720 5252 videtur
3817 5215 3824 5221 '

2151 5267 2319 5315 istbaac
2340 5262 2552 5327 Epistula
2575 5279 2639 5313 ex
2675 5269 2777 5327 toto
2800 5270 3033 5327 contextu
3054 5298 3068 5320 ,
3092 5263 3178 5327 sed
3205 5263 3262 5312 iis
3285 5262 3496 5312 maxime
3522 5265 3684 5312 verbis
3702 5303 3717 5321 ,

2149 5329 2327 5388 quibus
2349 5323 2414 5376 ex
2437 5325 2702 5389 velatarum
2724 5323 2977 5389 Virginum
3014 5323 3212 5389 nomine
3245 5336 3387 5373 suum
3407 5337 3584 5389 munus
3606 5337 3720 5389 esse

2149 5385 2677 5506 constituiftnngysteria
2720 5386 2771 5432 in
2814 5385 3110 5434 munusculis
3151 5386 3387 5436 invenire.
3418 5385 3720 5444 Veronensis

2149 5463 2318 5506 major,
2377 5461 2484 5497 acia
2508 5482 2519 5493 .
2850 5504 2877 5506 η

2148 5450 2318 5498 maior.
2357 5448 2519 5498 faciat.

2216 5464 2729 5574 ῗὲᾕὲεπζαξίὲνοοθηο
2762 5523 2786 5574 ‘,
2807 5504 3055 5574 ρβῗετίεηιιε
3078 5507 3210 5574 Paria
3230 5507 3409 5574 parvis
3429 5507 3718 5574 animalibus

2148 5566 2426 5621 ventilanda
2443 5586 2466 5614 ι
2509 5566 2647 5630 (fort.
2683 5566 2974 5630 centalibra)
3009 5566 3138 5617 unde
3160 5566 3357 5630 quidem
3379 5569 3605 5630 eonjicias
3627 5571 3716 5616 im-

2147 5643 2364 5694 pressam
2400 5626 2582 5692 pariter
2603 5661 2617 5686 ,
2641 5635 2695 5677 et
2731 5627 2846 5676 Περι.
2880 5626 3157 5694 lectionem
3179 5626 3361 5694 aliquot
3399 5626 3588 5694 mendis
3618 5642 3714 5694 non

2145 5689 2350 5752 carere;
2374 5689 2471 5752 non
2491 5697 2774 5752 autem_quo
2795 5694 2938 5752 pacto
2956 5690 3020 5737 sit
3041 5689 3365 5748 restituenda,
3389 5691 3508 5738 satis
3531 5689 3712 5740 intelli-

2145 5753 2320 5813 gimus.
2337 5748 2458 5813 'Vid.
2494 5757 2633 5813 notas
2653 5748 3039 5813 Chronologicas.

2214 5809 2280 5874 (Ιι)
2326 5812 2453 5861 Alias
2483 5812 2560 5860 99.
2586 5809 2772 5872 scripta
2793 5808 2952 5859 mense
2975 5821 3093 5872 aug.
3116 5808 3232 5859 anni
3248 5809 3358 5858 585.
3535 5817 3570 5852 ο
