4136 6332
365 364 453 416 nu
1739 357 1913 414 eam

2017 362 2064 412 Α
2113 359 2273 416 XLV.

365 485 470 532 rius
493 473 725 544 judicare
744 472 918 541 (Rom.
942 470 1029 524 14.
1051 466 1130 540 ι),
1155 475 1210 523 et
1234 481 1342 522 non
1371 464 1550 522 facilis
1567 468 1744 536 venia,
1765 485 1926 540 prava

364 567 554 622 dixisse
591 563 658 618 de
683 563 859 617 rectis.
905 560 1129 622 Veniet,
1162 559 1344 614 veniet
1373 557 1464 612 illa
1497 559 1616 614 dies
1648 561 1702 614 in
1745 577 1847 631 qua
1877 571 1933 618 et

364 671 565 712 meeum
593 653 797 708 dolebis
820 651 1008 706 ardere
1033 665 1141 706 non
1167 664 1390 720 paucos.

429 746 484 800 2.
511 743 624 813 Ego
649 743 960 812 probrosus,
987 756 1086 811 ego
1113 739 1412 809 versipellis
1450 748 1509 794 et
1534 740 1768 796 lubricus
1793 759 1808 796 :
1831 757 1932 812 ego

365 835 608 900 mendax,
633 845 688 889 et
709 833 917 889 Satanae
944 843 1058 887 arte
1079 831 1376 902 decipiens.
1409 831 1550 900 Quid
1576 833 1718 888 enim
1741 843 1824 887 est
1845 845 1930 888 tuo

364 927 465 980 tius
483 964 498 991 ,
531 924 646 978 ha'c
672 924 753 978 vel
781 922 1103 988 credidisse,
1137 921 1217 977 vel
1244 920 1466 977 ﬁnxisse
1495 922 1562 977 de
1592 923 1889 979 insontibus
1910 963 1927 990 ,

361 1032 424 1068 an
456 1016 616 1070 etiam
663 1013 729 1068 de
774 1013 945 1068 noxiis
984 1012 1205 1067 credere
1234 1011 1512 1067 noluisse?
1541 1011 1931 1068 Oseulabantur

362 1107 488 1162 mihi
520 1121 708 1159 manus
737 1104 813 1178 (a)
841 1105 1076 1176 quidam,
1098 1115 1152 1160 et
1171 1119 1265 1160 ore
1291 1104 1511 1175 vipereo
1536 1105 1887 1161 detrahebant
1911 1124 1927 1162 :

359 1196 612 1252 dolebant
645 1195 826 1256 labiis.
859 1195 1021 1251 corde
1049 1195 1369 1266 gaudebant.
1406 1194 1633 1250 Videbat
1674 1196 1928 1250 Dominus

359 1301 412 1344 et
434 1288 796 1342 subsannabat
838 1287 993 1348 illos,
1035 1297 1088 1341 et
1129 1286 1379 1340 miserum
1408 1301 1498 1340 me
1533 1301 1742 1340 servum
1771 1303 1925 1341 suum

361 1377 535 1433 futuro
563 1393 682 1432 cum
732 1377 811 1430 eis
851 1376 1052 1446 judicio
1091 1375 1416 1430 reservabat.
1465 1376 1618 1431 Alius
1661 1378 1924 1432 incessum

359 1485 537 1523 meum
553 1467 975 1521 calumniabatur
993 1477 1045 1521 et
1063 1468 1224 1521 risum
1250 1483 1264 1520 :
1289 1467 1378 1522 ille
1399 1467 1563 1522 vultui
1580 1468 1920 1536 detrahebat;

357 1560 441 1615 hic
479 1561 530 1614 in
563 1559 903 1629 simplicitate
923 1557 1061 1612 aliud
1083 1557 1475 1628 suspicabatur.
1555 1560 1712 1631 196
1781 1560 1925 1616 Pene

355 1659 501 1705 certe
527 1651 810 1706 triennium
827 1665 948 1704 cum
971 1651 1050 1704 eis
1069 1649 1194 1702 vixi.
1226 1648 1386 1704 Multa
1407 1665 1493 1705 me
1509 1652 1772 1721 virginum
1802 1668 1922 1707 creo

354 1740 448 1795 bro
482 1741 632 1796 turba
659 1741 1024 1796 circumdedit.
1056 1739 1272 1796 Divinos
1291 1740 1500 1806 Libros,
1524 1752 1582 1796 ut
1599 1745 1766 1812 potui,
1785 1761 1920 1798 non-

357 1833 516 1887 nullis
533 1847 672 1902 smpe
691 1832 936 1888 disserui.
959 1831 1142 1886 Lectio
1153 1832 1536 1898 assiduitatem,
1555 1835 1836 1889 assiduitas
1853 1835 1924 1889 fa-

355 1923 735 1986 miliaritatem,
751 1923 1078 1977 familiaritas
1091 1922 1336 1977 ﬁduciam
1351 1923 1566 1980 fecerat.
1585 1927 1920 1997 Dieant,un

353 2029 586 2085 unquam
628 2017 680 2068 ln
721 2029 809 2070 me
859 2015 1014 2069 aliter
1043 2016 1344 2080 senserint,
1377 2032 1534 2086 quam
1563 2017 1919 2076 Christianum

350 2104 615 2159 decebat?
653 2104 938 2159 Pecuniam
980 2105 1294 2176 cujusquam
1329 2109 1552 2178 accepi?
1582 2125 1801 2166 munera
1837 2114 1920 2166 vel

350 2210 532 2264 parva,
568 2195 651 2253 vel
681 2211 868 2265 magna
899 2211 1002 2250 non
1034 2197 1253 2266 sprevi‘!
1280 2197 1330 2250 in
1361 2214 1520 2252 manu
1562 2215 1679 2254 mea
1723 2217 1798 2255 a-s
1825 2202 1922 2256 ali-

347 2285 503 2355 cujus
529 2287 799 2341 insonuit?
824 2286 1070 2356 obliquus
1091 2303 1290 2351 sermo,
1315 2290 1497 2342 oculus
1523 2289 1764 2358 petulans
1791 2278 1922 2346 fuit?

346 2373 490 2430 Nihil
534 2375 665 2430 mihi
701 2375 846 2430 aliud
885 2376 1132 2444 objicitur
1173 2376 1272 2430 nisi
1316 2391 1487 2432 sexus
1505 2394 1691 2444 meus,
1723 2390 1776 2434 et
1817 2381 1919 2436 huc

345 2481 618 2538 nunquam
642 2466 905 2536 objicitur,
948 2467 1048 2521 nisi
1070 2483 1229 2537 quum
1251 2467 1631 2541 Jerosolymam
1656 2472 1815 2527 Paula
1840 2475 1917 2548 (ὁ)

330 2542 724 2628 proficiscitur.
759 2557 920 2622 Esto,
951 2559 1296 2615 crediderunt
1335 2563 1613 2618 mentienti
1643 2582 1657 2618 :
1690 2581 1785 2620 cur
1811 2542 1914 2622 non

339 2650 574 2702 credunt
618 2649 867 2718 neganti?
914 2649 1055 2704 Idem
1105 2660 1188 2705 est
1234 2652 1394 2706 homo
1423 2652 1537 2723 ipse
1567 2656 1654 2723 qui
1702 2657 1912 2713 fuerat:

340 2740 544 2794 fatetur
567 2741 828 2797 insontem
847 2784 862 2806 ,
906 2743 996 2812 qui
1026 2743 1223 2797 dudum
1253 2746 1468 2800 noxium
1496 2746 1830 2817 loquebatur,
1863 2760 1918 2806 et

339 2839 488 2886 certe
519 2832 794 2886 veritatem
831 2832 998 2902 magis
1040 2834 1343 2902 exprimunt
1371 2845 1629 2890 tormenta
1657 2855 1814 2907 quam
1846 2841 1917 2894 ri-

342 2935 436 2976 sus
464 2938 477 2976 :
509 2921 610 2976 nisi
641 2921 784 2992 quod
815 2923 1020 2977 facilius
1045 2924 1282 2979 creditur
1319 2926 1458 2996 quod
1484 2937 1575 2982 aut
1602 2931 1777 2985 ﬁctum
1800 2972 1814 2996 ,
1849 2933 1913 2986 li-

342 3014 531 3070 benter
555 3015 792 3081 auditur,
825 3024 918 3070 aut
955 3032 1063 3070 non
1094 3000 1308 3085 ﬁctum:
1357 3029 1412 3073 ut
1441 3020 1689 3092 ﬁngatur,
1727 3023 1912 3094 impel-

341 3107 485 3160 litur.

411 3199 468 3254 3.
503 3201 800 3270 Antequam
828 3199 1044 3256 donmm
1069 3209 1265 3257 sancta:
1291 3201 1467 3259 Paula:
1493 3220 1726 3271 nossem,
1753 3207 1912 3263 totius

343 3289 393 3344 in
423 3305 509 3345 me
530 3290 674 3344 urbis
695 3289 868 3344 studia
891 3291 1275 3348 consonabant.
1297 3291 1542 3348 Omnium
1563 3311 1697 3366 pene
1712 3296 1912 3366 judicio

343 3383 533 3453 dignus
558 3397 770 3438 summo
795 3382 1106 3440 SacerdOIio
1133 3385 1478 3441 decernebar.
1509 3388 1682 3442 Beata:
1707 3405 1908 3444 memo-

343 3475 436 3528 ria:
466 3474 756 3541 Damasus,
804 3489 954 3529 meus
997 3489 1175 3529 sermo
1217 3485 1350 3530 erat.
1387 3477 1608 3533 Dicebar
1646 3491 1860 3534 sanctus
1893 3499 1906 3536 :

343 3561 556 3618 dicebar
580 3561 794 3618 humilis
814 3573 867 3620 et
889 3564 1136 3620 disertus.
1165 3565 1413 3637 Nunquid
1452 3559 1666 3624 domum
1691 3572 1911 3642 alicujus

343 3653 638 3709 laseivioris
669 3655 938 3725 ingressus
985 3657 1143 3710 sum?
1186 3657 1428 3728 Nunquid
1474 3674 1560 3714 me
1606 3671 1783 3716 vestes
1820 3677 1906 3716 se-

343 3743 468 3798 rica:
489 3786 504 3808 ,
537 3746 765 3800 nitentes
791 3761 1014 3816 gemma:
1036 3787 1049 3809 ,
1082 3747 1218 3815 picta
1248 3749 1429 3811 facies,
1460 3751 1574 3804 auri
1600 3752 1773 3821 rapuit
1797 3767 1902 3806 am-

342 3830 512 3886 bitio?
536 3833 684 3888 Nulla
711 3833 809 3889 fuit
836 3835 938 3889 alia
971 3835 1155 3890 Romae
1183 3845 1565 3904 matronarum,
1596 3855 1714 3909 quae
1735 3857 1906 3896 meam

342 3931 522 3990 posset
546 3923 797 3980 edomare
819 3935 1087 3990 mentem,
1119 3926 1221 3991 nisi
1247 3927 1435 3996 lugens
1458 3938 1619 3997 atque
1641 3930 1904 3998 jejunans,

330 4011 590 4080 squalens
619 4013 902 4081 sordibus,
933 4015 1146 4071 ﬂetibus
1173 4031 1310 4086 pene
1335 4027 1566 4082 caecata;
1597 4037 1754 4089 quam
1779 4037 1908 4076 con-

341 4103 499 4156 tinnis
542 4105 786 4160 noctibus
815 4105 1238 4161 misericordiam
1282 4106 1492 4162 Domini
1532 4107 1905 4179 deprecantem

339 4193 416 4247 sol
442 4208 584 4264 saepe
605 4194 975 4266 deprehendit.
1005 4195 1170 4267 Cujus
1188 4196 1463 4252 Canticum
1488 4199 1701 4265 Psalmi,
1730 4216 1907 4256 sermo

341 4281 704 4354 Evangelium,
733 4286 939 4342 deliciae
963 4289 1308 4354 continentia,
1332 4290 1434 4344 vita
1454 4289 1731 4361 jejunium.
1754 4293 1906 4350 Nulla

339 4388 425 4428 me
453 4375 624 4443 potuit
650 4375 756 4431 alia
781 4375 1051 4433 delectare
1070 4420 1086 4444 ,
1118 4379 1218 4434 nisi
1248 4380 1335 4434 illa
1356 4419 1372 4446 ,
1404 4396 1562 4450 quam
1595 4384 1908 4440 manducan-

338 4472 444 4518 tem
496 4481 760 4537 nunquam
805 4469 928 4523 vidi.
955 4468 1059 4526 Sed
1090 4479 1364 4541 postquam
1393 4488 1508 4528 eam
1541 4489 1636 4544 pro
1663 4490 1773 4531 sua:
1805 4494 1908 4533 me-

341 4554 440 4608 rito
460 4557 720 4613 castitatis
741 4559 1006 4627 venerari,
1030 4560 1228 4628 colere,
1251 4563 1522 4632 suspicere
1537 4567 1695 4636 ccepi,
1719 4584 1906 4624 omnes

339 4661 424 4701 me
449 4648 589 4704 illico
614 4650 902 4707 deseruere
926 4654 1168 4709 virtutes.
1378 4649 1381 4651 ’

404 4739 459 4792 4.
489 4738 536 4794 0
560 4739 758 4796 invidia
789 4743 1016 4812 primum
1050 4745 1271 4800 mordax
1311 4748 1421 4802 tuil
1452 4767 1485 4802 o
1526 4749 1737 4806 Satanae
1766 4753 1906 4808 calli-

336 4826 470 4881 ditas
493 4842 706 4901 semper
727 4843 908 4887 saneta
930 4837 1290 4905 persequens!
1319 4837 1486 4893 Nulla:
1508 4841 1626 4894 alia:
1650 4841 1904 4899 Romana

337 4919 450 4972 urbi
494 4919 723 4976 fabulam
752 4923 1123 4993 praahuerunt,
1161 4927 1261 4982 nisi
1293 4927 1453 4982 Paula
1495 4939 1550 4984 et
1584 4931 1900 5004 Melanium,

335 5023 450 5075 qua:
475 5015 800 5083 contemptis
825 5014 1184 5084 facultatibus,
1212 5018 1624 5092 pignoribusque
1652 5023 1900 5091 desertis,

334 5112 543 5156 crucem
565 5103 770 5158 Domini
792 5107 941 5176 quasi
959 5107 1221 5177 quoddam
1249 5108 1457 5176 pietatis
1481 5111 1727 5168 levavere
1745 5117 1902 5170 vexil-

336 5187 461 5243 lum.
489 5191 542 5246 Si
569 5193 645 5264 (ε)
671 5194 890 5252 balneas
915 5207 1182 5267 peterent,
1215 5211 1480 5270 unguenta
1513 5203 1800 5274 eligerent,
1828 5207 1900 5262 di—

391 5343 807 5426 fﬂ__liar_tian:eus
835 5353 1028 5426 quidem
1047 5394 1060 5414 ,
1085 5357 1222 5419 cujus
1242 5355 1426 5409 leviora
1447 5360 1667 5424 quaedam
1697 5361 1788 5412 alia
1811 5376 1896 5426 pa-

330 5415 643 5460 ragrammata
669 5412 791 5462 infra
815 5412 1146 5465 emendamus.

389 5467 683 5549 φῇς-εξ(ῃὲ
706 5474 1235 5549 Υἱοῳιιίυεηίιυζεᾶᾳίι
1252 5513 1268 5537 ,
1289 5486 1344 5549 et
1363 5480 1564 5532 nefaria
1586 5482 1898 5549 proﬁciscun-

251 5573 255 5578 ο
327 5528 570 5610 ἕξει.αὲἒὲ
595 5528 1022 5610 timvisset?
1063 5528 1266 5610 Ρθμιλειί
1297 5528 1629 5610 asserat:
1648 5528 1896 5610 ἶῐῖὖὶὶἶει

331 5591 471 5671 99331-
495 5591 829 5671 Rbitu.
841 5597 1066 5671 Blasilla:
1081 5591 1511 5671 adnotavimuser
1524 5591 1840 5671 Hierouynmr.

393 5647 463 5711 (ε)
495 5651 640 5716 Saepe
654 5655 794 5720 Hier.
810 5658 1003 5710 balneas
1026 5647 1896 5720 ᾱάὶτείἰιίῖὲῖἶιῖδιῆῧᾷἶῆῖνῖῖῖὦῖάω

329 5717 584 5783 computat,
620 5725 673 5783 et
707 5715 896 5783 feminis
930 5723 1174 5783 praecipue
1200 5725 1460 5776 interdicit.
1485 5715 1894 5780 Benedieiinrta:

331 5780 440 5820 tuen
628 5778 718 5829 hoc
751 5779 860 5832 loco
899 5775 1043 5846 Boias
1079 5775 1269 5848 legerat
1301 5799 1388 5850 pro
1415 5775 1642 5849 balneas,
1821 5775 1894 5844 Et

3509 383 3614 438 με

2040 473 2198 527 vitias
2217 483 2273 528 et
2297 475 2604 533 viduitatem
2677 482 2828 554 197
2887 485 3143 543 baberent
3164 491 3436 545 materiem
3460 492 3612 548 luxu-

2037 563 2132 618 τίει
2149 573 2205 618 et
2231 565 2511 635 libertatis,
2533 570 2763 627 domina:
2783 589 3120 644 vocarentur,
3147 590 3202 634 et
3221 591 3442 638 sancte.
3459 583 3608 639 Nune

2036 654 2091 706 in
2117 669 2276 709 sacco
2301 669 2352 710 et
2366 657 2547 715 cinere
2569 661 2814 718 formosa:
2831 665 3019 722 volunt
3045 669 3230 737 videri,
3253 681 3308 727 et
3336 673 3390 729 in
3407 675 3614 744 gehen-

2036 759 2157 798 nam
2189 746 2325 816 ignis
2349 763 2472 805 cum
2491 752 2729 822 jejuniis,
2759 765 2812 810 et
2841 759 3041 833 pedore
3065 762 3393 821 descendere
3417 786 3433 821 :
3465 769 3612 823 vide-

2037 833 2164 890 licet
2207 853 2313 892 non
2358 841 2438 896 eis
2483 843 2608 899 licet
2648 846 3008 916 applaudente
3049 854 3247 923 popqu
3274 858 3449 926 perire
3486 875 3609 916 cum

2035 927 2225 983 turbis.
2251 929 2308 985 Si
2334 930 2574 991 Gentiles
2618 936 2756 993 hanc
2783 939 2943 995 vitam
2986 955 3305 1014 carperent,
3351 948 3398 1003 sl
3439 949 3609 1008 Judaei

2033 1015 2295 1110 habearent
2319 1024 2566 1081 solatium
2594 1041 2700 1083 non
2735 1031 2978 1100 placendi
3004 1034 3116 1099 eis,
3148 1037 3343 1105 quibus
3364 1040 3612 1110 displicet

2032 1104 2299 1167 Christus.
2318 1112 2472 1170 Nune
2496 1131 2645 1185 vero,
2670 1119 2801 1189 proh
2825 1120 3008 1178 nefas!
3031 1104 3277 1183 homines
3295 1104 3606 1196 Christiani,

2031 1200 2388 1264 praetermissa
2418 1202 2699 1262 domorum
2729 1224 2952 1264 suorum
2982 1227 3129 1280 cura,
3161 1225 3212 1270 et
3241 1219 3439 1287 pr0prii
3467 1221 3607 1274 oculi

2033 1288 2183 1342 trabe
2220 1292 2520 1362 neglecta,
2543 1297 2593 1351 in
2637 1300 2814 1354 alieno
2851 1303 3011 1358 oculo
3044 1304 3303 1362 festucam
3341 1317 3603 1379 qumrunt.

2027 1376 2290 1438 Lacerant
2319 1395 2564 1441 sanctum
2607 1391 2972 1461 prepositum,
3017 1404 3072 1448 et
3110 1376 3403 1451 remedium
3435 1415 3606 1475 parare

2027 1483 2138 1524 suae
2179 1473 2526 1543 arbitrantur,
2568 1479 2613 1532 si
2659 1496 2816 1535 netno
2852 1484 2922 1536 sit
2965 1493 3221 1540 sanctus:
3267 1488 3310 1542 si
3357 1473 3603 1543 omnibus

2026 1560 2339 1620 detrahatur
2368 1584 2382 1618 :
2417 1569 2467 1625 si
2505 1571 2662 1626 turba
2695 1572 2768 1627 sit
2812 1576 3147 1643 pereuntium
3177 1593 3191 1630 :
3229 1579 3273 1632 si
3315 1578 3600 1634 multitudo

2028 1667 2381 1722 peccantium.

2094 1744 2149 1798 5.
2179 1745 2291 1800 Tibi
2321 1747 2495 1816 placet
2520 1749 2698 1807 lavare
2717 1753 2958 1823 quotidie
2989 1756 3162 1811 :alius
3188 1757 3283 1813 has
3312 1763 3598 1817 munditias

2024 1835 2210 1890 sordes
2233 1846 2399 1906 putat.
2427 1839 2504 1894 Tu
2532 1842 2614 1911 (ά)
2651 1853 2948 1914 attagenem
2978 1858 3174 1910 ructas,
3202 1858 3255 1904 et
3283 1849 3350 1905 de
3384 1842 3600 1908 comeso

2023 1928 2332 1997 acipensere
2373 1931 2621 2002 gloriaris
2651 1953 2665 1988 :
2695 1950 2795 2006 ego
2821 1936 2897 2008 (l)
2941 1937 3060 1993 faba
3100 1949 3338 1996 ventrem
3382 1943 3596 2012 impleo.

2023 2015 2100 2072 Te
2137 2018 2402 2075 delectant
2428 2022 2854 2080 cachinnantium
2890 2032 3121 2099 greges:
3169 2047 3253 2086 me
3289 2032 3476 2100 Paula,
3515 2033 3596 2106 (2)

2021 2106 2407 2181 Meianinmque
2444 2113 2771 2184 plangentes.
2822 2117 2902 2172 Tu
2941 2121 3112 2175 aliena
3151 2121 3461 2180 desideras:
3492 2128 3596 2183 illae

2022 2205 2367 2254 contemnunt
2408 2217 2525 2257 sua.
2569 2205 2644 2259 Te
2679 2205 2914 2262 delibuta
2959 2210 3116 2266 melle
3143 2213 3262 2267 vina
3287 2213 3594 2274 delectant:

2023 2286 2125 2340 illae
2153 2298 2333 2357 potant
2361 2305 2549 2360 aquam
2582 2291 2820 2364 frigidam
2843 2298 3164 2354 suaviorem.
3193 2301 3270 2357 Tu
3294 2312 3345 2358 te
3370 2306 3594 2375 perdere

2021 2377 2312 2441 existimas,
2339 2380 2594 2452 quidquid
2626 2383 2676 2438 in
2707 2392 2954 2454 praesenti
2987 2403 3090 2444 non
3121 2389 3386 2461 habueris,
3414 2407 3594 2452 come;

2019 2465 2184 2534 deris,
2207 2469 2546 2528 devoraveris
2571 2492 2584 2528 :
2617 2474 2721 2530 illa:
2744 2477 2913 2533 futura
2941 2478 3265 2552 desiderant,
3289 2495 3339 2541 et
3367 2487 3592 2544 credunt

2019 2573 2144 2614 vera
2157 2575 2275 2616 esse
2293 2577 2410 2631 qua:
2438 2564 2634 2633 scripta
2674 2574 2821 2624 sunt.
2851 2565 3000 2636 Esto,
3043 2571 3220 2640 inepte
3241 2583 3295 2628 et
3319 2575 3582 2647 inaniter,

2018 2651 2208 2720 quibus
2237 2655 2556 2709 resurrectio
2580 2669 2862 2724 corporum
2888 2662 3146 2727 persuasit
3176 2680 3190 2716 :
3231 2664 3356 2733 quid
3393 2665 3459 2720 ad
3501 2670 3593 2723 te?

2016 2739 2180 2795 Nobis
2209 2757 2240 2796 e
2264 2745 2532 2798 contrario
2559 2755 2647 2800 tua
2672 2747 2776 2802 vita
2800 2747 3063 2818 displicet.
3087 2751 3237 2806 Bono
3262 2763 3352 2809 tuo
3378 2771 3589 2814 crassus

2016 2832 2090 2886 sis
2124 2849 2136 2887 :
2168 2849 2252 2888 me
2278 2833 2474 2890 macies
2501 2834 2727 2892 delectat
2770 2848 2825 2894 et
2855 2841 3040 2908 pallor.
3083 2843 3162 2898 Tu
3191 2847 3322 2901 tales
3363 2850 3590 2905 miseros

2015 2923 2289 2979 arbitraris
2320 2943 2332 2979 :
2362 2941 2458 2981 nos
2490 2936 2541 2982 te
2581 2929 3019 2987 miserabiliorem
3048 2946 3313 3003 putamus.
3347 2937 3449 2992 Par
3475 2941 3587 3009 pangi

2016 3015 2262 3082 refertur,
2291 3025 2344 3071 et
2373 3019 2596 3074 invicem
2619 3020 2771 3075 nobis
2795 3022 3037 3078 videmur
3064 3025 3313 3082 insanire.

2085 3105 2139 3161 6.
2173 3105 2317 3172 Haec,
2350 3109 2419 3162 mi
2447 3108 2658 3164 domina
2686 3112 2863 3167 Asella
2899 3154 2914 3179 ,
2938 3129 3058 3169 cum
3085 3115 3194 3185 jam
3227 3134 3412 3174 navem
3458 3138 3588 3176 con-

2013 3197 2346 3266 scenderem,
2379 3201 2570 3270 raptim
2601 3202 2733 3258 flens
2753 3201 3045 3276 dolensque
3123 3209 3283 3281 198
3352 3216 3587 3269 conseri.

2014 3287 2116 3356 psi,
2148 3297 2200 3344 et
2220 3292 2415 3360 gratias
2441 3306 2541 3361 ago
2581 3293 2688 3348 Deo
2717 3309 2859 3362 meo,
2898 3297 3038 3367 quod
3068 3297 3257 3369 dignus
3285 3302 3406 3369 sim,
3429 3320 3585 3374 quem

2013 3381 2243 3437 mundus
2272 3383 2463 3438 oderit.
2493 3385 2594 3440 Ora
2621 3396 2796 3442 autem
2842 3397 2897 3443 ut
2925 3389 2989 3444 de
3016 3391 3286 3463 Babylone
3312 3394 3586 3469 Jerosoly-

2013 3487 2152 3528 mam
2179 3474 2467 3546 regrediar,
2498 3493 2563 3531 ne
2589 3477 2714 3533 mihi
2737 3478 3041 3535 dominetur
3069 3482 3581 3554 Nabuchodonosor.

2012 3567 2105 3622 sed
2128 3566 2283 3623 Jesus
2321 3569 2458 3624 filius
2476 3569 2736 3626 Joscdcc:
2771 3575 2944 3627 veniat
2973 3573 3048 3644 (ρ)
3088 3577 3268 3640 Ezras,
3300 3582 3389 3649 qui
3423 3581 3585 3636 inter-

2012 3666 2253 3726 pretatur
2276 3657 2514 3727 adjutor,
2543 3671 2598 3714 et
2641 3661 2860 3716 reducat
2909 3679 2993 3718 me
3032 3667 3082 3718 in
3107 3669 3326 3734 patriam
3385 3687 3581 3726 meam.

2015 3749 2219 3804 Stultus
2246 3765 2346 3820 ego
2371 3752 2459 3820 qui
2490 3753 2729 3808 volebam
2753 3764 2970 3810 cantare
2996 3756 3270 3813 Canticum
3302 3763 3506 3816 nomini
3533 3764 3582 3817 in

2013 3851 2152 3896 terra
2178 3843 2369 3907 aliena,
2389 3853 2452 3897 et
2475 3843 2686 3898 deserto
2707 3857 2886 3900 monte
2915 3847 3063 3914 Sina,
3089 3848 3302 3921 {Egypli
3330 3853 3584 3908 auxilium

2011 3929 2308 4001 ﬂagitabam
2341 3932 2472 4002 (λεν.
2499 3933 2610 4004 ιε).
2638 3933 2754 3989 Νοη
2793 3938 3113 4003 recordabar
3134 3939 3431 4011 Evangelii,
3456 3945 3577 4013 quia

2009 4024 2096 4092 qui
2119 4023 2185 4076 de
2205 4022 2498 4078 Jerusalem
2522 4025 2810 4094 egreditur,
2834 4027 3014 4082 statim
3042 4028 3228 4084 incidit
3253 4031 3306 4089 in
3334 4033 3588 4100 latrones,

2009 4112 2301 4183 spoliatur,
2331 4115 2661 4180 vulneratur,
2699 4116 2982 4174 occiditur.
3024 4119 3130 4177 Sed
3161 4121 3289 4180 licet
3326 4122 3590 4182 Sacerdos

2008 4203 2266 4274 despiciat
2288 4213 2445 4273 atque
2468 4204 2715 4272 Levites,
2759 4207 3127 4267 Samaritanus
3153 4212 3243 4270 ille
3282 4217 3586 4274 misericors
3644 4215 3649 4220 ’

2008 4302 2091 4348 est
2124 4293 2275 4364 (Luc.
2309 4294 2397 4365 10)
2420 4335 2436 4361 ,
2466 4295 2558 4366 qui
2599 4309 2720 4351 cum
2749 4297 3018 4355 diceretur
3047 4321 3062 4356 :
3107 4303 3498 4374 Samaritanus,
3535 4327 3588 4365 es

2012 4451 2335 4523 refluentibus
2347 4449 2461 4523 hfss.
2482 4464 2577 4523 non
2602 4452 2838 4523 improbo,
2851 4454 3153 4523 sic_emm_ex
3178 4464 3507 4523 ammnissimi.
3521 4481 3580 4518 ac

2007 4510 2322 4589 celeberrimi
2345 4511 2613 4589 Campania:
2630 4510 2798 4589 oppidi
2814 4517 3029 4589 nomine,
3042 4517 3132 4589 alia
3147 4510 3576 4589 amteuitatis—lo‘ea:

2009 4574 2269 4652 sacred“.
2277 4573 2439 4652 £911“,
2447 4573 2954 4652 ;Y9c_,=31~':lil‘.xstsrcsj
2972 4583 3038 4652 et
3068 4577 3236 4652 είοθεο
3250 4584 3307 4652 ,εει
3333 4573 3467 4652 Q'rati
3481 4573 3578 4652 iiii

2008 4635 2171 4709 Caelio,
2203 4651 2226 4680 ι
2246 4636 2407 4706 cujus,
2427 4635 2607 4696 inquit,
2631 4636 2680 4709 in
2697 4635 2869 4709 hortos
2888 4675 2901 4692 ,
2925 4638 3152 4709 domum“,
3176 4641 3319 4705 Bajas
3351 4635 3463 4709 jure
3486 4635 3578 4703 Qui}

2006 4694 2240 4774 libidines
2280 4694 2506 4774 omniurn
2525 4705 2914 4774 annmearentﬂ
2941 4697 3053 4774 Sed
3076 4694 3262 4774 aliquoi
3284 4694 3577 4774 ι)αῇβόᾖᾶςῖ

2005 4773 2038 4866 ἑ
2061 4758 2314 4866 ιῦιὲιῗτὶθηι
2337 4755 2598 4804 luxuriosa:
2643 4754 2885 4807 libertatis
2909 4773 2996 4822 pro
3019 4754 3223 4814 luxuria
3245 4754 3577 4826 vetrliberiavti;

2043 4830 2068 4865 ι
2137 4830 2166 4863 u
2193 4851 2206 4864 .
2227 4831 2251 4861 ι

2043 4823 2206 4866 abeat.
2227 4831 2251 4861 ι

2076 4875 2483 4954 ίιξῌὲἓεξςεῑίξεξ
2682 4876 2844 4954 lavde!
2864 4881 3064 4954 Αρίςίειε
3085 4883 3170 4954 lib-
3191 4886 3238 4936 6-
3263 4895 3440 4954 ωρεδ-
3472 4895 3558 4946 Aci

2005 4938 2269 5000 penserem
2309 4939 2490 4999 piscem
2526 4938 2711 4989 Plinius
2741 4939 2773 4988 l.
2795 4941 2858 5014 .9.
2968 4945 3044 4994 17.
3071 4938 3341 5002 Athenaeus
3358 4938 3574 5018 Die—irin;-

2167 4998 2972 5081 99-1.:_¢.'e!s§"3_!9§~__'29unz
2991 5009 3072 5081 ei
3099 5011 3241 5060 vium
3266 5013 3573 5081 Sardoam:

2003 5058 2143 5120 vixit,
2166 5058 2405 5140 deﬁaleo
2424 5059 2742 5140 Ilhodiloueum
2758 5058 2916 5140 verba
2953 5058 3092 5140 facit,
3129 5058 3568 5140 eudijééé‘pﬁai',‘

2003 5123 2521 5199 quernﬁeigpenseretn
2544 5121 2724 5199 (graec.
2752 5137 2961 5199 ἀιιιεήσιον
2979 5129 3001 5199 ν)
3033 5121 3202 5199 vocant
3236 5121 3571 5199 Romani:qu

2002 5183 2114 5255 cum
2156 5183 2307 5255 tibiis,
2333 5190 2386 5255 et
2420 5183 2608 5255 coronis
2624 5183 2998 5255 _circumf_eruut'
3034 5193 3083 5241 in
3121 5183 3303 5255 canis,
3325 5183 3569 5251 adrodens

2000 5246 2150 5354 letiam
2170 5244 2266 5294 illis
2286 5247 2367 5354 (ιῗὶ
2393 5252 2598 5308 portant.
2624 5246 2806 5297 Verum
2829 5249 3098 5315 Acipeuser
3119 5244 3570 5320 Moabitae};

2019 5319 2237 5354 onmore.
2254 5323 2278 5352 ι
2307 5320 2338 5354 e
2359 5320 2404 5354 c.
2679 5339 2684 5343 ρ

2019 5307 2237 5368 οηείοιῖξν
2254 5323 2278 5352 ι
2306 5307 2404 5356 Gtc;

2157 5367 2336 5444 yet-ba
2354 5405 2367 5426 ,
2509 5367 2850 5444 interpretatur
2879 5373 3074 5435 adqu
3092 5412 3107 5435 ,
3140 5391 3251 5439 quae
3284 5379 3564 5444 Hieronymi

2000 5430 2295 5520 propositum
2333 5430 2537 5480 multum
2573 5430 2743 5520 julilrant
2759 5467 2774 5491 ,
2807 5430 3013 5520 deerant
3035 5430 3197 5487 autem
3228 5444 3352 5510 apud
3377 5430 3565 5491 Era'sm.

2002 5497 2048 5520 nl
2127 5503 2178 5520 QII
2203 5503 2404 5520 ιιι-νηπίω
2451 5506 2535 5520 ,ιι-Ω
2562 5507 2590 5520 ιι
2664 5507 2710 5520 (ιο
2756 5507 2828 5520 nm
2848 5509 2902 5520 ιηι
2921 5510 2995 5520 τηυ-
3043 5505 3090 5520 Δ.
3117 5503 3364 5520 ...u_...---_!
3395 5503 3505 5520 ‘43.:
3611 5514 3616 5519 .

2002 5489 2056 5538 et
2077 5489 2423 5548 Martiameum,
2449 5506 2538 5542 nos
2562 5489 2591 5540 ἐ
2614 5493 2728 5542 Mss.
2753 5489 3012 5557 eodicibus,
3041 5505 3093 5547 et
3117 5489 3566 5551 vetusiiciridediticii-1

2000 5552 2765 5627 nelcumnVictorio-restituimus.
2790 5616 2801 5627 O
2871 5616 2884 5627 -
2957 5625 2964 5627 _
3007 5626 3013 5627 γ
3525 5621 3536 5627 _

2063 5611 2138 5678 (l_)
2179 5611 2384 5678 Gravius
2407 5614 2542 5678 alias
2553 5617 2670 5678 (liba
2703 5616 2804 5678 legi
2827 5616 3050 5677 adnotat;
3075 5631 3160 5678 pro
3181 5633 3276 5678 qua
3300 5633 3421 5671 voce
3445 5621 3564 5671 mal-

2063 5630 2107 5673 υ
2120 5630 2138 5674 ι
2179 5630 2384 5668 uravms
2407 5630 2529 5664 anas
2553 5630 2670 5687 Inoa
2703 5630 2753 5687 te
2787 5630 2804 5665 ι
2827 5630 3050 5677 adnutat;
3075 5631 3160 5678 pro
3181 5633 3276 5712 qua
3300 5633 3421 5671 voce

1999 5670 2292 5750 let]
2313 5675 2378 5726 de
2401 5675 2702 5750 qttal’hnms
2724 5630 2812 5726 Ιιῗ).
2940 5691 2991 5750 c._
3013 5679 3089 5726 15.
3113 5683 3166 5726 et
3189 5683 3264 5750 ..ς-ε.
3290 5694 3334 5729 c.
3364 5683 3437 5732 11.

2067 5733 2133 5812 (2!
2171 5733 2457 5812 enumerat
2473 5736 2824 5812 gehyaysqae.‘
2841 5736 3026 5812 Ille-eote
3062 5741 3368 5812 superiorem
3402 5753 3564 5798 notam

2000 5794 2156 5858 Εἰδώ,
2175 5798 2224 5845 δ,
2251 5803 2303 5846 ει
2330 5798 2376 5845 in
2399 5795 2550 5858 Ενίςι,
2581 5797 2687 5846 ηδ.
2715 5794 2772 5845 ad
2797 5797 3020 5860 Alypium
3047 5806 3098 5848 et
3120 5794 3466 5860 Augustinum.
