4136 6332
505 396 615 452 485
661 356 669 366 ’

505 527 549 570 et
581 511 885 566 dwmoninm
915 488 1065 560 habes
1095 502 1272 574 (Joan.
1304 498 1363 572 8)
1384 536 1420 568 ,η
1444 499 1768 555 daemonium
1811 509 2041 551 renuens
2062 534 2078 558 ,

502 605 821 660 Samaritem
859 615 916 654 se
949 614 1051 651 non
1080 599 1322 666 negavit;
1355 593 1478 663 quia
1501 606 1660 663 quem
1686 603 1783 644 nos
1805 587 2079 648 custodem,

509 693 714 748 ΙΙμΙιποειεί
741 690 1028 746 santan'tem
1055 696 1267 742 vocant.
1295 685 1589 739 Maleficum
1616 680 1828 751 quidam
1855 693 1941 730 me
1966 691 2084 744 gar-

509 795 646 843 riunt
675 805 690 846 :
717 788 923 842 titnlmn
957 784 1100 846 fidei,
1126 797 1310 838 servus
1350 791 1603 848 agnosco.
1636 775 1840 844 Magum
1871 777 2082 832 vocant,

505 891 554 934 et
578 881 745 936 Jndazi
785 879 1068 932 Dominum
1101 889 1296 928 meum.
1326 870 1586 925 Seductor
1614 875 1668 920 et
1697 861 1981 933 Apostolus
2006 858 2089 913 di-

506 986 625 1029 etns
645 983 743 1026 est.
773 970 1021 1024 Tentatio
1043 984 1126 1020 mc
1157 981 1261 1019 non
1287 958 1686 1032 apprehendat,
1718 956 1820 1010 nisi
1856 954 2086 1008 hUmana

507 1064 582 1133 (l.
614 1062 730 1118 Cor.
758 1060 867 1131 10).
897 1058 1122 1126 Quotam
1167 1064 1368 1124 partem
1412 1050 1772 1117 angustiarum
1804 1057 2089 1114 perpessus

507 1171 646 1215 sum,
674 1154 762 1223 qui
791 1149 936 1206 cruci
967 1147 1178 1202 milito?
1200 1143 1474 1200 Infamiam
1505 1139 1624 1194 falsi
1650 1136 1890 1191 criminis
1915 1137 2089 1202 impu-

511 1254 690 1301 taruut
711 1261 723 1272 ·
753 1242 845 1296 8υά
875 1241 985 1294 scio
1015 1255 1111 1309 per
1138 1238 1331 1292 bonam
1363 1243 1416 1290 et
1452 1232 1645 1287 malam
1673 1229 1868 1284 famam
1895 1239 2088 1296 perve-

440 1374 445 1379 -
512 1337 616 1392 niri
641 1337 708 1391 ad
737 1349 899 1404 regna
925 1331 1211 1388 caelorum.

1790 371 2030 435 SANCTI
2073 369 2323 430 111εῆοΝ
2333 371 2446 427 ΥΜΙ

3667 370 3770 427 185

2258 493 2313 546 7.
2337 490 2517 546 Saluta
2547 487 2762 544 Paulam
2804 495 2858 543 et
2894 484 3275 552 Eustochium,
3305 483 3431 539 velit
3453 482 3585 538 nolit
3610 499 3768 540 mun-

2187 585 2310 650 dus,
2343 585 2396 639 in
2427 582 2638 638 Christo
2667 596 2836 637 meas.
2866 579 3048 635 Saluta
3071 587 3292 633 matrem
3321 577 3588 639 Albinam,
3621 590 3771 632 soro-

2189 692 2410 747 remque
2437 675 2734 730 Marcellam
2757 714 2773 740 ,
2803 671 3163 727 Mareellinam
3190 685 3424 740 quoque,
3454 677 3508 723 et
3532 677 3770 724 sanctam

2191 769 2519 826 Felicitatem
2542 809 2558 833 ,
2597 774 2652 821 et
2679 766 2764 820 dic
2789 765 2868 820 eis
2893 782 2906 817 :
2953 766 3090 817 Ante
3135 760 3363 816 tribunal
3391 759 3586 815 Citriin
3615 760 3772 814 simul

2191 860 2450 914 stabimus
2469 898 2486 925 ,
2514 857 2586 912 ibi
2614 855 2894 926 apparebit
2932 869 3035 924 qua
3061 861 3243 908 mente
3269 852 3388 920 quis
3418 850 3630 906 vixerit.
3658 851 3771 906 Me-

2193 961 2376 1008 mento
2412 951 2552 1017 mei,
2584 949 2884 1018 exemplum
2912 946 3216 1018 pudicitiae,
3261 953 3316 999 et
3349 944 3664 1012 virginitatis
3692 945 3774 998 in-

2193 1046 2376 1116 signe;
2405 1043 2701 1112 fluctusque
2728 1039 2892 1096 maris
2914 1040 3017 1093 tuis
3043 1036 3288 1108 precibus
3318 1034 3522 1105 mitiga.

771 1844 1006 1901 eumn
1051 1840 1276 1894 manu,
1320 1805 1814 1881 ‘DAMNATUMQUE
1859 1825 1922 1868 ts
1966 1820 2418 1866 “exsuperas
2467 1815 2712 1860 srmone
2756 1813 3089 1857 ORIGENEM
3134 1811 3303 1854 uno
3347 1791 3486 1853 ltOO.

2001 1942 2318 2000 om

986 2077 1316 2136 EPISTOLA
1338 2071 1500 2129 XLVI
1541 2070 1642 2142 (a).

793 2188 976 2233 Ρλυωε
1007 2189 1072 2228 ET
1103 2183 1371 2226 ευδτοοιηι
1395 2182 1460 2220 Δί)
1481 2173 1817 2218 κλιιεειιλιι.

1056 2262 1132 2316 De
1163 2257 1369 2315 Sanctis
1396 2255 1540 2309 locis.

511 2361 711 2426 Paula,
746 2359 952 2430 ﬁlioque
978 2356 1085 2427 ejus
1113 2348 1445 2406 Eustochium
1465 2387 1480 2410 ,
1512 2359 1625 2398 cum
1667 2341 1732 2395 ad
1760 2337 1951 2430 Sancta
1979 2335 2090 2390 loca

583 2426 915 2512 deuenissent,
960 2426 1260 2499 Marcellam
1291 2443 1580 2499 hortantur,
1611 2441 1664 2486 ut
1698 2432 1874 2485 relicta
1904 2426 2088 2491 Roma,

582 2545 649 2598 ad
671 2560 754 2597 ea:
775 2540 1028 2594 Bethleem
1068 2533 1378 2602 commigret,
1405 2529 1625 2599 {ruitura
1651 2522 1878 2577 omnibus
1903 2513 2092 2572 Christi

585 2629 920 2687 monumentis
966 2628 1019 2681 in
1062 2624 1205 2686 locis,
1236 2623 1289 2674 in
1327 2617 1503 2690 quibus
1549 2614 1787 2686 pleraque
1833 2608 2091 2681 religionis

585 2735 772 2778 nostra:
792 2719 1030 2791 mysteria
1063 2724 1264 2789 peracta
1288 2720 1425 2766 sunt.

587 2817 642 2871 1.
690 2788 994 2882 Mensuram
1038 2788 1231 2863 caritas
1279 2819 1384 2859 non
1429 2800 1615 2864 habet,
1662 2806 1717 2852 et
1763 2788 2092 2864 impatientia

517 2908 689 2965 nescit
717 2904 932 2962 modum
954 2945 969 2965 .
1011 2911 1066 2957 et
1101 2897 1424 2954 desiderium
1452 2909 1557 2948 non
1588 2887 1832 2946 sustinet.
1867 2883 2018 2941 Unde
2039 2890 2094 2937 et

515 3018 619 3059 nos
645 2999 825 3056 oblita:
851 2996 1041 3051 virium
1078 3001 1403 3056 nostrarum,
1432 2999 1486 3042 et
1516 3001 1620 3041 non
1652 2982 1776 3053 quid
1805 2979 2088 3051 possimus,

516 3092 610 3149 sed
635 3090 762 3162 quid
794 3089 1017 3145 velimus
1044 3094 1248 3140 tantum
1276 3083 1572 3150 cogitantes
1597 3116 1612 3141 ,
1659 3073 1964 3141 magistram
2002 3084 2093 3123 eu-

517 3187 691 3253 pimus
738 3181 935 3237 docere
977 3177 1281 3247 discipulm;
1313 3183 1368 3227 et
1406 3178 1462 3225 ut
1503 3176 1586 3223 est
1611 3166 1827 3234 vulgare
1869 3174 2094 3253 prove—r-

516 3248 711 3328 111111111
742 3272 845 3326 Sus
874 3269 1065 3323 artium
1109 3263 1452 3334 repertricem
1476 3259 1603 3329 (Sus
1643 3250 1968 3322 Minervam).
2013 3248 2094 3306 Tu

515 3380 633 3431 quae
687 3361 857 3432 prima
906 3358 1004 3431 [aL
1060 3351 1297 3426 primam]
1358 3349 1640 3405 scintillam
1694 3356 1877 3400 nostro
1927 3339 2096 3396 fumiti

514 3431 808 3524 subjeeisti,
834 3467 954 3522 qua:
979 3448 1044 3503 ad
1074 3444 1179 3502 hoc
1213 3441 1444 3500 studium
1473 3456 1570 3496 nos
1599 3449 1654 3495 et
1681 3449 1927 3493 sermone
1967 3431 2096 3488 hor-

517 3523 623 3599 tata
648 3557 727 3608 es,
751 3551 805 3599 et
831 3537 1111 3609 exemplo;
1147 3546 1200 3592 et
1229 3535 1377 3605 quasi
1419 3533 1610 3602 gallina
1641 3525 1972 3599 eongregasti
1998 3523 2097 3578 sub

515 3637 626 3691 alas
657 3634 830 3707 pullos
861 3641 979 3686 tuos
1002 3627 1214 3703 (Matth.
1243 3625 1335 3698 25)
1365 3643 1377 3679 :
1407 3639 1545 3679 nunc
1571 3637 1668 3676 nos
1695 3621 1862 3675 libere
1892 3617 2093 3686 absque

513 3739 682 3783 matre
726 3727 946 3781 volitare
975 3723 1194 3794 patieris
1225 3719 1296 3792 [al
1329 3713 1537 3790 pateris]
1564 3758 1579 3782 ,
1623 3723 1676 3770 et
1698 3712 1966 3782 accipitris
1999 3725 2093 3779 pa-

517 3834 642 3874 vere
673 3815 1050 3879 formidinem,
1090 3822 1144 3867 et
1167 3812 1233 3866 ad
1273 3824 1486 3863 omnem
1531 3807 1770 3861 umbram
1807 3813 2097 3874 prmtervo-

517 3913 737 3967 lantium
770 3910 943 3964 avium
979 3903 1298 3961 formidare?
1320 3902 1500 3972 Igitur,
1535 3898 1674 3969 quod
1705 3897 1874 3952 solum
1904 3894 2097 3948 absen-

515 4016 594 4059 tes
625 4003 798 4058 facere
843 4012 1124 4071 pessumus
1146 4036 1159 4059 ,
1203 3993 1453 4065 querulas
1498 3990 1765 4044 fundimus
1796 4000 2008 4058 preces;
2043 3992 2098 4036 et

516 4095 836 4149 desiderium
868 4103 1106 4146 nostrum
1138 4105 1242 4142 non
1271 4098 1376 4140 tam
1403 4084 1475 4155 (b)
1503 4083 1733 4146 fletibus,
1754 4095 1909 4151 quam
1933 4077 2100 4146 ejula-

518 4188 658 4240 tibus
681 4193 1042 4240 contestamur
1062 4223 1077 4246 ,
1106 4191 1160 4235 nt
1192 4179 1491 4234 Marcellam
1519 4188 1752 4231 nostram
1797 4173 1951 4228 nobis
1977 4168 2098 4225 red-

517 4277 634 4343 das,
658 4287 712 4332 et
733 4277 878 4330 illam
908 4274 1112 4338 mitem,
1148 4273 1294 4327 illam
1329 4285 1568 4334 suavem,
1603 4268 1745 4322 illam
1771 4266 1915 4320 omni
1938 4260 2098 4319 melle

517 4379 571 4423 et
600 4367 884 4423 dulcedine
919 4363 1216 4419 dulciorem
1266 4376 1369 4416 non
1404 4358 1622 4430 patiaris
1670 4355 1809 4426 apud
1857 4369 1949 4409 eas
1979 4367 2098 4407 esse

517 4459 762 4530 rigidam,
791 4465 847 4512 et
875 4455 1079 4510 tristem
1112 4467 1302 4522 rugare
1329 4449 1559 4504 frontem
1582 4487 1597 4512 ,
1627 4461 1760 4517 quas
1789 4443 2099 4498 affabilitate

519 4565 614 4604 sua
634 4549 699 4604 ad
725 4547 903 4604 simile
928 4546 1052 4600 vita:
1078 4543 1310 4599 studium
1334 4539 1660 4611 provocavit.

588 4643 642 4696 2.
675 4641 832 4696 Certe
875 4640 920 4694 si
965 4646 1091 4692 sunt
1135 4636 1357 4690 meliora
1387 4649 1505 4702 quae
1549 4629 1839 4701 poscimus,
1872 4643 1976 4682 non
2017 4636 2102 4681 est

519 4731 798 4804 impudens
824 4728 1172 4784 desiderium.
1204 4726 1260 4780 Si
1288 4734 1493 4780 cui-clm
1514 4723 1909 4792 Scripturarum
1939 4734 2099 4771 voces

522 4831 719 4878 nostra:
760 4819 1040 4874 sententia:
1066 4827 1395 4887 congruunt,
1431 4831 1534 4869 non
1575 4813 1795 4868 facimus
1825 4810 2096 4872 audacter,

519 4915 584 4969 ad
612 4929 672 4968 ea
703 4923 754 4966 te
782 4919 1134 4982 provocantes
1156 4950 1170 4973 ,
1206 4909 1271 4961 ad
1303 4923 1422 4975 qum
1461 4915 1514 4958 tu
1562 4919 1660 4958 nos
1689 4903 1985 4972 saepissime
2012 4916 2103 4953 eu-

519 5006 729 5059 hortata
757 5019 835 5059 es.
871 5001 1046 5056 Prima
1074 5015 1176 5053 vox
1218 4999 1312 5052 Dei
1361 4997 1425 5050 ad
1456 4997 1761 5052 Abraham:
1809 5013 1828 5047 1
1867 4994 1984 5057 Exi,
2017 4994 2094 5046 in-

520 5099 662 5169 quit,
709 5096 776 5151 de
808 5104 947 5149 terra
988 5103 1072 5146 tua
1097 5131 1113 5156 ,
1158 5100 1211 5144 et
1237 5091 1301 5144 de
1328 5089 1640 5158 cognatione
1672 5098 1780 5151 tua,
1808 5095 1863 5140 et
1887 5087 2018 5140 vade
2048 5085 2100 5137 in

521 5201 718 5244 terram
764 5201 920 5257 quam
949 5191 1315 5238 monstravere
1339 5181 1427 5234 tibi
1465 5200 1482 5231 1
1522 5179 1670 5251 (Cen.
1707 5179 1793 5233 12.
1827 5178 1901 5248 1).
1941 5176 2103 5232 Jube—

521 5290 607 5334 tur
636 5274 975 5335 Patriarchae,
999 5271 1065 5326 ad
1094 5287 1251 5342 quem
1276 5270 1504 5338 primum
1527 5269 1594 5323 de
1616 5269 1829 5324 Christo
1856 5267 1991 5323 facta
2020 5277 2104 5322 est

523 5367 884 5440 repromissio,
907 5374 966 5421 ut
993 5364 1257 5433 relinquat
1282 5361 1582 5428 Cbaldzeos,
1606 5362 1873 5432 relinquat
1945 5361 2104 5431 200

523 5459 850 5517 confusionis
878 5459 1062 5513 urbem
1083 5499 1096 5522 ,
1130 5466 1182 5510 et
1209 5455 1475 5517 Booboth,
1502 5453 1553 5508 id
1583 5463 1664 5509 est
1690 5454 1784 5525 (c),
1815 5455 2104 5508 latitudines

581 5577 652 5638 (α)
694 5574 819 5638 alias
862 5572 937 5638 l7.
963 5568 1153 5638 Scripta
1176 5568 1297 5617 circ.
1322 5579 1406 5638 an.
1429 5567 1543 5618 386.

585 5629 655 5698 (ὁ)
692 5636 1027 5698 Cistereiens._
1055 5631 1260 5698 fortasse
1305 5629 1471 5698 verius
1509 5647 1533 5676 ι
1568 5643 1662 5679 non
1700 5637 1797 5680 tam
1834 5631 2064 5694 precibus
2086 5664 2099 5687 ,

520 5692 663 5761 quam
686 5699 882 5748 ﬂetibus
905 5703 958 5761 et
981 5692 1246 5761 ululatibus
1269 5697 1615 5761 contestamur,
1634 5701 1786 5761 ιρις.

591 5759 766 5822 (εὶ-1111
797 5760 984 5822 rectius
1005 5753 1173 5819 plurali
1200 5764 1404 5822 numero
1443 5755 1636 5822 quidam
1663 5755 1772 5805 Mss.
1812 5754 1986 5816 legunt
2017 5764 2104 5814 pro

523 5813 757 5882 singulari
786 5813 1111 5877 latitudinem,
1139 5822 1192 5865 ut
1235 5817 1377 5861 antea
1403 5813 1540 5862 editi.

2192 2058 2308 2127 ejus
2337 2073 2353 2112 z
2391 2057 2653 2126 relinquat
2696 2067 2940 2127 campum
2983 2056 3224 2113 Sennaar
3244 2099 3260 2124 ,
3293 2057 3346 2113 in
3377 2074 3482 2130 quo
3509 2060 3773 2130 superbiae

2193 2165 2364 2220 usque
2403 2149 2469 2204 ad
2520 2150 2714 2205 calum
2755 2159 2931 2204 erecta
2964 2149 3125 2204 turris
3165 2159 3291 2205 est:
3341 2160 3395 2206 et
3425 2162 3541 2220 post
3583 2152 3775 2208 fluctus

2194 2241 2348 2298 istius
2364 2241 2565 2304 surculi,
2584 2252 2701 2310 post
2725 2240 2962 2304 fluinina,
2987 2255 3149 2310 super
3165 2256 3281 2310 qua:
3308 2243 3560 2297 sederunt
3581 2245 3771 2311 sancti,

2193 2341 2248 2386 et
2288 2333 2546 2385 fleverunt
2585 2347 2705 2384 cum
2755 2331 3168 2386 recordarentur
3195 2333 3320 2387 Sion
3344 2375 3358 2400 ,
3401 2345 3521 2404 post
3557 2351 3772 2405 gravem

2195 2425 2454 2495 gurgitem
2499 2422 2747 2487 Chnliar,
2793 2424 2860 2478 de
2905 2440 3010 2493 quo
3060 2423 3309 2480 Ezechiel
3339 2427 3532 2496 capillo
3563 2429 3775 2484 verticis

2195 2517 2502 2570 sublevatus
2524 2553 2538 2582 ,
2562 2514 2861 2570 Jerusalem
2905 2532 3073 2586 usque
3105 2517 3452 2585 transfertur;
3482 2531 3538 2574 ut
3577 2521 3776 2576 habitet

2196 2613 2394 2660 terram
2422 2607 2853 2675 repromissionis
2875 2649 2890 2674 ,
2930 2625 3049 2677 qua:
3074 2625 3179 2663 non
3210 2606 3410 2680 rigatur
3439 2622 3493 2666 ut
3514 2611 3774 2683 Egyptus

2196 2697 2265 2752 de
2290 2697 2562 2763 deorsum,
2586 2697 2678 2752 sed
2701 2698 2769 2753 de
2795 2714 3006 2753 sursum
3038 2718 3051 2753 :
3081 2717 3180 2755 nec
3206 2703 3332 2755 facit
3357 2701 3500 2756 olera
3529 2706 3777 2774 1³11811011-

2197 2791 2326 2844 tium
2350 2791 2534 2855 cibos;
2563 2790 2656 2846 sed
2687 2800 3086 2860 temporancum
3118 2801 3174 2848 et
3198 2795 3492 2848 serotinum
3535 2795 3604 2849 de
3633 2796 3775 2851 caelo

2197 2893 2473 2953 exspectat
2501 2883 2745 2940 imbrem.
2775 2884 2899 2939 llmc
2929 2894 3064 2940 terra
3087 2897 3386 2953 montuosa,
3407 2900 3458 2942 et
3485 2891 3534 2942 in
3560 2891 3776 2946 sublimi

2196 2981 2298 3036 sita
2326 2997 2339 3034 :
2373 2990 2628 3048 quantum
2659 2994 2688 3032 a
2717 2978 2924 3033 deliciis
2948 2980 3130 3035 saeculi
3163 2990 3346 3045 vacat,
3378 2993 3578 3037 tantum
3602 2984 3777 3054 majo-

2199 3087 2288 3127 res
2320 3071 2479 3126 habet
2521 3069 2737 3127 delicias
2775 3072 3013 3142 Spiritus.
3056 3069 3289 3143 Denique
3327 3084 3382 3130 et
3405 3073 3565 3128 Maria
3606 3087 3779 3132 mater

2202 3166 2433 3231 Domini,
2459 3175 2737 3236 postquam
2762 3165 2828 3220 ad
2849 3181 2966 3221 eam
2991 3167 3176 3238 Angeli
3204 3177 3286 3222 est
3307 3167 3440 3222 facta
3468 3170 3774 3238 promissio,

2200 3266 2256 3313 et
2285 3266 2490 3310 uterum
2519 3273 2676 3311 suum
2708 3257 2970 3313 intellexit
3013 3272 3134 3313 esse
3159 3258 3376 3312 domum
3405 3258 3496 3313 ﬁlii
3536 3259 3649 3328 Dei,
3678 3261 3776 3315 de-

2199 3347 2402 3402 relictis
2438 3347 2824 3415 campestribus
2851 3347 2918 3402 ad
2957 3358 3210 3402 montana
3259 3350 3509 3418 perrexit.
3560 3352 3633 3406 De
3678 3352 3778 3406 hac

2201 3440 2333 3495 urbe
2358 3481 2372 3506 ,
2405 3438 2674 3509 aIIOphylo
2710 3440 2978 3508 quondam
3007 3439 3162 3495 hoste
3186 3450 3461 3511 superato,
3490 3453 3543 3497 et
3564 3442 3780 3497 diaboli.

2201 3549 2280 3589 ea:
2311 3547 2561 3603 percussa
2591 3533 2778 3586 frontis
2815 3534 3056 3601 audacia,
3087 3545 3360 3605 postquam
3393 3536 3480 3592 ille
3509 3536 3560 3590 in
3590 3521 3776 3592 faciem

2201 3626 2436 3690 corruit,
2478 3624 2828 3680 exultantium
2875 3628 3173 3681 animarum
3210 3627 3357 3680 turba
3388 3629 3646 3696 processit
3675 3645 3688 3682 :
3723 3640 3780 3684 et

2201 3717 2489 3773 concinens
2509 3716 2706 3772 chorus
2733 3716 2916 3772 decem
2950 3719 3194 3784 millium,
3224 3719 3381 3772 David
3405 3721 3570 3772 nostri
3599 3720 3773 3774 victo-

2202 3809 2334 3862 riam
2375 3807 2705 3875 praedicavit.
2737 3808 2792 3860 lu
2825 3806 2924 3862 hac
2951 3808 3186 3878 Angelus
3211 3808 3440 3878 gladium
3475 3819 3692 3874 tenens,
3723 3821 3778 3864 et

2170 3958 2171 3961 η
2202 3909 2366 3953 totam
2409 3898 2694 3968 impietatis
2721 3900 3004 3955 devastans
3041 3903 3224 3956 urbem
3246 3943 3261 3968 ,
3294 3903 3345 3955 in
3385 3901 3580 3957 Ornam
3618 3901 3781 3958 Jebu-

2202 4003 2429 4044 smorum
2461 3988 2598 4058 regis
2624 4005 2750 4044 area
2781 3991 3035 4060 templum
3067 3992 3273 4046 Domini
3301 3992 3597 4062 designavit
3627 4010 3641 4047 :
3668 3993 3776 4064 jam

2205 4091 2327 4135 tunc
2349 4081 2652 4152 significans
2683 4082 2974 4138 Ecclesium
3004 4083 3226 4149 Christi,
3260 4100 3366 4138 non
3397 4085 3446 4138 in
3478 4086 3659 4151 lsracl,
3685 4085 3778 4139 sed

2205 4174 2255 4226 in
2285 4174 2530 4242 gentibus
2564 4182 2993 4244 consurgentem.
3042 4174 3280 4230 Rccurre
3320 4175 3385 4230 ad
3417 4175 3698 4240 Cenesim,
3725 4186 3782 4232 et

2205 4265 2590 4319 Melchisedech
2637 4280 2814 4335 regem
2853 4267 3028 4321 Saletn
3065 4265 3143 4338 (ά)
3175 4266 3333 4336 hujus
3360 4268 3654 4338 principem
3695 4269 3780 4322 in-

2203 4357 2386 4410 venies
2413 4355 2644 4410 civitatis
2676 4373 2690 4408 :
2723 4355 2814 4423 qui
2837 4355 2947 4427 jam
2975 4368 3098 4412 tunc
3123 4357 3176 4411 in
3209 4367 3332 4429 typo
3361 4358 3558 4412 Christi
3591 4374 3778 4428 panem

2204 4458 2258 4501 et
2285 4448 2465 4500 vinum
2497 4447 2722 4513 obtulit,
2750 4457 2804 4502 et
2847 4449 3160 4519 mysterium
3201 4448 3558 4504 Christianum
3587 4451 3638 4503 in
3667 4448 3784 4502 Sal-

2205 4542 2402 4594 vatoris
2426 4541 2682 4611 sanguine
2707 4549 2762 4596 et
2787 4556 3014 4612 corpore
3044 4541 3331 4596 dedicavit.

2277 4634 2329 4687 3.
2381 4634 2564 4688 Tacita
2610 4633 2831 4688 forsitan
2879 4643 3056 4689 mente
3087 4633 3486 4704 reprehendes,
3536 4648 3633 4689 cur
3676 4648 3781 4689 non

2204 4743 2491 4797 sequamur
2515 4726 2756 4780 ordinem
2786 4727 3218 4797 Scripturarum;
3265 4726 3358 4782 sed
3387 4726 3618 4796 passim,
3651 4735 3705 4781 et
3729 4737 3786 4780 ut

2205 4806 2461 4888 quidquid
2487 4819 2697 4874 obviam
2726 4821 2954 4885 venerit,
2978 4819 3217 4875 turbidus
3242 4835 3420 4874 sermo
3442 4821 3783 4888 perstringat.

2209 4912 2274 4965 Et
2299 4912 2351 4966 in
2393 4912 2649 4982 principio
2679 4921 2886 4966 testata:
2913 4926 3128 4978 sumus,
3161 4911 3500 4968 dilectionem
3541 4913 3786 4967 ordinem

2209 5018 2311 5055 non
2371 5003 2610 5068 habere,
2663 5011 2718 5056 et
2770 5001 3152 5070 impatientiam
3199 5004 3407 5059 nescire
3455 5019 3784 5060 mensuram.

2211 5093 2360 5149 Unde
2389 5104 2442 5148 et
2466 5096 2515 5148 in
2545 5094 2764 5149 Cantico
2790 5093 3133 5149 Canticorum
3173 5098 3323 5167 quasi
3351 5095 3568 5151 difficile
3601 5099 3785 5165 praeci-

2209 5188 2376 5256 pitur:
2405 5186 2650 5241 Ordinate
2676 5189 2729 5239 in
2754 5202 2832 5240 me
2855 5187 3119 5242 caritatem
3163 5191 3320 5261 201
3367 5187 3538 5261 (Cant.
3557 5189 3612 5241 2.
3633 5189 3712 5257 4):
3734 5199 3788 5242 et

2209 5295 2350 5334 nunc
2373 5279 2558 5333 eadem
2581 5277 2808 5332 dicimus
2839 5291 2958 5345 nos,
2979 5293 3085 5333 non
3110 5279 3459 5348 ignoratione,
3476 5279 3571 5332 sed
3596 5277 3790 5331 affectu

2265 5499 2348 5613 (Sd)
2392 5500 2500 5572 Non
2523 5499 2631 5610 egus
2652 5498 2836 5572 Salem,
2859 5513 2971 5572 qua:
2995 5506 3162 5571 postea
3185 5497 3462 5548 Jerusalem
3500 5498 3629 5547 dicta
3673 5505 3750 5548 est
3775 5533 3790 5556 ,

2320 5563 2524 5611 alterius
2583 5562 2689 5613 eius
2712 5573 2918 5610 nominis
2937 5560 3096 5613 oppidi
3116 5562 3256 5613 juxta
3273 5560 3580 5613 chtopolim.
3599 5558 3790 5613 Regem

2209 5558 2298 5613 sed
2320 5558 2524 5624 alterius
2546 5558 2689 5624 hujus
2712 5558 2918 5624 nominis
2937 5558 3101 5624 oppidi
3116 5562 3256 5621 juxta
3273 5560 3580 5624 Seytopolim,
3599 5558 3793 5624 Regem

2211 5626 2360 5673 fuisse
2385 5619 2750 5684 Melchisedech
2773 5619 3024 5684 conitendi't
3042 5619 3371 5684 llieronymu's
3393 5619 3444 5670 in
3462 5619 3623 5684 EpiSt.
3640 5619 3793 5684 paulo

2211 5686 2414 5735 inferius
2437 5683 2740 5732 recensenda
2761 5683 2819 5730 ad
2841 5680 3161 5743 Evangelum.
3193 5680 3362 5743 Paula,
3385 5691 3438 5733 et
3457 5680 3792 5743 Eustachium,

2213 5697 2414 5735 interius
2437 5697 2740 5732 reeensenua
2761 5697 2819 5730 au
2841 5697 3161 5743 “angelum.
3195 5697 3362 5743 rama,
3385 5697 3438 5733 et
3457 5697 3574 5733 LUSI
3611 5697 3792 5741 cuium,

2213 5761 2321 5809 quae
2344 5746 2724 5809 commemorem
2743 5745 3038 5809 sententiam
3053 5744 3162 5809 beie
3186 5743 3458 5809 proferunt,
3477 5758 3525 5794 111
3547 5697 3656 5793 aliis
3670 5756 3793 5804 quos

2217 5803 2311 5871 ciae
2336 5809 2456 5855 infra
2479 5819 2505 5853 a
2529 5804 2580 5852 ὃ.
2608 5803 2832 5854 Doctoris
2855 5805 3044 5866 placitis
3065 5803 3357 5854 discordant.
3444 5803 3452 5806 ’
3573 5817 3584 5824 ’
