4136 6332
321 364 422 426 885

320 482 442 539 labi.
481 478 720 552 Denique
746 488 803 535 ut
828 477 902 554 (a)
946 478 1115 535 multo
1143 477 1495 536 inordinatius
1527 477 1725 548 aliquid
1766 492 1887 550 pro-

317 575 581 640 feramus,
611 573 908 642 antiquiora
956 572 1242 642 repetenda
1284 579 1427 625 sunt.
1477 570 1535 625 In
1581 570 1680 624 hac
1725 571 1890 636 urbe,

315 664 424 720 imo
450 664 502 720 in
530 663 634 718 hoc
662 673 787 719 tunc
827 665 964 729 loco,
1010 672 1064 718 et
1105 662 1372 717 habitasse
1402 662 1616 725 dicitur,
1647 670 1702 716 et
1743 677 1888 715 mor-

312 765 434 811 tuus
459 769 580 810 esse
605 754 795 809 Adam.
826 753 980 810 Unde
1003 764 1058 809 et
1085 754 1234 808 locus
1271 757 1322 808 in
1358 769 1464 824 quo
1491 753 1777 809 cruciﬁxus
1807 762 1892 808 est

309 846 564 902 Dominus
602 858 821 912 noster,
863 843 1098 901 Calvaria
1129 846 1464 916 appellatur,
1516 847 1719 900 scilicet
1751 845 1890 914 quod

308 938 378 993 ibi
421 938 495 994 si:
533 939 736 1009 antiqui
778 925 1012 992 hominis
1037 937 1268 992 calvaria
1317 936 1566 998 condita,
1617 946 1675 990 ut
1702 951 1891 990 secun-

304 1030 404 1086 dus
425 1029 504 1100 (b)
526 1029 719 1096 Adam,
739 1029 790 1083 id
807 1039 889 1084 est
910 1029 1124 1100 sanguis
1151 1027 1348 1082 Christi
1373 1028 1437 1083 de
1463 1042 1624 1082 cruce
1656 1029 1886 1094 stillans,

303 1121 462 1192 primi
485 1120 653 1175 Adam
680 1129 736 1176 et
757 1121 989 1190 jacentis
1023 1117 1335 1190 proleplasti
1363 1129 1578 1190 peccata
1605 1119 1834 1174 dilueret
1870 1137 1884 1170 :

302 1219 355 1267 et
385 1220 514 1267 tunc
539 1226 719 1267 sermo
748 1213 840 1268 ille
868 1201 1110 1284 Apostoli
1141 1214 1500 1283 compleretur
1533 1229 1546 1266 :
1585 1231 1602 1264 ι
1639 1211 1887 1266 Excitare

301 1302 391 1373 qui
419 1302 646 1370 dormis,
685 1313 741 1358 et
767 1319 999 1374 exsurge
1035 1320 1066 1359 a
1099 1305 1342 1370 mortuis,
1391 1314 1444 1358 et
1484 1292 1806 1358 illuminahit
1835 1312 1887 1357 te

301 1393 549 1449 Christus
583 1413 603 1447 ι
639 1393 854 1466 (Epltes.
899 1395 952 1451 5.
997 1395 1109 1466 14).
1156 1395 1392 1463 Quantos
1431 1395 1543 1448 haec
1593 1393 1720 1446 urbs
1759 1392 1888 1447 Pro-

301 1484 506 1554 phetas,
540 1494 773 1556 quantos
800 1485 1043 1542 emiserit
1087 1498 1300 1542 sanctos
1329 1488 1501 1552 viros,
1535 1485 1752 1556 longum
1801 1492 1888 1541 est

301 1591 606 1633 recensere.
634 1577 829 1634 Totum
859 1579 1172 1650 mysterium
1196 1589 1457 1640 nostrum,
1491 1578 1643 1632 istius
1669 1577 1885 1648 provin-

301 1668 397 1722 cia:
419 1706 435 1732 ,
475 1668 732 1739 urbisque
760 1671 1103 1725 vernaculum
1147 1679 1248 1724 est.
1281 1669 1338 1723 ln
1371 1670 1538 1724 tribus
1579 1668 1882 1724 nominibus

305 1757 580 1814 Trinitatis
604 1760 936 1815 demonstrat
963 1762 1141 1815 Iidem.
1169 1759 1358 1825 Jebus,
1391 1769 1444 1814 ct
1483 1759 1678 1825 Solem,
1709 1767 1762 1814 et
1791 1757 1883 1811 Je-

301 1849 518 1903 rusalem
543 1851 866 1920 appellatur.
900 1851 1136 1906 Primum
1166 1865 1381 1917 nomen,
1411 1850 1606 1903 calcata
1637 1866 1656 1903 :
1687 1863 1880 1904 secun-

295 1937 457 2001 dum,
504 1956 609 2009 pax
637 1955 657 1994 :
687 1941 936 2008 tertium,
986 1941 1112 1995 visio
1165 1941 1328 2010 pacis.
1380 1939 1636 1993 Paulatim
1684 1939 1880 2009 quippe

295 2031 636 2098 pervenimus
662 2032 728 2085 ad
756 2031 938 2098 ﬁnem,
967 2040 1022 2086 ct
1053 2041 1172 2100 post
1195 2031 1654 2085 conculcationem
1686 2030 1750 2083 ad
1780 2044 1876 2099 pa-

285 2121 369 2175 cis
393 2123 653 2178 visionem
681 2123 938 2193 erigimur
969 2139 984 2179 :
1019 2121 1090 2194 (c)
1120 2137 1185 2176 ex
1217 2137 1317 2192 qua
1347 2136 1478 2190 pace
1514 2120 1792 2185 Salomon,
1823 2118 1873 2173 id

291 2221 412 2281 est,
457 2216 704 2284 paciﬁcus
722 2257 737 2282 ,
769 2216 822 2270 in
849 2231 911 2271 ea
942 2225 1098 2270 natus
1123 2224 1206 2269 est
1226 2255 1245 2279 ,
1271 2225 1317 2266 et
1357 2215 1522 2282 [actus
1551 2222 1622 2266 est
1663 2211 1718 2264 in
1755 2227 1879 2282 pace

291 2305 430 2362 locus
454 2309 567 2379 ejus
595 2307 768 2380 (Psal.
798 2309 913 2379 75).
948 2308 1018 2362 Et
1062 2307 1116 2361 in
1154 2307 1318 2376 ﬁgura
1351 2304 1578 2369 Christi,
1623 2303 1722 2357 sub
1761 2314 1878 2374 ety-

289 2396 518 2468 mologia
547 2399 715 2462 urbis,
747 2398 1006 2452 Dominus
1028 2395 1435 2458 dominantium,
1461 2403 1514 2448 et
1543 2394 1655 2449 Rex
1687 2408 1873 2463 regum

286 2501 485 2543 nomen
532 2490 758 2558 accepit.
807 2488 948 2554 Quid
995 2487 1290 2542 referemus
1333 2485 1400 2540 de
1449 2484 1613 2539 David
1657 2493 1713 2538 et
1762 2491 1872 2538 tota

286 2581 543 2650 progenie
567 2580 706 2648 ejus,
739 2596 858 2650 qua:
901 2581 954 2634 in
983 2580 1080 2634 hac
1118 2579 1330 2634 civitate
1367 2577 1638 2646 regnavit?
1659 2577 1869 2644 Quanto

284 2668 466 2726 Judaca
494 2670 711 2725 exteris
742 2671 1048 2741 provinciis,
1087 2679 1232 2724 tanto
1265 2670 1378 2725 lucc
1407 2669 1535 2724 urbs
1561 2679 1750 2724 cuncta
1776 2684 1869 2724 su-

285 2761 500 2818 blimior
525 2772 609 2818 est
630 2762 838 2818 Judsca.
866 2763 932 2817 Et
960 2765 1043 2832 (nt
1069 2763 1305 2817 coactius
1329 2762 1679 2831 disseramus)
1709 2761 1869 2815 totius

283 2852 572 2922 provincia:
596 2852 764 2924 gloria
792 2852 1072 2922 metropoli
1096 2850 1394 2906 vindicatur
1417 2869 1430 2905 :
1460 2861 1511 2906 et
1533 2849 1786 2922 quidquid
1813 2851 1866 2906 in

284 2942 539 2998 membris
570 2943 746 2998 laudis
773 2952 874 3009 est,
904 2958 1064 2998 omne
1088 2942 1317 2999 refertur
1345 2943 1409 2996 ad
1437 2951 1616 3014 caput.

351 3035 406 3090 4.
444 3033 770 3091 Jamdudum
803 3044 854 3090 te
875 3035 1178 3106 cupientem
1207 3035 1260 3088 in
1292 3034 1453 3089 verba
1484 3048 1861 3105 prorumpere,

285 3126 383 3196 ipsi
416 3125 723 3181 litterarum
752 3125 934 3196 apices
971 3127 1307 3192 sentiunt,et
1337 3125 1643 3180 venientem
1675 3136 1862 3180 contra

284 3215 464 3272 charta
486 3216 738 3287 intelligit
765 3217 1144 3287 quaestionem.
1171 3216 1541 3285 Respondebis
1566 3217 1785 3287 quippe,
1808 3227 1863 3272 et

284 3306 450 3375 dices,
501 3307 604 3383 hoc
652 3307 782 3362 olim
835 3306 1026 3376 fuisse,
1057 3306 1273 3377 quando
1305 3325 1326 3359 ι
1365 3307 1555 3362 dilexit
1603 3307 1862 3363 Dominus

282 3410 462 3468 portas
489 3398 620 3456 Sion
645 3413 811 3469 super
840 3399 1017 3454 omnia
1048 3399 1393 3453 tabernacula
1424 3397 1592 3453 Jacob
1621 3417 1642 3450 ι
1687 3398 1856 3469 (Psal.

281 3491 373 3561 86)
405 3509 418 3545 :
450 3499 506 3546 et
553 3491 769 3546 fuerunt
813 3490 1160 3546 fundamenta
1199 3491 1316 3562 ejus
1348 3491 1400 3546 in
1436 3491 1707 3547 montibus
1731 3506 1856 3546 san-

281 3583 381 3638 ctis
411 3601 426 3638 :
461 3585 585 3640 licet
629 3595 684 3640 et
714 3584 829 3639 haec
858 3586 1064 3655 possint
1093 3585 1254 3639 altius
1305 3585 1670 3653 interpretari.
1699 3585 1857 3639 Post-

281 3692 440 3747 quam
469 3693 602 3732 vero
630 3676 1003 3748 consurgentis
1031 3674 1240 3730 Domini
1269 3690 1373 3729 vox
1417 3675 1506 3729 illa
1549 3676 1855 3744 pertonuit:

287 3787 306 3820 ‹
351 3768 703 3840 Relinquetur
729 3768 883 3824 vobis
901 3768 1094 3823 domus
1123 3777 1302 3822 vestra
1337 3766 1552 3821 deserta
1592 3785 1610 3818 ι
1640 3765 1855 3836 (Matth.

277 3861 478 3932 29.59)
497 3877 513 3926 ;
533 3872 587 3917 et
609 3860 858 3918 ﬂebiliter
882 3859 1092 3915 ruinam
1113 3859 1230 3928 ejus
1264 3857 1622 3928 pr0phetavit,
1699 3858 1859 3930 202

277 3951 502 4008 dicens:
537 3970 556 4004 ι
591 3952 890 4008 Jerusalem
915 3991 932 4018 ,
961 3949 1285 4014 Jerusalem,
1316 3963 1437 4019 qua:
1479 3947 1680 4003 occidis
1726 3950 1859 4003 l’ro-

279 4043 487 4112 phetas,
518 4053 574 4098 et
603 4042 808 4114 lapidas
836 4057 930 4098 eos
958 4043 1048 4112 qui
1077 4041 1143 4097 ad
1175 4050 1227 4097 te
1269 4040 1418 4096 missi
1449 4048 1572 4094 sunt
1603 4057 1617 4094 :
1646 4041 1858 4111 quoties

279 4135 416 4188 volui
447 4149 778 4205 congregare
825 4133 963 4188 ﬁlios
994 4143 1134 4199 tuos,
1167 4133 1306 4188 sicut
1342 4133 1533 4202 gallina
1567 4141 1858 4202 congregat

278 4226 453 4295 pullos
483 4242 612 4282 suos
638 4225 741 4281 sub
765 4226 890 4292 alis,
923 4235 976 4281 et
1006 4225 1246 4281 noluisti.
1277 4225 1414 4280 Ecce
1440 4225 1736 4279 dimittetur
1759 4239 1855 4280 vo-

247 4317 357 4372 bis
400 4318 596 4374 domus
638 4328 820 4375 vestra
868 4318 1085 4374 deserta
1115 4338 1134 4372 ι
1176 4317 1329 4389 (Luc.
1371 4319 1461 4373 15.
1486 4318 1576 4374 54.
1613 4318 1707 4389 '55)
1743 4337 1756 4373 :
1802 4326 1857 4373 et

278 4417 556 4479 postquam
605 4410 781 4464 velum
816 4409 998 4479 temin
1045 4409 1273 4464 scissum
1322 4417 1423 4476 est,
1449 4418 1503 4464 et
1530 4409 1854 4464 circumdata

278 4500 342 4553 ab
371 4501 609 4556 exercitu
640 4498 964 4564 Jerusalem,
989 4509 1045 4554 et
1091 4500 1368 4555 Dominico
1395 4515 1590 4556 cruore
1635 4501 1852 4569 violata,

279 4598 400 4644 tunc
445 4590 514 4645 ab
556 4605 618 4646 ea
670 4591 832 4645 etiam
883 4591 1213 4662 Angelorum
1269 4592 1534 4661 praesidia,
1565 4601 1620 4648 et
1657 4592 1852 4648 Christi

276 4682 496 4751 gratiam
541 4683 857 4738 recessisse.
908 4682 1149 4754 Denique
1201 4685 1362 4738 etiam
1417 4683 1730 4755 Josephum,
1764 4687 1852 4756 qui

320 4814 406 4886 __(a)
445 4815 615 4886 Antea
639 4824 746 4868 erat
768 4819 1011 4868 contrario
1032 4831 1181 4886 sensu
1204 4821 1356 4886 multo
1391 4822 1663 4871 ordinatius
1683 4859 1697 4880 ,
1739 4836 1849 4872 cum

271 4874 412 4944 aliter
437 4885 492 4928 et
511 4885 773 4944 contextus
793 4887 960 4944 petat,
986 4886 1046 4944 et
1075 4879 1191 4944 Mss.
1219 4881 1323 4944 fere
1345 4895 1520 4944 omnes
1553 4889 1662 4944 tum,
1678 4874 1848 4944 nostri,

272 4943 372 4987 tum
393 4953 517 5001 quos
537 4939 618 4988 alii
641 4939 1005 5000 consuluerunt,
1029 4940 1350 4991 inordinatius
1373 4942 1602 4992 habeant.
1641 4943 1718 4992 De
1746 4939 1852 4994 Cal-'-

271 5002 419 5065 νει-ἰφ-
434 5009 600 5050 autem
631 5001 1033 5065 interpretatione
1053 5037 1068 5057 ,
1091 5016 1236 5065 quam
1256 5003 1469 5065 subdunt
1491 5003 1638 5052 Paula
1664 5012 1716 5053 et
1749 5005 1849 5054 Eu-

271 5060 746 5129 _stocbi_u_m,_consule
762 5060 901 5129 Hier.
913 5064 968 5129 in
981 5060 1171 5129 Ephés.
1196 5065 1301 5129 c._.f5.
1323 5078 1368 5112 v.
1394 5064 1472 5112 14.
1490 5065 1572 5112 ubi
1597 5074 1848 5129 postquam

271 5119 393 5172 hanc
407 5121 616 5172 fabulam
633 5135 661 5172 a
684 5125 892 5186 quodam
911 5125 959 5173 in
981 5119 1201 5186 Ecclesia
1221 5124 1496 5186 disputante
1518 5138 1545 5173 a
1559 5119 1616 5186 se
1637 5119 1847 5178 auditam

271 5193 534 5244 narrasset,
576 5185 715 5234 Hcec’
736 5191 899 5235 utrum
936 5199 1049 5236 vera
1074 5185 1186 5244 sint,
1226 5185 1392 5244 mene,
1430 5185 1618 5238 lectoris
1649 5188 1850 5240 arbitrio

270 5242 793 5311 relinquit.'_tlze_terum
825 5248 972 5311 etiam
993 5262 1020 5296 a
1043 5247 1098 5296 S.
1121 5242 1385 5311 Ambrosio
1401 5247 1448 5311 in
1481 5246 1602 5311 ALuc.
1626 5248 1704 5298 23.
1739 5264 1848 5311 pro-

271 5303 446 5374 b_atu_r';
463 5306 553 5355 sed
566 5308 768 5374 _r_nirum,
792 5308 920 5374 quod
941 5309 1233 5358 sententiam
1257 5307 1380 5356 hanc
1400 5307 1626 5360 Hebraais
1650 5303 1843 5374 tribuat,

269 5367 527 5440 ab'eisque
547 5367 839 5440 disputanti:
868 5369 1014 5440 dicat.

335 5427 425 5496 (b)_
443 5427 731 5496 Respiciunt
754 5429 1626 5496 nominis_Adam_interprctationem,
1657 5447 1768 5496 quae
1793 5436 1842 5483 in

496 5486 818 5557 Hebraeorum
855 5486 1418 5557 uomipurnlragunbutis
1448 5486 1691 5557 invenitur
1735 5498 1844 5557 tua

271 5555 379 5610 an,
403 5550 559 5602 Adam
579 5549 828 5614 sanguinis
857 5550 1082 5613 (mallem
1107 5555 1153 5601 in
1179 5549 1314 5600 recto
1334 5587 1348 5606 ,
1371 5551 1600 5615 Sanguis)
1642 5549 1842 5608 extlusa

271 5631 453 5688 nempe
476 5621 622 5682 priori
647 5621 830 5688 littera,
849 5635 898 5680 α,
923 5628 976 5670 et
995 5621 1200 5688 reliquis
1219 5621 1424 5688 dant_'tD
1445 5633 1627 5688 tantum
1646 5630 1839 5688 exilesi-

273 5679 355 5730 tis.
378 5679 505 5730 Hinc
528 5695 620 5748 non
643 5683 761 5731 satis
786 5679 922 5748 recte
943 5692 1088 5748 antea
1105 5679 1343 5748 impressi
1360 5717 1373 5739 ,
1399 5696 1500 5733 tum
1520 5687 1602 5748 qui
1640 5679 1840 5740 δεὸιυιαὶ

272 5752 362 5806 pro
383 5742 642 5806 secundm,
665 5751 766 5792 tum
788 5746 935 5806 quiiet
961 5758 1046 5806 pro
1068 5744 1120 5794 id
1142 5742 1212 5794 est
1244 5743 1434 5804 legunt.

337 5802 409 5866 (c)
434 5803 751 5854 Restituimns
776 5802 820 5853 θ’
852 5802 973 5854 Mss.
994 5813 1045 5854 et
1070 5812 1260 5855 vetusta
1283 5802 1515 5867 «Fditione,
1547 5821 1652 5858 cum
1689 5819 1832 5860 antea

559 5887 621 5946 S.
666 5888 1036 5950 Htsnosvzut
1082 5891 1130 5950 Ι.

1669 363 1992 422 EPISTOIA
2036 363 2218 422 XLVI.

3478 369 3587 427 486

2004 479 2320 535 vernaculus
2348 479 2579 550 scriptor
2619 489 2700 536 est
2726 481 3054 551 Judmorum,
3085 483 3166 556 (ά)
3194 497 3459 551 asserere,
3485 484 3578 542 illo

2003 577 2244 637 tempore
2268 583 2374 640 quo
2399 569 2684 626 cruciﬁxus
2711 582 2796 626 est
2826 572 3099 639 Dominus,
3129 589 3195 629 ex
3225 574 3400 646 adytis
3427 574 3581 631 Tem-

2001 658 2072 729 pti
2104 657 2368 714 Virtutum
2400 659 2699 716 caelestium
2745 663 2987 731 erupisse
3033 678 3215 730 voces,
3245 665 3577 722 dicentium:

2001 749 2462 822 Transmigremus
2507 768 2573 807 ex
2622 753 2704 807 his
2753 753 2971 808 sedibus
3009 751 3290 825 (Iosephus
3344 755 3408 810 de
3451 757 3581 811 bello

1997 838 2127 894 Jud.
2157 841 2244 894 lib.
2273 843 2327 897 6.
2359 859 2406 896 c.
2435 841 2514 915 5).
2560 844 2637 898 Ex
2681 844 2876 914 quibus
2923 853 2977 898 et
3020 845 3140 899 aliis
3183 861 3463 916 apparere,
3491 847 3580 901 ubi

1996 933 2290 990 abundavit
2329 935 2520 1004 gratia,
2553 937 2624 991 ibi
2669 935 3136 1006 superabundasse
3181 948 3478 1005 peccatum.
3514 937 3584 992 Et

1997 1033 2279 1095 postquam
2310 1027 2601 1083 audierunt
2636 1030 2912 1098 Apostoli:
2947 1046 2966 1080 ι
3007 1029 3211 1084 Euntes
3241 1029 3433 1086 docete
3463 1044 3580 1086 om-

1996 1130 2091 1170 nes
2121 1128 2308 1189 gentes
2336 1138 2356 1172 ι
2387 1119 2605 1189 (.llatth.
2637 1121 2728 1177 28.
2765 1119 2892 1193 l9):
2930 1122 2994 1176 Et
3018 1122 3116 1192 ipsi
3144 1122 3388 1192 Apostoli
3423 1122 3578 1179 dixe-

1995 1217 2138 1263 runt.
2176 1229 2196 1262 ι
2231 1210 2524 1280 Oportebat
2551 1212 2765 1283 quidem
2799 1214 2950 1268 vobis
2988 1216 3217 1283 primum
3259 1215 3578 1270 annuntiare

1995 1299 2214 1354 verbum
2238 1301 2359 1356 Dei:
2380 1305 2633 1373 quoniam
2656 1314 2831 1359 autem
2852 1305 3117 1370 noluistis,
3134 1320 3261 1361 cecc
3286 1305 3580 1360 transimus

1991 1389 2058 1443 ad
2089 1401 2276 1459 gentes
2314 1412 2333 1445 ι
2362 1394 2499 1462 (Act.
2529 1394 2616 1450 l3.
2648 1394 2778 1467 46);
2831 1408 2957 1451 tunc
2986 1411 3148 1451 omne
3174 1406 3576 1452 sacramentum

1989 1477 2210 1547 Judaxe,
2237 1490 2293 1537 et
2336 1485 2608 1554 antiquam
2665 1485 2757 1540 Dei
2805 1486 3244 1552 familiaritatem,
3281 1501 3377 1556 per
3424 1486 3576 1556 Apo~

1989 1571 2159 1624 stolos
2187 1571 2239 1625 in
2272 1575 2519 1629 nationes
2548 1575 2713 1630 fuisse
2743 1577 3079 1631 translatam.

2061 1663 2117 1719 5.
2143 1664 2328 1719 Valida
2350 1666 2565 1736 quidem
2590 1669 2836 1737 quzcstio,
2858 1677 2910 1723 et
2931 1685 3050 1739 qua:
3077 1670 3245 1739 possit
3265 1670 3426 1725 etiam
3455 1685 3571 1738 eos,
3658 1741 3664 1746 ν

1989 1754 2079 1822 qui
2112 1754 2511 1825 Scripturarum
2542 1758 2742 1828 aliquid
2775 1760 3088 1829 attigerunt,
3115 1770 3441 1816 concutere:
3475 1761 3571 1818 sed
3607 1823 3610 1825 λ

1986 1843 2239 1913 perfacile
2265 1847 2510 1901 solvitur.
2560 1848 2839 1920 Nunquam
2867 1851 3008 1904 enim
3037 1866 3156 1906 eam
3201 1850 3357 1907 fleret
3390 1852 3570 1908 Domi-

1987 1948 2087 1988 nus
2113 1945 2479 2005 corrueutem,
2513 1939 2613 1994 nisi
2641 1939 2908 2009 diligeret.
2957 1940 3130 1996 Flevit
3173 1951 3228 1997 et
3276 1943 3564 2010 Lazarum,

1984 2025 2108 2094 quia
2161 2027 2374 2082 amabat
2403 2044 2547 2083 eum.
2591 2030 2658 2084 Et
2708 2030 2810 2084 hoc
2841 2041 3016 2087 tamen
3050 2031 3219 2103 prima
3246 2034 3425 2090 fronte
3471 2050 3568 2091 co-

1981 2117 2246 2184 gnoscito,
2277 2133 2383 2172 non
2416 2119 2539 2184 loci,
2584 2121 2677 2175 sed
2726 2120 3003 2176 hominum
3053 2123 3220 2179 fuisse
3264 2135 3564 2195 peccatum.

1985 2204 2182 2260 Verum
2227 2208 2350 2276 quia
2402 2209 2704 2266 interfectio
2753 2213 2967 2282 populi,
2997 2215 3279 2284 captivitas
3328 2216 3566 2276 civitatis

1981 2306 2085 2362 est,
2117 2309 2403 2368 propterea
2428 2302 2612 2357 urbem
2630 2302 2883 2370 deletam,
2907 2313 2962 2359 ut
2987 2306 3216 2376 populus
3241 2309 3556 2377 puniretur:

1980 2386 2104 2442 ideo
2127 2387 2408 2460 Templum
2441 2391 2745 2458 subrutum,
2781 2403 2839 2448 nt
2865 2397 3058 2466 typicac
3087 2396 3276 2452 hostiae
3306 2398 3556 2454 tolleren-

1980 2485 2084 2534 tur.
2118 2480 2384 2538 Czcterum
2413 2494 2669 2555 quantum
2699 2485 2766 2542 ad
2807 2488 2981 2543 locum
3024 2489 3276 2558 pertinet,
3303 2506 3404 2562 per
3431 2509 3562 2561 pro-

1979 2568 2145 2624 feetus
2188 2579 2490 2642 temporum
2548 2577 2717 2630 multo
2761 2592 2902 2632 nunc
2947 2580 3223 2648 angustior
3253 2579 3361 2653 [aL
3392 2598 3562 2654 angn-

1975 2657 2131 2730 stior]
2171 2671 2276 2728 est,
2307 2678 2465 2733 quam
2511 2675 2638 2720 ante
2682 2665 2804 2720 fuit.
2836 2666 3246 2725 Venerabantnr
3287 2672 3557 2741 quondatn

1974 2747 2144 2804 Judaei
2175 2749 2370 2807 Sancta
2417 2765 2749 2823 sanctorum,
2782 2758 2904 2827 quia
2937 2758 3008 2814 ibi
3057 2769 3212 2814 erant
3236 2761 3555 2831 Cbcruhitn,

1973 2847 2028 2894 et
2075 2842 2526 2912 propitiatorium,
2577 2855 2633 2902 et
2679 2848 2815 2903 Area
2863 2851 3190 2916 testamenti,
3235 2867 3451 2919 malum,
3500 2866 3558 2913 ct

1971 2930 2118 3002 virga
2164 2935 2366 3002 Aaron,
2396 2947 2447 2992 et
2501 2939 2672 2995 altare
2721 2956 2964 2997 aureum.
3009 2942 3198 2999 Nonne
3242 2946 3337 3000 tibi
3387 2963 3554 3003 vene-

1971 3023 2197 3080 rabilius
2248 3028 2460 3084 videtur
2502 3030 2810 3100 sepulcrum
2842 3033 3098 3089 Domini?
3125 3037 3267 3105 quod
3311 3039 3554 3107 quoties-

1969 3129 2198 3187 cumque
2245 3120 2595 3190 ingredimur,
2627 3124 2786 3180 toties
2809 3125 2992 3193 jacere
3021 3127 3071 3180 in
3100 3128 3328 3183 sindone
3348 3132 3553 3186 cerni-

1968 3221 2090 3261 mus
2120 3207 2491 3266 Salvator-em:
2521 3222 2574 3266 et
2605 3215 2876 3282 paululum
2903 3215 3100 3272 ibidem
3130 3233 3552 3288 commorantes,

1967 3313 2179 3354 rursum
2211 3300 2454 3358 videmus
2526 3305 2686 3376 203
2760 3307 3025 3377 Angelum
3050 3308 3242 3366 sedere
3281 3312 3347 3366 ad
3385 3314 3550 3382 pedes

1966 3389 2104 3458 ejus,
2133 3401 2186 3445 et
2207 3392 2274 3447 ad
2302 3405 2460 3464 caput
2491 3398 2765 3452 sudarium
2794 3401 3342 3475 convolututn.anns
3367 3409 3548 3478 sepul-
3631 3469 3635 3473 ‘

1965 3482 2042 3535 cri
2087 3483 2336 3552 gloriam,
2382 3487 2552 3543 multo
2579 3498 2864 3561 antequam
2895 3494 3239 3551 cxcideretur
3264 3512 3292 3550 a
3320 3497 3544 3570 Joscph,

1965 3573 2166 3628 scimus
2219 3575 2370 3631 lsaize
2399 3579 2652 3634 vaticinio
2689 3583 3081 3651 prophetatum,
3110 3587 3338 3642 dicentis
3369 3607 3384 3643 :
3424 3609 3443 3642 ‹
3483 3591 3548 3645 Et

1965 3663 2068 3716 erit
2094 3666 2307 3735 requies
2335 3665 2452 3736 ejus
2480 3668 2653 3724 honor
2677 3690 2696 3723 ι
2723 3671 2880 3741 (lsai.
2909 3674 2998 3729 ll.
3029 3692 3131 3730 sec.
3164 3677 3336 3746 LXX)
3367 3685 3545 3750 :quod

1964 3755 2170 3810 scilicet
2218 3759 2509 3828 sepulturas
2537 3761 2749 3818 Domini
2796 3763 2948 3820 locus
2996 3777 3142 3823 esset
3198 3770 3266 3825 ab
3294 3775 3546 3830 omnibus

1964 3845 2332 3906 honorandus.

2035 3941 2086 3996 6.
2131 3939 2237 3996 Sed
2266 3941 2434 4007 dices,
2463 3945 2738 4014 quomodo
2767 3946 2818 4001 in
2863 3949 3185 4022 Apocalypsi
3221 3952 3443 4010 Joannis
3468 3956 3547 4012 le-

1961 4031 2137 4102 gimus
2166 4051 2180 4087 :
2217 4050 2237 4085 ‹
2289 4033 2358 4088 Ει
2384 4035 2596 4091 occidet
2625 4037 2746 4092 ill'os
2793 4037 2971 4111 (haud
2999 4041 3207 4097 dubiam
3251 4048 3376 4116 quin
3408 4046 3546 4102 Pro-

1963 4123 2176 4196 phetas)
2209 4125 2379 4182 bestia
2408 4143 2531 4199 quze
2577 4131 2823 4187 ascendit
2849 4148 2917 4188 ex
2947 4134 3168 4204 abysso,
3213 4147 3271 4193 et
3313 4154 3541 4212 corpora

1965 4230 2150 4271 eorum
2175 4217 2432 4288 jacehunt
2462 4221 2512 4275 in
2546 4221 2740 4292 plateis
2763 4225 2998 4283 civitatis
3035 4243 3262 4300 magntc,
3293 4248 3412 4302 qua:
3444 4250 3541 4292 vo-

1962 4317 2115 4362 catur
2159 4308 2510 4379 Spiritualiter
2549 4314 2777 4369 Sodoma
2808 4327 2864 4371 et
2891 4316 3183 4390 Egyptns,
3212 4323 3299 4378 ubi
3332 4332 3388 4380 et
3439 4328 3543 4383 Do-

1962 4399 2138 4456 minus
2187 4416 2371 4456 eorum
2401 4404 2688 4459 cruciﬁxus
2713 4417 2796 4462 εει
2840 4426 2858 4460 ι
2887 4408 3072 4482 (Apoc.
3118 4412 3207 4466 11.
3242 4414 3295 4468 7.
3344 4416 3398 4471 8.
3449 4419 3538 4474 15.

1960 4501 2008 4544 et
2034 4493 2220 4563 καφ).
2253 4493 2322 4562 (ε)
2353 4493 2409 4549 Si
2453 4497 2618 4561 enim,
2667 4498 2747 4552 ais
2787 4517 2801 4552 :
2850 4498 3051 4554 Civitas
3091 4516 3305 4572 magna,
3337 4505 3388 4559 in
3435 4524 3538 4579 qua

1959 4583 2248 4639 crucifixus
2274 4595 2359 4640 est
2381 4586 2638 4641 Dominus
2663 4589 2807 4643 nulla
2831 4601 2915 4643 est
2942 4591 3046 4644 alia
3072 4593 3171 4646 nisi
3201 4593 3538 4666 Jerusalem;

1961 4673 2048 4727 ubi
2064 4684 2240 4729 autem
2256 4676 2544 4731 cruciﬁxus
2557 4686 2637 4731 est
2656 4677 2930 4746 Dominus,
2946 4681 3294 4750 spiritualiter
3307 4686 3540 4747 Sodoma

1957 4765 2258 4833 appellatur
2281 4775 2335 4821 et
2363 4767 2627 4837 IEgyptus
2653 4785 2668 4832 ;
2699 4785 2827 4840 ergo
2851 4771 3152 4830 Jerusalem
3180 4775 3412 4835 Sodoma
3451 4795 3540 4840 est

1960 4865 2015 4908 et
2042 4855 2331 4927 Egyptns,
2361 4859 2410 4911 in
2441 4873 2544 4926 qua
2570 4861 2855 4918 cruciﬁxus
2879 4876 2965 4920 est
2989 4865 3266 4925 Dominus.
3298 4871 3535 4932 Primum

1958 4955 2009 5001 te
2051 4948 2191 5002 scire
2220 4949 2491 5017 volumus,
2525 4965 2740 5007 omnem
2784 4965 3024 5011 sanctam
3051 4957 3380 5029 Scripturam
3428 4983 3534 5024 non

1957 5057 2115 5111 posse
2143 5041 2246 5096 sibi
2278 5057 2402 5098 esse
2445 5045 2810 5112 contrariam;
2861 5058 2916 5104 et
2964 5053 3197 5109 maxime
3242 5071 3404 5112 unum
3435 5061 3532 5116 ad-

1960 5148 2170 5188 versum
2199 5149 2256 5189 se
2289 5150 2394 5189 non
2425 5134 2736 5208 discrepare
2787 5139 2984 5197 librum
3022 5152 3119 5198 :et
3159 5155 3215 5200 ut
3240 5149 3361 5218 plus
3389 5151 3528 5222 adji-

1951 5384 2218 5456 Victorius,
2255 5398 2320 5436 ex
2348 5399 2443 5451 quo
2463 5386 2722 5456 solamen,
2749 5400 2804 5444 et
2847 5396 3001 5456 magis
3030 5397 3204 5448 vitiose
3227 5399 3533 5455 Martianzeus

1949 5455 2088 5510 parte
2113 5461 2199 5510 pro
2238 5449 2374 5510 pace,
2415 5449 2667 5502 edidisset.

2012 5507 2415 5585 :l’iget‘
2438 5513 2614 5585 ilt‘il‘llm
2639 5512 3025 5585 hallucinationis
3048 5530 3287 5585 arguere,
3313 5534 3425 5585 qute
3448 5537 3532 5573 no-

1949 5569 2163 5647 tavimgs
2261 5569 2500 5647 Epist'gad
2522 5573 2784 5647 Damasum
2803 5569 3180 5647 (Ιιξβιξι-εψιιίῖὲι-2
3205 5569 3353 5644 atque
3377 5569 3531 5647 alibi,

1948 5631 2032 5698 ubi
2061 5630 2372 5698 _Hi_eronymo
2394 5633 2658 5698 Euselﬁum
2684 5638 2968 5698 imposuisse
2993 5630 3312 5691 ostendimus.

1984 5692 2094 5761 _(e)_
2124 5691 2522 5761 Perperatnpost
2543 5696 2727 5761 Erasm.
2747 5691 3063 5761 Benedictio.
3091 5698 3278 5759 Editor,
3315 5703 3391 5753 sic
3404 5706 3531 5758 enim

1945 5753 2162 5832 gifbiss.
2177 5753 2621 5832 onmesetvnlgati
2637 5756 2860 5832 plerique
2879 5764 2931 5805 ut
2949 5757 3198 5811 edidimus.
3214 5753 3418 5816 Gravius
3432 5753 3531 5832 legi

1922 5843 1927 5847 -
1942 5815 2101 5876 jubet,
2118 5815 2160 5865 si
2178 5815 2321 5874 enim,
2343 5823 2390 5864 nt
2415 5815 2500 5876 ait,
2515 5815 2695 5875 ιίιίνίιλςε,
2724 5815 2818 5867 etc.
3221 5846 3224 5850 -
3402 5815 3407 5816 ί
3449 5849 3458 5853 -

2879 5905 3124 5984 (scim)
