4136 6332
575 364 680 420 687

573 482 796 540 eiauuts,
839 472 1087 530 etuudem
1137 469 1488 540 ejusdemque
1545 467 1670 524 libri
1710 465 1906 521 locum.
1961 464 2042 533 (l)
2091 460 2148 516 lu

573 567 894 639 Apocalypsi
918 565 1142 634 quippe,
1172 561 1242 618 de
1267 576 1372 631 qua
1400 575 1543 618 uiuae
1571 556 1936 614 testimonium
1965 561 2154 624 protu-

574 659 704 720 listi,
721 665 847 710 ante
866 655 1053 710 decem
1073 652 1292 709 circiter
1320 650 1616 706 vcrsicnlos
1635 647 1918 703 scribitur:
1939 663 1958 697 ι
1981 643 2152 712 Surge

573 761 627 803 et
653 748 845 802 metire
886 746 1165 815 Templum
1201 744 1316 806 Dei,
1344 751 1401 798 et
1443 742 1633 806 altare,
1660 746 1714 795 ei
1759 737 2047 793 adorantes
2097 735 2150 788 in

571 857 656 894 eo.
691 838 903 893 Atrium
929 845 1106 892 autem
1133 834 1278 906 quod
1316 843 1401 889 est
1428 832 1560 887 loris
1595 831 1874 900 templum,
1901 827 2037 897 ejice
2065 825 2151 880 fo-

572 943 680 996 ras,
705 939 762 984 et
806 943 875 982 ne
922 927 1162 982 metiaris
1191 924 1342 990 illud,
1369 923 1625 993 quoniam
1655 921 1836 974 datum
1869 927 1954 974 est
1979 915 2153 989 genti-

572 1025 694 1090 bus,
724 1032 773 1078 ct
806 1021 1083 1076 civitatem
1108 1027 1350 1074 sanctam
1390 1014 1674 1071 calcabunt
1715 1010 1989 1066 mensibus
2017 1023 2152 1078 qna-

574 1114 818 1185 draginta
848 1111 1060 1169 duobus
1097 1128 1117 1162 ι
1147 1111 1334 1182 (Apoc.
1365 1109 1452 1164 ll.
1483 1108 1538 1161 1.
1568 1105 1656 1176 ﬂ),
1681 1104 1737 1159 Si
1767 1104 1912 1158 enim
1943 1103 2150 1171 Apoca-

573 1207 742 1277 lypsis
771 1204 942 1259 multo
993 1211 1111 1271 post
1159 1199 1466 1270 passionem
1498 1195 1710 1251 Domini
1764 1194 1963 1262 scripta
1993 1199 2079 1244 est
2121 1203 2152 1243 a

572 1297 802 1362 Joanne,
829 1305 880 1350 et
914 1295 966 1348 in
995 1308 1058 1348 ea
1107 1290 1407 1348 Jerusalem
1440 1297 1626 1342 sancta
1672 1285 1861 1340 civitas
1907 1280 2152 1351 appella-

578 1402 686 1455 tur,
718 1387 986 1458 quomodo
1035 1398 1248 1440 rursum
1293 1379 1641 1450 spiritualiter
1667 1377 1903 1432 Sodoma
1934 1381 2155 1427 vocatur

571 1493 626 1536 et
666 1481 929 1553 [Egyptus
951 1481 977 1531 ἲ
1002 1479 1112 1533 Nec
1139 1475 1319 1530 statim
1349 1483 1500 1543 potes
1528 1470 1732 1534 dicere,
1761 1478 2002 1522 sanctam
2046 1462 2152 1520 dici

573 1573 869 1628 Jerusalem
917 1569 1216 1629 ctelestem,
1255 1579 1375 1634 qua:
1412 1562 1588 1618 futura
1634 1568 1740 1625 est,
1779 1567 1834 1613 et
1862 1555 2152 1612 Sodomam

572 1679 694 1733 qua:
720 1661 926 1717 corruit
957 1657 1240 1729 appellari,
1273 1656 1398 1726 quia
1441 1653 1509 1709 de
1540 1651 1714 1706 futura
1741 1648 1960 1710 dicitur,
2005 1644 2152 1714 quod

575 1755 746 1808 bestia
773 1767 895 1822 quae
935 1763 1225 1805 ascensura
1255 1756 1338 1802 est
1367 1746 1436 1801 de
1461 1746 1676 1813 abysso,
1709 1740 1870 1796 faciet
1895 1739 2153 1793 adversus

573 1847 710 1900 duos
739 1844 1028 1915 prophetas
1073 1841 1294 1905 bellum,
1321 1847 1377 1894 et
1402 1836 1582 1891 vincet
1609 1834 1728 1887 illos
1758 1842 1812 1887 et
1845 1830 2074 1894 occidet,
2098 1836 2155 1884 et

573 1953 801 2009 corpora
825 1951 1015 1992 eorum
1054 1933 1310 2004 iacebunt
1353 1931 1405 1984 in
1431 1928 1604 1997 platea
1646 1924 1877 1979 civitatis
1924 1935 2150 1990 magna;

575 2034 647 2086 De
673 2045 778 2101 qua
818 2029 1038 2082 civitate
1079 2033 1134 2080 et
1177 2024 1231 2079 in
1283 2023 1390 2077 line
1425 2018 1662 2089 ejusdem
1711 2015 1832 2070 libri
1863 2013 2151 2068 scribitur:

579 2145 598 2176 ο
648 2125 711 2179 Ει
739 2121 931 2177 civitas
959 2119 1011 2173 in
1043 2117 1250 2188 quadro
1278 2116 1451 2185 posita
1481 2122 1595 2177 est,
1629 2120 1682 2166 et
1734 2107 2011 2178 longitudo
2037 2106 2155 2175 ejus

570 2227 623 2270 et
653 2213 879 2269 latitudo
923 2219 1070 2264 tanta
1110 2217 1195 2263 est
1232 2214 1428 2276 quanta
1458 2213 1512 2260 et
1553 2199 1820 2256 altitudo:
1854 2208 1904 2253 et
1937 2210 2156 2252 mensus

572 2319 655 2362 cst
685 2306 956 2360 civitatem
981 2301 1050 2358 de
1077 2299 1339 2354 arundine
1373 2293 1450 2368 (c)
1480 2308 1664 2359 aurea,
1697 2307 1790 2362 per
1817 2289 1990 2346 stadia
2017 2288 2177 2343 duo-.

571 2401 745 2454 decim
796 2395 985 2452 millia.
1026 2390 1329 2462 Longitudo
1366 2398 1421 2444 et
1448 2385 1757 2442 latitudoet
1782 2380 2010 2436 altitudo
2039 2379 2158 2448 ejus

572 2490 796 2560 aequalia
815 2497 960 2544 sunt.
977 2486 1046 2540 Et
1067 2496 1288 2538 mensus
1303 2489 1385 2534 est
1408 2492 1589 2532 muros
1663 2472 1826 2546 2M
1894 2472 2011 2541 ejus
2031 2486 2158 2524 cen-

574 2594 686 2636 tum
701 2577 1049 2651 quadraginta
1067 2583 1298 2644 quatuor
1313 2569 1615 2626 cubitorum
1632 2579 1878 2620 mensura
1899 2560 2155 2623 hominis,

575 2688 692 2743 quae
719 2680 803 2726 est
833 2668 1048 2738 Angeli.
1099 2667 1163 2720 Et
1203 2673 1322 2719 erat
1350 2671 1618 2716 structura
1660 2658 1796 2711 muri
1823 2655 1941 2724 ejus
1965 2669 2032 2708 ex
2074 2653 2154 2706 la.

577 2763 699 2834 pide
735 2759 966 2831 jaspide.
999 2757 1118 2822 ipsa
1145 2770 1276 2810 vero
1305 2753 1498 2808 civitas
1523 2766 1587 2805 ex
1618 2763 1750 2802 auro
1795 2743 2016 2810 mundo,
2053 2761 2072 2794 ›
2104 2751 2160 2797 et

574 2863 795 2910 e:rtera.
837 2850 938 2907 Ubi
965 2849 1228 2919 quadrum
1259 2857 1363 2911 est,
1398 2843 1468 2898 ibi
1496 2856 1593 2894 nec
1626 2836 1924 2908 longitudo,
1957 2849 2054 2888 nec
2084 2833 2162 2888 la-

579 2945 750 3000 titudo
779 2940 1039 3014 appellari
1068 2947 1264 3009 potest.
1318 2937 1383 2990 Et
1409 2951 1529 3005 qua:
1559 2941 1641 2986 est
1669 2930 1768 2984 ista
1801 2940 2073 2987 mensura,
2103 2932 2162 2978 ut

579 3048 722 3091 tanta
765 3038 836 3089 sit
865 3030 1142 3102 longitudo
1168 3039 1224 3084 et
1253 3026 1496 3087 latitudo,
1527 3031 1725 3093 quanta
1767 3017 1992 3072 altitudo
2019 3016 2158 3086 ejus,

579 3139 634 3184 et
697 3127 835 3182 muri
897 3125 967 3180 de
1026 3121 1205 3190 lapide
1264 3119 1514 3188 jaspide,
1569 3121 1624 3168 et
1687 3122 1796 3166 tota
1851 3110 2039 3164 civitas
2093 3106 2160 3160 de

579 3235 712 3274 auro
742 3218 964 3281 mundo,
993 3225 1049 3268 et
1077 3212 1426 3267 fundamenta
1467 3217 1523 3263 et
1567 3207 1758 3276 platea:
1789 3205 1905 3273 ejus
1931 3202 1997 3256 de
2025 3198 2159 3268 lapi-

581 3313 738 3364 dibus
761 3307 1036 3380 pretiosis,
1058 3314 1114 3360 et
1141 3302 1422 3358 duodecim
1449 3310 1618 3372 porta:
1650 3298 1916 3367 fulgentes
1953 3309 2162 3364 marga-

583 3401 745 3456 ritis?

653 3493 708 3546 7.
750 3487 883 3545 Cum
925 3501 1053 3557 ergo
1100 3484 1217 3541 inec
1262 3498 1366 3538 non
1407 3480 1613 3553 possint
1657 3480 1948 3536 carnaliter
1987 3479 2162 3548 accipi

583 3581 912 3653 (absurdum
941 3581 1137 3651 quippe
1166 3587 1267 3642 est,
1303 3591 1398 3646 per
1426 3573 1714 3629 duodecim
1759 3572 1922 3627 millia
1965 3571 2164 3626 stadio-

584 3690 703 3728 rum
746 3680 948 3727 tantam
990 3670 1223 3725 civitatis
1267 3666 1655 3738 longitudinem
1701 3676 1756 3721 et
1805 3663 2162 3728 latitudinem,

582 3775 837 3835 quantum
857 3774 910 3820 et
930 3761 1267 3817 altitudinem
1293 3758 1610 3831 pratdicari)
1637 3757 1985 3828 spiritualiter
2011 3754 2168 3809 intel-

586 3857 799 3929 ligenda
852 3864 978 3910 sunt
1019 3852 1274 3924 singula:
1305 3859 1360 3907 et
1407 3850 1598 3905 civitas
1642 3863 1856 3920 magna,
1888 3845 1963 3921 (ὁ)
2008 3860 2166 3915 quam

589 3949 841 4006 videlicet
870 3946 1020 4016 prius
1047 3943 1336 4000 mdilicavit
1363 3943 1517 4008 Cain,
1548 3951 1603 3996 et
1629 3940 1926 3997 nominavit
1953 3953 2070 3993 eam
2101 3953 2168 3992 ex

591 4040 852 4096 vocabulo
871 4039 962 4094 lilii
985 4038 1093 4101 sui,
1110 4035 1198 4092 hic
1219 4035 1452 4091 mundus
1478 4032 1858 4104 intelligendus
1886 4039 1990 4094 est,
2008 4044 2168 4100 quem

591 4139 876 4186 accusator
925 4127 1151 4184 fratrum
1199 4141 1418 4184 suorum
1464 4124 1748 4191 diabolus,
1794 4131 1849 4178 et
1897 4119 2170 4176 fratricida

591 4222 863 4292 periturus
906 4217 1176 4273 exstruxit
1222 4217 1404 4282 vitiis,
1435 4214 1732 4270 sceleribus
1761 4212 2040 4275 condidit,
2068 4211 2172 4265 ini-

591 4311 800 4382 quitate
839 4308 1129 4378 complevit
1157 4325 1172 4362 :
1203 4322 1324 4376 qua:
1366 4304 1718 4374 spiritualiter
1743 4302 2044 4372 appellatur
2071 4301 2173 4356 So-

593 4405 752 4460 doma
784 4411 840 4458 et
884 4400 1170 4473 Egyptus.
1203 4399 1278 4454 De
1305 4412 1409 4468 qua
1446 4395 1678 4453 Sodoma
1709 4395 1968 4450 scribitur
2004 4411 2018 4448 :
2069 4393 2177 4472 Rc-

595 4496 830 4550 atituetur
855 4492 1087 4549 Sodoma
1115 4490 1170 4544 in
1189 4493 1494 4556 antiquum;
1522 4486 1664 4556 quod
1685 4485 1893 4542 scilicet
1918 4486 1988 4539 ita
2016 4484 2178 4541 resti-

600 4589 832 4643 tuendus
857 4587 928 4641 sit
954 4583 1206 4645 mundus.
1240 4589 1299 4637 ut
1339 4587 1465 4634 ante
1496 4579 1614 4634 fuit.
1646 4577 1832 4648 Neque
1860 4577 2005 4632 enim
2051 4591 2180 4647 pos-

601 4691 787 4732 sumus
833 4676 1057 4731 credere
1106 4687 1321 4730 rursum
1372 4668 1743 4726 tedilicandam
1790 4668 2082 4724 Sodomam
2128 4678 2184 4724 et

600 4779 850 4836 ca-teras,
880 4767 1198 4823 Gomorram
1243 4765 1450 4822 scilicet
1477 4773 1532 4819 et
1567 4762 1824 4818 Adamam
1854 4770 1910 4818 et
1939 4761 2182 4826 Seboim,

605 4861 704 4918 sed
752 4861 806 4916 in
853 4869 1142 4930 perpetuos
1185 4858 1396 4912 cineres
1443 4854 1845 4923 relinquendas.
1888 4853 2181 4924 Egyptum

605 4964 786 5008 autem
833 4963 1103 5018 nunquam
1137 4963 1232 5018 pro
1256 4947 1554 5004 Jerusalem
1582 4946 1824 5016 legimus,
1850 4944 1950 5001 sed
1975 4959 2189 5013 semper

616 5057 717 5112 pro
755 5040 861 5096 hoc
905 5038 1127 5098 mundo.
1157 5039 1224 5096 Et
1264 5037 1388 5107 quia
1433 5037 1649 5106 longum
1677 5046 1762 5093 est
1789 5037 1857 5093 de
1899 5035 2189 5106 Scripturis

611 5233 748 5346 me(se)
784 5231 968 5284 Vocem
990 5245 1141 5283 aurea
1173 5231 1517 5284 Gistercieusis
1533 5231 1643 5284 cod.
1669 5232 1850 5297 aliique
1873 5248 1970 5286 non
1993 5235 2198 5296 habent,

738 5309 832 5345 nec
853 5295 1019 5345 Grasea
1043 5293 1363 5346 exemplaria.

738 5309 832 5345 nec
853 5295 1019 5345 Grasea
1043 5293 1363 5356 exemplariaJ

699 5357 750 5413 ὁ)
788 5357 1112 5419 Scripseram,
1135 5352 1306 5419 credo,
1331 5352 1482 5419 Paula
1505 5360 1559 5419 et
1578 5354 1897 5405 Eustochium
1919 5395 1933 5417 ,
1959 5370 2104 5414 quam
2127 5357 2195 5408 ri-

614 5415 758 5469 debat
795 5415 1010 5481 (neinpe
1041 5417 1096 5467 S.
1132 5415 1372 5526 1081195).
1401 5422 1446 5466 at
1472 5415 1638 5479 prius,
1667 5423 1764 5466 etc.
1789 5432 1898 5480 quze
1920 5415 2023 5467 duo
2047 5421 2197 5468 verba

615 5480 803 5526 uidebat
839 5485 884 5526 et
905 5517 919 5526 .
959 5481 1010 5526 in
1044 5493 1196 5526 unum
1226 5477 1336 5526 t'tde
1355 5483 1448 5526 wet
1487 5477 1632 5526 facile
1669 5487 1850 5526 nuttata
1891 5487 2022 5526 sunt.
2051 5480 2197 5526 Certe

615 5477 814 5532 uidebat
839 5485 884 5542 et
905 5517 919 5542 ,
949 5477 1010 5542 in
1044 5493 1196 5530 unum
1226 5477 1448 5542 uidelicet
1473 5477 1632 5527 ‘l'acile
1669 5477 1850 5542 mutata
1891 5487 2022 5528 sunt.
2051 5480 2199 5531 Certe

616 5543 811 5594 codices
836 5538 953 5593 Mss.
981 5541 1156 5603 legunt
1189 5538 1380 5591 videbat
1399 5574 1412 5596 ,
1438 5551 1642 5603 quorum
1668 5551 1765 5603 ego
1789 5539 2054 5603 lectionem
2081 5556 2202 5602 prte-

618 5605 830 5672 ierrem,
867 5606 910 5672 si
944 5600 1093 5672 etiam
1127 5611 1175 5654 et
1218 5601 1611 5672 conjunctionem
1654 5600 1910 5650 adderent.
1960 5600 2204 5655 Victurius

621 5667 792 5719 maluit
815 5665 1034 5728 primum
1071 5667 1180 5717 loco
1204 5665 1373 5728 prius.

685 5729 758 5793 (l)
776 5792 782 5793 ί
797 5722 956 5781 Ᾱιὶιει·
977 5729 1184 5782 Gravius
1201 5722 1326 5788 legit
1348 5737 1404 5776 ac
1423 5723 1698 5789 distinguit,
1725 5741 1747 5771 ι
1762 5722 1923 5775 locum
1947 5727 1995 5776 in
2016 5724 2203 5787 Apoca-

629 5792 822 5852 ll'Si'de
843 5806 940 5856 qua
965 5807 1119 5855 nunc,
1135 5808 1158 5837 ι
1191 5795 1289 5839 etc.

1863 347 2105 406 SANCTI
2143 345 2394 402 “IERON
2403 345 2514 402 YMJ

3735 347 3842 420 ιδε

2264 458 2669 513 iunmuerahilia
2718 460 2961 529 exempla
3014 474 3324 531 congerere,
3377 475 3538 514 unum
3590 445 3842 517 testium?

2265 544 2811 619 nium'prol'cramus,
2850 551 2936 605 ubi
2985 549 3424 604 manifestissime
3473 549 3704 604 mundus
3754 549 3840 608 hic

2269 637 2529 710 Egyptus
2556 640 2873 709 appellatur.
2909 639 2964 694 In
2992 640 3233 711 Epistola
3259 639 3332 710 (c)
3361 639 3640 694 Catholica
3679 639 3842 696 Judas

2265 730 2574 800 Apostolus,
2605 732 2769 784 frater
2792 731 3001 798 Jacobi,
3030 733 3237 794 scribit,
3270 731 3455 785 dicens
3481 749 3494 784 :
3527 749 3546 782 ι
3582 729 3840 785 Commo-

2262 836 2392 876 nere
2417 830 2595 876 autem
2625 836 2719 876 vos
2749 823 2893 890 volo,
2913 823 3148 876 scientes
3173 820 3344 877 semel
3371 821 3841 890 omnia,quoniam

2261 910 2419 966 Jesus
2461 911 2715 980 populum
2757 911 2822 965 de
2871 920 3010 966 terra
3059 911 3278 982 Egypti
3325 912 3559 975 salvaus,
3607 912 3844 966 secundo

2261 1019 2353 1058 eos
2379 1004 2470 1074 qui
2512 1019 2617 1057 non
2657 1003 3023 1067 crediderunt,
3059 1002 3290 1072 perdidit
3327 1020 3346 1054 ι
3389 999 3539 1072 (Iud.
3578 1002 3626 1056 ι.
3661 1003 3740 1071 5).
3770 1003 3835 1056 Ει

2261 1109 2328 1147 ne
2376 1103 2594 1163 putares
2623 1093 2689 1147 de
2719 1093 2847 1147 Jesu
2877 1093 2985 1147 dici
3017 1091 3125 1146 ﬁlio
3151 1091 3319 1157 Nave,
3351 1092 3534 1146 statim
3563 1093 3835 1162 sequitur:

2266 1203 2286 1236 ι
2335 1186 2568 1256 Angelos
2607 1200 2740 1240 vero
2765 1186 2851 1256 qui
2882 1201 2986 1239 non
3016 1193 3367 1240 servaverunt
3391 1201 3545 1240 suum
3575 1187 3845 1256 principa-

2261 1286 2395 1341 tmn,
2412 1277 2506 1332 sed
2536 1277 2937 1344 dereliquerunt
2962 1291 3115 1331 suum
3139 1277 3489 1340 domicilium,
3513 1278 3564 1331 in
3584 1277 3842 1346 judicium

2261 1369 2437 1437 magni
2461 1367 2566 1420 diei
2595 1367 2818 1421 vinculis
2850 1367 3068 1421 :eternis
3095 1366 3193 1420 sub
3215 1367 3443 1436 caligine
3475 1368 3788 1421 reservavit.
3819 1386 3840 1419 ι

2265 1458 2330 1512 Ει
2362 1468 2418 1511 ιιι
2449 1457 2638 1511 eredas
2667 1457 2992 1527 ubicumque
3027 1457 3188 1511 simul
3221 1455 3489 1528 Egyptus
3527 1468 3578 1512 et
3609 1455 3844 1512 Sodoma

2261 1559 2316 1604 et
2334 1547 2596 1604 Gomorra
2614 1548 2982 1612 nominantur,
3005 1563 3113 1602 non
3137 1548 3277 1615 loca,
3302 1548 3396 1602 sed
3427 1549 3682 1603 mundum
3706 1551 3848 1606 hunc

2262 1637 2827 1706 interpret:u-i,smtim
2888 1637 3049 1709 205
3095 1638 3591 1708 jungitexemplum
3615 1657 3628 1692 :
3654 1660 3670 1690 ε
3697 1639 3846 1695 Sicut

2259 1728 2491 1783 Sodoma
2515 1737 2569 1783 et
2589 1728 2849 1785 Gomorra
2874 1740 2928 1784 et
2957 1730 3240 1784 linititima:
3258 1731 3523 1794 civitates,
3553 1732 3712 1786 simili
3733 1749 3847 1786 mn-

2260 1817 2328 1872 do
2349 1818 2642 1883 fornicatzr,
2666 1830 2720 1872 et
2743 1819 3003 1874 abeuntes
3021 1829 3143 1892 post
3172 1835 3388 1875 carnem
3415 1822 3663 1888 alteram,
3694 1823 3844 1879 facta:

2260 1922 2385 1966 sunt
2409 1915 2742 1983 exemplum,
2789 1914 2925 1982 ignis
2953 1914 3139 1968 :rterni
3183 1929 3396 1984 paruam
3423 1917 3776 1972 sustinentes.
3818 1937 3841 1970 ι

2261 2002 2328 2056 Ει
2374 2002 2501 2072 quid
2549 2017 2772 2058 necesse
2815 2013 2900 2058 est
2951 2005 3104 2074 plura
3148 2005 3502 2075 conquirere,
3553 2022 3674 2061 cum
3726 2017 3847 2078 post

2262 2093 2563 2161 passionem
2585 2103 2634 2147 et
2667 2094 3120 2148 resurrectionem
3139 2095 3350 2149 Domini
3374 2095 3654 2150 Matthmus
3675 2096 3844 2152 Evan-

2261 2183 2448 2254 gelista
2477 2192 2866 2238 commemoret
2895 2201 2909 2238 :
2949 2202 2968 2236 ι
3009 2185 3076 2238 Et
3104 2194 3272 2255 petrae
3299 2184 3480 2240 scissa:
3510 2193 3657 2250 sunt,
3680 2195 3735 2241 et
3760 2201 3846 2241 se-

2263 2276 2442 2344 pulcra
2473 2285 2751 2346 aperta,et
2784 2276 3014 2346 plurima
3047 2291 3272 2346 corpora
3307 2276 3694 2333 dormientium
3724 2294 3848 2333 san-

2262 2377 2470 2420 ctorum
2521 2377 2920 2422 surrexerunt:
2967 2376 3022 2422 et
3067 2367 3412 2437 egredientes
3464 2368 3533 2423 de
3581 2368 3847 2438 sepulcris

2269 2469 2386 2527 post
2412 2459 2862 2513 resurrectionem
2891 2473 3040 2512 suam
3084 2458 3308 2528 ingressi
3353 2468 3476 2513 sunt
3506 2468 3743 2515 sanctam
3770 2435 3846 2515 ci-

2263 2550 2510 2616 vitatem,
2540 2558 2592 2605 et
2621 2560 2982 2620 apparuerunt
3016 2551 3197 2605 multis
3227 2570 3248 2602 ι
3279 2551 3495 2619 (ΜαιιΙι.
3540 2551 3632 2607 27.
3683 2554 3769 2608 51.
3798 2564 3844 2607 et

2262 2642 2446 2714 seqq.).
2465 2642 2573 2698 Nec
2601 2644 2777 2696 statim
2796 2643 3131 2714 Jerosolyma
3151 2643 3409 2709 ccelestis,
3434 2643 3512 2715 (ά)
3532 2645 3667 2700 sicut
3690 2647 3846 2715 pleri-

2263 2749 2370 2804 que
2422 2734 2643 2787 ridicule
2691 2735 3042 2799 arbitrantur,
3075 2734 3126 2787 in
3186 2735 3291 2789 hoc
3335 2735 3456 2788 loco
3510 2736 3844 2805 intelligitur,

2263 2839 2382 2880 eum
2451 2827 2659 2893 signum
2707 2827 2912 2879 nullum
2967 2842 3087 2881 esse
3145 2827 3374 2895 potuerit
3415 2827 3552 2896 apud
3602 2827 3849 2881 homines

2268 2916 2476 2970 Domini
2510 2917 2855 2987 resorgentis,
2881 2917 2924 2970 si
2956 2932 3180 2985 Corpora
3208 2917 3525 2970 Sanctorum
3555 2921 3605 2970 in
3637 2919 3849 2971 cmlesti

2264 3008 2562 3062 Jerusalem
2597 3009 2709 3061 visa
2761 3015 2908 3062 sunt.
2941 3006 3074 3061 Cum
3127 3022 3257 3077 ergo
3285 3019 3338 3062 et
3368 3008 3746 3078 Evangelistae,
3796 3019 3852 3064 et

2266 3115 2454 3154 omnes
2495 3100 2792 3169 Scriptura:
2843 3100 3235 3171 Jerosolymam
3285 3110 3522 3154 sanctam
3573 3102 3850 3156 nominent

2269 3193 2580 3256 civitatem;
2623 3203 2676 3246 et
2705 3191 2987 3246 Psalmista
3032 3192 3328 3262 przecipiat,
3362 3203 3418 3246 ut
3461 3192 3748 3248 adoremus
3797 3193 3850 3246 in

2270 3285 2388 3338 loco
2417 3284 2499 3337 ubi
2522 3292 2762 3337 steteram
2784 3283 2934 3353 pedes
2961 3284 3074 3354 ejus
3104 3282 3222 3354 (Ps.
3254 3285 3406 3346 151),
3431 3300 3497 3338 ne
3530 3283 3602 3354 (ε)
3633 3284 3852 3353 patiaris

2269 3391 2388 3429 eam
2441 3374 2698 3444 appellari
2741 3375 3029 3429 Sodomam
3078 3383 3133 3429 et
3184 3374 3496 3446 Egyptnm,
3549 3391 3648 3446 per
3692 3391 3851 3446 quam

2275 3468 2530 3520 Dominus
2567 3466 2751 3534 jnrare
2789 3476 2954 3532 vetat,
2981 3467 3102 3535 quia
3133 3468 3202 3522 sit
3244 3469 3431 3522 civitas
3460 3469 3637 3538 magni
3687 3469 3850 3538 regis.

2341 3557 2393 3611 8.
2438 3556 2767 3610 Maletlictam
2814 3564 3008 3610 terram
3056 3559 3366 3621 nominant,
3410 3558 3553 3627 quod
3602 3573 3851 3613 cruorem

2275 3647 2479 3700 Domini
2512 3646 2769 3701 hauserit.
2803 3647 2866 3702 Et
2892 3647 3158 3716 quomodo
3184 3648 3456 3702 benedicta
3484 3648 3600 3702 loca
3627 3658 3814 3718 putant
3837 3690 3853 3713 ,

2275 3739 2324 3792 iu
2347 3740 2538 3810 quibus
2560 3738 2747 3794 Petrus
2767 3748 2820 3793 et
2840 3738 3055 3805 Paulus,
3078 3739 3362 3794 Christiani
3383 3739 3645 3795 exercitus
3665 3739 3853 3805 duces,

2273 3830 2582 3900 sanguinem
2616 3828 2794 3883 ludere
2821 3844 2917 3898 pro
2941 3827 3191 3885 Christo?
3218 3830 3272 3886 Si
3303 3845 3576 3886 servorum
3600 3839 3655 3885 et
3679 3830 3855 3885 homi-

2276 3938 2400 3975 num
2440 3919 2704 3975 eonfe~sio
2745 3921 2975 3991 gloriosa
3011 3931 3130 3984 est,
3160 3937 3256 3976 cur
3295 3922 3499 3976 Domini
3529 3930 3587 3976 et
3621 3922 3716 3976 Dei
3751 3937 3859 3977 non

2276 4017 2340 4069 sit
2372 4015 2601 4085 gloriosa
2628 4013 2936 4068 confessio?
2980 4015 3043 4068 Et
3077 4013 3366 4085 Martyrum
3397 4014 3589 4084 ubique
3616 4013 3860 4082 sepulcra

2277 4121 2616 4170 veneramur,
2639 4115 2692 4159 et
2711 4104 2786 4175 (i)
2805 4113 3038 4158 sanctam
3068 4102 3296 4157 laviliam
3321 4103 3488 4157 oculis
3509 4111 3856 4173 apponentes,

2280 4197 2324 4252 si
2365 4197 2524 4250 liceat
2557 4195 2716 4250 etiam
2747 4209 2839 4248 ore
2871 4194 3226 4264 contingimus
3256 4211 3271 4249 :
3296 4201 3352 4248 et
3380 4202 3778 4248 monumentum
3808 4191 3864 4245 in

2281 4304 2387 4357 quo
2429 4287 2685 4341 Dominus
2720 4285 2966 4339 conditus
3009 4293 3090 4339 est
3113 4327 3128 4350 ,
3159 4284 3372 4354 quidam
3403 4285 3668 4337 aestimant
3695 4281 3863 4351 negli-

2284 4379 2550 4450 gendum?
2586 4379 2642 4434 Si
2682 4379 2834 4433 nobis
2870 4393 2974 4431 non
3014 4377 3316 4441 credimus,
3360 4375 3640 4431 credamus
3674 4374 3866 4428 saltem

2285 4469 2495 4524 diabolo
2520 4477 2572 4523 et
2599 4469 2796 4539 angelis
2820 4467 2959 4538 ejus,
3002 4469 3093 4538 qui
3135 4467 3569 4537 quotiescumque
3593 4474 3718 4520 ante
3739 4464 3867 4518 illud

2350 4623 2422 4686 (c)
2460 4622 2698 4686 Legimus
2715 4634 2785 4686 ex
2810 4621 3318 4686 Cisterciensi,_antea_
3329 4619 3461 4669 enim
3487 4623 3594 4668 erat
3611 4616 3865 4686 σαησπξειι.

2288 4679 2386 4749 quo
2405 4679 2606 4749 nomine
2629 4683 2782 4749 multo
2802 4691 2931 4745 post,
2955 4688 3010 4749 et
3029 4681 3320 4734 Cassiodorii
3347 4688 3498 4749 aetate
3536 4686 3732 4740 septem
3773 4679 3870 4727 illa:

2292 4741 2512 4810 epistola:
2535 4741 2943 4810 appellatte'sunt.
2975 4741 3125 4810 Certe
3149 4755 3393 4810 nunquam
3415 4741 3744 4810 Hieronymus
3783 4749 3873 4788 Cc-

2291 4801 2518 4864 nlmicas,
2541 4801 2635 4866 sed
2652 4818 2851 4866 semper
2886 4803 3159 4866 (catholicas
3200 4801 3348 4862 diiit,
3389 4802 3520 4865 quod
3557 4802 3682 4850 item
3722 4801 3872 4849 hasce

2295 4871 2411 4932 ejus
2433 4865 2698 4932 discipulas
2720 4865 2898 4932 fecisse
2921 4878 3017 4914 non
3046 4865 3343 4932 dubitamus.

2357 4930 2435 4992 (ά)
2472 4924 2743 4992 Sic'tamen
2768 4929 2877 4992 ipse
2897 4940 3074 4992 earum
3087 4928 3322 4992 magister
3344 4924 3548 4992 Hieron.
3569 4924 3872 4992 sentit,_tu_m

2295 4985 2535 5041 alibi'tum
2560 4985 2806 5051 praecipue
2840 4986 2996 5049 Epist.
3015 4987 3099 5051 βο.
3125 4985 3189 5036 ad
3204 4986 3523 5051 Heliodorum
3567 4999 3703 5051 gum.
3739 4987 3786 5034 5.
3825 4985 3873 5032 in

2333 5067 2445 5102 nem
2469 5045 2627 5100 locum
2655 5045 2779 5099 alios
2796 5045 2992 5110 quoque
3015 5048 3193 5097 Patres
3212 5048 3508 5096 adducemus
3523 5081 3536 5104 ,
3562 5045 3834 5110 Origeuem
3858 5079 3875 5103 ,

2333 5068 2445 5102 uem
2469 5068 2627 5100 locum
2655 5068 2779 5099 auos
2796 5068 2992 5110 quoque
3015 5068 3193 5097 Πρω-εδ
3212 5068 3508 5096 uuuuccutus
3523 5081 3536 5104 ,
3562 5068 3834 5108 unguntur
3858 5079 3873 5103 ς

2296 5068 2552 5170 ἓΙὶΙεινὶυῐη,
2575 5111 2816 5160 Bullinum
2832 5145 2845 5168 ,
2873 5117 2970 5158 etc.
2986 5143 3003 5168 ,
3025 5110 3106 5171 qui
3131 5122 3228 5158 non
3245 5110 3297 5157 in
3317 5115 3517 5171 terrena
3540 5107 3630 5171 sed
3663 5124 3687 5153 ι
3707 5108 3759 5155 in
3775 5119 3873 5156 cae-

2301 5175 2413 5225 Iesti
2447 5173 2753 5232 Jerusalem,
2795 5184 2906 5233 qum
2939 5169 3262 5220 surrexerant
3302 5169 3655 5219 dormientium
3675 5180 3876 5231 corpora

2301 5241 2401 5286 visa
2425 5247 2553 5291 esse,
2575 5249 2598 5278 ι
2627 5235 2916 5282 docuerunt.

2363 5295 2436 5359 (ε)
2476 5289 2612 5359 idem
2650 5293 2738 5359 Ms.
2788 5306 2852 5342 ex
2893 5305 2990 5359 quo
3027 5293 3173 5359 modo
3214 5289 3549 5355 supplevimus
3587 5291 3790 5341 voculas
3827 5289 3879 5340 in

2303 5353 2440 5411 loco.
2459 5363 2561 5406 tum
2587 5355 2708 5417 legit
2728 5367 2788 5404 ne
2813 5353 3014 5417 patieris
3035 5353 3355 5417 audireeagit.
3382 5361 3482 5417 etc.

2366 5419 2438 5480 (l)
2472 5418 2526 5480 S.
2553 5412 2857 5480 Gaudentius
2888 5417 3048 5466 Serm.
3087 5415 3156 5480 in_
3171 5415 3255 5480 die
3288 5414 3623 5480 Dedicationis
3654 5412 3879 5480 Basilica:

2303 5474 2703 5544 de‘quadraginta
2725 5479 3045 5544 martyribus:
3077 5495 3101 5523 ι
3123 5476 3420 5544 Pprtionem_,
3435 5475 3628 5544 inquit,
3647 5474 3880 5544 r_eiiquia-

2305 5536 2421 5592 runf
2434 5536 2754 5602 sumpsimus;
2778 5546 2830 5589 et
2847 5536 2963 5587 nihil
2988 5551 3086 5587 non
3107 5536 3541 5602 minuspossidere
3564 5536 3878 5602 confidimus,

2305 5606 2419 5654 dum
2444 5596 2571 5653 totos
2601 5596 2923 5664 quadraginta
2950 5602 3000 5649 in
3032 5602 3151 5664 suis
3177 5596 3678 5664 favillisbonorantes
3693 5596 3881 5664 ample-

2307 5671 2500 5717 ctimur.
2522 5680 2546 5709 »
2575 5657 3008 5726 M'odum:eXplicat
3030 5660 3216 5726 Plinius
3227 5659 3496 5726 ᾤχωκε.
3521 5660 3566 5726 t_.
3599 5659 3667 5709 de
3691 5657 3882 5726 lino—ﬁ-

2312 5743 2370 5776 vo
2407 5733 2462 5776 ut
2493 5733 2669 5775 vocat:
2704 5742 2727 5771 ι
2760 5720 2951 5785 lleg'um
2973 5759 2987 5783 ,
3038 5723 3220 5784 inquit,
3266 5721 3382 5785 inde
3426 5720 3666 5771 {tuaebres
3706 5720 3878 5771 tunica

2311 5788 2524 5851 corporis
2547 5786 2752 5836 favillam
2777 5783 3049 5846 ab'reliquo
3071 5783 3298 5846 separant
3328 5784 3514 5832 cinere.
3540 5799 3568 5829 ι
