4136 6332
305 415 399 474 ιες)
1648 402 1867 460 EPlS'H

2016 401 2192 456 XLVI.

293 531 361 586 de
389 527 624 586 obsessis
652 525 960 596 corporibus
988 521 1326 592 expelluntur
1345 562 1361 586 ,
1387 520 1536 591 quasi
1567 519 1619 574 in
1644 532 1872 588 conspe.

293 633 382 677 ctu
413 619 693 676 tribunalis
716 617 912 673 Christi
938 624 1138 670 stantes
1157 613 1593 677 contremiscunt,
1622 612 1837 682 rngiunt
1857 652 1872 677 ,

301 726 351 772 et
386 729 508 770 sero
549 712 734 768 dolent
773 709 1136 772 cruciﬁxisse,
1173 723 1330 777 quem
1371 707 1610 761 timeant.
1657 705 1710 760 Si
1754 711 1877 774 post

302 807 598 878 passionem
643 804 850 859 Domini
881 803 899 870 (
928 812 981 854 ut
1011 800 1264 854 scelerata
1296 813 1397 852 vox
1427 804 1712 866 concrepat
1737 793 1758 866 )
1789 794 1875 849 hic

298 897 624 954 detestabilis
655 897 801 950 locus
825 907 937 957 est,
966 892 1090 962 quid
1119 892 1218 946 sibi
1247 891 1411 945 voluit
1438 889 1630 944 Paulus
1653 888 1874 943 Jeroso~

298 990 489 1059 lymam
520 985 770 1041 festinare
795 1024 808 1048 ,
839 994 894 1036 ut
924 982 995 1036 ibi
1029 981 1227 1036 faceret
1256 978 1640 1034 Pentecosteu?
1663 977 1751 1047 qui
1783 991 1872 1030 rc-

299 1078 584 1134 nitentibus
609 1093 667 1130 se
691 1075 942 1144 loquutus
963 1082 1067 1139 est,
1095 1072 1297 1127 dicens.
1335 1087 1353 1121 ι
1382 1069 1515 1136 Quid
1549 1068 1717 1122 fat-bis
1742 1066 1874 1122 llcu-

299 1179 377 1225 tes
417 1178 472 1223 et
516 1166 896 1221 conturbantes
921 1178 1015 1240 eor
1069 1162 1284 1217 meum?
1359 1161 1519 1231 206
1591 1159 1701 1229 Ego
1729 1159 1871 1212 enim

297 1279 399 1318 non
441 1260 614 1315 solum
645 1248 817 1329 ligari,
846 1255 938 1311 sed
983 1264 1040 1311 et
1087 1255 1219 1310 mori
1253 1255 1303 1308 in
1329 1253 1624 1309 Jerusalem
1657 1262 1873 1320 paratus

297 1369 411 1410 sum
429 1369 524 1422 pro
541 1353 756 1406 nomine
775 1350 979 1404 Domini
997 1349 1120 1404 Jesu
1151 1369 1169 1400 ι
1201 1348 1336 1416 (Act.
1362 1347 1452 1401 2|.
1482 1347 1591 1416 l3).
1615 1344 1749 1412 Quid
1767 1359 1872 1398 ca:-

299 1443 392 1498 teri
422 1442 598 1497 Sancti
617 1449 670 1496 et
693 1441 924 1494 illustres
947 1439 1068 1502 viri,
1096 1453 1319 1508 quorum
1347 1445 1464 1490 vota
1491 1446 1545 1490 et
1571 1435 1870 1490 oblationes

297 1545 413 1606 post
443 1533 869 1604 prmdicationem
889 1531 1082 1586 Christi
1095 1531 1162 1586 ad
1191 1529 1398 1594 fratres,
1427 1528 1516 1599 qui
1543 1538 1694 1584 erant
1714 1527 1871 1582 Jero-

298 1627 548 1696 solymis,
580 1623 976 1679 deferebantur.

366 1718 419 1772 9.
459 1717 699 1788 Longum
737 1724 820 1771 est
858 1729 996 1769 nunc
1023 1713 1090 1768 ab
1119 1727 1341 1768 ascensu
1371 1711 1580 1766 Domini
1611 1725 1776 1780 usque
1805 1709 1870 1764 ad

299 1818 611 1878 prresentcm
657 1808 796 1862 diem
845 1822 938 1876 per
979 1805 1211 1876 singulas
1257 1814 1441 1859 aetates
1483 1818 1740 1866 currere,
1782 1802 1872 1872 qui

298 1897 700 1967 Episcoporum,
728 1897 818 1967 qui
848 1897 1154 1967 Martyrum,
1181 1895 1270 1965 qui
1299 1894 1662 1964 eloquentium
1689 1893 1740 1947 in
1773 1892 1872 1946 do-

297 1989 459 2043 ctrina
501 1989 871 2044 Ecclesiastica
900 1988 1133 2042 virorum
1170 1984 1413 2040 venerint
1443 1983 1830 2054 Jerosolymam
1851 2023 1866 2046 ,

299 2088 538 2148 putantes
564 2081 738 2133 minus
767 2092 826 2133 se
853 2078 1143 2148 religionis,
1173 2077 1347 2131 minus
1378 2076 1572 2130 habere
1597 2073 1868 2137 scientim;

298 2186 392 2226 nec
417 2185 701 2233 summam,
727 2180 783 2224 ut
810 2168 1022 2232 dicitur,
1047 2183 1261 2222 manum
1287 2167 1558 2236 accepisse
1583 2170 1831 2219 virtutum
1854 2203 1868 2226 ,

297 2261 391 2315 nisi
424 2260 475 2314 in
504 2260 609 2314 illis
638 2259 903 2314 Christum
931 2258 1243 2313 adorassent
1271 2258 1422 2321 locis,
1453 2257 1520 2310 de
1541 2256 1731 2324 quibus
1760 2255 1870 2324 pri-

296 2366 436 2404 mum
476 2350 823 2420 Evangelium
860 2349 928 2403 de
967 2348 1201 2417 patibulo
1225 2355 1614 2401 eoruscaverat.
1641 2345 1799 2400 Certe
1827 2346 1872 2399 si

293 2440 452 2493 etiam
495 2440 783 2508 prmclarns
824 2437 1016 2492 Orator
1055 2435 1551 2505 reprehendendum
1580 2434 1656 2504 (τι)
1694 2436 1872 2490 nescio

293 2546 445 2597 quem
489 2538 671 2599 putat,
701 2527 838 2598 quod
880 2528 1080 2580 litteras
1119 2526 1332 2582 Grteeas
1361 2542 1465 2579 non
1505 2524 1746 2590 Athenis,
1775 2525 1870 2580 sed

291 2619 532 2691 Lilybaei,
558 2618 774 2673 Latinas
805 2633 910 2671 non
939 2617 1152 2681 Romae,
1181 2616 1275 2671 sed
1309 2616 1358 2668 in
1388 2616 1564 2670 Sicilia
1590 2616 1825 2670 didicerit
1855 2634 1868 2668 :

291 2709 430 2778 quod
476 2707 724 2762 videlicet
769 2721 1094 2776 unaqnzeque
1133 2705 1402 2774 provincia
1442 2704 1632 2760 habeat
1674 2704 1871 2774 aliquid

292 2798 584 2867 prpprinm,
611 2796 750 2867 quod
778 2797 878 2850 alia
905 2811 1053 2864 teque
1080 2795 1275 2849 habere
1299 2811 1402 2847 non
1430 2796 1626 2863 possit;
1653 2810 1748 2848 cur
1775 2810 1870 2852 nos

292 2899 534 2957 putamus
559 2886 759 2955 absque
781 2886 1003 2940 Athenis
1025 2886 1221 2939 nostris
1243 2899 1558 2955 quemquam
1585 2884 1650 2939 ad
1673 2883 1872 2939 studio-

293 2995 402 3033 rum
435 2978 638 3047 fastigia
669 2977 1012 3046 pervenisse?
1389 2988 1392 2992 '

359 3069 445 3124 10.
487 3068 598 3123 Nec
624 3069 725 3122 hoc
752 3068 1012 3125 dicimus.
1047 3066 1186 3136 quod
1219 3082 1504 3122 renuamus
1530 3082 1748 3139 regnum
1775 3067 1867 3124 Dei

295 3160 423 3215 intra
453 3176 551 3214 nos
580 3174 723 3226 esse,
752 3168 807 3214 et
835 3168 1048 3214 sanctos
1074 3160 1214 3214 viros
1243 3159 1401 3214 etiam
1432 3161 1482 3212 in
1515 3160 1722 3214 caeteris
1749 3174 1868 3215 esse

293 3253 620 3321 regionibus;
649 3251 742 3306 sed
770 3250 912 3321 quod
937 3250 1039 3304 hoc
1060 3264 1363 3308 asscramus
1385 3249 1470 3303 vel
1499 3250 1748 3313 maxime,
1775 3266 1866 3305 eos

293 3344 376 3412 qui
405 3343 457 3397 in
498 3351 609 3396 toto
635 3341 764 3396 orbe
800 3350 921 3395 sunt
952 3339 1106 3410 primi
1132 3381 1147 3405 ,
1179 3340 1280 3394 huc
1306 3340 1506 3410 pariter
1531 3341 1862 3410 congregari.

292 3435 366 3487 Ad
405 3450 523 3503 qua:
563 3449 659 3487 nos
676 3432 789 3487 loca
827 3446 933 3486 non
969 3441 1027 3483 ut
1067 3431 1246 3500 primm
1272 3431 1372 3501 (ὁ),
1400 3429 1493 3484 sed
1526 3441 1582 3484 ut
1609 3438 1866 3485 extrema:

291 3525 560 3588 venimus;
593 3534 649 3577 ut
675 3523 876 3592 primos
906 3521 957 3574 in
983 3521 1062 3576 eis
1088 3522 1333 3574 omnium
1355 3519 1588 3590 gentium
1613 3534 1864 3574 cernerc-

291 3629 423 3668 mus.
470 3613 626 3670 Certe
661 3611 759 3666 llos
793 3611 1004 3681 quidam
1035 3621 1088 3666 et
1116 3611 1528 3679 pretiosissimus
1557 3609 1692 3678 lapis
1727 3611 1864 3664 inter

291 3704 653 3758 Ecclesiastica
687 3708 1036 3765 ornamenta,
1079 3699 1456 3754 Monachorum
1493 3709 1547 3754 et
1587 3698 1862 3768 Virginum

289 3794 483 3848 chorus
507 3804 608 3848 est.
633 3793 961 3861 Quicumque
991 3791 1042 3845 in
1067 3789 1236 3845 Gallia
1284 3789 1444 3844 fuerit
1490 3789 1691 3858 primus
1716 3828 1730 3853 ,
1762 3788 1865 3843 huc

289 3894 553 3954 properat.
583 3884 790 3938 Divisus
817 3883 886 3936 ab
912 3883 1046 3936 orbe
1071 3889 1252 3935 nostro
1277 3880 1559 3935 Britannus
1576 3918 1594 3946 ,
1623 3879 1670 3934 si
1701 3881 1751 3933 in
1779 3895 1866 3934 rc-

289 3977 475 4046 ligione
505 3975 858 4045 processerit,
889 3975 1112 4030 occiduo
1137 3974 1251 4029 sole
1277 3973 1498 4028 dimisso
1521 4014 1538 4040 ,
1563 3973 1754 4043 quzerit
1781 3973 1863 4027 lo.-

288 4081 402 4121 cum
438 4066 577 4121 fama
607 4066 705 4122 sibi
738 4076 940 4120 tantum
970 4077 1023 4122 ct
1055 4065 1446 4135 Scripturarum
1481 4064 1738 4120 relatione
1767 4079 1862 4119 co-

287 4160 507 4229 gnitum.
535 4160 670 4226 Quid
700 4159 996 4214 referamus
1019 4157 1324 4223 Armenios,
1348 4157 1470 4227 quid
1498 4157 1708 4222 Persas,
1738 4157 1862 4227 quid

289 4247 444 4304 India:
467 4291 482 4316 ,
509 4259 566 4304 et
595 4249 881 4318 Aitbiopite
918 4249 1142 4320 populos
1167 4291 1180 4314 ,
1211 4249 1484 4317 ipsamque
1517 4249 1665 4318 juxta
1692 4245 1864 4318 Egy-

288 4349 448 4408 ptum,
473 4341 699 4394 fertilem
721 4339 1118 4402 Moaachorum,
1141 4338 1364 4392 Pontum
1383 4348 1435 4392 et
1454 4335 1861 4406 Cappadociam,

287 4430 490 4503 Syriam
519 4431 701 4487 C(elen
726 4415 778 4487 et
803 4431 1239 4502 Mesopotamiam
1261 4471 1274 4494 ,
1307 4439 1600 4499 cunctaque
1629 4427 1864 4484 Orientis

287 4524 564 4578 examina?
583 4523 862 4593 quzejuxta
881 4523 1169 4578 Salvatoris
1232 4521 1388 4593 207
1456 4521 1750 4590 eloquium,
1773 4519 1862 4574 di-

286 4616 468 4670 centis.
493 4615 852 4683 «Ubicumque
869 4617 1244 4684 t'ueriteorpus,
1266 4615 1390 4667 illuc
1404 4613 1864 4683 eongregabuntur

286 4709 470 4777 aquilae
495 4726 514 4761 ι
543 4707 769 4778 (Matth.
798 4708 889 4761 2t.
919 4707 1012 4775 2).
1033 4705 1370 4762 Concurrunt
1393 4705 1458 4760 ad
1488 4705 1603 4760 haec
1632 4705 1744 4760 loca
1767 4747 1780 4770 ,
1809 4715 1864 4760 et

286 4797 614 4853 diversarum
645 4799 800 4852 nobis
829 4798 1084 4851 virtutum
1108 4798 1376 4864 specimen
1406 4796 1713 4851 ostendunt.
1740 4796 1860 4852 Vox

285 4889 494 4957 quidem
515 4889 750 4953 dissona,
775 4887 868 4942 sed
891 4902 992 4941 uua
1016 4887 1219 4956 religio.
1242 4885 1345 4940 Tot
1369 4901 1503 4955 pene
1525 4887 1860 4956 psallentium

285 4979 430 5034 chori
456 5020 471 5042 ,
498 4988 627 5050 quot
653 4979 891 5049 gentium
919 4977 1272 5038 diversitates.
1303 4975 1446 5030 Inter
1473 4975 1589 5031 haec
1613 4976 1752 5046 (quas
1779 4977 1862 5031 vel

283 5074 452 5142 prima
495 5073 549 5127 in
590 5071 906 5128 Christianis
947 5071 1124 5125 virtus
1152 5067 1274 5139 est)
1308 5067 1440 5122 nihil
1467 5066 1544 5139 (c)
1566 5081 1820 5136 arrogans
1845 5107 1858 5132 ,

310 5343 322 5354 ο
346 5283 418 5346 (α)
459 5284 696 5356 Quintum
739 5281 987 5356 caecilium
1029 5283 1111 5345 qui
1383 5280 1863 5356 Siculommneontm

284 5341 494 5407 verrem
513 5347 701 5407 agitare
721 5344 933 5402 volebat,
945 5341 1362 5407 sicjept‘ehqndit
1381 5342 1577 5407 Cicero,
1608 5360 1634 5390 ι
1653 5341 1706 5392 Si
1731 5343 1865 5407 litte-

286 5401 576 5474 [ξε-ςφφᾷ
596 5406 836 5474 athenis,
859 5401 960 5454 non
979 5401 1178 5466 Lilybaei
1197 5439 1213 5464 ,
1237 5401 1433 5454 Latinas
1454 5402 1640 5464 Romae,
1677 5416 1774 5454 non
1812 5404 1864 5454 in

287 5463 947 5538 Sicilliadidicisseszretcz7
1016 5537 1019 5538 ν
1133 5537 1143 5538 7
1341 5522 1391 5538 Μ
1422 5531 1461 5538 ιν
1529 5527 1541 5538 ο

348 5526 420 5590 (b)
447 5527 624 5597 Xerba
647 5522 734 5578 sed
757 5532 808 5577 ut
838 5533 1097 5594 extremm,
1121 5524 1307 5597 omittit
1339 5522 1653 5597 Cisterciens.
1684 5538 1861 5597 exemi-

287 5584 412 5659 βιῷ-,⁷
447 5588 682 5659 Erasmus
704 5600 854 5647 vero,
883 5589 1094 5648 euinque
1125 5593 1329 5636 secutus
1358 5586 1580 5637 Martiae.
1615 5585 1763 5651 primi
1811 5594 1864 5638 et

286 5649 488 5699 extremi
510 5649 702 5712 legunt.
1618 5649 1625 5651 ⁷

297 5709 418 5783 ﬁge)
454 5711 717 5783 VZietorius,
731 5729 765 5783 ,ε
779 5708 902 5760 nihil
921 5715 1149 5783 arrogant
1161 5707 1266 5783 sibi
1279 5707 1347 5758 de
1366 5709 1665 5783 continentia
1687 5721 1864 5771 super-

288 5766 447 5840 cilii.)
470 5771 578 5840 Alii
599 5790 622 5840 ς
643 5766 778 5840 nihil.
799 5766 1105 5840 arrogantiae,
1146 5768 1286 5828 nihil,
1307 5766 1624 5840 {etcalinus
1644 5766 1808 5821 autem
1834 5784 1864 5819 e

293 5834 470 5883 nostris
491 5833 630 5884 codd.
655 5831 778 5886 nihil
797 5833 859 5882 de
881 5831 1122 5892 jactuntia
1144 5831 1409 5894 supercilii,
1428 5835 1524 5882 etc.

3458 411 3589 468 490'

1985 515 2117 572 nihil
2139 515 2206 572 de
2227 517 2548 573 continentia
2568 521 2834 591 supercilii
2856 539 2869 576 :
2889 521 3199 581 humilitatis
3221 526 3357 581 inter
3375 540 3564 583 omnes

1982 608 2246 663 contentic
2275 617 2376 664 est.
2403 608 2730 682 Quicumque
2777 614 3094 670 novissimus
3118 615 3296 685 fuerit,
3339 617 3426 673 hic
3451 617 3564 689 pri-

1986 713 2105 752 mus
2129 706 2358 768 putatur.
2389 698 2444 752 lu
2475 709 2622 754 veste
2643 701 2784 755 nulla
2807 703 3073 770 discretio,
3098 707 3236 759 nulla
3259 707 3558 764 admiratio.

1984 789 2278 860 Utcumque
2329 791 2584 860 placuerit
2629 792 2906 860 incedere,
2939 809 3036 849 nec
3064 797 3406 853 detractionis
3437 809 3520 854 est
3544 840 3560 865 ,

1982 895 2079 934 nec
2117 881 2306 934 laudis.
2336 881 2541 952 Jejunia
2571 896 2782 952 quoque
2817 884 3086 940 neminem
3119 885 3429 957 sublevant;
3461 892 3563 945 nec

1982 968 2219 1024 defertur
2243 971 2451 1036 inediae,
2475 987 2573 1027 nec
2595 973 2862 1028 moderata
2883 975 3132 1031 saturitas
3152 976 3558 1034 condemnatur.

1984 1059 2094 1114 Suo
2121 1061 2343 1115 Domino
2365 1070 2470 1117 stat
2495 1061 2852 1133 umnsquisque
2874 1072 2965 1119 aut
2987 1064 3144 1120 cadit.
3171 1064 3338 1121 Nemo
3363 1067 3566 1138 judicat

1981 1150 2232 1216 alterum,
2258 1167 2323 1206 ne
2347 1167 2377 1206 a
2405 1152 2628 1206 Domino
2649 1152 2935 1223 judicetur.
2964 1154 3030 1209 Et
3053 1154 3193 1224 quod
3217 1155 3269 1210 in
3295 1155 3566 1228 plerisque

1981 1243 2268 1310 provinciis
2297 1241 2556 1299 familiare
2581 1254 2684 1312 est,
2711 1255 2766 1299 ut
2791 1247 3021 1316 genuino
3041 1246 3198 1304 dente
3224 1263 3281 1304 se
3307 1249 3562 1314 lacerent,

1981 1331 2068 1386 hic
2095 1333 2300 1401 penitus
2327 1348 2434 1388 non
2463 1334 2704 1390 habetur.
2733 1337 2921 1392 Procul
2943 1337 3175 1405 luxuria,
3195 1338 3382 1409 procul
3411 1340 3566 1396 volu-

1983 1433 2120 1492 ptas.
2155 1420 2235 1496 (d)
2263 1423 2428 1478 Tanta
2461 1425 2511 1479 in
2544 1427 2656 1496 ipsa
2689 1427 2816 1483 urbe
2841 1428 3142 1484 orationum
3189 1431 3300 1486 loca
3326 1471 3342 1498 ,
3381 1415 3454 1487 ἰιι
3498 1433 3566 1489 ad

1979 1527 2040 1566 ea
2071 1514 2401 1583 peragranda
2428 1514 2542 1570 dies
2567 1516 2813 1574 suflicerc
2839 1533 2944 1574 non
2976 1521 3164 1590 possit.

2051 1601 2141 1658 10.
2187 1601 2378 1660 Verum
2408 1613 2464 1658 ut
2490 1605 2558 1659 ad
2587 1607 2820 1662 villulam
2848 1607 3070 1679 Christi,
3103 1619 3159 1666 et
3185 1610 3363 1669 Maria:
3389 1613 3567 1671 diver-

1978 1692 2182 1748 sorium
2209 1695 2486 1750 veniamus
2509 1695 2651 1767 (plus
2672 1700 2813 1754 enim
2842 1701 3020 1756 laudat
3045 1705 3406 1776 unusquisque
3427 1710 3568 1778 quod

1981 1781 2239 1858 possidet)
2268 1802 2373 1856 quo
2399 1801 2677 1854 sermone,
2706 1805 2809 1860 qua
2837 1805 2966 1847 voce
2992 1794 3297 1863 speluncam
3326 1796 3414 1853 tibi
3447 1813 3568 1867 pos.

1978 1889 2163 1930 sumus
2191 1877 2481 1932 Salvatoris
2510 1881 2819 1948 exponere?
2852 1882 2915 1936 Et
2941 1882 3067 1937 illud
3095 1900 3353 1955 pra'scpc,
3382 1886 3433 1941 in
3463 1904 3569 1958 quo

1979 1963 2271 2020 infantulus
2307 1968 2502 2038 vagiit,
2535 1970 2748 2024 silentio
2786 1973 2955 2042 magis
2979 2013 2993 2038 ,
3021 1987 3182 2043 quam
3220 1974 3429 2030 infirmo
3453 1975 3567 2050 [ιιι.

1977 2056 2198 2130 iti/imo]
2247 2073 2493 2113 sermone
2537 2061 2903 2116 honorandum
2950 2073 3050 2118 cst.
3103 2065 3200 2120 Ubi
3260 2077 3384 2121 sunt
3443 2069 3564 2123 latas

1983 2151 2252 2218 porticus?
2279 2152 2366 2205 ubi
2389 2162 2571 2206 aurata
2595 2153 2901 2222 laquearia?
2929 2155 3014 2210 ubi
3040 2156 3229 2212 domus
3249 2159 3567 2215 miserorum

1979 2239 2150 2307 [amnis
2173 2280 2188 2304 ,
2213 2249 2265 2294 et
2291 2241 2660 2296 damnatorum
2688 2243 2869 2300 labore
2895 2245 3132 2300 vestit-.2?
3161 2247 3247 2302 ubi
3277 2248 3444 2304 instar
3469 2264 3565 2319 pa-

1980 2331 2090 2410 latii
2117 2373 2130 2393 ,
2162 2333 2346 2402 opibus
2388 2334 2712 2403 privatorum
2751 2346 3034 2392 exstructa:
3074 2338 3308 2394 basilica:
3331 2380 3345 2405 ,
3378 2348 3437 2394 ut
3464 2342 3568 2395 v-ilc

1980 2423 2350 2489 corpusculum
2384 2421 2616 2478 hominis
2656 2425 2937 2492 pretiosius
2977 2425 3266 2482 inambulet
3291 2470 3305 2494 ,
3333 2437 3386 2483 et
3414 2432 3566 2499 quasi

1979 2513 2174 2569 mundo
2195 2515 2480 2584 quidquam
2510 2516 2812 2585 possitessc
2831 2518 3092 2584 ornatius,
3117 2529 3260 2574 recta
3282 2520 3450 2590 magis
3469 2535 3566 2576 sua

1977 2608 2103 2662 velit
2128 2609 2386 2678 aspicere,
2411 2624 2566 2679 quam
2594 2610 2787 2664 cmlum
2807 2610 2830 2662 ?
2852 2612 2988 2666 Ecce
3015 2612 3067 2666 in
3096 2611 3195 2667 hoc
3221 2627 3382 2681 parvo
3408 2621 3568 2668 terrm

1976 2696 2233 2752 foramine
2255 2739 2270 2765 ,
2303 2699 2558 2754 cmlorum
2586 2700 2828 2755 cenditor
2853 2711 3006 2755 natus
3032 2712 3116 2758 est
3142 2720 3155 2756 :
3185 2703 3270 2758 hic
3301 2705 3567 2760 involutus

1976 2791 2164 2859 pannis
2188 2832 2202 2854 ,
2233 2790 2318 2845 hic
2346 2792 2492 2846 visus
2532 2807 2560 2844 a
2607 2783 2944 2861 pastoribus,
2983 2793 3066 2849 hic
3100 2794 3498 2851 demonstratus
3533 2811 3568 2850 a

1975 2883 2146 2949 stella,
2174 2883 2258 2937 hic
2277 2882 2526 2938 adoratus
2549 2900 2577 2937 a
2601 2884 2792 2954 Magis.
2819 2884 2884 2939 Et
2908 2885 2992 2940 hic
3014 2895 3140 2957 puto
3163 2886 3312 2942 locus
3332 2887 3568 2943 sanctior

1974 2981 2054 3027 est
2074 2988 2204 3042 rupe
2226 2973 2470 3042 Tarpeia,
2493 2991 2608 3044 qure
2628 2974 2695 3029 de
2715 2975 2850 3030 cmlo
2871 2977 3068 3047 sepius
3090 2975 3362 3034 fulminata
3383 2990 3566 3036 osten-

1973 3061 2067 3126 dit,
2099 3062 2239 3132 quod
2272 3063 2492 3116 Domino
2521 3063 2846 3133 displiceret.

2046 3154 2133 3207 ll.
2176 3154 2314 3224 Lege
2340 3155 2711 3226 Apocalypsim
2738 3155 2988 3224 Joannis,
3013 3165 3069 3212 et
3096 3158 3219 3227 quid
3246 3158 3313 3215 de
3343 3161 3566 3219 muliere

1973 3253 2260 3314 purpurata
2286 3285 2302 3310 ,
2335 3254 2389 3298 et
2418 3247 2611 3314 scripta
2648 3246 2698 3299 in
2724 3246 2838 3314 ejus
2869 3246 3045 3303 fronte
3080 3248 3406 3320 blasphemia
3432 3295 3446 3320 ,
3477 3269 3565 3310 se-

1972 3343 2113 3403 ptem
2135 3335 2420 3402 mentibus,
2445 3337 2594 3405 aquis
2612 3338 2813 3403 multis,
2835 3346 2888 3392 et
2904 3339 3190 3409 Babylonis
3205 3353 3451 3401 cantetur
3463 3362 3562 3403 ex-

1971 3424 2066 3491 itu,
2087 3435 2361 3481 coniuere.
2397 3445 2415 3478 ι
2441 3427 2611 3492 Exite,
2641 3427 2812 3498 inquit
2841 3429 3115 3498 Dominus,
3135 3433 3202 3488 de
3225 3436 3311 3490 illa
3333 3439 3563 3506 po;:ulns

1971 3531 2141 3581 mens,
2169 3527 2220 3570 et
2240 3531 2305 3571 ne
2331 3517 2614 3587 participes
2645 3575 2660 3596 ι
2689 3519 2850 3592 203
2923 3520 3041 3576 sitis
3069 3522 3388 3581 delictorum
3420 3528 3558 3598 ejus,

1969 3618 2023 3660 et
2047 3607 2113 3660 de
2140 3607 2308 3680 plagis
2332 3606 2447 3677 eius
2476 3624 2580 3662 non
2605 3611 2878 3678 accipiatis
2898 3627 2917 3662 ›
2945 3608 3131 3682 (Apoc.
3161 3612 3246 3668 18.
3275 3615 3350 3685 ι).
3376 3615 3454 3686 (ε)
3474 3617 3554 3671 Ad

1968 3697 2254 3754 Jercmiam
2279 3713 2491 3770 quoque
2519 3699 2845 3770 regrediens,
2879 3702 3132 3770 scriptum
3163 3704 3360 3771 pariter
3383 3696 3553 3761 atteri-

1969 3789 2056 3854 de,
2087 3807 2106 3840 t
2136 3787 2322 3859 Fugite
2347 3787 2414 3844 de
2442 3789 2618 3844 medio
2637 3789 2946 3860 Babylonis,
2969 3802 3021 3845 ct
3048 3793 3246 3848 salvate
3269 3797 3555 3863 unusquis-

1968 3895 2074 3950 que
2116 3880 2345 3934 animam
2394 3894 2568 3935 suam.
2616 3881 2822 3934 Cecidit
2865 3882 3006 3936 enim
3031 3923 3048 3946 ,
3089 3884 3279 3939 cecidit
3319 3884 3554 3959 Babylon

1969 3985 2157 4041 magna
2179 4011 2195 4036 ,
2223 3980 2277 4026 et
2312 3968 2446 4027 facta
2473 3979 2553 4026 est
2590 3969 2843 4025 habitatio
2868 3971 3168 4028 dzemonum
3193 4016 3208 4041 ,
3235 3985 3288 4030 ct
3313 3978 3556 4036 custodia

1968 4061 2634 4131 omnisspiritusimmundi
2673 4080 2692 4115 ι
2716 4063 2736 4132 (
2753 4060 2945 4116 1mm.
2976 4063 3065 4120 5i.
3093 4065 3191 4137 8).
3215 4065 3309 4122 Est
3334 4067 3550 4138 quidem

1970 4151 2040 4207 ibi
2085 4161 2266 4208 sancta
2309 4150 2542 4208 Ecclesia
2569 4194 2584 4218 ,
2611 4160 2734 4206 sunt
2775 4154 3008 4222 tropbma
3050 4155 3424 4225 Apostolorum
3450 4199 3464 4226 ,
3499 4169 3556 4215 et

1969 4241 2255 4314 Martyrum
2278 4257 2292 4306 ;
2323 4251 2378 4297 et
2401 4241 2600 4297 Christi
2626 4258 2750 4298 vera
2776 4244 3073 4311 confessio;
3101 4254 3184 4301 est
3207 4246 3274 4302 ab
3298 4248 3556 4318 Apostolo

1970 4336 2252 4406 prmdicata
2290 4335 2422 4391 fides
2447 4376 2461 4400 ,
2492 4345 2545 4390 et
2571 4335 2863 4406 gentilitate
2887 4337 3084 4392 calcata
3107 4378 3122 4403 ,
3155 4338 3207 4393 in
3238 4339 3466 4396 sublime
3492 4357 3554 4398 se

1967 4427 2205 4498 quotidie
2248 4428 2458 4499 erigens
2504 4427 2816 4482 vocabulum
2860 4427 3216 4484 Cbristianttm
3254 4448 3267 4483 :
3303 4433 3397 4486 sed
3441 4433 3554 4502 ipsa

1969 4516 2208 4582 ambitio,
2240 4517 2496 4586 potentia,
2528 4518 2835 4585 magnitudo
2865 4519 3025 4584 urbis,
3056 4519 3222 4574 videri
3251 4529 3306 4575 et
3335 4521 3547 4590 videre,

1967 4607 2184 4660 salutari
2215 4617 2271 4661 et
2298 4607 2528 4662 salutare
2550 4647 2567 4674 ,
2595 4607 2810 4662 laudare
2837 4619 2889 4662 et
2915 4607 3195 4664 detrahere
3214 4650 3230 4676 ,
3259 4612 3341 4667 vel
3368 4614 3554 4671 audire

1970 4696 2056 4750 vel
2085 4697 2352 4766 proloqui,
2382 4707 2435 4752 et
2462 4705 2656 4750 tantam
2687 4695 3035 4766 frequentiam
3065 4698 3336 4759 hominum
3363 4683 3551 4763 saltem

1971 4786 2192 4840 invitum
2229 4785 2448 4847 videre,
2493 4801 2522 4838 a
2570 4787 2839 4857 preposito
2880 4787 3254 4848 lllunacborum
3284 4803 3339 4850 et
3372 4797 3555 4866 quiete

1967 4875 2138 4929 aliena
2168 4884 2312 4930 sunt.
2359 4878 2463 4928 Aut
2495 4876 2636 4930 enim
2663 4875 2901 4933 videmus
2926 4880 3201 4938 venientes
3237 4883 3306 4941 ad
3331 4901 3430 4942 nos
3451 4929 3466 4954 ,
3500 4899 3556 4942 ct

1969 4963 2237 5018 silentium
2279 4964 2547 5036 perdimus
2576 4983 2589 5020 :
2619 4977 2711 5022 aut
2750 4983 2856 5024 non
2885 4971 3163 5041 videmus,
3195 4985 3251 5031 et
3286 4980 3554 5047 superbire
3603 4968 3608 4973 ’

1969 5057 2258 5127 arguimur.
2305 5055 2681 5129 Interdumque
2709 5069 2766 5114 ut
2793 5061 3128 5121 visitantibus
3155 5066 3443 5125 reddamus
3464 5071 3550 5126 vi-

1968 5161 2083 5202 cem
2129 5146 2196 5202 ad
2242 5147 2499 5220 superbas
2544 5149 2686 5207 fores
2728 5154 3032 5226 pergimus,
3061 5163 3119 5214 et
3160 5157 3301 5215 inter
3347 5161 3553 5232 linguas

2031 5343 2111 5413 (ά)
2151 5343 2259 5413 ῌοιι
2296 5344 2416 5396 satis
2436 5345 2544 5396 haec
2564 5360 2673 5413 cum
2697 5347 3034 5413 superioribus
3077 5359 3285 5413 nectere
3322 5352 3552 5403 videntur

1967 5405 2125 5474 nobis.
2162 5405 2404 5474 Luxatum
2441 5421 2560 5474 vego
2598 5405 2772 5474 locum:
2796 5416 2853 5460 ut
2885 5413 3216 5474 su3pieemur,
3257 5412 3371 5462 facit
3402 5415 3554 5463 etiam

1967 5469 2244 5534 subnexum
2263 5465 2479 5534 elogium
2501 5468 2702 5534 Bethel,
2720 5470 2928 5534 ejusque
2949 5465 3062 5534 eum
3083 5465 3234 5523 Roma
3257 5475 3550 5534 comparatio

1967 5530 2061 5594 sub
2096 5529 2316 5594 numeris
2356 5529 2431 5580 10.
2458 5535 2512 5594 et
2535 5530 2626 5594 lt._
2645 5529 3145 5594 quafpliintotldem
3160 5535 3326 5582 verbis
3345 5529 3552 5594 repete-

1969 5589 2145 5654 bantur
2169 5590 2218 5638 in
2242 5587 2376 5640 calce
2400 5591 2549 5654 epist.
2567 5589 2641 5642 ιδ.
2659 5587 2719 5654 ad
2740 5591 3181 5654 Marcellam,unde
3198 5587 3548 5653 exnunximns.

1967 5650 2099 5717 quod
2125 5650 2449 5717 argumento'
2465 5658 2572 5715 est,
2602 5653 2852 5717 mobilem_
2876 5650 3033 5717 istam
3056 5650 3320 5717 perieopen
3343 5657 3554 5717 mutatis

1962 5711 2251 5776 jampridem
2269 5712 2474 5776 sedibus
2495 5711 2590 5776 non
2611 5725 2772 5776 usque
2793 5712 2919 5763 adeo
2939 5711 3071 5762 bene
3094 5712 3199 5761 suis
3220 5711 3342 5776 locis
3371 5714 3546 5776 aptari.

2037 5771 2098 5846 (ἑ)
2143 5771 2262 5846 Haec
2287 5775 2357 5846 μμ
2379 5773 2637 5846 Jerenu'am
2661 5771 2862 5837 quoque,
2888 5785 3044 5835 usque
3062 5809 3077 5833 ,
3098 5773 3291 5823 attende
3313 5771 3440 5836 apud
3463 5773 3546 5824 Vi-

1967 5833 2173 5883 etOrium
2193 5833 2551 5884 desiderantur.
2673 5833 2683 5837 '
2766 5833 2776 5836 ’
2848 5833 2857 5836 ’
2963 5833 2978 5835 “
3344 5833 3367 5857 '-
