4146 6336
369 368 475 425 ιθδ

367 574 546 644 Itaque
566 573 707 644 quod
735 570 1057 639 venerabilis
1092 570 1252 624 Paula
1291 583 1379 623 me
1407 577 1489 622 est
1515 568 1829 637 deprecata,
1882 577 1942 620 ιιι

366 671 632 735 facerem,
707 671 864 742 211
937 676 1129 736 sponte
1182 663 1365 721 facio:
1398 661 1691 731 hortorque
1746 675 1849 716 vos
1891 668 1949 714 et

366 775 555 832 precor
575 775 670 831 per
690 758 891 813 Domini
904 758 1204 825 caritatem,
1225 764 1283 811 ut
1298 755 1454 811 nobis
1470 762 1681 810 vestros
1699 752 1945 810 tribuatis

363 858 635 920 aSpcctus,
687 858 741 904 et
787 865 880 917 per
923 847 1257 904 occasionem
1302 855 1608 903 sanctorum
1639 844 1904 901 Locorum
1928 883 1947 912 ,

367 950 514 996 tanto
544 954 641 995 nos
669 938 851 995 ditetis
876 954 1122 995 munere.
1153 936 1312 993 Certe
1358 938 1404 993 si
1448 935 1716 991 consortia
1763 945 1945 992 nostra

364 1030 770 1101 displicuerint;
797 1028 1051 1085 adorasse
1091 1029 1181 1084 ubi
1209 1037 1473 1087 steterunt
1504 1026 1665 1098 pedes
1694 1026 1900 1080 Domini
1926 1066 1942 1094 ,

367 1136 490 1194 pars
519 1121 642 1178 fidei
667 1132 750 1178 est
774 1138 789 1189 ;
831 1131 886 1177 et
913 1122 1064 1193 quasi
1096 1122 1333 1178 recentia
1363 1120 1652 1177 nativitatis
1681 1130 1735 1176 et
1765 1120 1942 1176 crucis

363 1230 429 1270 ac
460 1214 723 1285 passionis
749 1213 950 1270 vidisse
978 1214 1219 1284 vestigia.

326 1298 329 1303 ’
438 1307 490 1362 3.
521 1305 913 1375 Opusculorum
965 1320 1232 1372 meorum,
1260 1304 1383 1376 quia
1428 1304 1652 1377 plurima
1693 1303 1943 1358 evolave-

364 1407 489 1453 runt
518 1397 585 1452 de
615 1395 801 1452 nidulo
840 1411 964 1463 suo,
1015 1404 1069 1451 et
1114 1396 1401 1452 temerario
1443 1394 1696 1451 editionis
1735 1392 1941 1448 honore

366 1489 574 1561 volgata
602 1499 745 1552 sunt,
771 1489 900 1544 nihil
924 1487 1045 1544 misi
1071 1504 1086 1554 ;
1118 1504 1185 1544 ne
1208 1487 1395 1544 eadem
1424 1487 1643 1542 forsitan
1665 1486 1937 1542 mitterem

362 1597 483 1652 qua:
510 1581 768 1639 habebas.
800 1582 954 1650 Quod
977 1582 1021 1637 si
1052 1581 1376 1652 exemplaria
1404 1581 1618 1636 libuerit
1653 1578 1887 1635 mutuari
1920 1620 1936 1647 ,

366 1673 447 1727 vel
487 1689 515 1728 a
543 1683 726 1729 sancta
773 1673 1046 1740 Marcella,
1097 1689 1218 1741 quae
1247 1680 1426 1728 manet
1455 1669 1537 1744 (ιι),
1563 1671 1618 1726 in
1648 1668 1936 1734 Aventino,

363 1765 443 1820 vel
473 1780 503 1819 a
532 1764 633 1820 Lot
661 1765 918 1836 temporis
948 1764 1141 1831 nostri,
1183 1762 1500 1828 Domnione,
1534 1761 1652 1817 viro
1701 1760 1936 1817 sanctis-

361 1858 496 1915 simo
518 1857 764 1926 accipere
790 1857 1014 1926 poteris.
1048 1855 1162 1926 Ego
1202 1862 1381 1911 autem
1412 1854 1667 1924 operiens
1695 1866 1937 1922 pra‘scu-

362 1951 486 2004 tiam
543 1959 706 2015 tuam,
736 1958 828 2004 aut
872 1957 1039 2003 totum
1096 1946 1195 2002 tibi
1242 1946 1387 2002 dabo
1409 1960 1539 2000 cum.
1574 1943 1813 2011 aﬂ'ueris,
1847 1950 1940 1998 aut

360 2038 404 2092 si
434 2037 537 2093 hoc
560 2038 751 2108 aliqua:
803 2037 1145 2108 impedierint
1175 2034 1538 2102 difﬁcultates,
1586 2047 1937 2103 quaecumque

360 2130 698 2201 pra‘ceperis,
729 2130 900 2184 libens
944 2129 1173 2183 mittam.
1223 2126 1423 2198 Scripsi
1464 2126 1658 2180 librum
1684 2124 1754 2181 de
1798 2123 1932 2179 Illu-

357 2222 559 2278 stribus
588 2221 752 2287 Viris,
787 2221 854 2276 ab
894 2220 1167 2291 Apostolis
1193 2233 1361 2288 usque
1414 2216 1479 2272 ad
1511 2226 1750 2271 nostram
1801 2224 1935 2269 aeta-

358 2322 487 2376 tem,
511 2313 745 2367 imitatus
767 2311 1156 2382 Tranquillum,
1179 2309 1531 2379 Graecumque
1561 2306 1931 2377 Apollonium:

353 2414 408 2458 et
436 2411 555 2474 post
580 2402 879 2473 catalogum
902 2401 1272 2471 plurimormn,
1315 2414 1401 2454 me
1441 2414 1653 2470 quoque
1685 2399 1737 2454 in
1784 2397 1933 2454 calce

352 2492 645 2548 voluminis
694 2492 850 2563 quasi
901 2492 1203 2547 abortivum
1255 2497 1311 2544 et
1354 2489 1632 2545 minimum
1687 2489 1926 2565 omnium

350 2581 780 2637 Christianorum
820 2580 973 2650 posui
998 2595 1023 2648 ί
1048 2580 1138 2634 ubi
1180 2579 1309 2634 mihi
1360 2593 1584 2637 necesse
1628 2577 1730 2634 fuit
1758 2594 1931 2650 usque

347 2672 418 2726 ad
467 2671 736 2727 decimum
779 2680 1026 2741 quartum
1077 2686 1276 2727 annum
1325 2668 1617 2727 Theodosii
1666 2670 1930 2740 Principis

348 2761 458 2838 [aL
510 2762 849 2831 Imperatoris
897 2773 945 2816 et
992 2759 1276 2835 Principis]
1296 2777 1424 2838 qua:
1453 2761 1760 2832 scripserim
1800 2761 1929 2817 bre-

350 2853 488 2907 viter
524 2860 787 2906 aunotare
836 2868 851 2906 :
903 2866 1059 2921 quem
1117 2851 1315 2906 librum
1353 2866 1476 2905 cum
1529 2865 1560 2905 a
1604 2850 1929 2920 supradictis

349 2941 663 3011 sumpseris,
694 2940 953 3013 quidquid
971 2941 1040 2997 de
1068 2942 1241 2998 iudice
1256 2940 1722 3009 minusbabueris,
1739 2941 1928 3014 paula-

351 3035 442 3089 tim
472 3034 633 3090 scribi
658 3036 871 3101 faciam,
899 3036 944 3089 si
967 3035 1221 3092 volueris.

760 3153 1084 3210 EPISTOLA
1127 3153 1337 3210 XLVIII
1395 3153 1498 3223 (ὁ),

349 3266 452 3323 SI'U
476 3283 631 3323 ιιιιειι
666 3281 1083 3331 Αιδοιοϐετιευε,
1127 3283 1194 3322 Αἰ)
1229 3281 1596 3331 ιιιιιιιιιειιιυιί,
1625 3281 1726 3323 PRO
1757 3280 1922 3322 LIBRIS

842 3371 1052 3413 CONTRA
1088 3371 1427 3412 JOVINIAKUII.

353 3469 585 3541 Defendit
613 3484 730 3523 suos
753 3478 927 3522 contra
953 3465 1281 3522 Iovinianum
1327 3456 1515 3532 libros,
1556 3485 1683 3539 quos
1709 3485 1924 3540 accepe-

419 3571 496 3613 rat
524 3576 556 3613 a
601 3558 937 3614 Pammachio
961 3599 976 3622 ,
1020 3575 1079 3613 eo
1124 3559 1327 3613 nomine
1362 3559 1606 3613 invidiase
1637 3561 1835 3614 traduci
1858 3560 1920 3614 ab

418 3650 832 3704 obtrectatoribus
860 3650 988 3714 suis,
1034 3649 1169 3719 quod
1213 3650 1399 3702 nimius
1442 3650 1496 3703 in
1535 3650 1920 3722 tandemoirgi-

418 3741 589 3794 uitatis
614 3740 889 3808 videretur,
916 3749 1066 3805 atque
1091 3756 1119 3795 e
1138 3750 1312 3794 contra
1336 3741 1554 3812 iniquior
1582 3742 1634 3795 in
1662 3743 1922 3797 matrimo-

419 3850 579 3887 mum.

406 3944 479 4004 ,1.
507 3943 663 4014 Quod
691 3945 760 4001 ad
818 3952 870 4001 te
906 3943 1184 4015 hucusque
1219 3959 1325 4000 non
1361 3944 1571 4016 scripsi,
1615 3961 1775 4003 causa
1825 3948 1941 4004 fuit'

348 4035 620 4091 silentium
654 4046 823 4092 tuum.
854 4035 1094 4093 Verebar
1121 4036 1288 4100 enim,
1312 4052 1380 4093 ne
1407 4039 1451 4093 si
1488 4040 1682 4094 tacemi
1711 4040 1921 4096 scribe-

348 4142 459 4181 rem
484 4169 507 4194 ,
529 4128 811 4183 molestum
886 4130 1046 4203 212
1118 4143 1206 4182 me
1230 4128 1402 4199 magis
1426 4144 1584 4199 quam
1616 4130 1916 4185 ol’ticiosum

347 4226 583 4285 putares.
612 4216 765 4273 Nunc
788 4227 966 4273 autem
1000 4225 1318 4286 provocatus
1355 4218 1682 4275 dulcissimis
1728 4220 1920 4277 litteris

348 4307 470 4372 tuis,
489 4316 544 4363 et
565 4307 933 4378 hujuscemodi
964 4308 1177 4376 litteris,
1194 4324 1312 4380 quae
1338 4324 1423 4366 me
1442 4309 1508 4364 ad
1527 4309 1917 4381 philosophiam

346 4400 509 4454 nostri
536 4400 799 4471 dogmatis
831 4409 1202 4471 provocarent,
1226 4410 1284 4457 et
1301 4401 1725 4473 condiscipulum
1747 4419 1923 4475 quon-

344 4489 463 4546 dam
490 4501 543 4548 et
573 4492 810 4548 sodalem
834 4501 889 4548 et
913 4493 1141 4549 amicum
1170 4493 1363 4559 obviis,
1387 4502 1446 4549 ut
1469 4495 1638 4561 aiunt,
1670 4498 1918 4552 manihus

328 4584 584 4661 excipio;
633 4584 1076 4655 defensoremque
1103 4583 1250 4658 [fort.
1279 4584 1644 4659 defensionem]
1673 4603 1917 4643 meorum

344 4676 726 4747 opusculorum
773 4691 903 4746 paro
928 4692 944 4732 :
974 4677 1048 4731 ita
1070 4685 1260 4743 tamen
1300 4676 1347 4731 si
1382 4687 1508 4733 ante
1551 4688 1603 4734 te
1651 4678 1916 4748 placatum

339 4764 573 4834 judicem
625 4764 866 4822 habuero
911 4782 928 4822 :
977 4766 1087 4821 imo
1130 4765 1183 4821 si
1219 4776 1487 4823 oratorem
1536 4781 1716 4823 meum
1755 4784 1919 4839 super

343 4855 589 4911 erunibus
615 4871 735 4927 quae
760 4855 817 4911 in
843 4871 928 4911 me
947 4863 1265 4927 arguuntur,
1284 4857 1611 4912 instruxero.
1644 4857 1756 4913 Hoc
1772 4859 1916 4914 enim

342 4958 395 5003 et
419 4946 495 5018 (ο)
543 4947 752 5002 Tullius
797 4955 962 5011 tuus;
985 4955 1040 5003 ct
1071 4954 1197 5002 ante
1226 4946 1375 5002 illum
1409 4947 1464 5002 in
1516 4946 1672 5002 brevi
1716 4958 1771 5002 et
1798 4948 1917 5003 solo

407 5057 474 5125 la)
514 5060 744 5125 Eruditos
765 5060 894 5125 viros
913 5058 995 5125 hic
1023 5057 1161 5125 locus
1193 5059 1244 5108 in
1267 5071 1377 5125 eam
1411 5058 1705 5125 sententiam
1737 5060 1918 5125 traxit,

341 5119 571 5185 utetiam
588 5124 651 5171 ab
670 5121 910 5185 Aquitano
932 5121 1253 5185 Presbytero,
1275 5120 1415 5185 cujus
1435 5119 1629 5185 hortatu
1650 5128 1818 5173 contra
1836 5119 1921 5171 Vi-

340 5154 955 5293 Eita'iiii'mméoiéi‘é‘iﬁér'.
974 5154 1824 5254 $ii§i2"bé§iﬁ'€n'ii&.wt{tin‘€3§s§
1846 5154 1923 5232 5;-

376 5246 660 5293 itrarentur.
685 5250 738 5293 et
778 5243 1046 5293 Romanum
1078 5241 1312 5291 facerent.
1350 5240 1535 5293 Verum
1569 5254 1636 5291 ex
1675 5242 1768 5292 hoc
1798 5257 1922 5293 IDSO.

376 5240 663 5306 itraremur,
676 5250 738 5306 et
774 5243 1046 5306 Romanum
1078 5240 1535 5306 facerent.pYerum
1569 5254 1636 5306 ex
1675 5242 1768 5306 hoc
1798 5243 1922 5306 ipso,

342 5305 470 5367 quod
491 5301 735 5355 Marcellae
757 5305 935 5367 domus
950 5302 1019 5352 illi
1042 5301 1335 5367 monstratur
1359 5302 1411 5352 in
1431 5301 1699 5367 Aventino,
1723 5301 1924 5355 Romam

342 5363 523 5430 hospes
563 5367 822 5418 advenisse
842 5401 858 5428 ,
891 5365 1106 5430 ejusque
1127 5363 1367 5430 civitatis,
1400 5377 1457 5414 ac
1480 5365 1705 5430 locorum
1728 5367 1925 5430 nescius

340 5423 655 5490 ostenditur;
680 5423 853 5490 neque
876 5423 1416 5490 adeo'distinggendus
1448 5427 1644 5490 videtur
1678 5427 1838 5490 nobis,
1863 5428 1925 5476 ab

342 5487 613 5552 Aquitano,
622 5482 779 5552 quem
790 5500 937 5552 unum
960 5482 1216 5552 pmtegegf
1221 5482 1423 5535 facimus
1437 5499 1548 5552 eum
1573 5484 1674 5552 illo,
1693 5489 1769 5536 cui
1794 5487 1926 5539 idem

341 5545 545 5613 Hieron.
585 5545 1481 5613 Pentateuchunigxnllebrzeovertit
1499 5556 1554 5598 et
1575 5545 1808 5613 ad‘quem
1834 5563 1924 5613 ex:

342 5617 417 5674 tet
436 5610 489 5661 S.
513 5611 706 5674 Paulini
737 5608 954 5674 Epistula
976 5606 1148 5674 XLIlI.
1175 5616 1229 5659 et
1247 5609 1329 5659 cui
1368 5609 1590 5674 denique
1633 5606 1693 5660 S.’
1729 5609 1924 5660 Martini

341 5672 488 5736 vitam
507 5672 752 5736 Sulpicius
772 5672 1031 5736 inscripsit.

431 5732 478 5797 b)
494 5730 700 5797 ηᾼζζδι).
718 5730 934 5797 scripta
947 5730 1066 5782 circ.
1081 5730 1236 5797 ﬁnem
1256 5731 1370 5782 armi
1404 5730 1514 5797 593.

424 5791 474 5847 cl
492 5795 681 5848 Tullius
699 5795 1012 5861 deOratore,
1047 5791 1266 5846 «Marcus
1287 5796 1572 5855 Arminius,»
1602 5791 1776 5859 inquit,
1811 5796 1919 5845 «cui

1130 5948 1151 5978 ο

1701 361 2034 418 ΕΡΙΒΤΟΙΛ
2078 363 2312 419 XLVIII.

367 484 594 538 amicum
634 481 752 548 Dei,
806 479 928 551 quia
959 478 1210 553 mysteria
1249 474 1368 547 ejus
1418 475 1557 530 seire
1586 474 1939 530 desideravit.
1976 522 1981 525 _

3529 376 3637 434 494

2060 476 2329 533 volumine
2370 478 2583 547 scripsit
2634 481 2896 539 Antonius
2920 524 2935 550 ,
2986 485 3218 544 Primam
3260 501 3476 547 cavsam
3515 507 3639 549 esse

2060 566 2317 636 victorize,
2350 568 2908 651 diligenterrcausam,
2953 592 3053 648 pro
3094 594 3198 650 qua
3239 580 3479 638 dicturus
3527 597 3589 639 es
3615 624 3632 651 ,

2058 656 2289 717 discere.

2128 747 2183 802 2.
2211 748 2635 821 lit-prehendunt
2664 770 2752 810 me
2778 756 3015 827 quidam,
3059 760 3202 832 quod
3235 762 3285 817 in
3317 763 3468 821 libris
3496 780 3634 837 quos

2057 838 2315 895 adversus
2337 840 2683 902 Joviuiannm
2708 848 2925 918 scripsi,
2956 849 3154 906 nimius
3202 850 3391 909 fuerim
3419 898 3434 921 ,
3466 855 3551 912 vel
3582 858 3633 912 in

2057 928 2212 987 laude
2236 934 2524 1004 virginum,
2558 937 2641 991 vel
2690 937 2743 993 in
2793 940 3138 1009 sugillatione
3185 954 3479 1014 nuptarum
3504 947 3525 1021 ί
3549 950 3623 1003 al.

2055 1024 2420 1098 nuptiarum];
2462 1037 2515 1082 et
2536 1028 2687 1083 aiunt
2709 1031 3214 1090 condemnationem
3236 1037 3632 1105 quodammodo

2061 1128 2182 1168 esse
2209 1116 2558 1184 matrimonii,
2589 1119 2640 1173 in
2672 1129 2874 1183 tantum
2899 1122 3202 1192 pudicitiam
3235 1126 3545 1196 praedicare,
3577 1139 3637 1184 ut

2057 1204 2201 1259 nulla
2234 1206 2481 1264 videatur
2503 1210 2641 1266 inter
2669 1227 2890 1269 uxorem
2916 1223 2973 1270 et
3003 1216 3266 1287 virginem
3297 1221 3631 1292 comparatio

2032 1296 2374 1370 ‘derelinqui.
2412 1301 2527 1372 Ego
2559 1303 2602 1357 si
2634 1304 2771 1360 bene
2802 1307 3149 1375 problematis
3193 1311 3441 1380 memini,
3490 1312 3633 1369 inter

2049 1387 2391 1446 Iovinianum
2413 1402 2468 1447 et
2495 1408 2595 1449 nos
2622 1394 2721 1450 ista
2747 1399 3023 1455 contentio
3048 1408 3130 1457 est
3155 1440 3172 1468 ,
3203 1403 3344 1473 quod
3369 1404 3457 1459 ille
3483 1418 3631 1460 exat-

2049 1489 2179 1551 quet
2220 1480 2513 1552 virginitati
2550 1486 2763 1555 nuptias
2793 1527 2809 1551 ,
2839 1502 2938 1543 nos
2985 1488 3336 1561 subjiciamus
3367 1510 3382 1548 :
3415 1492 3511 1550 ille
3540 1494 3628 1550 vel

2049 1585 2275 1640 parum,
2315 1574 2399 1628 vel
2433 1575 2567 1629 nihil
2591 1594 2607 1631 :
2635 1593 2735 1633 nos
2768 1579 2998 1636 multum
3046 1582 3309 1641 interesse
3353 1584 3620 1642 dicamus.

2049 1660 2290 1733 Denique
2318 1663 2518 1720 idcirco
2552 1673 2603 1721 te
2627 1676 2746 1739 post
2768 1669 3048 1727 Dominum
3071 1674 3318 1743 faciente,
3341 1677 3626 1735 damnatus

2045 1760 2149 1816 est,
2180 1751 2321 1844 quod
2341 1769 2505 1810 ausus
2529 1756 2600 1811 sit
2627 1768 2899 1829 perpetua:
2924 1763 3150 1819 castitati
3174 1763 3269 1838 [aL
3315 1769 3617 1844 virginitati]

2046 1843 2443 1901 matrimonium
2469 1863 2807 1919 comparare.
2837 1854 2942 1910 Aut
2967 1854 3012 1909 si
3039 1855 3267 1928 idipsum
3291 1860 3444 1931 virgo
3472 1843 3620 1930 puta-

2047 1940 2153 2000 tur,
2186 1943 2239 1990 et
2288 1947 2473 2006 nupta,
2521 1953 2619 1994 cur
2655 1941 2922 2009 piaculum
2962 1946 3108 2002 vocis
3150 1946 3309 2019 hujus
3334 1950 3410 2022 (tt)
3444 1951 3614 2009 Roma

2043 2025 2230 2081 audire
2254 2043 2360 2082 non
2390 2031 2602 2099 potuit?
2641 2032 2804 2105 Virgo
2853 2052 2883 2091 a
2916 2037 3054 2106 viro,
3085 2054 3194 2096 non
3233 2043 3311 2097 vir
3353 2059 3387 2099 a
3410 2045 3616 2116 virgine

2042 2129 2349 2186 generatur.
2396 2122 2624 2180 Medium
2666 2142 2787 2182 esse
2816 2128 2951 2185 nihil
2990 2140 3167 2199 potest
3194 2144 3323 2190 :aut
3350 2152 3468 2193 mea
3491 2154 3619 2194 seu-

2045 2209 2207 2264 teutia
2234 2214 2503 2282 sequenda
2552 2224 2669 2283 est,
2717 2226 2808 2275 aut
2832 2218 3120 2277 Joviniani.
3158 2223 3219 2280 Si
3246 2226 3614 2295 reprehendar

2041 2301 2184 2370 quod
2215 2305 2427 2373 nuptias
2447 2305 2732 2374 virginitati
2784 2310 3034 2381 subjicio,
3065 2313 3315 2370 laudetur
3354 2318 3468 2387 ipse
3514 2319 3608 2389 qui

2041 2403 2338 2463 comparat.
2387 2394 2443 2451 Si
2492 2405 2668 2452 autem
2697 2397 2983 2457 damnatus
3008 2410 3091 2458 est
3118 2404 3207 2474 qui
3244 2406 3480 2477 aequales
3508 2422 3612 2478 pu-

2041 2482 2204 2550 tabat,
2237 2482 2510 2541 damnatio
2533 2486 2648 2557 ejus
2672 2488 2776 2544 mei
2802 2491 2987 2561 operis
3011 2492 3377 2550 testimonium
3420 2497 3519 2553 sit.
3541 2497 3600 2551 Si

2037 2575 2217 2632 Suculi
2249 2575 2493 2634 homines
2513 2578 2852 2650 indignantur
2879 2582 2933 2638 in
2976 2584 3180 2641 minori
3196 2586 3361 2656 gradu
3407 2602 3614 2646 secsse

2035 2681 2193 2737 quam
2223 2668 2457 2739 virgines
2475 2710 2491 2736 ,
2522 2672 2687 2727 miror
2711 2672 2953 2730 Clericos
2982 2683 3037 2729 et
3088 2676 3381 2733 Monachos
3406 2688 3459 2735 et
3482 2694 3616 2735 con-

2036 2755 2271 2813 tinentes
2301 2758 2352 2813 id
2375 2773 2480 2816 non
2504 2760 2724 2818 laudare
2750 2762 2902 2834 quod
2934 2762 3152 2822 faciunt.
3181 2766 3430 2825 Castraut
3460 2785 3520 2826 se
3546 2771 3616 2826 ab

2036 2848 2292 2904 uxoribus
2315 2849 2450 2915 suis,
2485 2859 2543 2906 ut
2570 2851 2847 2909 imitentur
2870 2854 3137 2928 virginum
3189 2859 3534 2927 castitatem;
3559 2872 3617 2916 ct

2036 2936 2088 2991 id
2118 2938 2291 3008 ipsum
2322 2940 2509 2996 Volunt
2535 2956 2655 2997 esse
2704 2944 3004 3013 maritatas,
3039 2947 3180 3017 quod
3213 2949 3482 3020 virgines?
3508 2954 3614 3007 Aut

2028 3025 2320 3099 junguntur
2363 3029 2542 3100 itaque
2571 3033 2826 3090 uxoribus
2868 3035 3012 3101 suis,
3042 3038 3237 3105 quibus
3266 3040 3611 3096 renuntiave-

2033 3130 2153 3175 rant
2176 3138 2189 3175 :
2212 3129 2305 3175 aut
2343 3122 2387 3177 si
2413 3136 2475 3179 se
2500 3123 2875 3194 abstinuerint,
2950 3129 3110 3200 213
3185 3128 3344 3184 ctiam
3374 3139 3611 3188 tacentes

2030 3210 2424 3266 confitebuntur
2444 3213 2636 3270 melius
2653 3212 2794 3284 esse,
2813 3216 2958 3287 quod
2986 3220 3289 3287 nuptiarum
3305 3222 3452 3290 operi
3471 3237 3610 3291 prte-

2033 3301 2285 3357 tulerunt.
2316 3305 2397 3358 An
2422 3319 2521 3376 ego
2545 3305 2694 3361 rudis
2717 3307 2770 3361 in
2800 3307 3112 3378 Scripturis,
3137 3319 3189 3366 et
3217 3326 3357 3367 nunc
3377 3312 3608 3383 primum

2029 3413 2181 3453 sacra
2237 3399 2506 3455 volumina
2546 3400 2732 3471 legens
2756 3443 2772 3468 ,
2808 3402 3026 3468 lineam,
3055 3411 3111 3459 et
3160 3404 3247 3475 (ut
3284 3405 3356 3460 ita
3406 3404 3609 3476 dicant)

2031 3495 2190 3544 tenue
2228 3488 2441 3545 dicendi
2498 3490 2830 3579 filmnjnter
2875 3492 3235 3565 virginitatem
3285 3503 3342 3551 et
3396 3497 3609 3567 nuptias

2028 3593 2247 3635 servare
2294 3595 2397 3633 non
2448 3580 2638 3654 potui?
2690 3580 2955 3638 Videlicet
3007 3585 3311 3639 nesciebam
3361 3585 3607 3652 dictum:
3652 3648 3658 3654 κ

2029 3668 2158 3724 Noli
2194 3686 2301 3726 esse
2330 3671 2494 3736 iustus
2517 3672 2729 3727 amilum
2759 3672 2929 3739 (Eccl.
2955 3675 3007 3728 7.
3042 3674 3128 3746 Ii)
3160 3693 3188 3731 τι
3207 3683 3259 3730 et
3289 3675 3413 3730 dum
3444 3690 3610 3729 unum

2028 3762 2170 3817 latus
2198 3752 2445 3843 prologo,
2479 3764 2536 3819 in
2580 3765 2752 3820 altero
2780 3765 3098 3820 vulneratus
3147 3781 3307 3821 sum:
3338 3775 3521 3835 atque,
3550 3773 3612 3819 ut

2028 3855 2360 3912 manifestius
2404 3856 2595 3926 loquar
2618 3896 2637 3925 ,
2668 3856 2799 3911 dum
2827 3866 3013 3912 contra
3051 3857 3392 3913 Iovinianum
3424 3869 3612 3926 presso

2026 3947 2193 4019 gradu
2224 3961 2421 4017 pugno,
2450 3961 2482 4002 a
2508 3945 2800 4002 Manichzco
2838 3956 2986 4016 terga
3014 3962 3133 4002 mea
3172 3945 3427 4003 confossa
3457 3952 3610 3999 sunt.

2031 4057 2057 4093 ι
2090 4037 2296 4103 Nonne,
2328 4052 2533 4107 qnmso,
2563 4037 2744 4097 statim
2778 4038 2832 4092 in
2860 4038 3125 4107 principio
3148 4035 3332 4106 operis
3361 4034 3469 4091 mei
3518 4033 3620 4087 ista

2028 4126 2279 4198 praefatus
2319 4142 2437 4182 sum
2463 4127 2486 4182 ?
2525 4126 2713 4198 Neque
2740 4129 2886 4184 enim
2914 4143 3014 4183 nos
3045 4126 3331 4183 Marcionis
3361 4132 3419 4180 et
3448 4120 3616 4179 Mani-

2026 4220 2161 4275 eh:ei
2211 4218 2403 4290 dogma
2460 4229 2774 4288 sectantes,
2831 4221 3036 4289 nuptiis
3091 4218 3450 4276 detrahimus.
3509 4214 3620 4272 Nec

2026 4309 2230 4366 Tatiani
2251 4308 2500 4382 principis
2512 4308 2925 4397 Eucmtitarmn.
2936 4324 3126 4367 errore
3146 4309 3382 4380 decepti,
3400 4323 3615 4365 omnem

2024 4403 2223 4459 coitum
2270 4416 2524 4472 spurcum
2578 4402 2992 4475 putamus;qui
3019 4401 3327 4457 nonsolum
3360 4400 3613 4471 nuptias,

2025 4492 2119 4549 sed
2162 4493 2313 4547 cibos
2361 4508 2599 4562 quoque,
2626 4508 2767 4563 quos
2800 4494 2945 4561 Deus
2979 4493 3187 4564 creavit
3213 4491 3279 4546 ad
3310 4492 3567 4549 utendum
3593 4535 3611 4561 ,

2024 4583 2243 4638 damnat
2269 4590 2324 4638 et
2352 4583 2620 4653 reprobat.
2674 4583 2889 4639 Scimus
2922 4567 2993 4636 "in
3037 4582 3199 4636 domo
3242 4598 3432 4653 magna
3454 4625 3471 4651 ,
3505 4599 3609 4639 non

2026 4676 2200 4730 solum
2244 4690 2368 4729 vasa
2394 4690 2556 4730 aurea
2585 4682 2640 4729 ct
2660 4682 2925 4746 argentea
2956 4687 3101 4735 esse,
3132 4673 3226 4729 sed
3249 4686 3304 4730 et
3332 4674 3507 4746 lignea
3553 4690 3611 4731 et

2026 4766 2249 4827 fictilia;
2275 4773 2331 4820 et
2355 4780 2518 4833 super
2538 4763 2964 4821 fundamentum
2994 4763 3213 4830 Christi,
3243 4766 3609 4836 quod.Paulus

2023 4854 2346 4910 architectus
2388 4853 2565 4922 posuit
2590 4853 2660 4923 (e)
2681 4893 2698 4920 ,
2728 4855 2870 4910 alios
2898 4854 3337 4924 superaedlficare
3378 4870 3606 4925 annm),

2025 4952 2323 5014 argentum,
2356 4941 2560 5013 lapides
2611 4945 2886 5014 pretiosos
2915 4944 3099 5001 :.a|ios
3125 4958 3157 5001 e
3200 4945 3607 5003 contrarium:—

2027 5119 2108 5170 vel
2132 5120 2309 5183 primas
2332 5116 2627 5183 elaquentize
2650 5128 2846 5183 patrum
2871 5127 3145 5171 nostrorum
3185 5122 3433 5172 tribuebat
3454 5129 3573 5171 tetas
3597 5157 3612 5180 ,

2026 5185 2103 5246 vir
2127 5182 2297 5246 natura
2321 5182 2580 5246 peracutus
2603 5189 2655 5230 et
2685 5182 2907 5246 prudens
2929 5183 2978 5246 in
3003 5195 3066 5246 eo
3085 5183 3210 5233 libro
3229 5219 3244 5244 ,
3277 5196 3449 5246 quem
3465 5196 3614 5232 unum

2028 5243 2251 5305 reliquit,
2267 5259 2290 5286 ι
2322 5242 2421 5294 etc.
2447 5242 2812 5305 Ejusdem’libri
2837 5242 2952 5293 alibi
2976 5242 3384 5305 etiamrme'miuit.
3403 5243 3574 5305 Cicero
3599 5276 3615 5300 ,

2029 5316 2107 5372 et.
2136 5304 2223 5366 (Iul
2256 5316 2370 5372 eum
2394 5304 2735 5372 imperfectum
2775 5304 2922 5372 dicit,
2964 5304 3285 5372 Quintilianus
3326 5304 3613 5372 sepissime.

2028 5364 2185 5431 Porro
2208 5378 2238 5415 c
2261 5364 2377 5415 Mss.
2419 5364 2917 5431 codicibuslegimus
2938 5366 3147 5431 plantam
3182 5376 3377 5416 causam
3400 5364 3515 5413 esse
3551 5364 3620 5431 vi-

2027 5426 2217 5495 ctorias,
2238 5439 2327 5489 pro
2346 5440 2447 5492 quo
2470 5426 2591 5477 editi
2621 5424 2789 5480 minus
2832 5424 2973 5477 recte
3004 5424 3219 5489 primam
3234 5434 3399 5476 causa:
3420 5434 3523 5474 esse
3545 5424 3617 5475 vi-

2028 5505 2055 5541 τ
2058 5501 2252 5541 tortam.

2100 5547 2170 5616 (tt)
2197 5547 2336 5616 Haud
2361 5547 2685 5616 intelligimus
2701 5562 2793 5616 cur
2804 5559 2979 5597 omnes
2998 5554 3112 5596 ante
3131 5545 3460 5616 Haruspicum
3478 5541 3616 5616 editi.

2029 5601 2130 5663 imo
2158 5601 2221 5662 ἐι
2253 5610 2382 5674 MssL
2407 5601 2679 5674 nouvpanci
2717 5612 2931 5674 legant,
2953 5616 3111 5674 Bonna
3140 5604 3409 5655 Victorinus
3441 5601 3589 5674 audit

2027 5687 2125 5725 non
2148 5672 2313 5733 potuit.
2352 5665 2553 5733 Placuit
2569 5679 2734 5733 tamen
2766 5665 3018 5733 monuisse
3061 5667 3327 5733 lectorem,
3356 5665 3553 5733 quando

2030 5727 2177 5795 nobis
2200 5732 2316 5784 nihil
2340 5741 2451 5795 post
2470 5731 2789 5795 Benedictio.
2816 5727 3083 5795 editionem
3106 5727 3531 5795 est-immutatum.

2101 5794 2165 5861 (e)
2205 5783 2361 5853 Antea
2386 5783 2496 5845 erat
2517 5794 2569 5845 iu
2591 5786 2942 5842 instautialius
2970 5783 3341 5851 superwdiﬁcat.
