4146 6336
556 401 655 454 ωδ

553 528 698 578 nmn,
751 513 912 582 ligna,
940 510 1212 580 stipulam.
1265 508 1380 565 Non
1435 510 1741 580 ignoramus
1784 504 2130 561 honorabiles

554 603 788 673 nuptias,
836 611 890 658 et
917 602 1096 658 cubile
1135 602 1561 659 immaculatum.
1621 599 1872 669 Legimus
1903 597 2128 667 primam

552 696 646 751 Dei
675 696 994 750 sententiam
1031 713 1046 750 :
1078 693 1296 748 Crescite
1323 703 1370 749 et
1396 691 1828 762 multiplicamini,
1857 701 1904 743 et
1943 689 2133 759 replete

550 797 735 841 terram
766 785 918 858 (Gen.
953 789 1004 843 l.
1034 785 1150 858 28).
1198 785 1305 842 Sed
1355 787 1424 839 ita
1480 785 1692 854 nuptias
1721 783 2031 851 recipimus,
2074 788 2132 834 ut

550 878 930 947 virginitatem,
963 892 1083 948 qua:
1124 876 1192 931 dc
1227 875 1428 946 nuptiis
1473 874 1729 938 nascitur,
1763 869 2128 942 prteferamus.

552 967 819 1038 Numquid
850 977 1129 1036 argentum
1171 981 1277 1021 non
1309 965 1731 1032 critargentum,
1762 962 1806 1016 si
1829 976 2018 1016 aurum
2046 976 2132 1014 ar-

548 1071 709 1130 gento
743 1060 1031 1132 pretiosius
1078 1059 1194 1114 est?
1225 1068 1315 1113 aut
1357 1057 1566 1112 arboris
1609 1065 1664 1110 et
1706 1054 1904 1124 segetis
1942 1062 2133 1108 contu-

550 1153 706 1207 mella
733 1159 835 1215 est,
871 1151 916 1205 si
951 1149 1118 1205 radici
1152 1159 1204 1202 et
1234 1147 1397 1228 foliis,
1428 1147 1605 1203 culmo
1645 1154 1700 1200 et
1740 1146 1940 1209 aristis,
1972 1159 2130 1214 poma

550 1243 904 1312 praeferantur
930 1251 985 1297 et
1011 1241 1256 1298 fructus?
1284 1238 1353 1296 Ut
1380 1255 1538 1311 poma
1562 1254 1626 1294 ex
1649 1238 1864 1302 arbore,
1900 1237 2134 1292 frumcn-

552 1347 665 1390 tum
704 1350 769 1391 ex
797 1334 1011 1404 stipula,
1041 1333 1110 1388 ita
1137 1331 1417 1402 virginitas
1441 1347 1506 1386 ex
1547 1331 1766 1401 nuptiis.
1795 1329 2134 1385 Centcsimus

550 1437 606 1482 et
632 1424 1000 1496 sexagesimus
1044 1433 1098 1478 et
1125 1423 1430 1479 tricesimus
1461 1421 1686 1486 fructus,
1717 1436 2022 1492 quanquam
2063 1420 2133 1476 de

553 1533 657 1573 una
689 1527 854 1582 terra,
877 1515 1024 1572 etde
1051 1529 1153 1570 una
1184 1523 1425 1569 semente
1458 1519 1730 1578 nascatur,
1767 1519 1944 1566 tamen
1989 1509 2132 1565 mul-

553 1619 668 1664 tum
702 1608 883 1664 differt
933 1607 984 1662 in
1015 1621 1256 1663 numero.
1296 1605 1536 1674 Triginta
1583 1603 1890 1658 referuntur
1924 1600 1991 1655 ad
2035 1616 2135 1656 nu-

554 1703 720 1770 ptias,
748 1701 871 1772 quia
919 1708 972 1754 ct
1001 1698 1078 1771 (α)
1127 1699 1240 1768 ipsa
1278 1696 1565 1766 digitorum
1596 1692 1930 1762 conjunctio,
1975 1692 2129 1762 quasi

552 1792 697 1849 tnolli
738 1790 922 1846 osculo
965 1803 1025 1844 se
1075 1787 1420 1858 complcxans
1450 1795 1500 1840 et
1533 1784 1802 1840 fmdcrans
1827 1824 1844 1850 ,
1877 1785 2129 1838 maritum

552 1881 722 1956 pingit
750 1887 805 1936 et
833 1879 1138 1950 conjugem.
1174 1877 1462 1948 Sexaginta
1507 1890 1636 1931 vero
1683 1875 1750 1930 ad
1801 1875 2009 1940 viduas,
2062 1889 2131 1930 eo

551 1971 692 2046 quod
715 1972 768 2026 in
791 1973 1035 2041 angustia
1055 1979 1108 2024 et
1131 1969 1474 2024 tribulatione
1504 1968 1614 2023 sint
1656 1966 1862 2036 positze.
1892 1965 2046 2022 Unde
2080 1975 2134 2022 et

553 2062 818 2132 superiori
846 2061 1012 2131 digito
1043 2059 1418 2130 deprimuntur
1438 2077 1451 2114 :
1472 2059 1594 2128 quia
1631 2068 1829 2128 quanto
1855 2057 2026 2129 major
2053 2068 2136 2113 est

551 2151 836 2206 difficultas
861 2159 1099 2220 experta:
1128 2149 1396 2219 quondam
1426 2149 1715 2218 voluptatis
1743 2148 2008 2203 illecebris
2037 2148 2134 2203 ab-

553 2237 795 2310 itinere,
844 2252 991 2297 tanto
1035 2242 1204 2313 majus
1280 2239 1442 2314 214
1513 2251 1596 2296 est
1635 2241 1936 2312 praemium.
1970 2242 2135 2295 Porro

561 2348 819 2388 numerus
835 2335 1162 2389 centesimus
1191 2331 1395 2404 (quieso
1409 2331 1692 2401 diligenter
1705 2332 1874 2386 lector
1892 2332 2134 2402 attende)

554 2426 621 2478 de
643 2425 861 2480 sinistra
887 2423 1206 2479 transfertur
1223 2423 1287 2478 ad
1305 2423 1581 2478 dexteram
1609 2441 1622 2476 :
1647 2433 1701 2478 et
1719 2423 1906 2478 iisdem
1921 2423 2133 2494 quidem

555 2517 772 2587 digitis;
803 2516 896 2571 sed
927 2533 1031 2572 non
1055 2516 1244 2572 eadem
1269 2531 1452 2582 manu,
1481 2517 1673 2586 quibus
1697 2517 1750 2570 in
1779 2517 1934 2582 laeva,
1958 2527 2136 2587 nupta:

560 2608 926 2678 significantur
961 2617 1016 2663 et
1065 2608 1273 2675 viduae,
1301 2607 1562 2663 circulum
1617 2608 1839 2674 faciens,
1887 2610 2139 2678 exprimit

557 2700 876 2769 virginitatis
901 2714 1182 2754 coronam.
1226 2717 1246 2751 ι

565 2817 568 2820 ~
627 2793 680 2846 5.
722 2793 830 2848 Oro
855 2801 924 2856 te,
944 2787 1045 2862 qui
1075 2792 1188 2846 lure
1209 2791 1462 2861 loquitur,
1488 2792 1705 2846 damnat
1736 2793 1992 2863 nuptias?
2027 2795 2137 2847 Au-

555 2898 675 2940 rum
724 2882 1101 2952 virginitatem,
1155 2891 1432 2954 argentum
1461 2883 1692 2938 diximus
1719 2885 2137 2939 matrimonium.

555 2973 919 3028 Centesimum
957 2981 1012 3028 et
1048 2973 1436 3043 sexagesimum
1469 2980 1522 3027 et
1553 2973 1879 3028 tricesimum
1912 2973 2136 3029 fructum

541 3063 626 3118 'de
651 3080 750 3118 una
772 3072 910 3118 terra
929 3064 1291 3133 exposuimus,
1312 3072 1365 3118 ct
1388 3062 1454 3117 de
1479 3078 1578 3118 una
1603 3074 1844 3118 semente
1870 3067 2136 3134 generari,

558 3155 683 3210 licet
709 3155 936 3208 multum
983 3153 1196 3209 differat
1244 3154 1296 3208 in
1331 3169 1575 3209 numero.
1608 3155 1675 3209 Et
1724 3156 2000 3225 quisquam
2033 3165 2138 3211 tam

541 3243 772 3312 iniquus
791 3243 962 3298 lector
987 3243 1109 3308 erit,
1141 3252 1196 3297 ut
1227 3259 1334 3300 non
1361 3259 1424 3298 ex
1455 3245 1588 3300 meis
1607 3244 1794 3311 dictis,
1829 3246 1922 3300 sed
1950 3261 2013 3301 ex
2042 3261 2141 3301 suo

559 3350 646 3388 me
671 3350 831 3390 sensa
855 3335 1095 3404 judicet?
1126 3337 1195 3390 Et
1221 3346 1368 3392 certe
1392 3339 1561 3392 multo
1596 3340 1972 3395 clementiores
2014 3357 2138 3411 erga

557 3426 802 3496 ennjugia
833 3427 1027 3482 fuimus
1051 3470 1065 3492 ,
1111 3429 1358 3484 omnibus
1379 3429 1450 3501 (ὁ)
1479 3446 1611 3500 pene
1635 3430 1837 3485 Latinis
1862 3442 1914 3486 et
1940 3431 2142 3488 Grarcis

559 3517 980 3583 Tractaturibus,
1011 3519 1100 3589 qui
1123 3521 1475 3576 centesimum
1499 3537 1775 3577 numerum
1793 3523 1856 3576 ad
1884 3522 2141 3596 Martyres

561 3609 822 3677 ret-runt,
850 3613 1242 3683 sexagesimum
1284 3612 1350 3668 ad
1395 3612 1678 3684 Virgines,
1723 3615 2049 3670 tricesimum
2072 3617 2138 3671 ad

560 3702 763 3757 Viduas
795 3719 809 3758 :
839 3712 999 3774 atque
1021 3704 1090 3758 ita
1114 3703 1170 3759 fit
1193 3704 1345 3774 juxta
1369 3705 1581 3760 illorum
1613 3706 1954 3773 sententiam,
1986 3718 2039 3762 ut
2072 3707 2140 3762 de

563 3795 700 3848 bona
735 3805 902 3861 terra,
934 3804 989 3850 et
1017 3795 1084 3851 de
1111 3795 1506 3865 patrisfamilias
1544 3797 1748 3852 semine
1790 3798 2142 3854 excludantur

561 3887 760 3940 mariti.
792 3886 988 3941 Verum
1019 3885 1091 3958 (ο)
1124 3903 1191 3942 ne
1223 3888 1274 3941 in
1299 3887 1562 3957 principio
1587 3898 1807 3955 cautus,
1841 3890 1893 3944 in
1921 3889 2141 3960 reliquis

559 3975 782 4032 forsitan
808 3977 1140 4046 improvidus
1167 3977 1360 4033 fuerim
1395 3993 1409 4032 :
1441 3992 1620 4034 nonne
1651 3993 1719 4048 po
1752 3987 1771 4034 ι
1799 3980 2139 4049 partitionem

556 4066 822 4135 opusculi,
871 4084 990 4127 eum
1017 4067 1084 4123 ad
1113 4069 1438 4138 qutestiones
1481 4069 1742 4137 venirem,
1765 4073 1944 4127 statim
1963 4073 2138 4140 intuli,

567 4177 586 4207 ς
626 4155 736 4211 Vos
763 4173 944 4226 quaeso
965 4158 1239 4228 utriusque
1261 4173 1423 4213 sexus
1447 4158 1679 4230 virgines
1705 4169 1760 4216 et
1780 4164 2138 4230 continentes,

559 4245 734 4298 mariti
763 4259 974 4314 quoque
1000 4254 1054 4300 et
1079 4245 1296 4316 digami,
1354 4256 1412 4301 ut
1441 4256 1667 4302 conatus
1705 4264 1856 4305 meos
1882 4252 2141 4308 orationi-

498 4338 505 4346 '
563 4336 663 4389 hns
693 4334 979 4404 adjuvetis.
1019 4353 1037 4388 ι
1067 4334 1386 4390 Cunctorum
1430 4337 1481 4390 iu
1521 4351 1807 4394 commune
1830 4339 2144 4396 Iovinianus

567 4424 738 4479 hostis
763 4432 868 4479 est.
901 4424 1137 4492 Quorum
1159 4441 1258 4495 ego
1283 4425 1617 4481 orationibus
1639 4428 1849 4499 indigeo
1873 4471 1888 4496 ,
1928 4441 1983 4486 et
2008 4447 2143 4502 quos

493 4520 504 4556 ἔ
559 4518 837 4586 adjutores
864 4517 971 4573 mei
1020 4518 1201 4590 operis
1232 4533 1444 4588 precor,
1489 4533 1584 4574 eos
1616 4534 1832 4591 possum
1865 4521 2142 4579 Manichtci

560 4624 746 4664 errore
767 4608 1041 4666 damnare.

638 4702 692 4754 4.
734 4701 1024 4757 Curramus
1063 4702 1130 4758 ad
1183 4702 1410 4774 reliqua.
1465 4703 1647 4774 Neque
1698 4706 1840 4760 enim
1890 4707 2142 4778 Epistolas

567 4793 800 4850 brevitas
832 4795 1030 4864 patitur
1066 4798 1266 4857 diutius
1307 4801 1359 4854 itt
1390 4800 1613 4870 singulis
1643 4801 1936 4856 immorari.
1970 4803 2141 4857 Inter-

566 4892 838 4952 pretantes
859 4884 986 4938 illud
1021 4887 1259 4954 Apostoli
1288 4888 1650 4943 testimonium
1685 4907 1698 4942 :
1728 4906 1747 4940 ι
1773 4888 1921 4946 Uxor
1941 4892 2140 4960 proprii

563 4973 807 5042 corporis
827 4973 911 5029 sui
941 4990 1046 5028 non
1063 4974 1222 5031 habet
1250 4986 1596 5046 potestatem,
1623 4978 1714 5032 sed
1746 4979 1826 5033 vir
1852 4994 1867 5031 :
1896 4979 2142 5034 similiter

567 5073 621 5119 et
649 5065 731 5118 vir
758 5065 998 5134 corporis
1019 5066 1100 5119 sui
1129 5082 1234 5120 non
1261 5067 1421 5122 habet
1452 5077 1792 5137 potestatem,
1825 5071 1917 5125 sed
1946 5087 2133 5129 uxor.»

631 5277 698 5347 (a)
737 5278 857 5347 Haec
878 5279 926 5328 in
951 5278 1242 5347 ipsecontra
1265 5279 1500 5347 Iovinian.
1527 5278 1673 5342 libro,
1699 5287 1750 5333 et
1775 5285 1820 5334 in
1843 5283 2058 5347 Epistola
2082 5285 2142 5334 ad

561 5341 940 5406 Agcruchiaura
965 5342 1237 5406 nobisht'use
1270 5342 1586 5406 explicantur.

633 5402 698 5514 (ὺᾶ
740 5401 823 5452 Sic
841 5415 869 5451 e
893 5402 1080 5450 Latinis
1101 5401 1154 5450 S.
1182 5401 1443 5464 Cyprianus
1462 5403 1524 5450 de
1548 5404 1727 5453 Ilabilu
1753 5404 2002 5474 Virginum
2032 5420 2140 5467 pro-

701 5476 814 5514 nem
835 5498 849 5514 .
881 5481 904 5508 ι
927 5462 1122 5512 Primus
1147 5467 1274 5513 enim
1316 5468 1624 5514 centonarius
1662 5466 1918 5514 Martvrum
1959 5470 2140 5514 fructus

566 5462 647 5534 pe'
669 5462 814 5514 linem
835 5498 864 5534 ,_
881 5481 904 5508 ι
927 5462 1122 5512 Primus
1147 5462 1274 5534 enim
1316 5468 1624 5534 cctttcnarins
1662 5462 1918 5534 Martyrum
1959 5462 2143 5534 fructus

567 5525 664 5584 est,
681 5525 926 5587 secundus
945 5527 1298 5587 sexagenarius
1323 5531 1486 5573 vesler
1511 5533 1604 5579 est,
1626 5544 1647 5569 ι
1679 5536 1770 5576 etc.
1787 5525 1924 5576 item
1952 5536 2002 5575 et
2025 5528 2144 5575 Pru-

564 5589 762 5641 dentius
784 5586 836 5649 lu
857 5585 1158 5636 carmine‘de
1181 5586 1235 5635 S.
1260 5585 1473 5648 Agncte,
1495 5594 1546 5634 ct
1566 5587 1648 5640 lib.
1675 5589 1723 5636 2.
1749 5589 1982 5637 adversus
2005 5589 2139 5649 Synt-

567 5650 785 5716 tnachtttn
808 5647 873 5716 de
898 5649 1104 5716 ‘jirgi'w;
1188 5709 1215 5716 ,,
1314 5647 1330 5716 ί
1425 5705 1436 5716 .
1495 5707 1506 5716 .
1703 5711 1718 5716 -
1958 5699 1960 5701 ’

692 5711 782 5760 Hic
805 5707 1091 5760 deciss'seni
1109 5709 1394 5771 rediguntur
1418 5707 1474 5771 in,
1488 5707 1660 5759 horrea
1690 5711 1892 5771 ﬂuctus.

628 5770 666 5827 Ε
693 5771 878 5820 Grmcis
900 5771 1149 5820 adducitur
1172 5769 1416 5829 Origenes
1439 5770 1613 5818 lloinil.
1643 5769 1698 5819 1.
1714 5772 1762 5822 in
1786 5769 1952 5819 Josue.

649 5830 710 5899 (ej
752 5832 988 5883 Victorius
1007 5845 1062 5880 ne
1081 5828 1359 5896 particulam
1387 5832 1640 5894 expungit.

1825 389 2065 446 SANCTI
2109 389 2480 445 lllEROXYMl

3715 407 3818 463 496

2247 503 2322 573 (ί.
2349 503 2464 559 Cor.
2492 503 2572 579 7),
2604 505 2704 561 hoc
2733 507 3103 577 subjunximus
3133 510 3338 583 (Lib.l.
3359 527 3407 569 ε.
3437 514 3495 584 4)
3525 531 3538 568 ;
3575 535 3594 568 t
3632 517 3818 575 Omnis

2241 595 2357 651 lucc
2395 598 2620 667 qttzrstio
2661 599 2728 655 de
2768 599 2851 655 his
2876 611 2956 656 est
2997 603 3166 672 quiin
3198 607 3544 662 matrimonio
3571 621 3718 677 sunt,
3749 628 3816 666 an

2239 686 2318 740 eis
2360 687 2518 743 liceat
2565 705 2760 745 uxores
2797 691 3067 749 dimittere
3096 736 3111 759 ,
3169 695 3310 765 quod
3364 706 3420 752 et
3459 699 3714 755 Dominus
3765 705 3815 758 in

2237 776 2528 846 Evangelio
2555 780 2840 848 prohibuit.
2875 781 3027 840 Unde
3057 792 3112 840 et
3137 788 3422 856 Apostolus
3453 806 3466 842 :
3499 788 3701 844 Bonum
3725 803 3816 859 est,

2239 870 2348 934 ait,
2413 871 2604 926 homini
2651 889 2858 928 uxorem
2903 875 2980 948 (ά)
3033 879 3111 932 vel
3160 880 3416 933 mulierem
3469 898 3570 934 non
3616 891 3820 954 tangere

2241 960 2451 1032 (Matth.
2471 964 2561 1030 5):
2590 965 2739 1034 quasi
2769 966 2820 1019 in
2845 976 2987 1021 tactu
3013 968 3130 1036 ejus
3175 969 3469 1038 periculum
3521 971 3625 1037 sit,
3670 975 3818 1043 quasi

2239 1053 2329 1120 qui
2359 1067 2476 1108 eam
2510 1056 2740 1125 tetigerit
2790 1071 2893 1111 non
2919 1058 3127 1112 evadat.
3159 1059 3311 1115 Unde
3340 1071 3392 1115 et
3420 1060 3621 1132 Joseph
3649 1105 3664 1130 ,
3695 1065 3818 1134 quia

2240 1141 2386 1196 illum
2413 1153 2632 1214 tangere
2680 1146 2889 1200 volebat
2917 1146 3198 1219 Egyptia,
3247 1149 3453 1220 fugiens
3479 1152 3545 1208 de
3573 1154 3820 1212 manibus

2239 1232 2356 1302 ejus
2374 1235 2595 1304 pallium
2610 1236 2823 1305 abiecit.
2840 1237 2945 1292 Sed
2968 1243 3088 1309 quia
3107 1239 3196 1309 qui
3212 1242 3379 1296 semel
3397 1242 3549 1298 duxit
3570 1253 3815 1312 uxorem,

2241 1326 2420 1382 nisiex
2443 1342 2708 1383 consensu
2735 1345 2795 1384 se
2819 1345 2924 1384 non
2952 1331 3094 1386 valet
3117 1331 3407 1398 abstinere,
3486 1336 3645 1408 215
3721 1352 3820 1393 nec

2237 1415 2367 1472 dare
2394 1418 2676 1488 repudium
2707 1435 2810 1474 non
2835 1423 3095 1490 pcccanli,
3118 1423 3305 1478 reddat
3326 1425 3534 1495 conjugi
3554 1427 3816 1493 debitum,

2237 1508 2358 1577 quia
2392 1518 2582 1579 sponte
2609 1525 2668 1564 se
2701 1512 2956 1582 alligavit,
2989 1522 3046 1567 ut
3085 1513 3311 1571 reddere
3336 1528 3670 1587 cogeretur.)
3715 1521 3816 1588 Qui

2240 1598 2449 1654 Domini
2481 1600 2608 1655 dicit
2635 1617 2757 1656 esse
2781 1611 3125 1672 praeceptum,
3153 1621 3220 1660 ne
3239 1606 3574 1664 dimittantur
3600 1625 3812 1678 uxores,

2238 1699 2292 1746 et
2329 1691 2532 1761 absque
2561 1706 2848 1757 consensu,
2880 1713 2900 1746 α
2924 1694 3077 1762 Quod
3115 1696 3252 1752 Deus
3282 1699 3557 1768 conjunxit
3589 1742 3605 1766 ,
3657 1702 3818 1759 homo

2238 1798 2344 1836 non
2375 1794 2584 1852 separet
2613 1802 2632 1836 ι
2669 1783 2884 1852 (Matth.
2913 1786 3000 1842 19.
3023 1788 3108 1856 (i),
3143 1787 3231 1844 hic
3265 1797 3442 1858 potest
3469 1791 3573 1846 dici
3607 1795 3816 1864 nuptias

2237 1871 2638 1929 condemnare?
2671 1875 2902 1932 Rursum
2937 1878 2987 1932 in
3029 1881 3418 1948 sequentibus:
3457 1902 3476 1936 s
3504 1882 3608 1939 Sed
3650 1901 3815 1940 unus-

2238 1965 2463 2034 quisque
2489 2006 2502 2031 ,
2536 1967 2630 2034 ait,
2675 1967 2832 2022 habet
2865 1969 3139 2039 preprium
3178 1970 3376 2025 donum
3418 1989 3482 2029 ex
3513 1975 3641 2032 Deo.
3669 1977 3816 2032 Alius

2238 2055 2452 2126 quidem
2499 2057 2610 2123 sic,
2643 2057 2781 2112 alius
2810 2067 2988 2114 autem
3017 2060 3093 2113 sic
3128 2078 3146 2112 ι
3186 2061 3264 2132 (l.
3295 2062 3411 2117 Cor.
3433 2065 3486 2119 7.
3521 2065 3596 2136 7).
3647 2066 3816 2136 Quam

2238 2147 2559 2202 sententiam
2579 2163 2677 2202 nos
2704 2159 3037 2218 exponentes
3068 2150 3206 2221 (Lib.
3240 2154 3291 2207 1.
3321 2169 3364 2206 c.
3393 2156 3471 2225 8),
3495 2155 3609 2210 haec
3634 2157 3815 2210 intuli-

2240 2251 2402 2292 mus:
2439 2254 2459 2289 t
2495 2235 2653 2304 Quid,
2683 2239 2872 2309 inquit,
2921 2241 3078 2294 velim
3104 2282 3119 2308 ,
3167 2245 3500 2312 perspicuum
3552 2255 3653 2301 est.
3710 2247 3814 2302 Sed

2239 2327 2492 2395 quoniam
2522 2327 2574 2382 in
2620 2328 2856 2385 Ecclesia
2887 2330 3095 2386 diversa
3125 2325 3254 2386 sunt
3277 2333 3412 2388 dona
3435 2378 3449 2401 ,
3482 2337 3716 2392 concedo
3764 2348 3818 2393 et

2241 2417 2475 2486 nuptias,
2509 2433 2576 2472 ne
2606 2418 2788 2474 videar
2807 2420 3065 2476 damnare
3087 2433 3354 2479 naturam.
3391 2424 3663 2496 Simulque
3683 2443 3815 2483 con-

2240 2507 2438 2576 sidera,
2466 2509 2605 2578 quod
2634 2509 2778 2564 aliud
2809 2510 3008 2566 donum
3038 2513 3354 2583 virginitatis
3380 2515 3443 2568 sit
3473 2557 3486 2582 ,
3533 2517 3676 2572 aliud
3721 2535 3818 2573 nu-

2241 2601 2490 2669 ptiarum.
2539 2601 2594 2656 Si
2639 2601 2782 2657 enim
2811 2603 2996 2658 eadem
3024 2615 3169 2660 esset
3211 2622 3415 2662 merces
3455 2620 3734 2677 nuptarum
3764 2622 3818 2667 et

2159 2743 2162 2746 .
2242 2693 2526 2780 virginum,
2557 2709 2887 2765 nequaquam
2911 2697 3134 2752 dixisset
3159 2708 3278 2768 post
3302 2713 3618 2770 przcceptum
3643 2707 3815 2757 conti-

2243 2785 2440 2838 nentia:
2472 2802 2486 2838 :
2519 2785 2625 2840 Sed
2653 2788 2992 2859 unusquisque
3034 2789 3296 2860 proprium
3344 2791 3488 2846 habet
3533 2793 3719 2847 donum
3757 2811 3820 2849 ea:

2242 2876 2386 2931 Deo:
2421 2878 2563 2932 Alius
2584 2880 2785 2947 quidem
2814 2881 2906 2944 sic,
2931 2882 3066 2937 alius
3095 2893 3259 2938 autem
3277 2885 3368 2940 sic.
3399 2885 3496 2942 Ubi
3522 2887 3818 2955 preprietas

2241 2968 2573 3038 singulorum
2595 2979 2696 3035 est,
2723 2971 2794 3026 ibi
2825 2972 3141 3030 altrinsecus
3159 2975 3455 3031 diversitas.
3486 2976 3733 3032 Concedo
3763 2988 3820 3034 et

2245 3061 2457 3128 nuptias
2486 3076 2607 3116 esse
2633 3061 2835 3116 donum
2870 3063 2983 3130 Dei,
3027 3064 3119 3119 sed
3149 3066 3289 3120 inter
3313 3065 3510 3121 donum
3542 3078 3594 3122 et
3619 3068 3816 3126 donum

2243 3165 2433 3219 magna
2463 3151 2746 3206 diversitas
2770 3162 2872 3208 est.
2905 3155 3142 3224 Denique
3171 3165 3224 3211 et
3248 3157 3535 3226 Apostolus
3575 3159 3642 3215 de
3681 3175 3818 3230 quo-

2243 3241 2367 3296 dam
2410 3250 2529 3312 post
2572 3242 2833 3299 incestum
2863 3245 3154 3315 pmuitente
3188 3267 3201 3302 :
3230 3247 3280 3302 E
3301 3253 3573 3322 contrario,
3624 3253 3813 3321 inquit,

2243 3331 2431 3384 donate
2456 3333 2502 3384 ei
2525 3342 2570 3386 et
2601 3335 2934 3388 consolamini
2955 3353 2974 3400 ;
3001 3338 3104 3391 etsi
3126 3339 3209 3391 cui
3231 3340 3354 3408 quid
3384 3341 3630 3408 donastis,
3657 3352 3703 3397 et
3728 3359 3818 3414 ego

2245 3423 2320 3493 (ἓ.
2353 3421 2468 3475 Cor.
2499 3421 2556 3476 2.
2581 3424 2658 3494 7).
2693 3427 2768 3478 Ac
2794 3440 2861 3478 ne
2879 3434 3187 3494 putaremus
3213 3428 3406 3482 donum
3437 3429 3665 3486 hominis
3690 3446 3820 3485 con-

2245 3513 2612 3580 temnendum,
2670 3514 2914 3569 addidit:
2946 3515 3083 3570 Nam
3113 3526 3160 3571 et
3189 3535 3278 3589 ego
3323 3521 3458 3588 quod
3503 3521 3688 3575 donavi
3709 3563 3724 3587 ,
3773 3523 3820 3576 si

2243 3604 2364 3672 quid
2389 3605 2571 3658 donavi
2591 3644 2606 3669 ,
2633 3615 2838 3675 prapter
2864 3623 2950 3660 vos
2980 3623 3148 3660 coram
3179 3607 3373 3663 Christo
3396 3606 3497 3682 [al.
3528 3610 3579 3663 in
3601 3628 3820 3680 persona

2243 3695 2492 3769 Christi].
2525 3698 2738 3752 Diversa
2783 3708 2907 3754 sunt
2936 3699 3076 3755 dona
3104 3701 3318 3756 Christi.
3349 3700 3500 3757 Unde
3525 3711 3579 3756 et
3618 3703 3819 3774 Ioseph

2246 3787 2297 3842 in
2325 3794 2454 3857 typo
2482 3788 2598 3858 ejus
2627 3791 2829 3845 variam
2861 3791 3091 3846 habebat
3139 3793 3392 3848 tunicam.
3424 3793 3492 3848 Et
3532 3794 3582 3848 in
3606 3794 3820 3852 Psalmo

2244 3877 2655 3947 quadragesimo
2689 3889 2883 3948 quarto
2930 3882 3154 3950 legimus
3184 3901 3196 3936 :
3239 3885 3408 3938 Astitit
3433 3888 3606 3956 regina
3631 3903 3663 3939 a
3693 3885 3822 3942 dea:-

2245 3969 2336 4022 tris
2369 3970 2468 4022 tnis
2508 3970 2560 4024 in
2589 3970 2765 4024 vestitu
2795 3971 3062 4040 deaurato,
3089 3976 3399 4030 circumdata
3449 3978 3701 4032 uarietate.
3754 3978 3822 4041 Et

2246 4059 2434 4115 Petrus
2461 4061 2754 4130 Apostolus
2779 4079 2793 4115 :
2825 4061 2971 4117 Sicut
3019 4063 3092 4134 (ε)
3123 4065 3428 4133 cohwredes,
3455 4068 3550 4134 ait,
3577 4068 3824 4138 multipli-

2245 4155 2316 4207 cis
2359 4155 2538 4223 gratia'
2587 4151 2685 4207 Dei
2722 4152 2814 4225 (1.
2843 4152 2986 4209 Petr.
3007 4155 3060 4210 5.
3097 4155 3189 4224 7).
3235 4154 3388 4222 Quod
3437 4157 3817 4228 significantius

2245 4244 2430 4304 Gl‘iBCC
2449 4245 2645 4298 dicitur
2670 4254 2906 4311 ποικίλης,
2939 4244 2992 4300 id
3018 4254 3120 4312 est,
3142 4246 3314 4302 υαήαε.
3356 4265 3376 4300 s

2317 4338 2373 4393 5.
2415 4337 2588 4408 Rogo,
2619 4351 2738 4407 quae
2766 4345 2850 4392 est
2898 4338 2998 4393 ista
3027 4339 3301 4393 contentio
3343 4337 3591 4396 claudere
3616 4340 3820 4406 oculos,

2247 4442 2346 4484 nec
2374 4428 2772 4498 apertissimum
2819 4429 3000 4484 lumen
3028 4429 3310 4500 aspicere?
3339 4430 3394 4484 In
3428 4431 3664 4486 Ecclesia
3689 4432 3826 4487 dixi-

2247 4535 2367 4575 mus
2390 4535 2510 4576 esse
2536 4520 2676 4576 dona
2705 4520 2916 4579 diversa
2944 4537 2958 4573 :
2988 4531 3043 4576 et
3068 4521 3212 4577 aliud
3249 4522 3449 4578 donum
3481 4524 3822 4593 virginitatis,

2245 4619 2301 4665 et
2336 4609 2481 4665 aliud
2511 4610 2834 4682 nuptiarum.
2867 4611 2934 4665 Et
2963 4621 3084 4682 post
3101 4611 3373 4680 paululum
3399 4627 3413 4668 :
3451 4630 3470 4667 ι
3493 4612 3745 4667 Concedo
3773 4621 3828 4667 et

2249 4701 2461 4771 nuptias
2483 4716 2605 4757 esse
2627 4702 2824 4756 donum
2857 4703 2974 4757 Dei.
3005 4703 3112 4758 Sed
3140 4705 3281 4758 inter
3307 4703 3507 4758 donum
3548 4715 3599 4759 et
3627 4704 3824 4764 donum

2247 4806 2438 4862 magna
2464 4792 2744 4846 diversitas
2773 4800 2909 4846 est.»
2929 4793 2997 4847 Et
3023 4793 3164 4863 ψιοά
3186 4794 3276 4849 Dei
3296 4793 3492 4849 donum
3511 4809 3644 4848 voce
3669 4809 3826 4863 aper~

2247 4882 2449 4936 tissima
2477 4881 2919 4952 pronuntiamus,
2965 4883 3220 4938 damnare
3259 4883 3520 4938 dicimur?
3574 4884 3740 4939 Porro
3783 4886 3828 4941 si

2245 4971 2445 5041 Joscph
2476 4973 2528 5026 in
2559 4980 2684 5042 typo
2714 4972 2921 5025 Domini
2942 4972 3223 5042 acclpitur,
3255 4975 3431 5028 tunica
3453 4975 3569 5044 ejus
3591 4975 3735 5028 varia
3757 4985 3831 5030 at-

2247 5080 2352 5135 que
2370 5065 2618 5119 distincta
2647 5065 2700 5122 in
2731 5066 3048 5134 virginibus,
3090 5067 3286 5137 viduis,
3315 5071 3738 5134 continentibus,
3767 5085 3831 5126 ac

2250 5157 2512 5212 maritalis
2534 5165 2637 5211 est.
2667 5156 2738 5211 Et
2767 5166 2943 5226 potest
2970 5159 3138 5215 videri
3169 5163 3319 5231 quasi
3363 5163 3593 5232 alienus,
3672 5165 3833 5239 216

2246 5248 2336 5317 qui
2351 5247 2417 5300 de
2436 5245 2611 5300 tunica
2629 5245 2826 5301 Christi
2853 5257 2937 5302 est
2967 5263 2983 5303 :
3014 5265 3136 5305 cum
3164 5253 3402 5322 etipsam
3427 5255 3690 5325 reginam,
3730 5257 3831 5309 hoc

2247 5346 2330 5392 est
2374 5336 2667 5392 Ecclesium
2695 5337 2985 5396 Salvatoris
3011 5342 3067 5397 in
3096 5345 3291 5400 vestitu
3319 5345 3574 5401 deaurato
3593 5347 3832 5414 ,_eadent

2315 5467 2385 5533 (tt)
2431 5467 2540 5517 Duo
2563 5468 2713 5518 verba
2736 5468 2809 5533 ve]
2830 5471 3080 5524 mulierem
3102 5489 3196 5525 non
3225 5478 3489 5526 recitantur
3513 5480 3563 5528 in
3581 5493 3642 5530 eo
3665 5487 3834 5533 contra

2245 5530 2408 5600 Jovin_.
2426 5535 2637 5600 tractatu
2659 5538 2745 5600 ,_et
2769 5530 3095 5600 Grteeusjpse
3117 5546 3299 5600 tantum
3325 5540 3473 5588 habet
3501 5556 3680 5600 γυναικός.
3709 5530 3832 5592 Tum

2249 5605 2362 5652 quae
2386 5591 2846 5664 liieisubuectuntur
2867 5593 2930 5664 de
2953 5591 3174 5664 A‘J'gvptia
3217 5598 3423 5658 femina,
3460 5591 3606 5663 paulo
3631 5591 3794 5653 aliter
3816 5641 3830 5664 ,

2246 5650 2302 5699 a'c
2325 5653 2416 5698 sub
2436 5650 2531 5698 alia
2555 5653 2786 5700 orationis
2808 5655 2940 5702 serie
2965 5650 3279 5707 eilii'bentur.

2315 5709 2389 5782 (ε),
2413 5711 2661 5782 Victorius
2683 5725 2745 5760 ex
2782 5715 2980 5782 ingenio
3018 5720 3137 5782 fecit
3170 5721 3294 5770 sicut
3327 5720 3698 5782 dispensatores.
3741 5725 3835 5773 Le.

2245 5773 2624 5881 clitinispostrte
2647 5775 3020 5833 germanitatem
3047 5781 3092 5827 in
3119 5782 3222 5843 ipso
3241 5773 3415 5834 contra
3432 5773 3676 5840 Jovinian;
3705 5786 3834 5843 libro

2249 5846 2302 5881 os
2327 5846 2386 5880 cn
2424 5846 2559 5881 unus.

2249 5839 2559 5885 ostcndin‘tus.
