4146 6336
312 391 410 448 197

312 505 560 559 varietate
594 499 964 557 :ircumdatam
988 495 1312 551 dixerimus?
1340 513 1360 546 ι
1393 491 1496 548 Sed
1523 499 1576 546 et
1610 491 1664 545 in
1684 506 1878 546 conse-

309 592 591 666 quentibus
614 591 682 646 de
706 587 953 658 coniugio
986 585 1349 657 disputantes,
1383 581 1628 637 eumdem
1660 595 1876 634 sensum

307 687 472 742 secuti
519 698 726 739 sumus.
768 683 864 737 llic
890 678 963 751 (a)
983 681 1130 734 locus
1145 677 1210 731 ad
1229 683 1545 746 praesentem
1571 681 1880 727 controver-

308 781 435 834 siam
449 792 554 833 non
569 751 812 846 pertinet.
827 775 992 828 Docet
1003 773 1143 828 enim
1154 770 1304 842 juxta
1317 767 1632 823 sententiam
1646 764 1875 830 Domini,

308 883 524 924 uxorem
552 873 772 935 excepta
793 879 950 920 causa
971 860 1329 918 fornicationis
1347 873 1450 913 non
1467 854 1880 925 repudiandum,

307 969 355 1014 et
370 957 718 1028 repudiatam,
737 956 856 1008 vivo
870 954 1078 1015 marito,
1094 952 1242 1005 alteri
1258 966 1362 1004 non
1381 949 1582 1002 nubere
1601 963 1612 998 :
1629 953 1879 999 autcerte

306 1050 418 1103 viro
446 1062 545 1102 suo
573 1045 768 1101 debere
800 1042 1150 1099 reconciliari.
1183 1040 1398 1096 Necnon
1430 1047 1482 1092 et
1508 1039 1559 1092 in
1587 1037 1692 1091 alio
1719 1037 1874 1089 loco:

307 1137 494 1192 Mulier
546 1139 756 1208 alligata
791 1145 883 1202 est,
917 1136 994 1206 (b)
1019 1144 1206 1205 quanto
1239 1143 1461 1203 tempore
1497 1132 1570 1186 vir
1599 1131 1709 1200 ejus
1739 1129 1875 1183 vivit.

308 1230 457 1294 Quod
479 1229 522 1283 si
547 1229 804 1282 dormierit
831 1229 906 1282 vir
934 1228 1063 1296 ejus,
1100 1225 1307 1279 liberata
1352 1232 1422 1277 est
1443 1239 1474 1276 a
1507 1222 1614 1291 lege
1635 1221 1726 1274 viri
1755 1235 1774 1274 :
1797 1219 1879 1272 cui

304 1319 405 1372 vult
431 1319 603 1385 nubat,
632 1327 828 1371 tantum
854 1317 906 1369 in
948 1315 1166 1368 Domino
1204 1314 1282 1378 (1.
1314 1311 1434 1368 Cor.
1459 1313 1511 1365 7.
1544 1309 1656 1378 '59),
1695 1308 1746 1362 id
1773 1317 1875 1374 est,

303 1410 624 1464 Christiano.
657 1429 674 1462 ι
705 1409 804 1476 Qui
831 1407 1094 1462 secundas
1124 1405 1332 1476 nuptias
1359 1401 1646 1472 tertiasque
1683 1414 1879 1454 conce-

304 1499 380 1552 dit
399 1499 448 1551 in
473 1499 716 1562 Domino,
743 1498 941 1568 primas
958 1511 1076 1550 cum
1105 1495 1330 1549 Ethnico
1363 1491 1627 1562 prohibet.

372 1589 426 1642 6.
471 1588 746 1658 Aperiant,
798 1601 1005 1657 quaeso,
1053 1599 1210 1639 aures
1260 1582 1646 1638 obtrectatores
1675 1580 1798 1645 mei,
1825 1586 1880 1634 et

307 1679 515 1733 videant
539 1694 626 1734 me
656 1678 915 1732 secundas
942 1686 996 1730 et
1019 1675 1202 1731 tertias
1228 1675 1438 1743 nuptias
1466 1671 1802 1727 concessisse
1824 1671 1884 1725 in.

308 1773 553 1825 Domino.
582 1770 683 1836 Qui
703 1768 966 1824 secundas
994 1776 1048 1822 et
1084 1769 1268 1822 tertias
1294 1780 1397 1819 non
1446 1762 1717 1828 damnavi,
1764 1763 1878 1832 pri-

305 1877 448 1915 tnum
498 1861 640 1931 potui
697 1859 952 1914 damnare
993 1853 1430 1912 matrimonium?
1475 1854 1531 1908 lu
1561 1868 1627 1908 eo
1666 1867 1878 1922 quoque

307 1953 422 2005 loco
442 1994 457 2016 ,
488 1951 577 2004 ubi
622 1951 1035 2019 interpretamur
1074 1945 1366 2016 capitulu'n
1397 1943 1637 2013 Apostoli
1664 1958 1678 1994 :
1715 1961 1734 1994 ι
1763 1942 1880 1996 Cir-

303 2043 567 2096 cumcisus
583 2040 775 2112 aliquis
791 2049 1010 2095 vocatus
1027 2046 1129 2102 est,
1153 2053 1254 2091 non
1283 2035 1512 2090 adducat
1539 2035 1876 2104 praeputium.

302 2130 357 2185 ll
390 2133 648 2202 praeputio
675 2141 893 2185 vocatus
915 2138 1017 2194 est,
1067 2145 1171 2182 non
1203 2124 1618 2182 circumcidatur
1645 2144 1664 2177 ι
1700 2123 1876 2195 (Ibid.

303 2240 348 2277 υ.
406 2225 524 2296 18)
599 2223 758 2297 (licet
836 2223 1050 2292 quidam
1107 2219 1504 2290 prudentissimi
1559 2216 1880 2285 Interpretes

302 2314 694 2384 Seriptnrarutn
721 2315 820 2367 hoc
843 2313 909 2367 de
933 2311 1342 2366 circumcisione
1364 2317 1418 2364 et
1443 2309 1696 2362 servitute
1726 2305 1880 2375 [mgis

303 2405 500 2458 dictum
529 2420 649 2458 esse
690 2402 1050 2470 contendant)
1093 2415 1269 2454 nonne
1303 2398 1635 2467 apertiSs-ime
1682 2396 1878 2452 hedera

301 2511 577 2549 servamus
606 2493 942 2564 nuptiarum?
982 2493 1218 2544 Diximus
1249 2491 1388 2543 enim
1421 2488 1440 2559 (
1470 2487 1583 2540 Lib.
1611 2491 1657 2542 1.
1690 2505 1736 2540 c.
1767 2488 1799 2541 6
1831 2488 1878 2554 ):

306 2606 324 2638 ι
355 2587 408 2642 Si
431 2589 484 2641 in
516 2587 777 2655 pratpntio
801 2585 918 2654 quis
947 2592 1164 2636 vocatus
1186 2592 1289 2646 est,
1314 2597 1418 2635 non
1445 2579 1878 2634 circumcidatur.

301 2677 584 2742 Ilabebas,
630 2675 792 2744 inquit
817 2715 832 2740 ,
865 2688 1083 2729 uxorem
1105 2715 1121 2739 ,
1179 2688 1298 2726 cum
1343 2671 1611 2726 credtlisti
1643 2687 1656 2724 :
1687 2670 1793 2724 noli
1823 2670 1884 2722 li-

300 2769 421 2822 dem
450 2767 646 2821 Christi
699 2780 916 2820 causam
973 2776 1159 2832 putare
1200 2761 1447 2825 dissidii;
1489 2761 1609 2831 quia
1665 2761 1716 2813 in
1748 2774 1878 2828 pace

305 2873 402 2912 nos
432 2856 649 2911 vocavit
681 2855 840 2908 Deus.
865 2852 1190 2908 Circumcisio
1221 2851 1350 2904 nihil
1374 2861 1466 2913 est,
1495 2860 1541 2904 et
1582 2850 1882 2919 prwpulium

305 2948 433 3002 nihil
455 2956 526 3000 est
553 2962 571 2999 :
605 2945 695 2998 sed
723 2945 1001 2997 observatio
1032 2943 1388 2995 mandatorum
1433 2940 1524 2994 Dei
1567 2941 1642 3010 (I.
1673 2939 1791 2994 Cor.
1825 2940 1876 2993 7.

308 3038 393 3101 i9;
421 3047 464 3091 et
486 3035 658 3089 Galat.
688 3035 741 3089 5.
771 3034 845 3105 6).
875 3033 1013 3086 Nihil
1043 3033 1182 3085 enim
1220 3030 1436 3100 prodest
1465 3030 1665 3099 absque
1698 3027 1880 3098 Operi-

307 3130 404 3183 bus
442 3127 721 3183 caelibatus
769 3134 824 3180 et
878 3125 1076 3194 nUptiae
1119 3141 1132 3177 :
1181 3139 1302 3178 cum
1345 3123 1505 3176 etiam
1553 3121 1713 3184 fides,
1761 3133 1880 3190 qua:

312 3219 522 3288 proprie
564 3216 989 3270 Christianorum
1017 3222 1099 3268 est
1123 3254 1137 3275 ,
1169 3213 1211 3267 si
1244 3228 1402 3282 Opera
1461 3227 1564 3266 non
1613 3209 1877 3272 habuerit,

312 3316 512 3360 mortua
539 3319 658 3359 esse
706 3304 947 3369 dicatur,
988 3311 1042 3356 et
1085 3302 1183 3356 hac
1212 3301 1328 3370 lege
1383 3301 1614 3370 virgines
1670 3314 1882 3370 quoque

313 3396 484 3452 Vesta:
527 3405 580 3450 ct
607 3395 831 3449 Junonis
857 3394 1078 3448 univira:
1098 3435 1112 3459 ,
1141 3394 1192 3446 in
1222 3403 1526 3446 sanctarum
1571 3401 1767 3461 queant
1795 3407 1883 3446 or-

313 3488 431 3542 dine
453 3487 742 3541 numerari.
779 3486 844 3541 Et
888 3494 1007 3554 post
1036 3484 1304 3554 paululum
1329 3501 1342 3535 :
1371 3483 1556 3538 Servus
1581 3493 1782 3536 vocatus
1805 3500 1878 3550 es,

315 3595 409 3633 non
434 3579 497 3633 sit
524 3578 612 3631 tibi
637 3593 771 3630 cura:
798 3593 816 3630 :
841 3576 930 3630 sed
953 3586 998 3628 el
1018 3577 1062 3629 si
1084 3585 1222 3642 potes
1247 3574 1358 3642 ﬁeri
1387 3574 1529 3637 liber,
1561 3573 1720 3642 magis
1748 3583 1884 3626 utere

314 3669 386 3741 (I.
421 3670 536 3722 Cor.
563 3670 612 3722 7.
635 3669 750 3739 21).
783 3668 956 3721 Etiam
979 3668 1020 3720 si
1042 3667 1227 3730 habes,
1253 3665 1442 3735 inquit,
1471 3681 1709 3726 uxorem,
1735 3663 1883 3718 etilli

315 3760 628 3829 alligatuses
657 3777 671 3812 :
695 3767 747 3812 ct
768 3759 934 3812 solvis
959 3757 1223 3822 debitum,
1253 3763 1308 3810 et
1334 3771 1439 3809 non
1468 3755 1631 3810 habes
1663 3755 1736 3808 tui
1758 3769 1883 3808 cor-

316 3851 456 3919 poris
476 3856 788 3920 potestatem
809 3866 821 3902 :
842 3845 1436 3916 atquc(utmanifestins
1454 3846 1663 3915 loquar)
1726 3845 1884 3917 217

313 3949 498 3991 servus
529 3940 707 3992 uxoris
722 3954 802 4004 es,
832 3938 938 3992 noli
969 3947 1184 4006 propter
1215 3937 1314 3988 hoc
1344 3935 1540 3989 habere
1591 3933 1882 3998 tristitiam,

317 4045 413 4084 nec
448 4029 514 4085 dc
543 4031 738 4084 amissa
765 4029 1068 4098 virginitate
1098 4028 1356 4097 suspires.
1387 4025 1494 4082 Sed
1529 4027 1687 4080 etiam
1716 4025 1759 4079 si
1787 4039 1882 4095 po-

317 4128 395 4174 tes
423 4135 612 4174 causas
640 4122 845 4190 aliquas
874 4119 1116 4174 invenire
1147 4117 1372 4181 dissidii,
1405 4125 1462 4169 ut
1501 4116 1745 4170 libertate
1795 4131 1889 4184 pu-

318 4210 508 4265 dicitia:
540 4210 847 4281 perfruaris,
879 4211 987 4264 noli
1037 4209 1264 4263 salutem
1307 4217 1450 4261 tuam
1495 4223 1615 4261 cum
1667 4205 1888 4260 alterius

319 4301 529 4358 interitu
574 4318 833 4372 qumrcre.
874 4321 893 4354 ι
953 4301 1158 4356 Habeto
1199 4299 1467 4369 paulisper
1495 4314 1737 4365 uxorem,
1791 4313 1890 4353 nec

319 4408 610 4462 prtecurras
631 4402 926 4448 morantem
953 4409 965 4444 :
989 4402 1216 4460 expecta
1243 4390 1367 4445 dum
1395 4391 1654 4460 sequitur.
1679 4389 1735 4445 Si
1765 4403 1889 4460 ege-

317 4485 389 4538 ris
413 4485 694 4552 patienter,
724 4483 922 4552 coniux
950 4481 1242 4536 mutabitur
1266 4481 1320 4536 in
1342 4495 1605 4536 sororem.

387 4574 439 4626 7.
481 4573 538 4626 In
560 4587 625 4626 eo
653 4587 862 4641 quoque
887 4572 1005 4625 loco
1027 4571 1115 4624 ubi
1144 4571 1484 4625 tractavimus
1503 4611 1517 4635 ,
1549 4584 1646 4624 cur
1670 4569 1894 4624 dixisset

319 4661 556 4715 Paulus:
592 4680 612 4714 ι
642 4661 716 4715 De
758 4661 1048 4730 virginibus
1091 4669 1266 4714 autem
1317 4661 1523 4714 Domini
1569 4668 1890 4730 prmceptnm

321 4769 423 4808 non
452 4753 622 4808 habeo
653 4770 666 4807 :
696 4754 979 4808 consilium
1009 4761 1184 4806 autem
1229 4752 1298 4806 do
1319 4792 1334 4816 ,
1383 4761 1634 4821 tanquam
1678 4751 1891 4805 miseri-

321 4844 556 4899 cordiam
587 4855 907 4900 consecutus
948 4859 977 4897 a
1023 4843 1269 4907 Domino,
1311 4853 1366 4896 ut
1407 4843 1507 4896 sim
1539 4843 1731 4908 fidelis,
1768 4861 1786 4894 ι
1822 4844 1892 4898 ita

321 4935 671 5005 virginitatem
702 4933 1140 5006 prmtulimusfal.
1174 4931 1488 5006 extulimus],
1517 4944 1572 4986 ut
1594 4934 1893 5001 nuptiarum

321 5028 560 5082 ordinem
588 5043 946 5083 servaremus.
984 5045 1002 5079 ι
1036 5027 1092 5082 Si
1120 5027 1476 5096 virginitatem
1511 5025 1765 5078 Dominus
1797 5025 1898 5078 im-

323 5128 578 5186 perasset,
625 5119 906 5174 videbatur
948 5119 1160 5185 nuptias
1207 5115 1588 5181 condemnare,
1629 5125 1684 5169 et
1720 5115 1895 5169 homi-

323 5209 523 5264 tninum
564 5199 776 5266 auferre
811 5211 1178 5272 seminarium,
1225 5207 1365 5262 unde
1391 5217 1444 5262 et
1481 5211 1592 5278 ipsa
1622 5208 1898 5278 virginitas

388 5342 452 5408 (tt)
493 5343 580 5394 Est
600 5343 738 5408 Pauli
761 5343 803 5392 ῐ.
827 5343 886 5392 ad
909 5342 1120 5394 Corinth.
1146 5342 1195 5393 7.
1226 5339 1300 5392 lo.
1331 5353 1427 5404 quo
1450 5342 1660 5392 maxime
1683 5338 1790 5391 loco
1811 5339 1896 5392 Jo-

321 5404 546 5454 vinianus
571 5405 880 5454 abutebatur.

387 5463 448 5574 (b)
492 5465 690 5514 Addunt
721 5466 917 5527 quidem
954 5477 1063 5513 cum
1100 5462 1317 5512 Victorio
1353 5459 1448 5524 legi
1466 5497 1480 5523 ,
1504 5470 1560 5512 ut
1581 5463 1806 5512 nimirum
1831 5475 1896 5512 ex

387 5542 393 5572 ι
417 5535 528 5574 aato
564 5529 837 5574 interprete
863 5524 1058 5574 legant.
1083 5525 1132 5572 in
1155 5523 1337 5574 Graecis
1359 5525 1490 5572 enim
1533 5521 1896 5574 exemplaribus

320 5521 528 5587 Vulgata
564 5521 840 5587 interprete
863 5524 1028 5586 legant
1043 5525 1132 5587 ,_in
1155 5523 1337 5574 Graecis
1359 5521 1490 5587 enim
1533 5521 1899 5587 esemplarjbus

321 5605 371 5649 τῷ
393 5581 487 5650 νςῐμρ
508 5581 1032 5650 smpitts'desideratnr.
1046 5581 1338 5650 'Mogvoces
1359 5596 1389 5631 a
1411 5581 1514 5644 lege
1535 5581 1628 5632 viri
1654 5581 1755 5650 nec
1775 5583 1897 5650 γυι-

321 5644 450 5707 gata,
470 5644 562 5697 nec
577 5644 793 5704 Crarcus,
820 5659 984 5708 neque
1005 5645 1109 5707 ipse
1129 5645 1453 5708 Hieronymus
1467 5651 1633 5708 contra
1648 5644 1894 5694 Jovinlan.

325 5705 607 5768 ignoscunt.
632 5705 936 5778 sequentem
963 5705 1080 5778 vero
1101 5705 1394 5778 sententiam
1417 5705 1534 5754 editi
1542 5712 1702 5778 "antea
1725 5718 1898 5778 omnes

323 5764 576 5832 pcrperam
598 5770 691 5820 sub
715 5764 1040 5831 interrogandi
1069 5774 1180 5817 nota
1205 5764 1296 5815 alio
1324 5779 1471 5816 sensu
1507 5765 1799 5815 eiierebaut.

1647 374 1973 432 EPISTULA
2014 375 2243 430 XLVIII.

3453 378 3557 431 498

1988 492 2242 546 nascitur.
2289 491 2346 547 Si
2394 493 2721 562 prmeidisset
2764 494 3018 564 radicem,
3069 495 3338 567 quomodo
3382 495 3559 565 fruges

1983 585 2292 653 qumreret?
2315 584 2424 640 Nisi
2443 596 2565 640 ante
2588 585 2930 643 fundamenta
2951 589 3196 658 jecisset,
3218 604 3321 658 qua
3350 589 3557 644 ratione

1982 677 2266 732 aedilicium
2297 686 2626 745 exstrueret,
2658 690 2712 734 et
2737 691 3051 748 aperturum
3093 691 3286 736 cuncta
3325 681 3558 751 desuper

1981 769 2190 824 culmen
2219 769 2560 840 imponeret?
2587 789 2606 822 ι
2649 769 2707 825 Si
2731 770 2964 825 radicem
2995 773 3226 840 nuptias,
3258 772 3303 826 si
3333 773 3558 841 virgini-

1986 871 2147 918 tatem
2185 862 2418 918 diximus
2457 862 2660 918 fruetns
2695 881 2708 919 :
2739 863 2782 917 si
2830 861 3230 916 fundamentum
3280 863 3556 918 matrimoo

1983 954 2150 1020 nium,
2197 961 2251 1009 et
2294 953 2574 1009 mdiﬂeium
2614 954 2697 1009 vel
2741 954 2953 1010 culmen
2988 963 3294 1024 perpetuam
3341 956 3560 1010 castita-

1984 1052 2122 1110 tem;
2153 1045 2272 1114 quis
2301 1045 2381 1100 vel
2405 1055 2512 1099 tam
2536 1045 2766 1112 invidus,
2785 1046 2869 1101 vel
2897 1056 3002 1100 tam
3033 1057 3206 1100 caecus
3228 1047 3558 1103 obtrectator

1983 1135 2088 1190 mei
2117 1136 2240 1200 erit,
2289 1143 2345 1190 ut
2389 1135 2442 1189 in
2487 1136 2674 1192 eadem
2701 1134 2864 1191 domo
2904 1135 3190 1191 aedilicium
3219 1135 3302 1191 vel
3345 1137 3557 1192 culmen

1981 1223 2178 1290 videat,
2227 1233 2282 1280 et
2320 1225 2720 1280 fundamentum
2750 1225 2891 1297 quod
2937 1225 3222 1281 mdificium
3253 1235 3308 1282 et
3348 1225 3559 1282 culmen

1983 1322 2178 1383 portat,
2212 1314 2458 1385 ignoret?
2484 1316 2653 1371 Porro
2701 1325 2757 1372 et
2804 1317 2856 1371 in
2905 1315 3010 1372 alio
3038 1315 3158 1372 loco
3201 1325 3562 1387 proponentes

1982 1405 2224 1474 Apostoli
2274 1407 2633 1462 testimonium
2662 1447 2680 1474 ,
2738 1408 2790 1462 in
2838 1421 2944 1477 quo
2991 1407 3068 1462 ait
3097 1425 3112 1463 :
3144 1426 3164 1460 ι
3194 1408 3455 1478 Alligatus
3501 1421 3562 1463 es

1983 1496 2159 1561 uxori,
2189 1495 2298 1550 noli
2319 1513 2560 1566 qumrere
2585 1498 2924 1554 solutionem.
2955 1497 3178 1554 Solutus
3194 1513 3255 1554 es
3275 1499 3343 1553 ab
3369 1514 3557 1564 uxore,

1983 1586 2090 1640 noli
2142 1603 2385 1657 quaarcre
2429 1605 2653 1644 uxorem
2682 1608 2702 1642 ι
2738 1591 2816 1660 (1.
2856 1591 2974 1646 Cor.
3000 1591 3053 1647 7.
3086 1593 3203 1661 27).
3251 1593 3399 1648 Illico
3447 1594 3562 1649 haec

1984 1677 2307 1747 subiecimus
2338 1678 2475 1750 (Lib.
2507 1681 2556 1735 1.
2587 1697 2632 1734 c.
2659 1680 2714 1753 7)
2742 1700 2756 1735 :
2793 1699 2812 1733 ι
2844 1682 3016 1738 liabet
3060 1685 3425 1754 snusquisque
3465 1699 3562 1739 no-

1983 1777 2150 1820 strum
2179 1769 2434 1824 terminos
2472 1784 2622 1836 suos,
2668 1770 2831 1826 redde
2860 1770 2988 1848 mihi
3017 1787 3216 1837 meum,
3263 1782 3314 1828 ct
3357 1783 3410 1826 tu
3440 1783 3560 1828 tene

1985 1867 2154 1912 tuum.
2183 1858 2238 1914 Si
2265 1860 2508 1930 alligatus
2529 1876 2590 1916 es
2610 1862 2762 1917 uxori
2785 1871 2909 1930 tua‘,
2939 1879 3006 1918 ne
3031 1863 3105 1918 illi
3131 1862 3228 1918 des
3254 1863 3557 1934 repudium.

1983 1950 2039 2007 Si
2067 1951 2272 2007 solutus
2315 1966 2432 2007 sum
2465 1952 2533 2008 ab
2560 1968 2745 2018 uxore,
2791 1969 2899 2008 non
2936 1969 3171 2024 qutcram
3213 1969 3460 2009 uxorem.
3492 1955 3563 2010 Ut

1983 2057 2082 2111 ego
2109 2057 2214 2096 non
2243 2042 2391 2097 solvo
2419 2043 2686 2112 conjugia,
2729 2045 2775 2099 si
2806 2046 2974 2100 semel
3013 2045 3172 2115 ligata
3202 2053 3329 2099 sunt
3356 2062 3370 2100 :
3405 2045 3475 2100 ita
3506 2055 3560 2099 tu

1986 2148 2093 2187 non
2137 2134 2292 2204 iiges,
2320 2137 2461 2203 quod
2504 2137 2738 2191 solutum
2769 2145 2872 2192 est.
2909 2156 2928 2190 ι
2957 2138 3062 2194 Sed
3105 2146 3161 2194 et
3191 2139 3242 2193 in
3273 2140 3381 2193 alio
3413 2139 3564 2194 testi-

1985 2225 2184 2286 tuonio,
2235 2225 2360 2293 quid
2409 2226 2477 2281 de
2521 2227 2824 2296 virginitate
2874 2237 2929 2282 et
2971 2228 3169 2297 nuptiis
3211 2229 3556 2292 senserimus,

1985 2314 2417 2371 manifestissime
2455 2318 2760 2373 declaratur
2785 2317 2922 2390 (Lib.
2957 2320 3007 2374 I.
3040 2335 3088 2372 c.
3119 2317 3194 2391 7).
3252 2337 3271 2372 ι
3308 2318 3422 2374 Νυη
3456 2320 3558 2373 im-

1987 2405 2134 2474 ponit
2175 2406 2328 2461 nobis
2351 2407 2636 2476 Apostolus
2657 2406 2925 2476 laqueum,
2967 2422 3066 2462 nec
3091 2407 3232 2478 cogit
3261 2422 3380 2463 esse
3417 2408 3558 2478 quod

1985 2497 2255 2564 nolumus,
2281 2497 2376 2552 sed
2406 2498 2592 2553 suadet
2610 2497 2754 2568 quod
2785 2500 3066 2555 honestum
3093 2509 3171 2555 est
3202 2511 3253 2555 et
3281 2501 3557 2566 decorum,

1985 2599 2039 2643 et
2069 2590 2270 2644 intente
2301 2589 2426 2644 facit
2453 2591 2656 2645 servire
2688 2590 2934 2658 Domino,
2967 2601 3020 2646 et
3059 2605 3272 2659 semper
3297 2605 3417 2646 esse
3446 2592 3556 2646 sol-

1986 2679 2176 2744 Iicitos,
2209 2689 2261 2735 et
2289 2676 2690 2750 exspectarem
2715 2691 2950 2750 paratam
2974 2681 3182 2734 Domini
3211 2681 3556 2743 voluntatem,

1988 2779 2042 2823 ιιι
2068 2785 2189 2824 cum
2231 2771 2357 2839 quid
2405 2771 2765 2840 imperaverit,
2797 2771 2947 2840 quasi
2977 2783 3228 2826 strenuus
3252 2781 3306 2827 ct
3327 2781 3560 2827 armatus

1987 2861 2345 2925 iniles,statim
2366 2862 2583 2932 impleat
2603 2862 2744 2933 quod
2765 2872 3085 2933 praeceptum
3100 2872 3202 2929 est,
3223 2873 3276 2919 et
3290 2863 3390 2919 hoc
3406 2866 3563 2918 iaciat

1985 2951 2218 3005 sineulla
2285 2953 2449 3024 218
2502 2953 2848 3019 distentione,
2867 2969 2987 3023 qua:
3015 2952 3138 3008 data
3156 2961 3239 3008 est
3267 2951 3561 3008 secundum

1986 3041 2346 3099 Ecclesiasten
2381 3044 2686 3100 hominibus
2732 3044 2888 3114 hujus
2916 3045 3122 3109 mundi,
3165 3055 3222 3098 ut
3251 3044 3567 3100 distendan-

1987 3145 2072 3189 tur
2100 3135 2151 3188 in
2183 3150 2267 3190 ea.
2302 3155 2320 3188 ι
2347 3135 2403 3191 In
2434 3135 2538 3191 line
2565 3151 2776 3206 quoque
2816 3137 3233 3206 comparationis
3276 3145 3563 3206 nuptarum

1986 3236 2042 3282 ct
2079 3227 2366 3296 virgintttn,
2413 3226 2831 3297 disputationem
2881 3238 3118 3282 nostram
3165 3227 3268 3282 ltoe
3317 3242 3568 3282 sermone

1985 3317 2345 3373 conclusimus
2369 3316 2506 3389 (Lib.
2543 3319 2594 3373 1.
2625 3335 2670 3371 c.
2701 3317 2778 3390 7).
2811 3318 2909 3374 Ubi
2941 3319 3135 3372 bonum
3163 3327 3218 3373 et
3248 3318 3438 3373 melius
3459 3328 3563 3384 est,

1988 3407 2060 3461 ibi
2099 3406 2223 3462 boni
2253 3417 2306 3462 et
2345 3408 2587 3466 melioris
2617 3423 2721 3463 non
2752 3424 2916 3463 unum
2956 3419 3038 3463 est
3068 3410 3368 3479 prmmium,
3395 3419 3448 3464 et
3478 3410 3565 3462 ubi

1989 3513 2094 3549 non
2142 3507 2226 3552 est
2261 3514 2422 3552 unum
2467 3499 2764 3568 praemium,
2816 3498 2888 3553 ibi
2937 3499 3120 3567 utique
3162 3498 3299 3553 dona
3332 3497 3565 3553 divvrsa.

1994 3607 2014 3640 ι
2047 3589 2275 3644 Tantum
2320 3591 2478 3659 igitur
2503 3590 2727 3646 interest
2756 3593 2896 3645 inter
2940 3592 3152 3660 nuptias
3198 3598 3254 3645 et
3289 3589 3567 3659 virginita-

1993 3690 2096 3735 tem
2120 3692 2400 3750 :quantum
2433 3682 2575 3738 inter
2595 3698 2700 3736 non
2726 3696 2948 3750 peccare
2969 3691 3022 3736 et
3050 3680 3366 3736 benefacere
3406 3697 3419 3732 :
3459 3681 3567 3733 imo

1992 3781 2048 3826 ut
2075 3772 2244 3826 levius
2271 3771 2468 3837 dicam,
2509 3783 2765 3842 quantum
2804 3774 2943 3827 inter
2973 3772 3170 3826 bonum
3199 3781 3254 3825 et
3295 3771 3508 3824 melius.
3544 3789 3562 3821 ι

2062 3863 2116 3917 8.
2161 3863 2327 3918 Porro
2349 3867 2399 3916 in
2424 3864 2896 3933 consequentibus,
2937 3862 3308 3920 etundicimns
3347 3860 3564 3930 (LibJ.

1991 3972 2037 4010 c.
2070 3953 2126 4028 8)
2161 3974 2174 4009 :
2208 3973 2228 4008 t
2260 3955 2431 4010 Finita
2460 3955 2820 4024 diSputatione
2849 3955 3222 4024 conjugiornm
3263 3963 3319 4008 et
3359 3955 3571 4024 virgini-

1993 4052 2136 4114 tatis,
2160 4060 2216 4105 ut
2242 4049 2382 4104 inter
2405 4058 2685 4118 utrumque
2710 4059 2867 4103 cauto
2889 4046 3255 4102 moderamine
3275 4054 3570 4116 praecepto-

1996 4160 2135 4209 rum,
2167 4158 2268 4200 nec
2291 4143 2356 4197 ad
2389 4140 2681 4206 sinistram,
2721 4155 2820 4195 nec
2861 4140 2927 4193 ad
2954 4138 3227 4193 dexteram
3257 4135 3570 4206 diverteret,

1994 4237 2089 4294 sed
2123 4239 2204 4292 via
2241 4235 2383 4306 regia
2423 4234 2758 4306 graderctnr,
2802 4243 2855 4287 et
2897 4231 3024 4288 illud
3069 4231 3350 4301 impleret:
3384 4227 3466 4282 Ne
3504 4229 3574 4282 sis

1994 4329 2211 4384 multum
2233 4329 2409 4400 justus
2437 4345 2455 4379 ι
2493 4323 2678 4398 (Eccl.
2709 4326 2760 4378 7.
2794 4326 2856 4380 l7
2883 4322 2927 4396 ),
2955 4337 3141 4378 rursus
3185 4319 3573 4388 monogamiatn

1997 4419 2240 4490 digamite
2280 4426 2580 4487 comparat,
2615 4426 2666 4470 et
2692 4414 2966 4486 quomodo
3008 4411 3222 4482 nuptias
3263 4409 3576 4464 subdiderat

1997 4510 2309 4582 \irginitati,
2339 4509 2411 4563 ita
2441 4506 2727 4578 digamiam
2753 4506 2832 4576 (ιι)
2871 4505 3068 4573 nuptiis
3107 4500 3321 4568 subjicit
3351 4516 3364 4552 :
3398 4515 3577 4553 nonne

2001 4602 2282 4672 perspicue
2323 4598 2679 4662 ostendimus;
2708 4611 2826 4664 qua:
2856 4595 2925 4648 sit
2966 4596 3017 4647 in
3057 4591 3349 4660 Seripturis
3378 4589 3577 4642 sanctis

1997 4691 2237 4756 sinistra,
2261 4705 2378 4761 qua:
2400 4689 2586 4743 dextra
2619 4693 2708 4742 :et
2729 4683 2853 4753 quid
2883 4681 3166 4753 significet,
3199 4699 3217 4732 ι
3252 4695 3319 4735 ne
3343 4678 3418 4734 sis
3443 4679 3580 4732 mul-

2002 4793 2112 4836 tum
2135 4779 2352 4852 justus?
2382 4797 2403 4831 ι
2429 4775 2583 4843 Quod
2613 4775 2858 4830 videlicet
2905 4773 3118 4828 sinistra
3159 4773 3248 4838 sit,
3291 4772 3334 4827 si
3365 4769 3580 4826 Judazo-

1999 4887 2140 4936 rum,
2181 4877 2236 4925 et
2272 4866 2563 4924 Gentilium
2607 4880 2895 4934 sequamur
2921 4864 3222 4927 libidinem,
3270 4871 3325 4917 et
3365 4876 3580 4931 semper

1999 4974 2292 5019 aestuemus
2313 4959 2381 5013 ad
2406 4959 2604 5015 coitum
2627 4957 2868 5023 ;dextra,
2892 4958 2934 5010 si
2957 4955 3368 5010 Manichaeorum
3391 4970 3550 5023 scqna
3566 4985 3581 4995 ο

2004 5071 2122 5111 mur
2141 5067 2404 5118 errorem,
2433 5059 2488 5107 et
2512 5049 2758 5105 simulata
2781 5049 3056 5120 pudicitia,
3082 5047 3430 5117 impudicitia:
3460 5048 3582 5101 reti-

2002 5145 2102 5202 bus
2137 5142 2489 5212 implicemur.
2536 5139 2632 5195 Via
2679 5140 2856 5196 autem
2898 5141 3041 5208 regia
3077 5139 3166 5206 sit,
3217 5138 3288 5194 ita
3327 5147 3581 5208 appetere

2007 5239 2388 5310 virginitatem,
2446 5250 2516 5291 ne
2563 5233 2762 5304 nuptias
2811 5232 3254 5289 condemnentur.
3307 5229 3574 5286 Prwterea

2004 5330 2124 5401 quis
2155 5338 2260 5383 tam
2289 5326 2501 5397 iniquus
2549 5340 2796 5380 meorum
2841 5319 3408 5394 cpnseulorumjndex
3451 5317 3575 5392 erit,

2005 5430 2062 5474 ut
2084 5419 2253 5491 prima
2283 5416 2620 5472 matrimonia
2665 5417 2919 5470 damnare
2953 5430 3038 5470 tne
3063 5413 3224 5478 dicat,
3249 5425 3372 5466 cum
3415 5406 3575 5462 etiam

2069 5574 2134 5641 (ιτ)
2176 5573 2335 5641 lituus
2354 5571 2487 5622 bene
2516 5569 2598 5641 alii
2642 5569 2764 5621 editi
2798 5569 2879 5619 hic
2911 5574 3058 5630 atque
3083 5566 3132 5614 in
3174 5565 3280 5627 ipso
3313 5566 3481 5612 contra
3517 5557 3581 5609 «ιο

2005 5633 2360 5697 vniis'mlibro,
2386 5639 2628 5697 paratum.
2759 5690 2778 5697 _
3306 5683 3328 5697 ,ί
3375 5684 3386 5694 ,
3443 5681 3456 5697 ,

2070 5681 2596 5758 ἰῦῖέῶἰίὰὲίύγίτὼθ
2620 5704 2730 5803 (Bue
2754 5690 2957 5739 fortasse
2981 5700 3074 5737 vox
3101 5683 3284 5735 excidit
3306 5683 3419 5733 hcic
3443 5681 3538 5735 loci
3561 5691 3578 5737 ι

2085 5775 2145 5803 m
2169 5771 2297 5803 enim
2331 5758 2549 5803 i‘t‘actntu
2575 5754 2634 5803 Ita
2673 5759 2798 5802 elttr.

2010 5763 2056 5813 in
2073 5754 2145 5812 eo
2169 5771 2297 5812 ennn
2330 5758 2549 5808 tractatu
2575 5754 2798 5804 habetur.
