4146 6336
599 385 704 440 199

598 522 666 576 de
693 523 943 579 secundis
967 523 1165 581 dixisse
1187 539 1272 580 me
1302 526 1528 598 legerit?
1560 547 1582 582 ι
1608 526 1867 585 Concedit
1893 525 2178 596 Apostolus

591 613 864 669 secundas
911 616 1155 685 nuptias;
1208 617 1304 672 sed
1335 619 1660 686 volentibus,
1709 618 1803 673 sed
1846 618 1929 672 his
1955 633 2074 687 qua:
2115 630 2178 670 se

595 705 877 762 continere
927 722 1034 762 non
1089 719 1359 778 possunt:
1396 725 1462 765 ne
1502 711 1784 765 luxuriat-.1:
1838 710 1890 764 in
1938 708 2172 772 Christo,

569 795 798 852 ‘nubere
841 797 1006 852 velint
1049 817 1062 852 :
1097 799 1358 856 habentes
1400 801 1822 865 damnationem,
1878 798 2019 869 quod
2070 797 2176 868 pri-

595 902 739 942 mam
767 887 923 943 ﬁdem
972 890 1175 946 irritam
1203 890 1465 958 fecerint;
1513 900 1566 947 et
1612 892 1713 946 hoc
1755 890 2025 956 concedit,
2055 889 2177 960 quia

595 980 778 1035 multze
807 981 1055 1037 abierunt
1083 993 1381 1040 retrorsum
1405 992 1526 1053 post
1554 984 1910 1052 Satanam“.
1943 981 2075 1036 Tim.
2097 981 2174 1049 5).

593 1068 861 1126 Caeterum
891 1072 1159 1129 beatiores
1187 1083 1363 1140 erunt,
1406 1076 1449 1129 si
1480 1075 1558 1130 sic
1589 1074 2005 1144 permanserint.
2035 1072 2178 1127 Con-

594 1161 852 1232 tinuoque
877 1162 1148 1234 subiungit
1167 1164 1527 1234 Apostolicam
1552 1166 1923 1220 auctoritati-ni
1955 1183 1968 1217 :
1999 1180 2175 1218 secun-

595 1250 718 1303 dum
758 1253 1024 1306 consilium
1068 1271 1254 1308 meum.
1284 1255 1453 1310 Porro
1484 1271 1552 1310 nc
1597 1257 1890 1310 auctoritas
1935 1255 2174 1325 Apostoli

595 1343 747 1410 quasi
777 1341 1029 1409 hominis,
1059 1343 1227 1400 levior
1250 1344 1540 1412 videretur,
1572 1346 1776 1401 addidit
1803 1365 1817 1401 :
1846 1346 1979 1400 Puto
2005 1355 2176 1399 autent

593 1436 732 1503 quod
751 1445 800 1490 et
819 1453 910 1508 ego
935 1438 1168 1506 spiritum
1193 1437 1286 1493 Dei
1309 1439 1538 1493 habeam.
1569 1437 1668 1495 Ubi
1701 1439 1765 1493 ad
1793 1438 2174 1494 continentiam

595 1538 853 1595 provocat
886 1547 900 1584 :
930 1529 1001 1585 ibi
1030 1545 1136 1584 non
1169 1530 1421 1594 hominis,
1451 1530 1544 1585 set!
1577 1531 1798 1599 spiritus
1823 1531 1912 1583 Dei
1937 1527 2009 1600 (α)
2040 1544 2140 1582 con
2162 1555 2174 1566 ο

593 1619 717 1672 silio
742 1635 874 1674 u~us
902 1629 1004 1676 est.
1035 1621 1136 1678 Ubi
1181 1631 1360 1677 autem
1389 1622 1620 1677 nubendi
1695 1622 1857 1695 219
1928 1620 2176 1676 concedit

594 1711 829 1778 veniam,
853 1712 1099 1782 spiritum
1120 1713 1210 1769 Dei
1240 1728 1347 1769 non
1373 1714 1645 1780 nominat;
1669 1715 1762 1791 sed
1788 1712 2083 1782 prudentia:
2112 1713 2175 1767 li-

595 1803 713 1856 brat
739 1805 1021 1858 consilium
1060 1823 1072 1859 :
1102 1805 1173 1860 ita
1201 1805 1422 1875 singulis
1445 1805 1711 1872 relaxans,
1732 1813 1788 1858 ut
1811 1805 2174 1875 unusquisque

594 1892 735 1948 ferro
767 1895 952 1964 possit.
991 1913 1011 1947 ι
1047 1895 1342 1966 Propositis
1371 1913 1499 1970 ergo
1531 1896 1870 1961 testimoniis,
1901 1895 1953 1950 in
1983 1897 2175 1967 quibus

591 1985 881 2054 Apostolus
906 1987 1169 2042 secundas
1198 1989 1444 2044 concedit
1473 1989 1705 2059 nuptias,
1731 1988 1910 2044 statim
1939 1987 2170 2056 subjeci-

591 2092 731 2131 mus.
756 2077 1037 2144 Quomodo
1065 2081 1355 2151 virginibus
1381 2081 1449 2136 ob
1472 2081 1838 2136 fornicationis
1856 2081 2170 2151 perieulum,

590 2168 838 2224 concedit
892 2171 1104 2241 nuptias
1137 2187 1172 2236 ;,
1214 2181 1267 2226 et
1319 2171 1628 2227 excusabile
1677 2171 1833 2237 facit,
1897 2172 2036 2242 quod
2079 2187 2175 2241 per

590 2273 650 2315 se
698 2275 805 2315 non
853 2263 1120 2330 appetitur
1151 2279 1163 2316 :
1193 2263 1261 2316 ita
1319 2263 1389 2316 ob
1439 2263 1683 2318 eamdem
1730 2261 2170 2325 fornicationem,

590 2351 667 2420 (ὁ)
694 2352 940 2408 concedit
967 2353 1143 2408 viduis
1167 2353 1400 2408 secunda
1425 2355 1788 2411 matrimonia.
1825 2372 1844 2405 ‹
1879 2353 2067 2409 Melius
2091 2362 2175 2408 est

588 2443 756 2510 enim,
790 2443 916 2499 licet
942 2444 1169 2498 alterum
1210 2454 1265 2499 ct
1301 2445 1536 2509 tertium,
1568 2460 1731 2498 unum
1771 2445 1945 2498 virum
1980 2458 2160 2509 nosse,

590 2547 749 2601 quam
779 2533 1037 2602 plurimos
1066 2551 1079 2587 :
1111 2533 1162 2588 id
1208 2545 1312 2601 est,
1347 2533 1680 2591 tolerabilius
1727 2542 1812 2590 est
1849 2536 1939 2588 uni
1967 2533 2172 2589 homini

590 2623 930 2691 prostitutam
959 2637 1104 2689 esse,
1127 2639 1287 2694 quam
1316 2625 1518 2678 multis.
1557 2643 1575 2676 ι
1609 2624 1859 2679 Facessat
1883 2624 2170 2680 calumnia.

592 2715 668 2768 De
705 2713 941 2769 secundo
983 2715 1069 2770 hic
1095 2725 1150 2771 et
1175 2716 1242 2771 de
1272 2717 1429 2771 tertio
1469 2725 1524 2771 et
1552 2727 1742 2787 quarto
1770 2717 1836 2789 (si
1864 2716 2016 2788 libet)
2061 2732 2172 2770 ma-

589 2803 842 2860 trimonio
867 2805 1275 2876 disputavimus,
1305 2823 1410 2862 non
1439 2807 1506 2862 dc
1539 2809 1728 2878 primo.
1755 2807 1860 2862 Sed
1888 2824 1953 2862 ne
1973 2809 2091 2879 quis
2115 2808 2169 2862 in

586 2911 654 2952 eo
683 2896 823 2966 quod
855 2898 1105 2965 diximus,
1138 2898 1470 2953 tolerabilius
1511 2910 1592 2953 eSt
1621 2899 1713 2955 uni
1742 2898 1942 2954 homini
1972 2901 2168 2970 prosti-

586 2996 753 3041 tutam
797 3003 917 3043 esse
958 3003 1117 3058 quam
1161 2989 1363 3051 multis,
1409 2988 1472 3042 ad
1502 2989 1732 3060 primum
1778 2990 2028 3044 maritum
2072 2987 2164 3062 [aL

585 3075 1001 3152 matrimonium]
1051 3079 1284 3145 referat,
1345 3093 1469 3132 eum
1519 3079 1695 3134 omnis
1737 3078 1892 3133 nobis
1943 3080 2169 3149 qua'stio

583 3168 652 3222 de
696 3167 925 3236 digamia
977 3177 1030 3223 et
1073 3168 1318 3239 trigamia
1365 3167 1566 3234 fuerit;
1608 3168 1839 3238 denique
1884 3169 2165 3240 digamize,

583 3269 640 3313 et
704 3254 965 3329 trigamizn
1014 3258 1429 3329 disputationem
1485 3259 1587 3318 hac
1638 3261 1786 3316 calce
1841 3261 2167 3330 signavimus

589 3369 610 3402 ‹
635 3351 824 3406 Omnia
841 3351 1026 3419 licent,
1051 3351 1145 3406 sed
1164 3366 1268 3406 non
1291 3353 1468 3406 omnia
1486 3352 1780 3422 expediunt
1803 3371 1821 3403 ι
1851 3350 1898 3424 (l
1914 3391 1926 3405 .
1946 3352 2063 3407 Cor.
2085 3352 2162 3424 6).

587 3461 608 3492 ι
643 3442 756 3496 Νοη
805 3442 1003 3497 damno
1049 3443 1327 3514 digamos,
1362 3444 1470 3499 imo
1517 3459 1616 3499 nec
1665 3445 1957 3514 trigamos,
2013 3453 2070 3500 et
2119 3447 2164 3500 si

581 3534 686 3589 dici
717 3541 914 3604 potest,
944 3540 1270 3604 octogamos.
1313 3534 1438 3590 Plus
1467 3535 1667 3606 aliquid
1697 3535 1952 3600 inferam;
2003 3536 2163 3591 etiam

578 3631 930 3678 scortatorem
973 3623 1173 3693 recipio
1200 3625 1567 3694 ptenilentem.
1599 3625 1864 3696 Quidquid
1891 3625 2167 3696 aequaliter

578 3717 726 3783 licet,
765 3716 958 3787 aequali
985 3717 1138 3772 lance
1173 3717 1508 3787 pensandum
1538 3727 1639 3774 est.
1679 3738 1698 3770 ι

651 3810 705 3866 9.
747 3809 1047 3865 Erubescat
1083 3809 1438 3865 calumniator
1467 3825 1636 3876 meus,
1668 3810 1853 3867 dicens
1879 3826 1966 3868 me
1994 3811 2163 3882 prima

578 3899 836 3955 damnare
887 3901 1250 3967 matrimonia,
1305 3901 1520 3971 quando
1565 3903 1712 3973 legit,
1752 3920 1771 3954 ι
1800 3901 1916 3957 Non
1967 3904 2165 3958 damno

577 3991 840 4063 digamos,
866 4001 922 4048 et
950 3993 1224 4062 trigamos,
1250 4001 1304 4048 ct
1335 3994 1378 4048 si
1407 3993 1514 4048 diei
1538 4001 1734 4063 potest,
1768 4002 2100 4064 octogamos.
2137 4011 2158 4047 ι

577 4085 736 4140 Aliud
767 4094 850 4142 est
893 4100 998 4140 non
1039 4085 1317 4152 damnare,
1358 4086 1502 4140 aliud
1530 4086 1865 4157 praedicare:
1895 4086 2040 4141 aliud
2081 4095 2164 4141 est

576 4179 788 4232 veniam
809 4177 1130 4243 concedere,
1156 4177 1297 4231 aliud
1329 4177 1546 4232 laudare
1588 4177 1864 4234 virtutem.
1895 4178 1951 4233 Si
1983 4187 2163 4233 autem

578 4267 744 4322 durus
769 4267 820 4320 in
847 4280 913 4321 eo
938 4265 1142 4333 videor,
1184 4268 1306 4336 quia
1335 4266 1443 4321 dixi
1479 4285 1491 4316 :
1530 4284 1551 4317 ‹
1581 4266 1841 4336 quidquid
1881 4268 2164 4337 tequaliter

575 4359 722 4422 licet,
752 4357 942 4428 mquali
985 4357 1138 4411 lance
1181 4358 1510 4426 pensandum
1557 4366 1676 4422 est;
1717 4376 1747 4417 ι,
1775 4366 1902 4426 puto
1932 4373 2036 4413 non
2076 4373 2162 4414 mc

573 4447 846 4503 crudelem
867 4446 1127 4516 iudicabit
1165 4455 1221 4500 et
1249 4444 1498 4515 rigidum,
1531 4445 1622 4515 qni
1660 4445 1762 4500 alia
1794 4446 1910 4500 loca
1936 4447 2160 4517 virgini-

575 4542 672 4596 tati
703 4550 759 4596 et
785 4541 1008 4609 nuptiis,
1037 4539 1141 4594 alia
1171 4538 1430 4609 trigamis,
1463 4549 1513 4591 et
1543 4538 1860 4608 octogamis,
1893 4548 1947 4592 et
1985 4539 2160 4608 pmni-

579 4630 814 4686 tentibus
845 4630 1032 4700 legerit
1064 4638 1383 4699 praeparata.
1414 4627 1698 4684 'Christum
1730 4629 1782 4682 in
1808 4643 1971 4684 carne
1998 4629 2160 4700 virgi-

576 4735 723 4784 nem,
774 4719 828 4774 in
874 4721 1063 4790 Spiritu
1114 4734 1510 4789 monogamnm,
1549 4718 1690 4789 quod
1735 4734 1892 4772 unam
1939 4720 2162 4774 haberet

578 4811 897 4875 Ecclesiam,
929 4819 1113 4864 noster
1139 4812 1191 4863 in
1235 4811 1455 4880 reliquis
1488 4826 1668 4865 sermo
1700 4819 1926 4865 testatus
1954 4821 2073 4864 est:
2107 4817 2162 4865 et

576 4901 767 4958 crediti
802 4915 988 4955 sumus
1015 4900 1228 4969 nuptias
1265 4901 1656 4955 condemnare!
1707 4901 1972 4955 Damnare
2011 4901 2161 4955 dicor

577 4992 811 5061 nuptias,
834 4989 987 5060 cujus
1010 4989 1096 5043 hic
1117 5004 1296 5044 sermo
1322 4990 1442 5044 est?
1467 4991 1607 5060 (Lib.
1638 4992 1690 5045 1.
1716 5007 1763 5045 c.
1792 4990 2160 5063 13.)Nullique

575 5081 795 5136 dubium
844 5087 950 5146 est,
995 5097 1016 5131 ι
1045 5080 1364 5134 Sacerdotes
1400 5080 1467 5134 de
1513 5083 1693 5135 Aaron
1742 5090 1798 5136 et
1842 5081 2066 5136 Eleazar
2106 5091 2161 5136 et

577 5172 811 5228 Phincos
851 5170 1018 5240 stirpe
1055 5179 1375 5239 generatos;
1422 5171 1510 5240 qui
1550 5187 1672 5225 cum
1711 5181 1766 5226 et
1805 5173 1904 5240 ipsi
1963 5189 2160 5228 uxores

577 5261 886 5326 habuerint,
914 5270 1062 5315 recte
1096 5259 1251 5315 nobis
1275 5270 1695 5328 opponerentur,
1743 5263 1789 5316 si
1833 5278 2016 5318 errore
2044 5265 2158 5319 En-

576 5357 891 5414 cratitarum
919 5353 992 5425 (c)
1022 5353 1167 5410 ducti
1197 5353 1644 5410 contenderemus
1687 5357 2022 5412 matrimonia
2067 5374 2156 5416 re-

664 5533 709 5594 n)
751 5534 909 5586 Aliter
929 5532 1136 5594 Spiritus
1161 5529 1250 5582 Dei
1271 5529 1521 5594 consilium
1543 5536 1632 5582 est.

665 5591 710 5654 ὁ]
746 5597 802 5646 In
827 5610 889 5647 eo
926 5591 1051 5646 libro
1080 5593 1296 5654 additur,
1335 5591 1596 5654 vitandam.
1622 5592 1821 5643 Variani.
1863 5600 2025 5644 autem
2065 5597 2157 5647 hoc

574 5653 682 5721 loe'o
697 5653 830 5709 'Mss.
855 5659 937 5721 qui
959 5654 1286 5721 Ῑοτηὶεαιὶοηὶδ
1307 5653 1612 5718 periculum;
1637 5668 1845 5717 moxque
1865 5657 2035 5707 eadem
2055 5660 2155 5721 for-

578 5720 828 5791 nicattain
852 5719 989 5791 recto
1012 5719 1200 5791 legunt.
1305 5777 1336 5791 ν
1441 5783 1454 5791 Δ
1481 5777 1526 5791 η
1621 5777 1633 5790 .
1710 5783 1720 5791 ⁸
1813 5778 1824 5790 ⁸

647 5783 708 5844 (c)
753 5781 980 5830 Voculam
1019 5777 1154 5830 ducti
1187 5792 1250 5829 cx
1277 5777 1459 5840 aliquot
1481 5777 1595 5828 Mss.
1613 5777 1754 5842 juxta
1781 5778 1887 5842 ejus
1907 5779 2158 5831 'l'ractatus

577 5840 841 5892 lectionem
885 5843 1168 5892 addidimus.

601 5852 841 5893 cclioaem
885 5852 1168 5892 addidimus.

1904 389 2141 446 SANCTI
2183 389 2552 446 "IERONYMI

2255 512 2258 516 '
2287 507 2576 575 probanda.
2606 529 2626 562 ι
2703 513 2862 584 220
2933 513 3212 572 Tatianum
3244 509 3638 576 Encratitarum
3665 523 3863 593 princi-

3753 407 3861 464 500

2285 611 2428 666 pem,
2461 599 2550 667 qui
2581 601 2763 668 abjicit
2785 606 3142 674 matrimonia,
3174 610 3642 679 reprehendimus,
3677 622 3732 669 et
3761 613 3861 684 ipsi

2283 692 2496 759 nuptias
2512 692 2962 752 condemnamus?
2982 699 3318 772 Rursumque
3340 703 3697 775 ub'wirgines,
3715 714 3768 761 et
3784 707 3860 761 vi-

2283 779 2416 836 duas
2437 797 2710 853 comparo,
2727 787 2852 854 quid
2871 787 2939 844 de
2967 791 3164 859 nuptiis
3184 795 3483 860 senserim;
3511 805 3566 851 et
3590 797 3861 866 quomodo

2284 878 2393 926 tres
2421 874 2617 942 gradus
2639 876 3375 952 virginitatis,viduitatisque
3405 886 3489 940 vel
3514 888 3860 945 eontinenlize

2282 970 2337 1015 et
2377 963 2606 1032 conjugii
2639 965 2877 1034 fecerim,
2907 969 3177 1025 declarant
3205 973 3316 1042 ipsa
3339 989 3460 1042 qua:
3486 975 3683 1046 scripta
3711 987 3856 1033 sunt.

2287 1068 2306 1100 ε
2336 1050 2448 1106 Non
2485 1069 2618 1123 nego
2648 1055 2829 1111 beatas
2859 1073 2978 1114 esse
3007 1060 3211 1128 viduas,
3240 1077 3358 1131 qua:
3398 1064 3467 1118 ita
3499 1065 3577 1136 (ά)
3621 1075 3742 1136 post
3767 1067 3860 1123 ba-

2283 1142 2530 1210 ptismum
2575 1148 3035 1204 manserintznec
3083 1150 3292 1207 illarum
3336 1154 3565 1210 detraho
3629 1159 3854 1227 merito,

2279 1247 2399 1301 qua:
2427 1249 2547 1288 eum
2587 1235 2717 1292 viris
2745 1239 2794 1292 in
2832 1240 3075 1295 castitate
3100 1243 3389 1312 perdurant
3420 1263 3434 1299 :
3464 1246 3561 1302 sed
3603 1249 3742 1304 sicut
3775 1249 3858 1304 ha:

2280 1325 2498 1394 majoris
2522 1329 2719 1396 praemii
2747 1330 2887 1398 apud
2915 1331 3079 1387 Deum
3103 1343 3242 1400 Sunt,
3269 1351 3426 1406 quam
3458 1347 3638 1408 nupta:
3671 1340 3858 1409 conju-

2279 1417 2385 1484 gali
2427 1416 2604 1472 ofticio
2643 1421 2938 1476 servientes
2968 1439 2981 1475 :
3016 1423 3088 1478 ita
3127 1433 3183 1479 et
3218 1426 3345 1494 ipsse
3388 1443 3543 1498 inquo
3583 1430 3851 1500 patiantur

2279 1509 2480 1580 animo,
2509 1511 2870 1581 virginitatem
2897 1514 2998 1568 sibi
3027 1516 3289 1585 prteferri.
3321 1537 3342 1569 ι

2353 1600 2447 1657 10.“
2481 1601 2561 1655 Ad
2589 1601 2802 1657 Galatas
2821 1619 3034 1675 quoque
3063 1607 3428 1664 testimonium
3459 1611 3702 1681 Apostoli
3735 1629 3857 1684 pro-

2281 1699 2538 1760 poncntvs
2587 1710 2600 1746 :
2651 1712 2670 1745 ι
2723 1695 2797 1748 Ex
2851 1695 3102 1765 Operibus
3156 1697 3290 1768 legis
3333 1715 3440 1754 non
3474 1701 3856 1770 justificabitur

2277 1782 2453 1837 omnis
2474 1799 2600 1837 caro
2633 1804 2651 1836 ι
2685 1784 2881 1853 (Gulat.
2909 1785 2963 1838 2.
2995 1787 3107 1856 16),
3131 1787 3498 1858 hujuscemodi
3527 1808 3742 1848 sensum
3769 1797 3852 1850 iti-

2279 1869 2659 1944 tulimus(Lib.
2691 1877 2741 1930 1.
2766 1891 2811 1930 c.
2835 1877 2952 1947 25).
2983 1897 3000 1929 t
3034 1877 3205 1948 Opera
3233 1881 3367 1950 legis
3394 1891 3447 1936 ct
3489 1885 3687 1953 nuptiae
3709 1896 3851 1942 sunt.

2278 1964 2430 2021 Unde
2457 1974 2510 2021 et
2545 1967 2933 2022 maledicuntur
2959 1969 3010 2024 in
3038 1985 3124 2034 ea,
3156 1987 3275 2042 qua:
3303 1987 3408 2028 non
3438 1975 3636 2030 habent
3674 1978 3807 2033 filios
3833 1996 3852 2035 :

2276 2073 2396 2130 qua:
2427 2060 2471 2113 si
2503 2062 2871 2119 conceduntur
2895 2065 3056 2120 etiam
3083 2066 3136 2120 in
3166 2066 3477 2137 Evangelio,
3510 2070 3651 2124 aliud
3676 2081 3852 2128 tamen

2275 2159 2355 2204 est
2389 2151 2766 2222 indulgentiam
2795 2154 3086 2210 infirmitati
3119 2157 3373 2223 tribuere,
3410 2159 3552 2214 aliud
3588 2171 3669 2216 est
3691 2161 3854 2216 virtu-

2279 2241 2418 2296 tibus
2441 2243 2652 2312 praemia
2680 2245 2942 2315 polliceri.
2979 2265 2997 2297 ι
3025 2247 3164 2301 Ecce
3187 2248 3462 2317 perspicue
3484 2251 3696 2320 nuptias
3716 2252 3852 2306 dixi-

2278 2350 2396 2389 mus
2422 2338 2639 2392 concedi
2665 2337 2716 2391 in
2747 2337 3037 2408 Evangelia
3065 2357 3079 2394 :
3111 2337 3204 2394 sed
3227 2349 3402 2396 tamen
3433 2342 3650 2398 easdem
3680 2343 3733 2398 in
3753 2359 3852 2399 suo

2275 2424 2454 2482 ofﬁcio
2498 2439 2892 2496 permanentes,
2941 2431 3158 2500 praemia
3197 2432 3463 2487 castitatis
3501 2449 3692 2504 capere
3743 2429 3848 2489 non

2277 2529 2451 2584 posse.
2485 2516 2638 2585 Quod
2678 2519 2721 2572 si
2768 2517 2984 2590 indigne
3013 2521 3285 2590 accipiunt
3323 2523 3521 2588 mariti,
3567 2539 3674 2578 non
3719 2523 3849 2580 mihi

2276 2609 2597 2676 irascantur,
2632 2611 2726 2668 sed
2760 2612 3055 2682 Scripturis
3098 2616 3298 2670 sanctis
3340 2631 3356 2672 :
3402 2617 3510 2670 imo
3550 2617 3846 2687 Episcopis,

2273 2710 2325 2753 et
2350 2699 2708 2770 Presbyteris,
2730 2712 2784 2756 et
2818 2702 3085 2767 Diaconis,
3109 2712 3163 2758 et
3185 2705 3438 2760 universo
3470 2708 3637 2760 choro
3661 2707 3850 2763 Sacer-

2273 2789 2436 2843 dotali
2478 2799 2533 2844 et
2563 2790 2820 2858 Levitico,
2871 2793 2959 2862 qui
2999 2807 3059 2848 se
3102 2804 3363 2850 noverunt
3405 2794 3608 2850 hostias
3651 2796 3734 2851 oll‘.
3759 2813 3849 2852 rre

2274 2895 2377 2934 non
2406 2895 2588 2951 posse,
2625 2883 2669 2937 si
2710 2885 2859 2954 operi
2887 2872 3126 2939 scrviant
3153 2885 3437 2957 conjugali.
3479 2887 3584 2942 Sed
3610 2897 3666 2942 et
3695 2888 3750 2944 in
3782 2906 3850 2944 eo

2272 2971 2394 3026 loco
2421 2971 2509 3027 ubi
2531 2972 2600 3027 de
2621 2975 2938 3048 Apocalypsi
2959 2976 3318 3032 testimonium
3342 2979 3616 3050 posuimus
3633 2978 3770 3050 (Lib.
3793 2981 3846 3035 1.

2273 3078 2319 3116 c.
2348 3061 2467 3133 25),
2496 3077 2675 3119 nonne
2703 3065 3043 3120 manifestum
3074 3075 3176 3131 est,
3217 3068 3341 3139 quid
3373 3068 3441 3123 de
3470 3069 3765 3140 virginibus
3793 3079 3850 3126 et

2272 3153 2446 3208 viduis
2472 3164 2525 3209 et
2559 3155 2876 3226 conjugibus
2905 3159 3275 3214 senserimus?
3308 3177 3326 3211 ι
3359 3159 3421 3214 lli
3453 3171 3578 3216 sunt
3598 3161 3685 3232 qui
3713 3177 3842 3216 can-

2277 3262 2295 3294 ι
2335 3253 2448 3299 tant
2474 3247 2740 3301 canticum
2771 3262 2987 3314 novum,
3021 3250 3160 3319 quod
3209 3266 3368 3305 nemo
3395 3260 3570 3320 potest
3602 3263 3840 3316 cantare,

2278 3353 2296 3384 ‹
2333 3335 2432 3389 nisi
2459 3337 2546 3406 qui
2575 3337 2725 3408 virgo
2750 3347 2851 3392 est.
2882 3339 2944 3394 lli
2973 3349 3098 3394 sunt
3125 3342 3372 3411 primitias
3398 3343 3488 3397 Dei
3521 3353 3576 3399 et
3605 3344 3761 3414 Agni,
3791 3356 3845 3402 et

2277 3448 2296 3479 ‹
2331 3429 2447 3484 sine
2497 3432 2702 3486 macula
2735 3432 2920 3500 (Apoc.
2965 3434 3051 3490 14.
3099 3436 3175 3505 5).
3225 3435 3280 3489 Si
3324 3437 3557 3507 virgines
3597 3439 3844 3509 primitiae

2277 3537 2296 3569 ‹
2331 3517 2424 3573 Dei
2455 3529 2600 3586 sunt,
2627 3537 2756 3591 ergo
2783 3523 2977 3588 viduae,
3012 3533 3066 3577 et
3096 3525 3150 3579 in
3191 3525 3530 3582 matrimonio
3555 3529 3843 3584 continen-

2276 3628 2294 3662 σ
2333 3621 2432 3677 tes,
2491 3623 2648 3669 erunt
2703 3628 2823 3684 post
2858 3618 3142 3686 primitias,
3197 3619 3296 3674 hoc
3357 3629 3460 3685 est,
3503 3621 3555 3674 in
3600 3623 3844 3678 secundo

2275 3719 2294 3753 ι
2324 3711 2379 3757 et
2415 3705 2572 3759 tertio
2598 3707 2786 3776 gradu.
2831 3708 2886 3763 ln
2918 3711 3155 3764 secundo
3197 3719 3252 3766 et
3278 3711 3432 3765 tertio
3456 3713 3624 3781 gradu
3655 3713 3845 3770 viduas

2275 3811 2296 3845 ι
2331 3797 2578 3865 ponimus
2606 3809 2660 3852 et
2699 3798 3086 3856 maritataszet
3112 3800 3363 3858 hazretico
3392 3803 3573 3859 furore
3611 3803 3845 3862 dicimur

2275 3903 2294 3935 ι
2327 3885 2584 3942 damnare
2613 3891 2865 3959 nuptias?
2895 3909 2916 3943 δ

2340 3978 2429 4032 11.
2469 3978 2630 4034 Multa
2661 3989 2783 4035 sunt
2803 3995 2921 4052 quae
2953 3997 3048 4052 per
3073 3998 3284 4040 omnem
3319 3985 3516 4042 librum
3544 3995 3702 4042 cauto
3727 4002 3845 4044 mo-

2268 4067 2542 4123 deramine
2571 4069 2638 4124 de
2674 4071 2994 4141 virginitate,
3029 4073 3097 4129 de
3139 4075 3337 4144 viduis,
3370 4075 3438 4132 de
3469 4079 3672 4148 nuptiis
3701 4079 3843 4134 dixi-

2268 4173 2408 4213 mus.
2441 4158 2545 4213 Sed
2572 4159 2849 4216 brevitatis
2896 4163 3075 4218 studio
3121 4181 3284 4220 unum
3330 4167 3507 4223 adhuc
3538 4183 3730 4239 ponam
3761 4179 3841 4224 tc-

2267 4249 2597 4316 stimonium,
2629 4252 2711 4305 cui
2743 4267 2847 4307 non
2875 4269 2998 4309 reor
3026 4257 3508 4324 contradicturum,
3552 4261 3654 4315 nisi
3697 4275 3841 4329 eum,

2266 4341 2357 4411 qui
2395 4349 2487 4395 aut
2525 4356 2583 4395 se
2631 4343 2900 4400 inimicum
2943 4348 3173 4416 probare
3244 4351 3402 4423 221
3476 4353 3726 4420 voluerit,
3753 4365 3844 4409 aut

2269 4431 2570 4485 vecordem.
2597 4431 2728 4487 Nam
2747 4448 2867 4489 cum
2889 4439 3312 4506 proposuissem,
3333 4442 3474 4511 quod
3499 4443 3754 4499 Dominus
3775 4445 3846 4498 is-

2265 4530 2346 4574 set
2377 4521 2442 4575 ad
2476 4517 2685 4592 nuptias
2714 4526 2765 4580 in
2793 4525 2937 4582 Cana
2961 4526 3218 4596 Galilaeaa,
3247 4539 3370 4600 post
3398 4532 3644 4601 quaedam
3683 4535 3842 4589 etiam

2269 4613 2381 4666 lucc
2405 4612 2580 4668 addidi
2610 4613 2744 4687 (Lib.
2775 4617 2826 4671 1.
2855 4634 2901 4670 c.
2929 4617 3021 4690 ‘25)
3055 4637 3070 4674 :
3108 4637 3128 4671 ι
3165 4620 3266 4687 Qui
3294 4623 3438 4676 enim
3463 4626 3629 4680 semel
3659 4626 3751 4680 ivit
3777 4626 3844 4681 ad

2268 4705 2498 4774 nuptias,
2517 4708 2686 4763 semel
2710 4708 2894 4764 docuit
2918 4726 3039 4766 esse
3079 4712 3410 4781 nubendum,
3441 4725 3496 4770 et
3525 4724 3652 4772 tunc
3681 4718 3844 4787 virgi-

2268 4796 2421 4849 nitati
2449 4806 2631 4865 posset
2668 4799 2904 4867 oflicere,
2934 4800 2978 4855 si
3006 4803 3221 4872 nuptias
3243 4811 3367 4873 post
3389 4805 3765 4875 virginitatem,
3793 4817 3847 4862 ct

2266 4887 2538 4942 viduitatis
2563 4891 2952 4957 eaStimoniam,
3002 4909 3108 4947 non
3139 4893 3192 4946 in
3221 4895 3385 4964 gradu
3431 4897 3589 4952 tertio
3615 4912 3846 4967 ponere-

2268 4994 2406 5033 mus.
2448 4979 2602 5035 Nunc
2639 4991 2816 5036 autem
2866 4996 2988 5036 cum
3046 4982 3431 5039 Haereticorum
3474 4986 3545 5040 sit
3584 4986 3846 5042 damnare

2265 5075 2532 5143 conjugia,
2565 5085 2618 5129 et
2646 5075 2736 5130 Dei
2761 5088 3020 5144 spernere
3050 5077 3414 5133 conditionem
3450 5097 3464 5132 :
3496 5079 3754 5150 quidquid
3781 5080 3848 5136 de

2266 5165 2423 5220 laude
2453 5166 2648 5219 dixerit
2674 5166 3001 5234 nuptiarum,
3034 5166 3265 5222 libenter
3308 5170 3576 5225 audimus.
3605 5171 3844 5228 Ecclesia

2263 5259 2532 5311 enimnon
2565 5257 2779 5310 damnat
2804 5257 3167 5324 matrimonia,
3207 5260 3300 5314 sed
3339 5261 3597 5330 subjicit:
3629 5278 3731 5318 nec
3755 5263 3847 5318 ab-

2258 5346 2397 5416 jicit,
2425 5346 2522 5400 sed
2563 5346 2858 5416 dispensat,
2901 5349 3078 5402 sciens
3119 5347 3281 5419 (sicut
3308 5364 3470 5418 supra
3502 5351 3760 5423 diximus)
3790 5354 3842 5408 in

2263 5436 2425 5492 domo
2450 5451 2662 5508 magna,
2693 5451 2799 5492 non
2826 5437 3001 5493 solum
3041 5453 3163 5494 esse
3190 5454 3317 5494 vasa
3346 5456 3511 5496 aurea
3555 5451 3612 5498 et
3649 5458 3846 5515 argen-

2332 5655 2400 5723 (d)
2449 5655 2713 5723 obiecerat
2733 5658 2915 5723 quippe
2936 5657 3220 5708 Iovinianus
3239 5694 3253 5717 ,
3285 5677 3308 5704 ι
3331 5658 3382 5708 Si
3420 5661 3663 5723 virgotet
3685 5660 3846 5712 viduae

2262 5719 2448 5768 fuerint
2485 5719 2769 5778 baptizatus,
2796 5728 2847 5767 et
2871 5721 2934 5766 ita
2957 5723 3315 5780 permanserint
3341 5756 3354 5780 ,
3381 5719 3562 5768 nullam
3586 5720 3694 5770 fere
3717 5726 3846 5772 inter

2265 5788 2523 5846 utramque
2539 5780 2892 5846 diversitatem,
2911 5794 2934 5823 ν
2962 5793 3105 5841 quani
3130 5781 3453 5841 objectioucin
3476 5781 3620 5832 Hier.
3641 5795 3749 5846 cap.
3769 5783 3845 5834 18.

2264 5838 2591 5903 copiosissime
2615 5838 2770 5888 diluit.
