4146 6336
361 358 457 415 50!

361 486 465 542 tea,
494 472 591 531 sed
609 481 664 529 et
687 471 859 545 lignea
883 480 940 528 et
965 468 1146 527 fictilia
1171 488 1185 526 :
1207 477 1263 525 et
1286 467 1388 522 alia
1416 480 1540 523 esse
1563 466 1616 520 iu
1641 464 1934 527 honorem,

361 566 463 622 alia
492 566 544 620 in
573 565 949 622 contumeliam
992 562 1068 632 (l.
1099 561 1240 615 Tim.
1275 559 1333 613 2.
1363 557 1479 628 2|).
1522 557 1588 612 Et
1615 556 1943 625 quicumque

362 673 421 712 se
447 655 804 720 mundaverit,
836 669 957 709 eum
987 651 1225 706 futurum
1255 665 1377 705 esse
1406 663 1502 703 vas
1529 645 1851 702 honorabile
1889 651 1944 698 et

331 743 745 809 necessarium,
794 746 844 799 in
892 759 1050 798 omne
1095 756 1233 812 opus
1275 741 1472 796 bonum
1503 745 1884 807 prmparatum.
1916 750 1936 784 ι

362 837 651 907 Quidquid,
685 838 920 906 inquam,
944 835 1010 889 de
1039 835 1196 889 laude
1223 833 1418 887 dixerit
1440 830 1536 904 [aL
1565 826 1808 900 dixerint]
1839 843 1941 880 utt-

362 932 610 1002 ptiarum,
638 930 867 984 libenter
889 928 1158 981 audimus.
1189 924 1418 979 Laudari
1448 921 1684 992 nuptias,
1711 919 1943 972 libenter

362 1021 628 1082 audimus,
659 1029 713 1074 et
743 1020 954 1089 nuptias
982 1015 1436 1073 condemnamus?
1473 1012 1710 1068 Ecclesia
1753 1007 1942 1063 matri-

365 1113 539 1168 monia
567 1127 672 1166 non
702 1110 940 1176 damnat,
965 1109 1059 1166 sed
1082 1109 1320 1178 subjicit.
1349 1106 1557 1170 Velitis,
1590 1103 1794 1165 nolitis,
1828 1116 1942 1156 ma~

364 1205 498 1260 ritus
548 1203 828 1273 subjicitur
874 1201 1215 1272 virginitati,
1270 1208 1326 1254 et
1383 1195 1648 1251 viduitati.
1701 1193 1942 1249 Ecclesia

365 1295 596 1366 nuptias,
625 1292 721 1350 sed
751 1294 962 1363 nuptias
993 1293 1044 1348 in
1069 1307 1170 1348 suo
1194 1306 1358 1360 opere
1381 1296 1778 1362 permanentes,
1813 1284 1942 1340 sub-

363 1387 495 1458 jicit,
533 1401 639 1440 non
667 1384 904 1449 damnat,
946 1395 1046 1438 nec
1070 1382 1273 1452 abjicit,
1311 1381 1405 1434 sed
1435 1379 1730 1448 diSpensat.
1760 1376 1816 1429 ln
1848 1389 1941 1444 po-

366 1488 558 1535 testate
581 1487 754 1534 vestra
785 1485 890 1544 est,
917 1477 961 1532 si
990 1475 1170 1530 velitis
1192 1471 1485 1529 secundum
1524 1467 1790 1539 pudicitia:
1819 1483 1940 1537 gra-

365 1569 488 1624 dum
516 1567 792 1622 scandere.
821 1565 959 1635 Quid
985 1562 1356 1634 indignamini,
1381 1561 1427 1618 si
1457 1561 1507 1616 iu
1532 1560 1689 1615 tertio
1711 1566 1934 1622 stantes,

366 1659 545 1716 nolitis
573 1657 638 1713 ad
666 1658 943 1727 superiora
975 1670 1262 1725 properare
1282 1655 1307 1707 ἲ

436 1753 523 1808 12.
575 1751 734 1822 Igitur
762 1765 882 1806 cum
927 1748 1084 1804 taties
1127 1758 1179 1802 et
1221 1746 1413 1802 crebro
1457 1743 1712 1799 lectorem
1755 1740 1941 1796 admo-

367 1844 594 1907 uuerim,
624 1851 681 1897 et
711 1857 804 1910 per
831 1839 1036 1909 singula
1069 1853 1205 1908 pene
1241 1846 1502 1892 tractuum
1537 1835 1724 1898 millia,
1753 1842 1940 1887 cautus

367 1935 536 1988 viator
574 1931 920 1993 incesserim,
967 1945 1052 1984 me
1097 1929 1166 1982 ita
1217 1927 1456 1995 recipere
1484 1927 1714 1996 nuptias,
1760 1933 1816 1977 ut
1860 1923 1942 1977 eis

366 2026 717 2090 continentes,
733 2022 941 2090 viduas,
954 2021 1290 2092 virginesque
1320 2018 1657 2090 prmferrein;
1686 2016 1940 2071 debuerat
1960 2053 1963 2058 ι

368 2117 597 2188 prudens
620 2126 674 2171 et
712 2113 974 2184 benignus
1005 2111 1227 2175 Lector,
1270 2112 1428 2166 etiam
1459 2124 1519 2163 ea
1547 2123 1664 2178 qute
1691 2107 1942 2161 videntur

365 2208 530 2273 dura,
565 2206 831 2262 :estimarc
871 2204 939 2258 de
987 2204 1230 2266 ueteris,
1283 2212 1340 2255 et
1381 2216 1485 2255 non
1532 2199 1583 2252 in
1629 2213 1736 2252 nuo
1781 2207 1942 2265 atque

365 2297 551 2352 eodem
585 2298 754 2361 libro,
785 2293 1089 2358 criminari,
1120 2307 1206 2346 me
1233 2290 1470 2345 diversas
1499 2288 1792 2344 sententias
1822 2302 1936 2356 pro-

366 2391 570 2444 tulisse.
600 2389 729 2456 Quis
757 2386 898 2442 enim
932 2385 1009 2456 (α)
1039 2392 1143 2437 tam
1174 2381 1360 2446 hebes,
1389 2390 1444 2434 et
1466 2379 1544 2434 sic
1579 2379 1631 2432 in
1659 2375 1944 2431 scribendo

366 2481 512 2537 rudis
555 2488 672 2543 est,
721 2488 778 2533 ut
807 2477 944 2531 idem
975 2474 1153 2529 laudet
1199 2482 1254 2527 et
1282 2471 1536 2527 damnet?
1562 2464 1818 2524 aediﬁcata
1851 2467 1945 2522 de-

363 2581 572 2634 struat,
612 2579 668 2625 et
713 2569 984 2624 destructa
1020 2565 1289 2620 tediiicct?
1335 2572 1539 2618 etcum
1577 2561 1941 2616 adversarium

363 2661 576 2726 vicerit,
599 2675 698 2715 suo
721 2659 1009 2712 novissime
1040 2671 1294 2711 mucrone
1323 2652 1582 2708 feriatur?
1609 2652 1665 2708 Si
1689 2651 1942 2706 rusticani

364 2752 634 2816 homines,
661 2759 716 2805 et
746 2750 826 2804 vel
855 2749 1155 2813 rhetoricre,
1180 2747 1262 2802 vel
1299 2746 1592 2801 dialecticae
1613 2745 1745 2798 artis
1775 2742 1940 2812 ignari

364 2841 710 2899 detraherent
751 2839 916 2902 mihi,
946 2841 1230 2900 tribuerem
1273 2837 1481 2892 veniam
1510 2835 1809 2906 imperitiae,
1844 2849 1944 2890 nec

365 2933 760 2989 accusationem
798 2930 1266 3000 reprehenderem,
1341 2930 1501 3000 222
1574 2922 1683 2982 ubi'
1712 2942 1816 2981 non
1849 2941 1943 2982 vo-

368 3025 624 3079 luntatem
655 3022 708 3076 in
748 3021 904 3090 culpa
929 3034 1205 3075 cernerem
1225 3061 1242 3087 ,
1271 3019 1364 3074 sed
1393 3017 1765 3089 ignorantiam.
1786 3016 1939 3071 Nunc

367 3128 494 3170 vero
539 3127 663 3168 cum
708 3111 894 3166 diserti
949 3109 1232 3174 homines,
1283 3117 1337 3165 et
1397 3107 1711 3164 liberalibus
1748 3107 1943 3162 studiis

367 3202 584 3267 eruditi,
617 3202 788 3272 magis
816 3201 982 3256 velint
1011 3198 1239 3265 laedere,
1268 3215 1425 3270 quam
1465 3199 1782 3270 intelligere,
1817 3198 1940 3254 bre-

368 3293 502 3347 viter
527 3306 557 3346 a
587 3307 672 3346 me
700 3306 1012 3360 responsum
1041 3289 1292 3356 habeant,
1323 3288 1594 3360 corrigere
1623 3304 1717 3344 eos
1745 3289 1943 3344 debere

368 3391 618 3454 peccata,
668 3398 774 3437 non
821 3381 1231 3452 reprehendere.
1279 3381 1431 3436 Patet
1476 3395 1732 3451 campus,
1767 3390 1872 3434 stat
1913 3395 1944 3435 e

369 3484 552 3529 contra
591 3474 734 3529 acies
756 3515 770 3538 ,
818 3473 1108 3528 adversarii
1149 3472 1341 3542 dogma
1376 3473 1720 3528 manifestum
1752 3482 1858 3531 est.
1891 3482 1943 3545 et

371 3566 467 3636 (ut
518 3564 862 3632 Virgilianum
914 3563 1113 3634 aliquid
1162 3562 1430 3632 inferam)
1499 3581 1518 3614 ε
1565 3564 1711 3617 illum
1763 3561 1944 3632 aspice

369 3663 584 3722 contra,
623 3654 726 3721 Qui
756 3663 908 3709 vocat
935 3671 952 3706 ι
991 3653 1236 3722 (ίΕηείά.
1271 3652 1392 3722 II):
1428 3651 1805 3722 Respondcant
1845 3652 1943 3708 ad-

370 3747 627 3804 versario.
673 3747 842 3801 Aliter
885 3752 1102 3800 teneant
1145 3743 1219 3814 (b)
1251 3743 1464 3798 modum
1504 3743 1555 3796 in
1586 3742 1940 3812 diSputando,

370 3838 525 3893 aliter
553 3837 753 3907 virgam
792 3836 844 3890 iu
872 3834 1136 3899 docendo;
1168 3841 1222 3888 et
1252 3850 1338 3888 me
1379 3834 1430 3888 in
1460 3833 1614 3887 libris
1645 3834 1787 3896 suis,
1817 3833 1943 3900 quid

370 3926 456 3982 vel
481 3925 943 3996 prmtermiserim,
979 3924 1062 3979 vel
1089 3922 1382 3977 addiderim
1403 3964 1417 3988 ,
1451 3922 1698 3977 doceant.
1745 3921 1946 3990 Repre-

372 4020 627 4074 hensores
651 4032 756 4071 non
784 4014 962 4081 audio,
999 4029 1200 4084 sequor
1235 4013 1538 4083 magistros.
1577 4013 1810 4066 Delicata
1847 4011 1945 4066 do-

369 4111 540 4167 ctrina
565 4115 684 4172 est,
733 4106 985 4177 pugnanti
1025 4105 1159 4160 ictus
1188 4104 1389 4159 dictare
1417 4103 1485 4158 de
1523 4117 1697 4165 muro,
1739 4113 1792 4157 ct
1821 4118 1943 4158 cum

373 4205 484 4273 ipse
506 4202 790 4270 unguentis
817 4198 1086 4253 delibutus
1107 4197 1202 4264 sis,
1233 4206 1513 4252 cruentum
1545 4197 1764 4251 militem
1788 4212 1946 4252 accu-

371 4305 489 4347 sare
531 4289 849 4345 formidinis.
888 4288 997 4344 Nec
1039 4289 1140 4342 hoc
1182 4287 1400 4350 dicens.
1445 4289 1623 4343 statim
1671 4287 1945 4357 jactautite

373 4397 496 4436 reus
530 4396 648 4436 sum
669 4421 685 4445 ,
741 4379 882 4451 quod
917 4379 1129 4436 cmteris
1157 4379 1547 4434 dormientibus
1591 4379 1737 4434 solus
1766 4389 1944 4434 certa-

372 4474 559 4538 verint;
595 4472 688 4526 sed
719 4472 819 4526 hoc
847 4470 990 4536 dico,
1021 4470 1226 4526 cautius
1251 4484 1346 4524 eos
1377 4484 1532 4540 posse
1561 4485 1818 4541 pugnare,
1851 4469 1943 4539 qui

372 4582 456 4620 me
483 4565 714 4620 viderint
743 4563 1094 4619 vulneratum.
1142 4561 1275 4615 Nolo
1315 4561 1418 4616 tale
1454 4571 1727 4615 certamen
1756 4561 1943 4626 adeas,

374 4656 424 4710 iu
453 4671 560 4725 quo
595 4662 798 4708 tantum
843 4662 892 4708 te
920 4639 1197 4722 protegas,
1249 4661 1303 4706 et
1347 4660 1592 4722 torpente
1616 4649 1806 4707 dextra
1828 4691 1843 4716 ,
1874 4652 1947 4706 si-

373 4747 536 4802 nistra
566 4746 810 4817 clypeum
839 4743 1203 4799 circumferas.
1245 4744 1349 4798 Attt
1378 4742 1673 4798 feriendum
1705 4744 1797 4798 tibi
1840 4753 1943 4813 est,

373 4847 464 4892 aut
503 4837 823 4892 cadendum.
865 4835 981 4890 Non
1031 4849 1247 4904 possum
1284 4845 1336 4888 te
1362 4835 1630 4888 aestimare
1657 4835 1946 4902 victorem,

373 4929 472 4983 nisi
502 4927 866 4984 adversarium
897 4927 1050 4981 video
1079 4924 1181 4997 [οι.
1212 4923 1404 4997 videro]
1447 4923 1785 4979 trucidatum.

446 5019 822 5091 l3.Legimus,
865 5019 935 5090 (c)
962 5017 1305 5073 eruditissimi
1339 5017 1458 5082 viri,
1498 5019 1548 5071 in
1576 5018 1774 5072 scholis
1803 5019 1945 5088 pari-

435 5151 509 5214 (a)
541 5151 762 5214 Reliquit
782 5150 1088 5214 Hartizmaaus
1108 5154 1268 5214 tamen
1290 5147 1446 5198 hebes.
1474 5148 1618 5210 Stepe
1639 5154 1806 5214 autem
1837 5162 1948 5199 cum

374 5207 556 5262 leviora
579 5207 851 5274 lmjusmodi
877 5212 1208 5274 emcndamus,
1235 5207 1471 5274 lectorem
1495 5207 1591 5258 non
1613 5210 1946 5274 admOnemus.

437 5275 508 5335 (b)
541 5270 696 5322 Etiam
734 5271 1090 5335 refragantibus
1125 5271 1238 5335 Mss.
1274 5270 1501 5335 Erasmus
1533 5272 1715 5322 nodum
1737 5284 1825 5335 pro
1847 5285 1947 5321 nta-

373 5332 498 5384 dum
512 5335 764 5384 contendit
783 5332 1105 5395 deberelegi,
1128 5332 1324 5390 «Nam,»
1350 5333 1527 5393 inquit,
1545 5349 1570 5395 ᾳ
1587 5341 1639 5382 et
1653 5332 1950 5395 athletarum

374 5403 426 5445 et
448 5396 822 5445 Palmstritarum
842 5393 1374 5456 rnexusfvocaatquet
1403 5395 1488 5455 qui
1527 5393 1759 5456 diSputat,
1784 5394 1834 5456 in
1858 5394 1951 5444 hoc

335 5478 349 5493 -
373 5463 540 5518 tenet,
567 5464 620 5507 et
638 5455 906 5504 dissimulat
939 5455 1144 5518 nodum.
1179 5461 1234 5502 ut
1270 5453 1509 5518 illaqueet
1546 5453 1944 5518 adversarium.»

373 5515 624 5579 Infelicem
646 5519 971 5579 conjecturam
995 5516 1214 5579 pluribus
1235 5528 1292 5579 re
1313 5515 1470 5579 ellere
1493 5517 1616 5564 haud
1643 5526 1797 5566 vacat.
1819 5518 1950 5565 Atta—

372 5593 486 5644 meo
509 5578 648 5639 infra,
679 5575 817 5635 fortis
838 5583 928 5644 est,
951 5575 1004 5624 in
1025 5575 1314 5644 disputando
1335 5578 1540 5644 nodosas
1561 5583 1605 5626 et
1627 5585 1804 5644 (enim.
1828 5579 1953 5628 dixit

372 5637 699 5704 Hieronymus
720 5648 772 5704 et
797 5639 964 5704 nescio
993 5637 1113 5700 quid
1131 5637 1206 5686 rei
1232 5637 1378 5700 νίν-θαι
1413 5639 1459 5686 in
1491 5638 1712 5689 docendo
1745 5651 1950 5702 respon-

373 5701 494 5751 dere
518 5699 808 5752 e'contrario
829 5699 999 5748 debet.

438 5762 508 5826 (ε)
544 5761 756 5813 l’lurium
782 5773 1036 5812 munerum
1071 5773 1132 5810 cx
1170 5758 1276 5809 aliis
1297 5759 1519 5809 omnibus
1551 5760 1712 5813 editis
1733 5773 1788 5811 ac
1833 5762 1945 5813 Mss.

1681 347 2014 403 EPISTULA
2060 344 2290 400 XLVIII.

3513 356 3622 411 502

2055 471 2166 526 ter;
2195 469 2253 517 et
2289 460 2607 517 Aristotelea
2639 461 2728 517 illa
2760 463 2842 518 vel
2885 463 2954 520 de
3002 463 3214 536 Gorgia:
3243 463 3473 522 fontibus
3509 483 3624 524 ma-

2049 553 2252 619 nantia,
2299 551 2457 607 simul
2486 551 2767 608 didicimus
2786 595 2802 621 ,
2835 553 2983 624 plura
3004 570 3125 612 esse
3154 556 3400 614 videlicet
3425 573 3624 628 genera

2049 641 2258 697 dicendi
2288 658 2303 695 :
2330 651 2385 697 et
2408 642 2546 697 inter
2572 652 2763 698 caetera
2789 683 2806 709 ,
2842 643 2985 698 aliud
3019 660 3139 701 esse
3179 659 3470 715 γυμναταῶς
3494 649 3627 703 scri-

2049 731 2177 787 bere
2199 773 2216 799 ,
2247 731 2389 788 aliud
2414 737 2722 800 δογματικῶς.
2745 733 2801 788 1η
2835 735 2996 804 priori
3027 750 3211 806 vagam
3240 754 3360 794 esse
3381 741 3624 808 disputa-

2051 822 2280 886 tionem;
2332 835 2386 878 et
2437 822 2742 878 adversario
2795 824 3236 894 respondentem,
3292 843 3432 884 nunc
3475 828 3620 894 haec,

2051 929 2191 968 nunc
2239 913 2324 966 illa
2374 928 2696 984 proponere.
2747 915 3119 984 Argumentari
3169 927 3227 970 ut
3275 917 3432 983 libet,
3480 919 3622 972 aliud

2049 1005 2219 1077 loqui,
2245 1007 2388 1060 aliud
2419 1022 2597 1077 agere,
2626 1021 2842 1077 panem,
2873 1017 2929 1062 ut
2957 1007 3174 1075 dicitur,
3201 1010 3513 1077 ostendere;
3544 1011 3624 1065 la—

2048 1098 2223 1167 pidem
2272 1107 2476 1154 tenere.
2525 1097 2581 1153 lu
2635 1099 2877 1169 sequenti
2929 1109 3110 1154 autem
3175 1110 3358 1169 aperta
3427 1101 3573 1156 frous
3605 1142 3622 1166 ,

2047 1197 2101 1243 et
2150 1197 2209 1242 ut
2254 1188 2323 1242 ita
2379 1189 2593 1255 dicam,
2627 1189 2926 1259 ingenuitas
2973 1190 3274 1244 necessaria
3321 1199 3421 1244 est.
3465 1191 3624 1245 Aliud

2046 1289 2128 1335 est
2147 1280 2566 1350 quierere,aliud
2595 1279 2843 1336 definire.
2876 1281 2930 1334 In
2960 1281 3130 1346 altero
3154 1281 3494 1352 pugnandum
3520 1299 3535 1336 :
3567 1282 3621 1336 in

2045 1370 2218 1424 altero
2243 1369 2540 1425 docendum
2565 1381 2665 1426 cst.
2690 1371 2768 1425 Tu
2801 1388 2886 1427 me
2910 1382 3139 1428 stantem
3169 1373 3221 1428 in
3250 1373 3454 1444 prmlio,
3478 1383 3531 1429 et
3555 1373 3625 1431 de

2043 1461 2152 1514 vita
2181 1462 2568 1531 periclitantem
2595 1462 2862 1516 studiosus
2889 1464 3142 1534 magister
3165 1463 3382 1519 doceas.
3414 1463 3532 1518 Noli
3557 1481 3622 1520 ex

2044 1553 2282 1624 obliquo,
2315 1563 2370 1608 ct
2413 1553 2555 1608 unde
2583 1568 2686 1608 non
2719 1554 2952 1622 putaris,
2981 1555 3172 1609 vulnus
3218 1555 3436 1612 inferre.
3467 1557 3622 1612 Dire-

2043 1653 2132 1700 cto
2161 1654 2378 1714 percute
2395 1645 2595 1716 gladio.
2617 1646 2794 1715 Turpe
2812 1646 2903 1700 tibi
2933 1656 3016 1702 est
3045 1647 3252 1702 hostem
3282 1649 3421 1703 dolis
3440 1649 3621 1716 ferire,

2047 1751 2151 1789 nou
2183 1735 2402 1791 viribus.
2441 1735 2602 1802 Quasi
2634 1751 2738 1791 non
2768 1744 2825 1790 et
2864 1737 2980 1792 lucc
3015 1753 3101 1792 ars
3132 1755 3339 1794 summa
3372 1756 3620 1812 pugnant-

2047 1827 2178 1880 tium
2203 1829 2290 1890 sit,
2318 1826 2443 1881 alibi
2471 1827 2682 1891 minari,
2703 1827 2824 1881 alibi
2854 1841 3150 1897 percutere.
3175 1828 3380 1903 Legite,
3399 1831 3622 1886 obsecro

2045 1935 2171 1983 vos,
2207 1919 2648 1982 Demosthenem,
2675 1919 2834 1989 legite
2865 1919 3098 1974 Tullium
3132 1938 3145 1974 :
3177 1935 3240 1976 ac
3281 1936 3348 1976 ne
3402 1920 3620 1978 forsitan

2045 2011 2309 2067 Rhetores
2335 2011 2486 2066 vobis
2549 2013 2707 2084 223
2763 2012 3080 2082 diSpliceant
3098 2011 3341 2085 (quorum
3363 2014 3495 2068 artis
3515 2025 3620 2077 est.

2045 2105 2352 2158 verisimilia
2380 2105 2547 2174 magis
2573 2121 2729 2173 quam
2746 2121 2870 2159 vera
2889 2104 3111 2174 dicere),
3139 2105 3298 2176 legite
3322 2105 3619 2172 Platonem,

2045 2195 2468 2266 TbeOphrastum
2492 2237 2508 2259 ,
2552 2193 2984 2265 Xenophontem,
3016 2197 3357 2252 Aristotelem
3379 2239 3394 2262 ,
3423 2208 3476 2252 et
3504 2199 3627 2254 reli-

2045 2301 2180 2358 quos
2212 2286 2301 2354 qui
2347 2285 2414 2340 de
2439 2285 2675 2340 Socratis
2723 2287 2865 2340 fonte
2912 2295 3222 2349 manantes.
3271 2287 3495 2341 diversis
3532 2303 3628 2343 cu-

2045 2390 2264 2431 currere
2306 2375 2490 2430 rivulis
2521 2393 2535 2431 :
2565 2375 2691 2446 quid
2723 2375 2775 2429 iu
2807 2376 2912 2430 illis
2941 2386 3204 2444 apertum,
3243 2376 3369 2446 quid
3399 2377 3626 2447 simplex

2047 2466 2168 2521 est?
2195 2481 2313 2535 qute
2341 2465 2502 2520 verba
2525 2481 2627 2520 non
2657 2481 2912 2520 sensuum
2936 2465 2958 2518 ?
2986 2466 3074 2536 qui
3097 2480 3290 2521 sensus
3320 2481 3423 2520 non
3453 2467 3625 2521 victo-

2048 2558 2182 2611 rias?
2229 2556 2526 2626 Origenes,
2576 2555 2910 2622 Methodius,
2964 2555 3256 2620 Eusebius,
3306 2555 3629 2624 Apollinaris

2049 2647 2156 2720 [al.
2200 2646 2585 2720 Apol/maritis]
2626 2689 2641 2713 ,
2697 2647 2880 2701 multis
2923 2663 3172 2702 versuum
3214 2647 3450 2702 millibus
3492 2649 3630 2702 scri-

2048 2742 2180 2796 bunt
2219 2741 2474 2795 adversus
2516 2739 2731 2794 Celsum
2777 2747 2831 2794 et
2873 2739 3249 2810 Porphyrium.
3279 2740 3629 2797 Considerate

2048 2834 2238 2904 quibus
2263 2833 2612 2903 argumentis,
2642 2842 2695 2886 et
2723 2847 2882 2902 quam
2913 2831 3128 2886 lubricis
3169 2830 3248 2905 (ά)
3283 2832 3624 2903 problemati-

2049 2926 2151 2981 bus
2179 2924 2377 2980 diaboli
2423 2924 2613 2994 spiritu
2640 2933 2886 2979 contexta
2925 2924 3234 2980 subvertant
3265 2941 3279 2978 :
3311 2935 3363 2981 et
3389 2926 3510 2996 quia
3543 2925 3630 2980 in-

2049 3018 2256 3073 terdum
2290 3027 2554 3088 coguntur
2579 3018 2745 3087 loqui,
2777 3033 2880 3071 non
2909 3017 3050 3087 quod
3076 3017 3334 3084 sentiunt,
3363 3017 3456 3074 sed
3483 3018 3627 3088 quod

2049 3125 2266 3166 necesse
2297 3118 2409 3174 est,
2439 3109 2624 3164 dicunt
2652 3109 2910 3164 adversus
2953 3125 3050 3176 ea,
3092 3125 3212 3181 qua:
3248 3108 3436 3164 dicunt
3477 3109 3626 3164 Geu-

2051 3201 2190 3255 tiles.
2242 3199 2416 3254 Taceo
2468 3199 2536 3254 de
2581 3199 2784 3254 Latinis
2832 3199 3226 3270 Scriptorihus,
3258 3185 3626 3266 Tertulliano,

2045 3290 2336 3362 Cypriauo,
2370 3290 2607 3353 Minutio,
2640 3290 2932 3355 Victorino,
2976 3289 3270 3356 Lactantio,
3316 3290 3531 3354 Hilario,
3561 3305 3630 3344 ne

2050 3397 2154 3434 non
2186 3389 2290 3434 tam
2315 3395 2401 3435 me
2427 3379 2750 3441 defendisse.
2783 3397 2939 3450 quam
2962 3381 3098 3435 alios
3123 3380 3305 3436 videar
3323 3395 3626 3436 accusasse.

2049 3471 2268 3527 Paulum
2304 3471 2623 3542 Apostolum
2659 3474 2960 3542 proferam,
3006 3488 3162 3543 quem
3189 3475 3630 3544 quotiescumque

2051 3561 2168 3631 lego
2189 3603 2202 3624 ,
2249 3560 2436 3616 videor
2481 3563 2608 3616 mihi
2665 3579 2770 3616 non
2798 3563 2959 3617 verba
2985 3563 3202 3627 audire,
3246 3562 3340 3617 sed
3373 3561 3626 3616 tonitrua.

2050 3652 2234 3721 Legite
2273 3653 2537 3722 Epistolas
2581 3654 2734 3723 ejus,
2767 3662 2823 3707 et
2848 3655 3078 3708 maxime
3119 3654 3184 3707 ad
3232 3654 3526 3718 Ronnanos,
3559 3653 3628 3708 ad

2052 3745 2294 3810 Galatas,
2334 3747 2400 3800 ad
2432 3746 2724 3815 Ephesios,
2760 3747 2811 3799 in
2843 3747 3033 3816 quibus
3077 3753 3218 3799 totus
3255 3745 3308 3800 in
3339 3749 3632 3800 certamine

2051 3834 2254 3902 positus
2297 3844 2415 3900 est;
2467 3845 2522 3889 et
2576 3835 2820 3888 videbitis
2871 3850 2992 3892 cum
3047 3836 3100 3888 in
3152 3835 3471 3890 testimoniis
3509 3849 3630 3904 qua:

2049 3927 2210 3980 sumit
2257 3924 2326 3980 de
2381 3926 2548 3979 veteri
2592 3926 2971 3992 Testamento,
3015 3940 3171 3996 quam
3200 3926 3384 3981 artifex
3411 3967 3427 3989 ,
3469 3940 3628 3996 quam

2051 4015 2282 4086 prudens
2302 4057 2318 4083 ,
2364 4031 2522 4084 quam
2549 4015 2913 4069 dissimulator
2959 4015 3014 4070 fit
3040 4014 3157 4085 ejus
3184 4015 3325 4086 quod
3355 4017 3484 4085 agit.
3533 4015 3630 4069 Vi-

2049 4107 2246 4162 dentur
2266 4106 2481 4177 quidem
2511 4107 2673 4161 verba
2704 4106 2962 4175 simplicia
2985 4147 3000 4172 ,
3048 4115 3103 4161 et
3145 4106 3295 4176 quasi
3325 4105 3630 4161 innocentis

2050 4199 2282 4254 hominis
2309 4207 2364 4253 et
2407 4197 2704 4263 rusticani;
2744 4206 2801 4253 et
2839 4198 2929 4268 qui
2959 4197 3032 4269 (e)
3065 4212 3165 4253 nec
3192 4197 3368 4253 facere
3409 4212 3510 4252 nec
3536 4197 3631 4252 de-

2049 4289 2248 4344 clinare
2274 4289 2482 4343 noverit
2502 4288 2722 4343 insidias
2753 4305 2767 4342 :
2796 4287 2890 4344 sed
2925 4303 3265 4358 quocumque
3292 4288 3622 4358 respexeris,

2050 4381 2267 4438 fulmina
2297 4391 2442 4436 sunt.
2479 4381 2660 4437 Haeret
2691 4381 2744 4436 in
2779 4397 2970 4447 causa,
3009 4383 3152 4452 capit
3192 4397 3354 4438 onme
3377 4381 3518 4452 quod
3545 4393 3628 4437 te-

2051 4473 2229 4544 tigerit
2258 4491 2271 4527 :
2306 4483 2511 4544 tergum
2537 4475 2726 4538 vertit,
2769 4482 2828 4528 ut
2865 4481 3082 4542 superet
3111 4490 3126 4527 :
3159 4472 3331 4542 fugam
3378 4473 3625 4540 simulat,

2051 4575 2106 4619 ut
2135 4564 2362 4620 occidat.
2399 4565 2796 4620 Calumniemur
2821 4579 2949 4634 ergo
2978 4565 3122 4617 illum
3145 4603 3162 4630 ,
3200 4573 3360 4633 atque
3383 4564 3628 4620 dicamus

2050 4657 2098 4711 ei
2129 4675 2143 4710 :
2177 4657 2501 4711 Testimonia
2532 4657 2723 4725 quibus
2771 4664 2956 4710 contra
2987 4655 3232 4720 Judzeos,
3278 4655 3362 4710 vel
3403 4668 3631 4712 cmteras

2053 4745 2284 4800 Increses
2313 4760 2439 4799 usus
2467 4761 2547 4807 es,
2593 4745 2749 4798 aliter
2779 4745 2830 4798 in
2873 4745 2983 4798 suis
3024 4745 3186 4812 locis,
3227 4746 3382 4801 aliter
3421 4747 3473 4800 in
3521 4747 3625 4802 tuis

2052 4837 2302 4907 Epistolis
2342 4845 2555 4890 sonant.
2596 4835 2848 4892 Videmus
2875 4839 3116 4908 exempla
3155 4839 3361 4909 captiva
3411 4838 3479 4911 (ι’)
3512 4856 3629 4896 scr-

2050 4973 2374 5034 reposuimus,
2406 4971 2690 5036 ipsa_etiam
2735 4971 2966 5036 orationis
2999 4974 3132 5036 serie
3161 4982 3391 5036 cogente.
3431 4973 3626 5024 Martia-

2052 5031 2188 5097 uaéus
2197 5047 2332 5097 vero,
2344 5031 2479 5097 ratus
2492 5031 2836 5097 Hieronymum
2861 5033 3015 5097 solum
3032 5031 3628 5097 alloqui'Pammachium,

2050 5093 2114 5143 de
2136 5109 2224 5143 suo
2248 5084 2432 5144 fecerat
2453 5096 2500 5142 in
2525 5084 2776 5155 singulari,
2799 5093 3118 5146 eruditissime
3139 5084 3230 5145 t'vir.

2115 5157 2193 5217 (d)
2228 5156 2430 5217 Quidam
2453 5156 2568 5205 Mss.
2593 5154 2904 5219 problemata,
2937 5157 3064 5219 quod
3107 5167 3160 5206 et
3196 5157 3402 5208 Gravius
3439 5157 3629 5218 probat.

2053 5218 2358 5282 Sequentcm
2382 5231 2499 5266 vero
2521 5218 2803 5282 contextum
2826 5231 2890 5282 εξ
2915 5218 3270 5282 Μςεηυίαριη,
3285 5228 3339 5268 ut
3361 5219 3631 5282 profitetur,

2055 5277 2269 5342 inpejus
2291 5287 2452 5328 tamen
2477 5284 2631 5342 mutat
2664 5279 2820 5328 editor
2859 5277 3208 5342 Betiediciinus
3247 5277 3440 5342 legens,
3466 5277 3634 5328 dicunt

2054 5338 2288 5412 aduersus
2325 5339 2531 5413 {estqui
2553 5338 2776 5413 dicuntur
2819 5353 2921 5390 esse
2957 5341 3185 5413 gentiles;
3229 5338 3634 5413 quanqoainhugec

2056 5401 2294 5465 impressa
2333 5399 2481 5465 lectio
2521 5414 2680 5464 usque
2717 5402 2839 5465 adeo
2878 5399 3085 5460 arridet,
3109 5399 3219 5465 quas
3251 5399 3635 5465 forteintegrior

2057 5462 2170 5520 erit,
2196 5467 2236 5513 si
2263 5462 2456 5525 legeris
2475 5475 2537 5525 ex
2561 5462 2698 5525 parte
2718 5463 2855 5523 juxta
2881 5462 3195 5525 vetustiorem
3211 5462 3507 5525 editionem,
3532 5470 3638 5504 mu-

2056 5519 2165 5586 tata
2181 5519 2342 5574 etiam'
2351 5519 2599 5586 paululum
2632 5519 3056 5586 interpunctione,
3093 5521 3223 5586 loqui
3251 5519 3379 5584 quod
3411 5531 3506 5569 non
3525 5530 3635 5567 sen-

2056 5585 2210 5646 tiunt;
2235 5586 2321 5648 sed
2345 5584 2472 5648 quod
2494 5598 2683 5648 necesse
2713 5584 2784 5648 est
2807 5584 2989 5648 dirimi,
3017 5592 3111 5648 etc.

2121 5639 2394 5708 (efEdito'r
2415 5647 2669 5696 Beuedict.
2697 5645 2782 5707 qui
2815 5639 2986 5707 facere
3011 5645 3196 5708 absque
3237 5639 3450 5702 negandi
3488 5640 3636 5702 parti-

2057 5701 2183 5764 ειιῐιιζ
2213 5718 2264 5758 et
2289 5707 2431 5768 paulo
2451 5715 2567 5757 ante
2588 5701 2920 5768 qurcr'lamijiro
2941 5701 3366 5768 quidenilegerat.

2125 5721 2183 5764 ta,
2213 5721 2264 5758 et
2289 5721 2431 5768 paulo
2451 5721 2567 5757 ante
2622 5721 2814 5756 arenam
2835 5721 2920 5766 pro
2941 5721 3134 5766 quzaem
3157 5721 3314 5762 regere

2125 5769 2189 5832 (Γ)
2223 5771 2412 5822 Vitiuse
2449 5776 2555 5831 post
2580 5721 2760 5822 grasm.
2790 5767 3003 5821 Martiau.
3031 5763 3314 5816 servierunt.
