4146 6336
552 359 654 416 503

551 474 659 526 vire
687 471 776 524 tibi
815 468 879 524 ad
912 468 1210 535 victoriam,
1251 483 1370 539 qurc
1395 468 1509 524 suis
1543 468 1594 523 in
1625 468 1986 526 voluminibus
2016 484 2122 523 non

548 564 814 620 dimicant.
879 561 1068 616 Nonne
1129 562 1283 618 nobis
1333 561 1570 630 laquitur
1617 577 1736 617 cum
1783 561 2062 616 Salvatore
2105 579 2119 614 :

545 655 699 709 aliter
727 653 876 720 foris,
908 653 1062 708 aliter
1089 652 1233 707 domi
1259 653 1564 724 loquimur?
1595 651 1788 708 Turba:
1820 653 2119 723 parabolas,

543 745 786 814 discipuli
836 745 1060 800 audiunt
1105 746 1382 800 veritatem
1429 745 1656 817 (Matth.
1689 745 1815 812 13).
1865 745 2121 813 Proponit

543 836 830 890 Pharisteis
886 837 1142 892 Dominus
1197 837 1554 906 qumstiones,
1602 846 1655 891 et
1698 851 1803 889 non
1849 835 2118 896 edisserit.

541 927 694 982 Aliud
715 937 797 983 est
815 928 1013 983 docere
1047 928 1387 998 discipulum,
1422 928 1563 982 aliud
1599 926 1962 982 adversarium
2001 929 2117 982 vin-

537 1033 680 1074 cere.
717 1038 736 1072 ι
768 1018 1100 1091 Mysterium,
1149 1020 1350 1088 inquit,
1381 1035 1555 1074 meum
1587 1018 1748 1084 mihi,
1797 1020 2116 1093 mysterium

538 1127 716 1165 meum
739 1113 866 1166 mihi
889 1121 942 1166 et
973 1111 1105 1166 meis
1131 1132 1148 1163 ι
1185 1110 1336 1183 (Isai.
1367 1110 1460 1166 21.
1489 1111 1602 1182 16).

505 1205 514 1261 l
610 1203 696 1256 14.
729 1203 1076 1273 ludignamini
1099 1203 1248 1266 mihi,
1271 1202 1411 1272 quod
1433 1201 1770 1257 Iovinianum
1795 1219 1898 1258 non
1921 1203 2118 1259 docue-

537 1293 658 1355 rim,
705 1294 799 1348 sed
836 1294 1070 1349 vicerim.
1112 1294 1221 1348 lmo
1251 1294 1597 1366 indignantur
1633 1294 1786 1361 mihi,
1838 1296 1927 1365 qui
1969 1297 2114 1350 illum

536 1388 1041 1443 anathematizatum
1062 1387 1244 1442 dolent
1263 1408 1276 1442 :
1296 1396 1348 1442 et
1369 1403 1487 1442 cum
1507 1387 1724 1442 laudent
1739 1388 1880 1459 quod
1957 1386 2118 1460 224

534 1488 676 1541 sunt,
707 1487 957 1534 accusant
984 1478 1123 1550 quod
1153 1495 1272 1533 esse
1300 1493 1358 1533 se
1382 1480 1652 1534 simulant.
1683 1479 1843 1547 Quasi
1875 1495 2000 1534 vero
2029 1495 2118 1534 ro-

532 1569 738 1639 gandus
775 1568 969 1634 fuerit,
1014 1580 1070 1624 ut
1108 1570 1235 1624 mihi
1277 1551 1525 1634 ccderet',
1567 1581 1620 1624 et
1661 1587 1768 1625 non
1813 1572 2016 1626 invitus
2052 1587 2114 1627 ac

533 1676 834 1730 repugnans
863 1662 914 1714 in
956 1662 1195 1717 veritatis
1225 1661 1434 1716 vincula
1465 1661 1760 1717 ducendus.
1791 1662 1856 1716 Et
1888 1662 2003 1718 hmc
2031 1663 2114 1718 di-

531 1767 730 1816 cerem,
764 1750 808 1806 Si
839 1752 1084 1808 vincendi
1113 1753 1512 1820 studio,contra
1544 1755 1776 1824 regulam
1808 1755 2112 1824 Scriptura-

533 1859 649 1898 rum
677 1844 945 1913 quippiam
986 1845 1196 1900 locutus
1235 1845 1481 1912 fuissem;
1524 1859 1580 1901 et
1621 1849 1759 1902 sicut
1801 1847 1896 1900 viri
1946 1846 2112 1902 fortes

529 1935 582 1990 in
622 1937 1004 1992 controversiis
1047 1938 1223 1992 solent
1267 1938 1474 2004 facere,
1514 1939 1725 2008 culpam
1755 1938 1976 2009 prtemio
2020 1955 2108 1993 re-

529 2025 804 2080 dimerem.
842 2027 992 2082 Nunc
1024 2043 1150 2082 vero
1192 2043 1314 2082 cum
1363 2029 1626 2098 interpres
1671 2030 1836 2097 magis
1867 2029 2110 2098 Apostoli

530 2115 756 2179 fuerim,
798 2133 957 2187 quam
999 2118 1382 2190 dogmatistes,
1435 2129 1488 2174 et
1527 2121 1962 2175 commentatoris
2009 2120 2108 2174 sim

531 2221 658 2260 usus
685 2208 888 2271 oﬂicio,
940 2209 1195 2279 quidquid
1223 2209 1410 2264 durum
1440 2209 1648 2265 videtur
1670 2251 1683 2275 ,
1731 2210 1782 2265 ei
1815 2210 1981 2280 magis
2014 2209 2112 2262 im-

531 2304 744 2366 putetur
779 2313 937 2367 quem
975 2300 1336 2367 exposuimus,
1365 2315 1520 2370 quam
1568 2299 1721 2353 nobis
1747 2300 1834 2369 qui
1863 2299 2112 2368 exposui-

529 2403 666 2441 mus.
692 2387 804 2444 Nisi
828 2387 962 2444 forte
984 2389 1073 2444 ille
1107 2389 1262 2444 aliter
1299 2390 1467 2453 dixit,
1502 2400 1555 2444 et
1585 2406 1683 2444 nos
1709 2391 2106 2460 simplicitatem

529 2480 813 2532 verborum
864 2479 979 2550 ejus
1028 2482 1254 2551 maligna
1296 2481 1733 2550 interpretatione
1761 2481 2103 2538 detorsimns.

527 2572 624 2638 Qui
651 2571 752 2626 hoc
774 2573 964 2642 arguit,
996 2573 1063 2628 dc
1087 2575 1212 2642 ipsis
1239 2573 1528 2643 Scripturis
1556 2574 1761 2642 probet.
1794 2591 1812 2624 ι
1830 2574 2064 2626 Diximus
2089 2591 2102 2624 :

528 2665 582 2718 Si
612 2665 808 2719 bonum
835 2675 918 2721 est
947 2667 1221 2721 mulierem
1253 2684 1356 2720 non
1390 2676 1627 2736 tangere,
1653 2665 1848 2720 malum
1879 2681 2005 2734 ergo
2027 2672 2109 2718 est

529 2763 748 2825 tangere
779 2773 793 2808 :
822 2756 950 2810 nihil
979 2757 1118 2812 enim
1152 2757 1292 2811 bono
1321 2757 1648 2811 contrarimn
1678 2767 1777 2820 est,
1811 2757 1862 2810 ni
1887 2758 2105 2810 malum.

526 2844 580 2900 Si
614 2858 790 2901 autem
825 2847 1020 2901 malum
1062 2856 1222 2902 estet
1261 2847 1582 2918 ignoscitur,
1624 2845 1744 2901 ideo
1771 2845 2104 2910 conceditur,

529 2956 595 2992 ne
646 2941 788 2993 malo
826 2940 949 3010 quid
996 2940 1236 2995 deterius
1284 2939 1373 2993 ﬁat
1405 2958 1417 2993 :
1459 2960 1477 2992 ι
1511 2950 1565 2994 et
1603 2947 1796 2993 cmtera
1835 2953 2001 3008 usque
2041 2938 2106 2992 ad

527 3045 560 3098 p
592 3030 941 3099 opositioncm
960 3030 1177 3084 alterius
1198 3029 1436 3098 capituli.
1467 3029 1576 3084 lloc
1605 3029 1723 3083 ideo
1749 3027 2101 3097 suhjeciums,

525 3123 645 3190 quia
679 3123 962 3190 Apostolus
1006 3121 1213 3176 dixerat
1244 3139 1258 3176 :
1295 3140 1314 3173 ι
1350 3121 1551 3174 Βοηιιιη
1582 3133 1665 3176 est
1695 3121 1893 3174 homini
1924 3118 2106 3173 mulie-

527 3227 638 3263 rem
669 3229 770 3264 non
799 3223 1014 3282 tangere
1038 3231 1050 3269 :
1073 3222 1286 3280 propter
1313 3212 1713 3268 fornicationem
1739 3222 1916 3266 autem
1942 3227 2106 3266 unus-

527 3302 754 3370 quisque
781 3319 1000 3356 uxorem
1035 3319 1185 3356 suam
1219 3304 1440 3370 habeat,
1491 3313 1546 3358 et
1587 3319 1918 3372 unaquaeque
1947 3318 2101 3357 suam

526 3392 698 3445 virum
727 3392 920 3446 habent
944 3412 964 3444 ι
991 3393 1064 3464 (1.
1099 3392 1215 3447 Cor.
1241 3395 1293 3447 7.
1322 3391 1412 3465 2).
1449 3394 1501 3447 In
1533 3411 1636 3465 quo
1663 3395 1915 3449 differunt
1946 3395 2104 3448 verba

527 3501 643 3538 mea
690 3500 718 3537 a
751 3501 912 3539 sensu
958 3486 1242 3556 Apostoli?
1285 3486 1395 3541 Nisi
1442 3485 1576 3542 forte
1616 3487 1666 3542 itt
1711 3501 1810 3556 eo,
1843 3486 1984 3558 quod
2016 3487 2104 3542 ille

529 3576 868 3642 pronuntiat,
919 3590 1018 3644 ego
1043 3575 1227 3629 dubito
1257 3594 1270 3629 :
1302 3576 1389 3632 illc
1417 3577 1597 3630 definit
1617 3618 1632 3643 ,
1675 3593 1773 3647 ego
1814 3578 2059 3632 sciscitor
2087 3594 2101 3630 :

525 3666 616 3723 ille
640 3677 820 3736 aperte
851 3666 978 3723 dicit
1011 3685 1025 3721 :
1061 3686 1078 3718 ι
1110 3667 1313 3721 Bonum
1340 3677 1422 3722 est
1461 3667 1660 3722 homini
1693 3670 1970 3723 mulierem
1995 3685 2100 3722 non

525 3766 762 3827 tangere,
792 3778 808 3810 ι
843 3774 942 3829 ego
972 3758 1156 3813 timide
1185 3757 1277 3831 (al.
1305 3758 1572 3831 quotidie.)
1604 3776 1808 3828 qurero,
1837 3759 1882 3814 si
1906 3761 2102 3814 bonum

523 3863 604 3906 est
645 3853 920 3907 mulierem
967 3867 1072 3906 non
1114 3861 1347 3924 tangere.
1397 3853 1450 3908 Si
1497 3852 1788 3906 dubitantis
1825 3861 1948 3918 est,
1995 3867 2102 3906 non

523 3943 907 4000 confirmantis.
958 3937 1049 4000 Ille
1089 3943 1220 3999 dicit
1250 3963 1264 3999 :
1304 3963 1323 3996 ι
1357 3945 1556 3999 Bonum
1589 3955 1672 4000 est
1703 3961 1806 3999 non
1837 3953 2054 4015 tangere
2087 3962 2101 3998 :

525 4050 624 4104 ego
651 4035 775 4105 quid
808 4035 950 4090 bono
975 4036 1301 4091 contrarimn
1331 4051 1450 4091 esse
1483 4037 1673 4106 possit,
1705 4036 1954 4107 adjungo.
1981 4035 2105 4092 Sta-

534 4127 736 4196 timque
775 4127 827 4183 in
869 4129 1362 4198 consequentibus:
1413 4126 1895 4183 Animadvertenda
1926 4129 2103 4198 Apos-

527 4220 614 4272 toli
647 4219 944 4288 prudentia.
973 4219 1086 4273 Non
1117 4219 1250 4274 dixit
1283 4238 1296 4273 :
1333 4237 1351 4271 ι
1380 4219 1582 4273 Bonum
1622 4229 1704 4274 est
1732 4219 1936 4273 homini
1968 4234 2102 4273 uxo-

523 4325 638 4364 rem
669 4325 773 4362 non
818 4308 1038 4374 habere,
1070 4309 1164 4363 sed
1192 4309 1396 4364 Bonum
1424 4319 1505 4363 est
1534 4309 1809 4363 mulierem
1855 4325 1958 4363 non
1989 4317 2110 4362 tan-

523 4416 650 4474 gere
677 4419 691 4457 :
723 4420 742 4454 ι
779 4399 1000 4472 quasiet
1022 4401 1071 4454 in
1098 4409 1237 4455 tactu
1262 4400 1378 4468 ejus
1409 4401 1698 4467 periculum
1721 4401 1809 4464 sit;
1835 4399 1988 4469 quasi
2011 4399 2104 4468 qui

524 4497 666 4550 illam
692 4495 942 4567 tetigerit,
961 4511 1064 4548 non
1081 4493 1458 4550 evadat.Vides
1476 4493 1636 4564 igitur
1653 4508 1757 4547 non
1774 4493 1840 4547 dc
1859 4491 2102 4561 conjugi-

521 4587 622 4644 bns
654 4603 749 4640 nos
777 4601 1068 4655 exponere,
1089 4586 1180 4640 sed
1203 4585 1269 4640 de
1285 4585 1428 4642 coitu
1457 4585 1774 4656 simpliciter
1801 4583 2100 4653 disputare,

524 4675 664 4750 quod
699 4676 763 4727 ad
791 4677 1245 4756 comparationem
1287 4674 1556 4746 pudicitia:
1582 4684 1636 4728 et
1675 4673 2015 4744 virginitatis,
2049 4680 2104 4727 ct

523 4767 792 4835 Augelica:
819 4766 1181 4822 similitudinis
1206 4809 1219 4832 ,
1263 4767 1457 4820 bonum
1485 4776 1566 4821 est
1592 4765 1795 4819 homini
1823 4764 2102 4819 mulierem

523 4873 630 4916 non
655 4845 891 4926 tangere.
917 4877 935 4909 ι
965 4857 1180 4912 Vauitas
1205 4861 1514 4921 vanitatum,
1543 4867 1600 4913 ct
1625 4858 1802 4913 omnia
1825 4858 2028 4912 vanitas
2053 4875 2102 4925 ι,

523 4947 652 5001 dicit
679 4947 1076 5020 Ecclesiastes(
1109 4948 1276 5002 Eccle.
1310 4951 1362 5004 1.
1391 4948 1427 5003 2
1459 4948 1499 5020 ).
1527 4949 1584 5004 Si
1619 4963 1808 5004 omnes
1841 4958 2104 5004 creatura:

522 5036 696 5101 bonze,
721 5047 777 5091 ut
800 5054 830 5089 a
851 5039 990 5093 bono
1013 5037 1271 5094 Creatorc
1287 5039 1538 5103 conditrc,
1557 5040 1829 5110 quomodo
1851 5041 2099 5094 universa

521 5128 771 5181 vanitas?
799 5128 852 5182 Si
877 5139 1017 5183 terra
1046 5129 1544 5196 vanitas,uumquid
1571 5139 1619 5184 et
1645 5129 1793 5194 cmli,
1817 5130 2097 5199 etAngeli,

522 5227 578 5274 et
605 5217 827 5273 Throui.
859 5217 1274 5284 Dominationcs,
1305 5218 2106 5288 Potestates,ctetcr:nqtteVir-_

525 5311 700 5367 totes?
774 5311 932 5383 225
1005 5308 1110 5364 Sed
1137 5324 1255 5379 qua:
1280 5325 1374 5378 per
1395 5322 1453 5362 se
1479 5309 1615 5364 bona
1657 5319 1797 5375 sunt,
1829 5321 1935 5366 uta
1957 5312 2097 5366 bono

519 5401 777 5456 Creatore
800 5401 1034 5463 condita,
1066 5399 1132 5454 ad
1154 5399 1608 5470 comparationem
1641 5399 1922 5455 meliorum
1948 5401 2100 5457 vani-

520 5501 600 5547 tas
630 5493 987 5562 appellantur.
1016 5489 1172 5546 Verbi
1196 5491 1363 5560 gratia
1395 5489 1644 5545 :lucerna
1669 5489 1930 5562 lampadis
1948 5508 2098 5548 com—

520 5587 795 5655 paratione
836 5599 934 5658 pro
979 5583 1146 5640 nihilo
1188 5590 1308 5639 est:
1343 5581 1548 5652 lampas
1599 5584 1770 5639 stellae
1811 5585 2098 5642 collatione

520 5692 625 5731 non
666 5678 810 5733 lucet
840 5696 854 5732 :
884 5677 1095 5735 stellam
1140 5676 1281 5732 luna:
1325 5675 1535 5742 confer,
1578 5691 1719 5733 cmca
1761 5687 1841 5732 est
1870 5694 1884 5732 :
1917 5679 2095 5734 lunam

519 5770 614 5824 soli
635 5769 820 5841 junge,
854 5787 958 5828 non
1001 5771 1180 5826 rutilat
1211 5788 1222 5824 :
1256 5770 1421 5826 solem
1455 5769 1664 5827 Christo
1693 5771 1898 5840 confer,
1933 5783 1984 5828 ct
2018 5782 2094 5827 too

1837 351 2076 410 SANCTI
2115 351 2486 408 llllillONYill

2237 468 2416 566 nolim
2443 480 2584 566 sunt.
2614 470 2723 542 Ego
2747 491 2878 537 sicut,
2914 477 3104 548 inquit,
3135 481 3222 551 qui
3250 499 3362 538 sum
3384 486 3579 557 (Exod.
3613 490 3665 546 5.
3701 496 3810 566 li).

2232 555 2457 612 Omnem
2483 559 2642 628 igitur
2667 575 2966 620 creaturam
2996 569 3039 623 si
3071 569 3182 624 Deo
3211 555 3526 643 contuleris,
3557 595 3660 633 n0n
3684 555 3811 638 sub-

2231 649 2391 702 sistit.
2461 651 2587 707 «Ne
2645 655 2862 721 tradas,
2928 658 3098 729 inquit
3151 661 3374 730 Esther,
3445 666 3808 728 hatreditatem

2232 746 2375 793 tuam
2401 739 2484 795 his
2510 744 2599 812 qui
2637 760 2741 799 non
2770 758 2896 801 sunt
2925 767 2942 802 ι
2993 749 3222 821 (Esther.
3254 756 3342 809 M.
3378 757 3489 827 11),
3524 760 3680 816 idolis
3707 766 3810 819 sci-

2229 829 2352 886 licet
2381 844 2434 888 et
2475 834 2826 894 dznmonibus.
2859 840 2926 895 Et
2969 835 3117 900 certe
3146 856 3299 902 erant
3342 848 3485 904 idola
3515 861 3566 906 et
3603 854 3809 911 daemo-

2229 937 2343 1016 nes,
2373 925 2564 994 quibus
2612 942 2680 982 ne
2722 931 3078 997 traderentur,
3128 937 3336 992 orabat.
3375 936 3433 993 In
3463 939 3562 998 Job
3597 960 3807 1016 quoque

2227 1011 2474 1084 legimus,
2520 1033 2550 1072 a
2592 1018 2784 1074 Baldad
2812 1019 2903 1093 [aL
2946 1022 3199 1099 Baldttc/t]
3245 1029 3444 1084 dictum
3485 1032 3554 1088 de
3602 1011 3801 1106 impio:

2232 1122 2251 1155 ι
2287 1106 2557 1175 Avellatur
2590 1109 2657 1164 de
2685 1113 3028 1169 tabernaculo
3051 1132 3148 1172 suo
3172 1119 3360 1174 fiducia
3388 1123 3525 1192 ejus,
3551 1137 3603 1180 et
3635 1130 3804 1186 calcet

2223 1210 2385 1266 super
2411 1213 2533 1254 eum
2560 1204 2710 1270 quasi
2753 1220 2845 1259 rex
2875 1206 3145 1262 interitus.
3176 1209 3428 1267 llabitent
3465 1215 3517 1270 in
3550 1219 3802 1273 taberna-

2223 1290 2346 1344 culo
2390 1292 2506 1360 ejus
2548 1295 2677 1350 socii
2722 1296 2860 1366 ejus,
2901 1301 2990 1369 qui
3036 1316 3140 1356 non
3179 1314 3306 1358 est:
3345 1323 3364 1357 ι
3400 1305 3546 1362 haud
3583 1311 3799 1369 dubium

2221 1383 2346 1452 quin
2386 1383 2604 1450 diaboli,
2629 1389 2716 1457 qui
2765 1404 2893 1443 cum'
2917 1390 3113 1447 habeat
3133 1395 3328 1462 socios,
3361 1412 3464 1451 non
3494 1411 3668 1456 autem
3703 1405 3800 1458 ha-

2221 1473 2370 1529 beret
2421 1478 2522 1530 nisi
2562 1490 2704 1535 esset
2737 1498 2750 1534 :
2780 1489 2960 1537 tamen
3005 1485 3125 1552 quia
3161 1485 3269 1540 Deo
3310 1490 3487 1557 periit,
3536 1508 3640 1548 non
3679 1511 3799 1551 esse

2226 1567 2442 1623 dicitur.
2470 1569 2612 1640 Ergo
2632 1573 2924 1629 secundum
2949 1575 3090 1631 hunc
3119 1581 3532 1648 Contparatimiis
3557 1600 3794 1650 sensum,

2227 1661 2470 1715 «malum
2532 1664 2764 1720 diximus
2814 1668 3092 1723 mulierem
3149 1678 3367 1741 tangere
3419 1672 3585 1742 (licet
3644 1680 3794 1732 uxori

2221 1755 2360 1808 nulla
2392 1755 2526 1810 facta
2553 1757 2622 1811 sit
2647 1759 2869 1832 mentio)
2893 1762 3015 1830 quia
3037 1762 3235 1816 bonum
3259 1773 3342 1818 est
3370 1781 3473 1820 non
3501 1778 3734 1838 tangere.
3766 1791 3785 1823 ι

2219 1846 2286 1901 Et
2328 1847 2652 1917 snbjeeimus
2685 1868 2698 1904 :
2734 1869 2752 1902 ι
2787 1851 3154 1922 Virginitatem
3194 1853 3542 1923 frumentum,
3577 1860 3788 1928 nuptias

2220 1937 2503 2006 hordeum,
2530 1940 2936 1997 fornicationem
2960 1952 3170 1999 stercus
3201 1945 3454 2002 bulmlum
3486 1964 3796 2019 nuncupan-

2219 2036 2320 2083 tcs.
2357 2048 2374 2082 ι
2430 2029 2624 2101 Utique
2664 2031 2988 2089 frumentmn
3027 2045 3081 2090 et
3120 2036 3381 2093 hordeum
3423 2050 3667 2095 creatura
3701 2042 3793 2096 Dei

2217 2131 2319 2177 est.
2380 2123 2572 2178 Verum
2623 2125 2674 2178 in
2722 2125 3014 2195 Evangelio
3063 2128 3234 2197 major
3280 2130 3431 2184 turba
3485 2133 3793 2188 hordeaceis

2217 2212 2470 2280 panibus,
2515 2213 2688 2268 minor
2718 2213 3093 2272 frumentaceis
3125 2219 3356 2287 pascitur
3385 2219 3548 2286 (Mur.
3573 2225 3624 2276 6.
3652 2224 3744 2293 44)
3775 2240 3788 2276 :

2221 2322 2239 2355 ι
2272 2303 2546 2370 Ilumincs,
2575 2306 2762 2377 inquit,
2787 2317 2842 2362 et
2861 2308 3097 2378 jumenta
3122 2311 3298 2365 salvos
3322 2309 3502 2380 facies,
3523 2313 3742 2369 Domine
3767 2334 3786 2368 ι

2216 2391 2355 2465 (Ps.
2388 2395 2475 2450 53.
2511 2397 2542 2448 7
2569 2396 2611 2464 j.
2658 2398 2792 2452 Aliis
2837 2399 3013 2454 verbis
3062 2400 3112 2454 id
3154 2401 3326 2470 ipsum
3374 2403 3532 2457 locuti
3582 2419 3786 2473 sunms,

2224 2486 2436 2554 quando
2470 2502 2655 2540 aurum
2691 2489 3070 2558 virginitatem,
3103 2501 3380 2560 argentum
3415 2494 3621 2562 nuptias
3647 2495 3785 2548 dixi-

2213 2591 2328 2629 mus
2362 2591 2376 2630 :
2410 2587 2462 2631 et
2505 2586 2719 2632 centum
2767 2580 3115 2650 quadraginta
3154 2591 3383 2650 quatuor
3424 2583 3588 2637 millia
3628 2585 3789 2653 virgio

2214 2681 2340 2718 num
2363 2667 2712 2736 signatorum,
2745 2669 2836 2738 qui
2869 2685 2987 2723 cum
3019 2671 3328 2726 mulieribus
3356 2689 3460 2726 non
3490 2683 3610 2727 sunt
3637 2676 3787 2728 coin-

2211 2757 2409 2824 quinati
2439 2775 2452 2810 :
2484 2757 2534 2810 in
2559 2772 2663 2826 quo
2689 2759 2901 2814 ostendi
2924 2761 3210 2820 Vuluiinus.
3236 2778 3422 2815 omnes
3443 2763 3530 2831 qni
3561 2764 3790 2832 virgines

2212 2861 2318 2901 non
2357 2851 2774 2918 permanserint,
2819 2851 2885 2905 ad
2916 2854 3366 2922 cumparationem
3400 2855 3693 2924 pnris~ima:
3735 2866 3790 2909 et

2211 2937 2478 3006 Angelica:
2524 2940 2806 3006 castitatis,
2861 2953 2914 2995 et
2970 2941 3136 3011 ipsius
3191 2943 3394 2996 llotnini
3449 2945 3614 2998 nostri
3659 2944 3786 2998 Jesn

2211 3025 2428 3092 Christi,
2457 3043 2576 3081 esse
2607 3029 2856 3097 pollutos.
2885 3031 3037 3096 Quod
3069 3032 3110 3084 si
3143 3033 3224 3084 cui
3255 3046 3506 3100 aSpcrum
3531 3042 3584 3086 et
3610 3048 3791 3103 reprc-

2211 3117 2470 3170 hensionc
2495 3118 2713 3187 dignum
2742 3120 2971 3183 videtur,
3002 3129 3202 3174 tantam
3232 3137 3328 3175 nos
3357 3123 3494 3176 inter
3522 3123 3790 3192 virginita-

2211 3216 2318 3262 tem
2346 3218 2400 3263 ct
2441 3211 2652 3278 nuptias
2682 3210 2878 3268 fecisse
2918 3213 3248 3276 distantiam;
3279 3223 3472 3282 quanta
3517 3216 3654 3268 inter
3682 3215 3790 3268 fru-

2211 3308 2452 3354 mentum
2490 3309 2546 3354 et
2575 3300 2836 3356 hordeum
2879 3311 2977 3366 est,
3026 3304 3162 3372 legat
3208 3304 3265 3358 S.
3307 3304 3570 3358 Ambrosii
3601 3304 3668 3359 de
3697 3306 3787 3356 νὶ-

2209 3392 2331 3445 duis
2377 3391 2592 3458 librum,
2641 3378 2695 3447 et.
2723 3392 2958 3447 inveniet
2995 3393 3139 3447 illum
3172 3395 3312 3448 inter
3340 3405 3530 3448 cmtera
3557 3411 3673 3464 qua:
3718 3394 3788 3450 de

2210 3481 2514 3550 virginitate
2557 3490 2613 3536 et
2652 3483 2849 3552 nuptiis
2877 3483 3190 3552 disputavit,
3235 3485 3394 3538 etiam
3437 3485 3536 3538 hoc
3565 3487 3782 3541 dixisse.

2216 3591 2233 3623 ι
2261 3573 2446 3642 Neque
2477 3573 2546 3627 ita
2576 3572 2880 3642 ennjngium
2913 3575 3144 3642 prmtulit
3166 3575 3472 3644 Apostolus,
3519 3586 3574 3628 ut
3613 3576 3786 3630 studia

2212 3663 2528 3732 virginitatis
2581 3662 2767 3733 ΙΑιιιι).
2814 3664 3152 3737 integritatis]
3205 3665 3578 3732 extingueret:
3609 3666 3701 3720 sed
3754 3682 3785 3719 a

2211 3753 2557 3807 continentia:
2589 3754 2939 3822 persuasione
2990 3754 3082 3826 [ηπ.
3134 3753 3457 3825 perfectione]
3503 3756 3783 3823 incipiens,

2211 3841 2276 3898 ad
2305 3843 2702 3898 incontinentia:
2731 3845 2963 3899 remedia
2991 3845 3292 3900 descendit.
3313 3846 3374 3899 Et
3401 3861 3518 3899 cum
3543 3846 3784 3900 bravium

2212 3950 2459 4005 superum
2479 3936 2772 3989 vocationis
2799 3935 3022 3990 fortibus
3094 3937 3256 4010 226
3326 3937 3784 4002 denmnstrassct,

2213 4027 2441 4082 deiicere
2467 4038 2645 4082 tamen
2673 4029 2723 4081 in
2757 4029 2837 4082 via
2862 4029 3129 4082 neminem
3161 4044 3349 4098 passus
3378 4039 3498 4084 est:
3534 4031 3601 4083 ita
3637 4031 3785 4098 plau-

2214 4119 2348 4173 dens
2379 4117 2663 4188 prioribus,
2698 4129 2879 4205 ut\non
2905 4118 3205 4187 deSpiceret
3233 4129 3285 4173 et
3311 4129 3614 4189 sequentes.
3649 4120 3789 4175 Didi-

2211 4217 2358 4262 cerat
2387 4208 2528 4262 enim
2555 4216 2609 4262 et
2653 4208 2788 4277 ipse,
2819 4210 2942 4278 quia
2971 4209 3226 4263 Dominus
3255 4209 3410 4264 Jesus
3447 4210 3567 4264 aliis
3599 4225 3785 4279 panem

2217 4297 2593 4360 hordeaceam,
2624 4313 2690 4353 ne
2721 4299 2772 4353 in
2795 4299 2877 4353 via
2905 4299 3196 4354 deﬁcerent
3223 4300 3404 4372 (Joun.
3427 4303 3547 4356 6.5.
3568 4303 3784 4372 etseq.):

2210 4389 2330 4442 aliis
2383 4403 2578 4458 corpus
2633 4406 2829 4455 suum,
2892 4399 2943 4444 ut
2995 4391 3062 4446 ad
3119 4407 3340 4461 regnum
3404 4391 3788 4447 contenderent

2211 4477 2429 4547 (Matth.
2458 4478 2576 4552 26),
2621 4479 3030 4536 demonstravit.
3073 4481 3140 4536 Et
3187 4481 3241 4536 in
3286 4483 3784 4552 consequentibus:

2209 4569 2324 4625 Non
2353 4585 2482 4640 ergo
2525 4571 2715 4639 copula
2760 4571 3013 4641 nuptialis
3039 4573 3188 4642 quasi
3233 4573 3388 4641 culpa
3429 4573 3662 4636 vitanda,
3693 4573 3786 4627 sed

2209 4662 2359 4732 quasi
2390 4661 2724 4717 necessitatis
2770 4664 2978 4717 sarcina
3003 4662 3318 4717 declinanda
3363 4673 3467 4718 est.
3498 4664 3610 4718 Lex
3645 4664 3787 4718 enim

2211 4754 2454 4823 astringit
2499 4769 2743 4818 uxorem,
2777 4763 2837 4809 ut
2881 4756 2932 4809 in
2972 4755 3243 4810 laboribus
3295 4767 3349 4811 et
3387 4757 3604 4810 tristitia
3651 4756 3788 4812 ﬁlios

2208 4858 2429 4920 generet
2459 4865 2473 4902 :
2507 4848 2788 4904 conversio
2813 4848 2929 4918 ejus
2960 4850 3037 4920 (o)
3069 4849 3134 4902 ad
3175 4849 3344 4903 \irum
3377 4851 3466 4916 sit,
3515 4859 3570 4902 ut
3598 4851 3645 4904 ei
3679 4850 3790 4918 ipse

2209 4940 2512 4995 dominetur
2531 4937 2684 5011 (Gen.
2706 4941 2760 4994 5.
2785 4940 2896 5008 16).
2923 4940 3063 5008 Ergo
3083 4940 3352 4994 laburibtts
3374 4949 3428 4995 et
3443 4941 3717 4994 doloribus
3738 4941 3787 4993 in

2207 5035 2552 5103 generatione
2583 5033 2811 5088 filiorum
2841 5032 3107 5086 addicitur
3145 5045 3329 5101 nupta,
3374 5049 3478 5086 non
3509 5033 3662 5086 vidua
3691 5050 3704 5085 :
3737 5044 3790 5087 et

2207 5125 2504 5179 dominatui
2548 5125 2648 5179 viri
2693 5125 2805 5179 sola
2853 5123 3100 5178 subditur
3137 5126 3406 5194 copulata,
3456 5139 3562 5178 non
3615 5126 3783 5194 virgo.

2209 5215 2274 5270 Et
2305 5216 2356 5270 in
2379 5215 2482 5269 alio
2506 5215 2624 5269 loco
2655 5230 2669 5267 :
2701 5214 2896 5279 Pretio,
2935 5214 3126 5284 inquit,
3159 5219 3314 5285 empti
3333 5217 3468 5281 estis,
3498 5215 3656 5290 nolite
3677 5216 3788 5286 ﬁeri

2207 5309 2336 5360 serti
2357 5307 2615 5360 hominum
2647 5306 2691 5377 (1
2708 5347 2723 5362 .
2746 5306 2864 5360 Cor.
2889 5307 2966 5376 7).
2998 5307 3198 5362 Videtis
3222 5323 3380 5378 quam
3412 5307 3632 5361 evidens
3653 5322 3786 5360 cun-

2202 5398 2396 5470 jngalis
2421 5398 2490 5453 sit
2517 5396 2756 5453 definitio
2779 5397 3074 5453 servitutis.
3103 5399 3172 5453 Et
3193 5409 3308 5468 post
3337 5399 3609 5468 pusillum.
3639 5398 3710 5469 (ιι)
3730 5396 3790 5472 Si

2269 5596 2342 5657 (α)
2377 5593 2503 5645 Olim
2526 5593 2592 5643 ad
2613 5591 2938 5657 unttmrirttm
2960 5593 3055 5657 ait.
3077 5594 3187 5657 Mox
3223 5593 3403 5657 leviora
3436 5593 3657 5656 quasdam
3693 5592 3786 5644 alia

2207 5653 2419 5718 cx'hlss:
2436 5658 2638 5718 ipsoque
2664 5654 2724 5718 Ι).
2751 5655 2990 5718 Ambrosii
3013 5653 3140 5704 libro
3161 5656 3224 5704 de
3247 5653 3784 5718 Viduisemendamus.

2268 5719 2343 5778 (bi
2377 5715 2494 5766 Huic
2535 5715 2570 5764 ά
2603 5715 2812 5763 nobisin
2839 5721 3029 5778 textum
3070 5724 3268 5776 recepta
3310 5724 3388 5764 est
3427 5715 3599 5773 lectio,
3641 5729 3783 5778 quam

2206 5775 2447 5832 \iiLtorius
2467 5784 2770 5837 reposuerat,
2801 5783 2851 5825 et
2875 5775 3236 5839 Iiieronymiani
3257 5815 3270 5836 ,
3297 5786 3442 5839 atque
3481 5775 3785 5827 Ambrosiam

3709 379 3815 436 501
3861 396 3874 400 “
