4146 6336
337 329 440 386 503

334 449 490 520 igitur
527 445 727 502 bonum
771 439 1074 511 conjugium
1121 435 1352 493 servitus
1388 440 1492 496 est,
1536 429 1737 485 malum
1778 424 1906 496 quid

335 517 434 604 est,
475 535 687 608 quando
725 540 994 603 nequeunt
1035 545 1096 586 se
1136 527 1364 584 invicem
1406 521 1764 585 sanctiﬁcare,
1811 517 1983 596 sed,-

334 631 577 700 perdere.
606 647 627 680 ι
650 625 914 687 Universa
935 639 1054 693 qua:
1079 636 1178 677 nos
1201 619 1270 675 de
1293 618 1602 688 virginitate
1623 628 1686 668 ac
1705 611 1906 682 nuptiis

333 723 437 777 lato
463 733 712 776 sermone
740 715 1069 781 diliudimus,
1103 713 1194 768 ille
1221 710 1366 766 brevi
1391 706 1618 763 aretavit
1644 717 1911 772 compen-

331 816 435 880 dio,
468 814 520 869 in
551 814 734 884 paucis
777 811 944 867 multa
991 805 1473 880 comprehendens.
1507 801 1796 872 Virginitas
1838 798 1906 852 ab

331 921 395 962 eo
419 905 695 976 persuasio
725 901 1070 962 continentia:
1095 919 1109 954 :
1139 899 1360 968 nuptiae,
1403 895 1639 950 remedia
1671 890 1901 946 inconti-

329 999 528 1054 nentite
555 995 932 1066 praedicantur.
962 993 1031 1048 Et
1057 991 1421 1062 signiﬁcanter
1451 1003 1483 1042 a
1522 985 1813 1056 majoribus
1842 981 1907 1037 ad

331 1093 536 1146 minora
561 1088 918 1152 descendens,
948 1086 1242 1156 virginibus
1271 1083 1515 1138 bravium
1539 1095 1786 1150 superna:
1817 1093 1912 1132 vo-

311 1181 557 1242 .cationis
591 1180 847 1245 ostendit,
879 1189 1070 1248 nuptas
1099 1191 1168 1233 ne
1195 1177 1249 1230 in
1281 1176 1363 1230 via
1394 1173 1667 1238 deﬁciant,
1711 1186 1907 1226 conso-

331 1273 492 1328 latur.
532 1271 681 1328 Alios
721 1270 924 1334 laudat,
967 1269 1103 1324 alios
1146 1283 1252 1322 non
1296 1265 1544 1334 deSpicit.
1589 1261 1906 1332 Conjngium

334 1361 562 1428 hordeo,
599 1360 960 1431 virginitatem
997 1358 1210 1427 corpori
1257 1356 1456 1412 Christi
1503 1362 1796 1424 comparat.
1845 1353 1913 1408 Et

334 1462 463 1523 puto
506 1452 676 1510 multo
729 1451 992 1506 minorem
1039 1449 1342 1504 distantiam
1396 1449 1538 1502 inter
1581 1446 1908 1501 frumentum

335 1557 455 1598 esse
496 1552 551 1598 et
597 1540 878 1606 hordeum,
925 1554 1085 1610 quam
1133 1539 1272 1594 inter
1321 1538 1583 1594 hordeum
1619 1546 1674 1592 et
1718 1550 1913 1605 corpus

335 1635 556 1690 Christi.
613 1633 852 1703 Denique
902 1633 1115 1702 nuptias
1157 1631 1325 1697 dicit,
1374 1630 1526 1700 quasi
1578 1629 1912 1684 necessitatis

338 1725 598 1782 sarcinam
623 1723 993 1790 dcclinandas,
1020 1731 1075 1776 et
1098 1722 1458 1777 deﬁnitionem
1483 1735 1601 1776 esse
1626 1720 1916 1775 evidentis-

338 1816 488 1870 sima:
516 1813 808 1870 servitutis.
843 1814 913 1868 Et
952 1814 1114 1868 multa
1141 1813 1245 1869 alia
1273 1828 1392 1882 qua:
1423 1812 1588 1867 tribus
1621 1811 1818 1866 libellis
1845 1811 1914 1866 de

340 1905 633 1974 virginibus
661 1905 919 1961 latissime
948 1913 1260 1974 prosecutus
1287 1912 1390 1958 est.

415 1998 497 2054 l5.
531 1998 607 2052 Ex
635 1997 829 2067 quibus
853 1997 1116 2052 universis
1147 1996 1483 2066 perspicuum
1507 2002 1591 2051 est
1611 2034 1625 2058 ,
1662 2009 1752 2050 me
1781 1994 1913 2048 nihil

340 2091 462 2144 novi
494 2089 561 2145 de
591 2089 884 2159 virginibus
926 2089 1212 2158 uuptisque
1251 2087 1452 2141 dixisse
1482 2105 1495 2148 ;
1525 2085 1620 2142 sed
1652 2085 1912 2154 majorum

339 2185 393 2242 in
442 2183 692 2242 omnibus
723 2191 966 2238 secutum
995 2195 1115 2237 esse
1153 2179 1494 2241 sententiam,
1527 2186 1632 2231 tam
1660 2177 1815 2248 hujus
1838 2177 1917 2230 vi-

338 2277 552 2343 delicet,
596 2291 756 2346 quam
784 2274 1138 2344 reliquorum,
1171 2272 1260 2342 qui
1291 2271 1358 2325 de
1387 2270 1776 2327 Eeclesiasticis
1819 2269 1916 2322 do-

336 2369 605 2440 gmatibus
651 2367 990 2435 disputarunt
1020 2380 1034 2416 :
1066 2377 1278 2426 quonon
1307 2375 1556 2416 mtuum
1594 2369 1790 2428 exopto
1819 2373 1913 2412 ne-

335 2461 646 2532 gligentiam
709 2457 927 2530 potius,
978 2470 1136 2523 quam
1192 2454 1416 2507 aliorum
1462 2451 1743 2504 obscuram
1787 2449 1913 2504 dili-

335 2552 598 2623 gentiam.
620 2549 888 2603 Tumeant
908 2553 1093 2600 contra
1120 2559 1206 2598 me
1231 2543 1430 2607 mariti,
1456 2556 1622 2610 quare
1643 2541 1866 2594 dixerim
1898 2557 1912 2592 :

339 2663 360 2698 α
386 2644 495 2698 Oro
525 2654 601 2706 te,
636 2640 796 2710 quale
842 2637 968 2692 illud
1014 2638 1209 2691 bonum
1251 2643 1368 2701 est,
1408 2633 1551 2704 quod
1589 2647 1747 2688 orare
1784 2647 1914 2703 pro-

308 2740 524 2795 hibet:
556 2737 700 2807 quod
743 2749 937 2803 corpus
973 2731 1168 2785 Christi
1206 2730 1453 2796 accipere
1491 2743 1594 2782 non
1617 2725 1915 2796 permittit?

334 2831 561 2902 Quando
634 2828 792 2902 227
869 2827 1062 2894 impleo
1085 2824 1258 2877 mariti
1299 2821 1556 2886 oflicium,
1591 2834 1694 2872 non
1717 2817 1915 2888 impleo

335 2921 730 2979 continentis.»
760 2917 921 2971 Juhct
960 2915 1098 2969 ident
1140 2911 1426 2982 Apostolus
1467 2909 1518 2963 in
1558 2909 1665 2963 alio
1688 2909 1826 2972 loco,
1859 2917 1918 2961 ut

337 3029 547 3086 semper
570 3024 786 3066 oremus
812 3008 902 3081 (1.
940 3006 1111 3060 Thess.
1137 3005 1234 3074 5).
1298 3022 1316 3055 ‹
1339 3002 1393 3058 Si
1421 3015 1632 3070 semper
1655 2997 1915 3053 orandum

337 3116 438 3173 est,
472 3117 741 3173 nunquam
780 3114 909 3168 ergo
948 3096 1198 3165 conjugio
1241 3092 1603 3149 serviendum.
1653 3091 1914 3157 Quoniam

339 3198 776 3270 quotiescumque
819 3191 972 3246 uxori
1010 3188 1245 3243 debitum
1275 3186 1463 3253 reddo,
1484 3199 1641 3239 orare
1663 3197 1767 3237 non
1793 3194 1916 3251 pos-

343 3305 478 3344 sum.
514 3307 532 3340 ι
571 3288 682 3342 lloc
709 3298 878 3354 quare
905 3281 1154 3342 dixerim,
1186 3281 1527 3349 perspicuum
1554 3283 1656 3338 est,
1685 3274 1803 3342 quia
1834 3272 1918 3325 in-

341 3381 670 3452 terpretabar
712 3375 848 3432 illud
890 3373 1128 3444 Apostoli
1167 3371 1414 3428 dictum:
1460 3367 1638 3423 Nolite
1675 3367 1918 3438 fraudare

339 3476 571 3541 invicem,
605 3473 704 3526 nisi
750 3475 883 3542 forte
921 3485 982 3522 ea:
1007 3482 1252 3521 consensu
1279 3464 1346 3517 ad
1372 3475 1598 3532 tempus,
1637 3471 1690 3514 ut
1735 3461 1918 3513 vacetis

344 3568 555 3622 orationi
573 3566 650 3635 (1.
677 3563 796 3618 Cor.
817 3564 870 3617 7.
890 3562 967 3629 5).
999 3560 1192 3613 Paulus
1220 3555 1508 3626 Apostolus
1531 3554 1681 3619 dicit,
1705 3552 1918 3622 quando

344 3661 544 3715 coimus
587 3671 707 3712 eum
738 3653 993 3709 uxoribus
1017 3693 1032 3718 ,
1061 3665 1160 3705 uos
1187 3664 1344 3703 orare
1373 3665 1476 3702 non
1510 3661 1690 3715 posse.
1737 3646 1792 3700 Si
1827 3660 1920 3712 per

344 3752 538 3806 coitum
571 3747 712 3818 quod
739 3747 916 3802 minus
963 3751 1046 3798 est
1097 3739 1406 3810 impeditur,
1455 3737 1506 3791 id
1546 3747 1626 3794 est
1654 3777 1670 3801 ,
1715 3749 1916 3789 orare:

348 3849 551 3911 quanto
580 3839 698 3908 plus
727 3834 866 3906 quod
897 3833 1071 3902 majus
1097 3839 1213 3895 est,
1247 3829 1298 3883 id
1327 3837 1408 3882 est
1427 3868 1442 3891 ,
1473 3826 1679 3895 Corpus
1721 3823 1918 3878 Christi

344 3930 656 4001 prohibetur
679 3925 969 3997 accipere?
1012 3925 1202 3979 Petrus
1231 3920 1298 3975 ad
1325 3919 1702 3975 continentiam
1737 3917 1920 3970 horta-

349 4031 434 4077 tur
461 4039 475 4077 :
507 4019 590 4076 Ne
618 4018 960 4090 impediantur
981 4018 1232 4072 orationes
1253 4015 1331 4080 (1.
1364 4011 1476 4067 Pet.
1503 4012 1556 4066 3.
1584 4013 1615 4066 7
1643 4013 1661 4079 )
1700 4020 1919 4063 nostra).

345 4112 493 4178 Quod
525 4111 630 4176 hic,
651 4124 852 4180 quaeso,
876 4116 1152 4179 peccatum
1184 4119 1359 4160 meum
1387 4102 1508 4158 est?
1531 4100 1658 4172 quid
1688 4115 1925 4154 comme-

349 4202 473 4256 rui?
511 4200 637 4271 quid
661 4199 901 4270 deliqui?
945 4198 1003 4252 Si
1034 4196 1292 4261 turbidm,
1346 4201 1402 4250 et
1445 4192 1725 4247 nebulosae
1770 4204 1924 4259 aqua:

349 4292 536 4360 ﬂuunt,
564 4308 670 4347 non
701 4299 786 4346 est
812 4290 946 4345 alvei
975 4289 1151 4359 culpa,
1177 4287 1270 4343 sed
1297 4285 1478 4341 fontis.
1505 4286 1586 4338 An
1613 4283 1811 4338 idcirco
1835 4296 1924 4334 ar-

349 4397 500 4452 guor,
527 4381 668 4452 quod
691 4380 759 4436 de
782 4395 901 4436 meo
927 4395 1088 4439 ausus
1110 4393 1226 4434 sum
1247 4377 1482 4448 adjicere
1509 4392 1524 4426 :
1555 4394 1572 4427 ι
1601 4373 1768 4442 Quale
1793 4371 1923 4427 illud

351 4475 545 4530 bottom
563 4482 668 4537 est,
692 4473 833 4543 quod
855 4473 1061 4542 Corpus
1083 4470 1278 4528 Christi
1300 4471 1543 4538 accipere
1569 4483 1673 4522 non
1698 4466 1923 4536 permitv

352 4565 413 4620 tit
430 4567 454 4620 2
473 4556 554 4621 Ad
579 4567 680 4620 hoc
710 4565 943 4620 breviter
969 4563 1321 4633 respondebo.
1347 4561 1485 4630 Quid
1509 4571 1591 4616 est
1611 4561 1783 4630 majus
1804 4574 1926 4612 ora-

349 4671 408 4728 re
430 4697 446 4723 ,
497 4672 565 4711 an
595 4656 806 4724 Corpus
834 4655 1032 4709 Christi
1077 4654 1361 4724 accipere?
1395 4671 1415 4705 ι
1450 4652 1644 4722 Utique
1681 4651 1928 4719 accipere

352 4762 544 4818 corpus
571 4732 791 4802 Christi.
818 4746 872 4802 Si
902 4762 996 4816 per
1019 4747 1216 4800 coitum
1239 4744 1380 4815 quod
1403 4746 1578 4799 minus
1599 4753 1682 4798 est
1707 4742 1929 4812 impedi-

353 4850 458 4910 tur,
485 4841 659 4897 multo
692 4840 861 4910 magis
889 4838 1029 4910 quod
1055 4838 1228 4907 majus
1257 4845 1357 4892 est.
1387 4837 1627 4891 Diximus
1656 4837 1705 4889 in
1737 4835 1927 4890 eodem

348 4934 620 4989 volumine
642 4931 778 5002 (Lib.
811 4933 862 4987 1.
888 4948 935 4985 c.
960 4931 1077 5001 10).
1106 4930 1277 4984 Panes
1302 4928 1678 4998 prepositionis
1699 4944 1765 4983 ex
1788 4927 1928 4998 Lege

350 5039 454 5080 non
479 5027 717 5096 potuisse
745 5023 1029 5080 comedere
1062 5023 1224 5077 David
1250 5062 1266 5088 ,
1300 5031 1354 5077 et
1388 5021 1564 5076 socios
1590 5021 1707 5090 ejus
1738 5021 1840 5074 nisi
1869 5035 1929 5076 se

351 5119 525 5175 triduo
555 5119 785 5175 mundos
813 5135 842 5173 a
873 5117 1191 5172 mulieribus
1219 5114 1623 5186 reSpondissent
1665 5113 1754 5187 (1.
1798 5115 1924 5185 Reg.

348 5209 412 5264 2|
442 5212 484 5281 ).
517 5225 622 5265 non
653 5209 837 5279 utique
872 5225 901 5262 a
934 5208 1328 5271 meretricibus,
1359 5205 1500 5275 quod
1520 5203 1875 5260 damnabatur
1898 5219 1926 5258 a

351 5303 528 5375 Lege:
579 5304 672 5359 sed
705 5304 772 5358 ab
797 5302 1052 5358 uxoribus
1077 5343 1091 5368 ,
1135 5301 1328 5371 quibus
1371 5299 1514 5355 licitc
1543 5300 1927 5368 jungcbantur.

352 5393 614 5466 POpulum
640 5409 853 5464 quoque
880 5390 1095 5462 quando
1134 5399 1451 5453 accepturus
1479 5400 1596 5446 erat
1634 5391 1829 5461 Legem
1876 5391 1928 5446 in

350 5527 468 5578 “ss.
493 5527 671 5588 Magno
701 5537 908 5574 numero
940 5520 1221 5588 praeferunt.
1253 5519 1412 5588 Hujus
1453 5522 1671 5588 epuscnli
1717 5523 1933 5588 editores

349 5581 664 5652 Benedicfiui
693 5593 926 5652 repetunt
942 5581 1171 5652 coniugii
1211 5581 1518 5652 vocabulum1
1525 5585 1731 5652 _scil_icet
1754 5583 1934 5652 nntium

352 5643 629 5714 coniugium
662 5643 779 5714 quid
803 5652 921 5714 est;
963 5646 1050 5714 sed
1086 5643 1258 5691 vitiose
1283 5643 1478 5713 omnino
1501 5644 1804 5714 Manichacus
1827 5651 1935 5714 post

351 5704 601 5763 Erasrﬁum
633 5723 644 5757 :
674 5704 700 5755 1x
723 5710 776 5757 Si
801 5704 950 5768 igitur
972 5707 1154 5754 bonum
1192 5704 1485 5765 conjugium,
1510 5705 1725 5754 servitus
1755 5704 1935 5754 malum

350 5773 570 5843 quidem,
595 5771 804 5838 quando,
831 5785 852 5812 ι
882 5776 979 5818 etc.

1661 311 1982 371 EPISTOLA
2030 309 2260 365 XLVIII.

1986 1297 2019 1344 ρ

3486 315 3592 370 506

2012 423 2190 478 Monte
2217 423 2362 489 Sina,
2409 423 2578 478 tribus
2613 423 2803 479 diebus
2827 423 3036 494 jussum
3068 437 3191 482 esse
3235 423 3305 480 ab
3331 424 3590 481 uxoribus

2016 515 2283 570 abstinere
2312 513 2331 586 (
2356 513 2524 568 Exod.
2555 513 2641 570 19.
2666 514 2686 586 )
2713 514 2834 570 Scio
2854 515 3040 570 Romae
3060 518 3200 572 hanc
3220 531 3342 573 esse
3363 531 3596 574 consue-

2019 606 2276 674 tudinem,
2324 615 2382 662 ut
2407 607 2594 662 ﬁdeles
2616 623 2826 677 semper
2855 605 3054 663 Christi
3082 624 3278 678 corpus
3301 609 3590 678 accipiant,

2017 698 2158 769 quod
2186 713 2286 754 nec
2314 699 2677 770 reprehendo,
2711 715 2810 755 nec
2843 700 3010 770 probo
3034 719 3048 754 :
3083 699 3436 772 Uriusqttisque
3454 702 3590 758 enim

2017 793 2069 844 in
2105 807 2196 845 suo
2229 807 2377 845 sensu
2414 791 2636 844 abundat
2667 790 2861 863 (Rom.
2897 790 3025 862 14.)
3057 792 3164 848 Sed
3195 795 3428 863 ipsorum
3457 809 3596 851 con-

2018 882 2292 938 scientiam
2320 883 2600 947 convenio,
2622 882 2921 952 quieodem
2954 881 3040 937 die
3070 893 3189 952 post
3223 884 3421 938 coitum
3442 899 3596 938 com-

2019 975 2307 1037 municant,
2353 973 2570 1042 etjuxta
2606 974 2868 1039 Persium,
2913 984 3110 1026 noctem
3139 975 3349 1043 ﬂamine
3377 984 3598 1044 purgant

2022 1063 2236 1136 (Satyr.
2259 1067 2297 1122 ‘2
2321 1068 2336 1134 )
2356 1082 2370 1130 ;
2393 1081 2557 1136 quare
2575 1066 2640 1120 ad
2666 1066 2924 1137 Martyres
2943 1067 3020 1120 ire
3043 1081 3148 1121 non
3165 1066 3402 1121 audent?
3430 1083 3597 1138 quare

2018 1172 2123 1210 non
2157 1156 2526 1226 ingrediuntur
2553 1156 2860 1211 Ecclesias?
2885 1161 2966 1212 An
2994 1158 3132 1212 alius
3172 1158 3222 1211 in
3250 1157 3486 1229 publico,
3515 1156 3594 1230 (a)

2018 1249 2154 1314 alius
2184 1249 2234 1303 in
2266 1249 2427 1303 domo
2456 1248 2701 1305 Christus
2728 1249 2856 1304 est?
2880 1249 3031 1314 Quod
3064 1249 3113 1303 in
3140 1249 3374 1304 Ecclesia
3400 1264 3505 1303 nou
3529 1249 3599 1302 li-

2018 1349 2123 1406 cet,
2153 1355 2252 1395 nec
2285 1340 2428 1394 domi
2475 1340 2618 1395 licet.
2646 1339 2788 1394 Nihil
2823 1340 2932 1394 Deo
2962 1339 3199 1394 clausum
3229 1350 3339 1406 est,
3367 1349 3421 1408 et
3448 1349 3600 1398 tene-

2021 1433 2129 1488 brae
2141 1433 2546 1503 quoquelucent
2562 1431 2700 1502 apud
2721 1433 2907 1487 Deum.
2930 1431 3121 1487 Probet
3139 1447 3195 1485 se
3215 1431 3600 1501 unusquisque,

2020 1532 2074 1579 ct
2114 1525 2192 1579 sic
2235 1523 2300 1577 ad
2348 1523 2558 1592 Corpus
2585 1523 2784 1579 Christi
2815 1524 3076 1589 accedat;
3110 1539 3214 1577 non
3242 1522 3383 1592 quod
3421 1522 3602 1578 dilata:

2020 1615 2415 1672 communionis
2440 1630 2578 1670 unus
2601 1615 2739 1681 dies,
2770 1623 2860 1669 aut
2886 1615 3106 1670 biduum
3137 1616 3458 1669 sanctiorem
3483 1613 3603 1669 efﬁ-

2021 1707 2128 1762 ciat
2153 1705 2532 1768 Christianum,
2566 1713 2623 1759 ut
2647 1703 2788 1773 quod
2819 1703 2980 1758 hodie
3011 1719 3114 1756 non
3149 1703 3342 1767 merui,
3370 1718 3489 1757 cras
3517 1702 3603 1757 vel

2023 1798 2275 1869 perendie
2299 1813 2546 1852 merear:
2625 1798 2787 1870 228
2857 1796 2950 1851 scd
2981 1795 3119 1866 quod
3164 1795 3287 1850 dum
3332 1795 3489 1848 doleo
3517 1811 3619 1856 me,

2024 1905 2129 1943 non
2177 1889 2605 1944 communicasse
2656 1889 2884 1957 Corpori
2911 1887 3145 1951 Christi,
3187 1886 3484 1939 abstineam
3517 1899 3604 1940 me

2023 1981 2565 2053 paulisperabuxoris
2585 1982 2833 2052 amplexu
2859 1999 2871 2035 :
2898 1990 2954 2035 ut
2979 1980 3148 2034 amori
3171 1979 3433 2050 conjugis,
3455 1994 3606 2032 amo-

2024 2090 2136 2129 rem
2163 2074 2362 2128 Christi
2393 2073 2694 2143 prteferam.
2733 2075 2929 2128 Durum
2959 2083 3063 2136 est,
3095 2082 3149 2128 et
3178 2087 3282 2125 non
3326 2070 3601 2126 ferendum

2023 2166 2270 2233 cst.Quis
2293 2165 2393 2220 hoc
2418 2167 2752 2221 smeularirrm
2772 2166 3038 2220 sustinere
3057 2165 3275 2234 potest?
3301 2163 3402 2229 Qui
3431 2171 3606 2232 potest

2021 2255 2310 2316 sustinere,
2333 2255 2594 2308 sustineat
2623 2275 2636 2309 ε
2665 2255 2752 2324 qui
2776 2269 2879 2308 non
2905 2264 3098 2322 potest,
3123 2253 3237 2322 ipse
3258 2251 3469 2306 viderit.
3497 2251 3606 2304 No-

2024 2348 2108 2402 bis
2137 2361 2281 2400 θυι-ω
2307 2330 2410 2412 est,
2437 2359 2538 2399 NON
2563 2360 2685 2408 QUID
2707 2359 3057 2406 usnsontsonr:
3081 2358 3285 2406 rossrr,
3319 2350 3410 2395 aut.
3436 2341 3600 2406 velit;

2023 2439 2116 2495 sed
2145 2437 2269 2509 quid
2303 2437 2590 2506 Scriptura:
2621 2436 2960 2506 pra‘cipiant,
2995 2435 3192 2488 dicere.

2095 2531 2184 2586 16.
2217 2529 2348 2584 Illud
2379 2544 2591 2598 quoque
2623 2529 2673 2582 in
2705 2525 3163 2581 commentariolis
3205 2521 3605 2592 mcisjcjusdcm

2025 2621 2266 2690 Apostoli
2291 2620 2551 2688 carpitur,
2584 2618 2866 2687 inquibus,
2898 2616 3008 2669 dixi
3035 2615 3170 2681 (Lib.
3209 2616 3229 2668 1
3265 2631 3311 2669 c.
3333 2614 3407 2682 4),
3442 2632 3460 2663 ι
3499 2611 3604 2666 Vt:-

2024 2730 2140 2768 ruut
2165 2728 2229 2766 ne
2250 2713 2370 2782 quis
2401 2718 2547 2780 putet
2572 2724 2634 2763 ex
2659 2723 2724 2764 eo
2745 2707 2885 2778 quod
2907 2708 3146 2777 sequitur
3171 2725 3182 2759 :
3211 2715 3268 2759 ut
3289 2705 3468 2758 vacetis
3491 2721 3608 2757 ora-

2022 2805 2168 2868 tioni,
2197 2804 2456 2858 et.iterum
2482 2803 2550 2855 ad
2577 2803 2800 2870 idipsum
2830 2801 3141 2856 revertimini
3173 2800 3221 2867 ('l
3240 2840 3252 2852 .
3285 2797 3403 2851 Cor.
3435 2796 3489 2849 7.
3523 2793 3605 2865 5),

2023 2897 2337 2966 Apostolum
2362 2895 2463 2949 hoc
2484 2895 2642 2960 velle,
2671 2902 2725 2948 et
2747 2909 2849 2946 non
2873 2901 3091 2962 prepter
3110 2892 3369 2960 majorem
3395 2887 3602 2942 ruinam

2023 2985 2342 3051 concedere,
2369 2985 2548 3038 statim
2572 2982 2754 3046 infert,
2779 3000 2840 3036 ne
2862 2992 3012 3037 tentet
3041 2997 3126 3035 vos
3155 2983 3376 3034 Satanas
3405 2987 3612 3048 propter

2023 3077 2438 3132 incontinentiam
2463 3086 2702 3130 vestram.
2733 3073 2958 3128 Pulchra
2985 3071 3234 3126 nimirum
3260 3069 3609 3140 indiligentia,

2023 3178 2069 3221 et
2089 3168 2266 3224 iterum
2287 3164 2591 3218 revertimini
2611 3165 2677 3216 ad
2702 3165 2940 3234 idipsum.
2958 3163 3031 3232 (ὁ)
3056 3162 3207 3229 Quod
3229 3163 3494 3217 erubescit
3512 3175 3613 3217 suo

2025 3273 2216 3313 vocare
2238 3257 2450 3313 nomine
2479 3255 2651 3325 :quod
2676 3255 2950 3310 tentatioui
2977 3255 3188 3324 pra'fert
3211 3254 3442 3319 Saturni),
3466 3254 3608 3325 quod

2023 3365 2240 3403 causam
2273 3348 2433 3402 habet
2478 3347 2950 3411 incontinentiam;
2989 3342 3295 3404 laboramus
3329 3348 3479 3418 quasi
3510 3348 3609 3403 ob-

2024 3457 2236 3496 scurum
2257 3441 2546 3506 disserere,
2571 3455 2692 3495 cum
2721 3439 3030 3508 exposuerit
3048 3457 3107 3495 se
3126 3441 3238 3510 ipse
3263 3442 3352 3510 qui
3371 3441 3608 3510 scripsit?

2025 3533 2140 3588 Hoc
2166 3544 2334 3587 autem
2359 3533 2491 3597 dico,
2521 3533 2712 3600 inquit,
2749 3533 2904 3602 juxta
2935 3532 3339 3600 indulgentiam,
3388 3548 3489 3584 non
3516 3548 3603 3586 se.

2026 3625 2243 3679 cundum
2274 3624 2562 3693 imperium.
2592 3623 2659 3677 Et
2689 3622 3031 3678 tnuSsitamus
3059 3622 3231 3675 adhuc
3263 3623 3472 3691 nuptias
3500 3638 3606 3676 non

2026 3733 2223 3773 Vocare
2265 3715 2686 3785 indulgentiam;
2732 3713 2829 3768 sed
2876 3723 3198 3782 prutceptum
3240 3730 3253 3765 :
3299 3713 3450 3782 quasi
3500 3726 3605 3765 non

2026 3808 2214 3864 eodem
2250 3807 2430 3868 modo,
2463 3813 2517 3858 et
2545 3803 2779 3859 secunda
2801 3844 2814 3868 ,
2847 3815 2899 3858 et
2933 3803 3084 3857 tertia
3113 3803 3447 3857 matrimonia
3473 3817 3605 3858 cou-

2027 3875 2304 3959 cedantur,
2337 3904 2392 3948 et
2431 3893 2670 3962 reliqua?
2702 3892 2836 3960 Quid
2880 3892 2964 3946 hic
3003 3892 3212 3946 loeutus
3263 3907 3415 3959 sum,
3465 3892 3607 3962 quod

2028 3987 2316 4061 Apostolus
2343 4001 2447 4040 non
2477 3984 2712 4038 dixerit?
2741 3983 3002 4053 Nimirum
3035 3980 3186 4045 illud,
3222 3981 3375 4047 Quod
3417 3981 3612 4036 erube-

2029 4081 2131 4136 scit
2159 4095 2256 4133 suo
2287 4091 2476 4132 vocare
2505 4074 2766 4129 nomine?
2797 4096 2814 4127 ι
2851 4074 2962 4144 Ego
2983 4073 3215 4127 arbitror
3229 4071 3440 4142 quando
3457 4071 3608 4137 dicit,

2029 4173 2096 4226 ad
2119 4171 2359 4240 idipsum,
2393 4177 2445 4222 et
2477 4155 2590 4222 rem
2624 4169 2792 4236 ipsam
2826 4175 2996 4227 tacet,
3030 4181 3134 4218 non
3175 4180 3295 4219 cum
3333 4164 3610 4222 nominare

2031 4264 2203 4335 palam
2235 4265 2456 4326 coitum,
2484 4259 2578 4315 sed
2615 4258 2916 4314 verecunde
2936 4259 3239 4313 ostendere.
3267 4261 3346 4313 An
3377 4258 3498 4328 quia
3525 4272 3612 4312 se-

2030 4359 2239 4430 quitur,
2273 4376 2303 4431 r
2324 4355 2476 4429 Quod
2509 4355 2783 4410 teutatinni
2817 4353 3030 4424 pra-fert
3059 4352 3268 4406 Sataum.
3290 4392 3306 4415 ,
3346 4351 3484 4421 quod
3518 4351 3612 4404 ha.

2033 4452 2122 4507 bet
2165 4465 2380 4504 causam
2424 4445 2899 4506 incontinentiam?
2929 4464 2948 4496 ι
2983 4443 3169 4497 Nonne
3198 4443 3302 4514 al.o
3329 4442 3610 4501 verborum

2032 4543 2221 4600 ordine
2249 4541 2477 4610 idipsum
2505 4547 2609 4602 est,
2640 4554 2702 4590 nc
2728 4546 2879 4591 tentet
2909 4551 2993 4591 vos
3020 4533 3243 4588 Satanas
3277 4543 3483 4602 pmpter
3525 4533 3608 4585 in-

2033 4635 2392 4690 continentiam
2425 4631 2679 4686 vestram?
2705 4630 2784 4682 Au
2812 4628 2934 4697 quia
2962 4625 3092 4691 dixi,
3131 4644 3149 4677 ι
3181 4625 3248 4678 Ει
3269 4625 3612 4679 mussitamna

2033 4726 2209 4782 adhuc
2240 4725 2450 4792 nuptias
2478 4737 2581 4775 non
2609 4735 2799 4775 vocare
2827 4716 3206 4785 indulgentiam
3231 4757 3247 4780 ,
3280 4714 3373 4770 sed
3413 4729 3612 4784 praeces

2036 4816 2226 4887 ptum?
2253 4833 2272 4866 ι
2309 4812 2460 4880 Quod
2490 4812 2534 4866 si
2561 4812 2750 4865 durum
2779 4820 2880 4875 est,
2911 4812 3200 4878 imputetur
3228 4806 3504 4878 Apostolo,
3524 4807 3609 4876 qui

2034 4910 2109 4963 ait
2133 4927 2145 4962 :
2182 4907 2296 4960 Hoc
2323 4916 2489 4958 autem
2516 4905 2629 4958 dico
2656 4903 2936 4958 secundum
2962 4901 3332 4972 indulgentiam
3353 4941 3368 4966 ,
3394 4915 3495 4954 non
3536 4913 3614 4950 sc-

2035 5003 2254 5056 cundum
2278 5001 2545 5069 imperium
2569 5013 2588 5063 ,'
2619 5013 2725 5052 non
2747 4996 2898 5063 mihi,
2926 4997 3014 5067 qui
3043 5002 3266 5066 excepto
3290 5001 3616 5066 praepostero

2035 5093 2244 5157 ordine,
2271 5107 2369 5148 nec
2394 5105 2634 5156 sensum,
2667 5104 2767 5158 nec
2795 5088 2958 5144 verba
2991 5089 3214 5142 mutavi.

2110 5186 2198 5239 17.
2230 5183 2590 5238 Transeamus
2617 5181 2683 5235 ad
2714 5180 2938 5250 reliqua,
2965 5179 3239 5250 epistolari
3270 5178 3414 5232 enim
3443 5177 3617 5231 brevi-

2038 5285 2148 5332 tate
2178 5276 2392 5330 festinat
2423 5273 2596 5331 oratio
2627 5292 2640 5328 :
2669 5291 2688 5325 t
2723 5273 2871 5336 Dico,
2900 5272 3068 5343 inquit
3107 5271 3415 5340 Apostolus,
3457 5268 3617 5321 inau-

2036 5370 2166 5438 ptis,
2196 5377 2250 5424 et
2277 5368 2471 5434 viduis,
2497 5368 2696 5424 bonum
2727 5375 2807 5421 est
2826 5366 2926 5429 eis,
2957 5365 3003 5420 si
3023 5363 3100 5419 sic
3118 5360 3528 5433 permanserint,
3561 5367 3617 5410 ut

2099 5522 2172 5585 (a)
2202 5521 2332 5586 Hinc
2355 5529 2555 5586 apparet
2568 5521 2842 5586 obtinuisse
2853 5519 2929 5586 ad
2947 5520 3052 5586 haec
3077 5529 3232 5578 usque
3257 5521 3474 5586 tempora
3497 5525 3619 5586 com

2040 5573 2365 5642 suetudinem,
2385 5573 2445 5632 ἰὴ
2469 5583 2640 5633 luleles
2661 5581 2977 5632 Eucharistite
2997 5573 3370 5628 Sacramentum
3383 5573 3510 5623 domi
3531 5575 3618 5622 ha.

2042 5647 2234 5708 herent,
2248 5645 2382 5708 quod
2403 5652 2673 5694 sumerent.
2790 5705 2798 5708 _
3163 5705 3191 5708 _
3307 5693 3338 5708 _.

2121 5706 2192 5768 (I1)
2223 5695 2540 5768 'P'rzepont‘nt
2598 5705 2918 5756 vestustiores
2971 5698 3110 5750 editi.
3157 5695 3338 5748 Reverti
3381 5695 3616 5746 concedit.

2039 5774 2192 5829 quod,
2219 5774 2314 5820 etc.
