  <div class='ocr_page' id='page_1' title='image "/cluster/home/n/w/nwhite01/storage/ocr_20150623/22/hvd.32044015471378/311.png"; bbox 0 0 4146 6336; ppageno 0'>
   <div class='ocr_carea' id='block_1_1' title="bbox 583 353 686 411">
    <p class='ocr_par' dir='ltr' id='par_1_1' title="bbox 583 353 686 411">
     <span class='ocr_line' id='line_1_1' title="bbox 583 353 686 411; baseline -0.049 1"><span class='ocrx_word' id='word_1_1' title='bbox 583 353 686 411; x_wconf 83' lang='lat'><strong>507</strong></span> 
     </span>
    </p>
   </div>
   <div class='ocr_carea' id='block_1_2' title="bbox 575 460 2152 538">
    <p class='ocr_par' dir='ltr' id='par_1_2' title="bbox 575 460 2152 538">
     <span class='ocr_line' id='line_1_2' title="bbox 575 460 2152 538; baseline -0.006 -14"><span class='ocrx_word' id='word_1_2' title='bbox 575 484 696 538; x_wconf 84' lang='lat' dir='ltr'><strong>ego.</strong></span> <span class='ocrx_word' id='word_1_3' title='bbox 726 463 782 521; x_wconf 91' lang='lat' dir='ltr'><strong>Si</strong></span> <span class='ocrx_word' id='word_1_4' title='bbox 808 472 983 520; x_wconf 88' lang='lat' dir='ltr'><strong>autem</strong></span> <span class='ocrx_word' id='word_1_5' title='bbox 1008 478 1066 520; x_wconf 89' lang='lat' dir='ltr'><strong>se</strong></span> <span class='ocrx_word' id='word_1_6' title='bbox 1096 478 1201 519; x_wconf 90' lang='lat' dir='ltr'><strong>non</strong></span> <span class='ocrx_word' id='word_1_7' title='bbox 1228 461 1523 524; x_wconf 90' lang='lat' dir='ltr'><strong>continent,</strong></span> <span class='ocrx_word' id='word_1_8' title='bbox 1573 461 1807 516; x_wconf 88' lang='lat' dir='ltr'><strong>nubant:</strong></span> <span class='ocrx_word' id='word_1_9' title='bbox 1841 460 2032 514; x_wconf 89' lang='lat' dir='ltr'><strong>melius</strong></span> <span class='ocrx_word' id='word_1_10' title='bbox 2068 466 2152 514; x_wconf 89' lang='lat' dir='ltr'><strong>est</strong></span> 
     </span>
    </p>
   </div>
   <div class='ocr_carea' id='block_1_3' title="bbox 576 550 2150 624">
    <p class='ocr_par' dir='ltr' id='par_1_3' title="bbox 576 550 2150 624">
     <span class='ocr_line' id='line_1_3' title="bbox 576 550 2150 624; baseline -0.004 -12"><span class='ocrx_word' id='word_1_11' title='bbox 576 558 719 614; x_wconf 79' lang='lat' dir='ltr'><strong>enim</strong></span> <span class='ocrx_word' id='word_1_12' title='bbox 743 555 963 618; x_wconf 87' lang='lat' dir='ltr'><strong>nubere,</strong></span> <span class='ocrx_word' id='word_1_13' title='bbox 993 569 1151 624; x_wconf 88' lang='lat' dir='ltr'><strong>quam</strong></span> <span class='ocrx_word' id='word_1_14' title='bbox 1183 555 1261 608; x_wconf 86' lang='lat' dir='ltr'><strong>uri</strong></span> <span class='ocrx_word' id='word_1_15' title='bbox 1288 572 1306 605; x_wconf 80' lang='grc' dir='ltr'><strong><em>ι</em></strong></span> <span class='ocrx_word' id='word_1_16' title='bbox 1349 556 1425 622; x_wconf 79' lang='grc'><strong>(1.</strong></span> <span class='ocrx_word' id='word_1_17' title='bbox 1459 554 1577 608; x_wconf 86' lang='lat' dir='ltr'><strong>Cor.</strong></span> <span class='ocrx_word' id='word_1_18' title='bbox 1610 554 1662 605; x_wconf 87' lang='grc'><strong>7.</strong></span> <span class='ocrx_word' id='word_1_19' title='bbox 1688 553 1741 607; x_wconf 89' lang='grc'><strong>8.</strong></span> <span class='ocrx_word' id='word_1_20' title='bbox 1770 550 1848 622; x_wconf 90' lang='lat'><strong>9).</strong></span> <span class='ocrx_word' id='word_1_21' title='bbox 1877 550 2028 617; x_wconf 81' lang='lat' dir='ltr'><strong>Quod</strong></span> <span class='ocrx_word' id='word_1_22' title='bbox 2056 566 2150 606; x_wconf 84' lang='lat' dir='ltr'><strong>ca—</strong></span> 
     </span>
    </p>
   </div>
   <div class='ocr_carea' id='block_1_4' title="bbox 573 645 2153 718">
    <p class='ocr_par' dir='ltr' id='par_1_4' title="bbox 573 645 2153 718">
     <span class='ocr_line' id='line_1_4' title="bbox 573 645 2153 718; baseline -0.002 -18"><span class='ocrx_word' id='word_1_23' title='bbox 573 646 799 717; x_wconf 63' lang='lat' dir='ltr'><strong>pitulum</strong></span> <span class='ocrx_word' id='word_1_24' title='bbox 872 647 1035 718; x_wconf 76' lang='grc'><strong>229</strong></span> <span class='ocrx_word' id='word_1_25' title='bbox 1106 661 1204 701; x_wconf 89' lang='lat' dir='ltr'><strong>nos</strong></span> <span class='ocrx_word' id='word_1_26' title='bbox 1243 646 1323 701; x_wconf 80' lang='lat' dir='ltr'><strong>sic</strong></span> <span class='ocrx_word' id='word_1_27' title='bbox 1356 645 1682 716; x_wconf 76' lang='lat' dir='ltr'><strong>interpretati</strong></span> <span class='ocrx_word' id='word_1_28' title='bbox 1711 659 1932 699; x_wconf 86' lang='lat' dir='ltr'><strong>smnus:</strong></span> <span class='ocrx_word' id='word_1_29' title='bbox 1967 645 2153 698; x_wconf 73' lang='lat' dir='ltr'><strong>(Post-</strong></span> 
     </span>
    </p>
   </div>
   <div class='ocr_carea' id='block_1_5' title="bbox 571 734 2150 809">
    <p class='ocr_par' dir='ltr' id='par_1_5' title="bbox 571 734 2150 809">
     <span class='ocr_line' id='line_1_5' title="bbox 571 734 2150 809; baseline -0.001 -20"><span class='ocrx_word' id='word_1_30' title='bbox 571 752 730 809; x_wconf 90' lang='lat' dir='ltr'><strong>quam</strong></span> <span class='ocrx_word' id='word_1_31' title='bbox 755 738 930 806; x_wconf 90' lang='lat' dir='ltr'><strong>nuptis</strong></span> <span class='ocrx_word' id='word_1_32' title='bbox 959 747 1299 793; x_wconf 90' lang='lat' dir='ltr'><strong>concesserat</strong></span> <span class='ocrx_word' id='word_1_33' title='bbox 1329 751 1480 792; x_wconf 93' lang='lat' dir='ltr'><strong>usum</strong></span> <span class='ocrx_word' id='word_1_34' title='bbox 1501 736 1752 806; x_wconf 89' lang='lat' dir='ltr'><strong>conjugii,</strong></span> <span class='ocrx_word' id='word_1_35' title='bbox 1773 745 1826 791; x_wconf 92' lang='lat' dir='ltr'><strong>et</strong></span> <span class='ocrx_word' id='word_1_36' title='bbox 1842 734 2150 790; x_wconf 91' lang='lat' dir='ltr'><strong>ostenderat</strong></span> 
     </span>
    </p>
   </div>
   <div class='ocr_carea' id='block_1_6' title="bbox 571 831 2150 907">
    <p class='ocr_par' dir='ltr' id='par_1_6' title="bbox 571 831 2150 907">
     <span class='ocr_line' id='line_1_6' title="bbox 571 831 2150 907; baseline -0.004 -17"><span class='ocrx_word' id='word_1_37' title='bbox 571 837 685 906; x_wconf 87' lang='lat' dir='ltr'><strong>ipse</strong></span> <span class='ocrx_word' id='word_1_38' title='bbox 715 836 838 907; x_wconf 90' lang='lat' dir='ltr'><strong>quid</strong></span> <span class='ocrx_word' id='word_1_39' title='bbox 865 837 1046 900; x_wconf 91' lang='lat' dir='ltr'><strong>vellet,</strong></span> <span class='ocrx_word' id='word_1_40' title='bbox 1075 839 1267 906; x_wconf 83' lang='lat' dir='ltr'><strong>quidve</strong></span> <span class='ocrx_word' id='word_1_41' title='bbox 1291 837 1628 898; x_wconf 80' lang='lat' dir='ltr'><strong>concederet,</strong></span> <span class='ocrx_word' id='word_1_42' title='bbox 1664 835 1857 889; x_wconf 87' lang='lat' dir='ltr'><strong>transit</strong></span> <span class='ocrx_word' id='word_1_43' title='bbox 1878 831 1958 887; x_wconf 81' lang='lat' dir='ltr'><strong>ad</strong></span> <span class='ocrx_word' id='word_1_44' title='bbox 1988 832 2150 885; x_wconf 83' lang='lat' dir='ltr'><strong>innu-</strong></span> 
     </span>
    </p>
   </div>
   <div class='ocr_carea' id='block_1_7' title="bbox 572 924 2150 1000">
    <p class='ocr_par' dir='ltr' id='par_1_7' title="bbox 572 924 2150 1000">
     <span class='ocr_line' id='line_1_7' title="bbox 572 924 2150 1000; baseline -0.002 -19"><span class='ocrx_word' id='word_1_45' title='bbox 572 936 708 995; x_wconf 63' lang='lat' dir='ltr'><strong>ptas,</strong></span> <span class='ocrx_word' id='word_1_46' title='bbox 731 937 784 982; x_wconf 91' lang='lat' dir='ltr'><strong>et</strong></span> <span class='ocrx_word' id='word_1_47' title='bbox 814 927 1020 992; x_wconf 83' lang='lat' dir='ltr'><strong>viduas,</strong></span> <span class='ocrx_word' id='word_1_48' title='bbox 1044 939 1098 982; x_wconf 86' lang='lat' dir='ltr'><strong>et</strong></span> <span class='ocrx_word' id='word_1_49' title='bbox 1132 934 1211 983; x_wconf 89' lang='lat' dir='ltr'><strong>sui</strong></span> <span class='ocrx_word' id='word_1_50' title='bbox 1241 929 1489 1000; x_wconf 83' lang='lat' dir='ltr'><strong>proponit</strong></span> <span class='ocrx_word' id='word_1_51' title='bbox 1513 928 1838 996; x_wconf 82' lang='lat' dir='ltr'><strong>exemplum,</strong></span> <span class='ocrx_word' id='word_1_52' title='bbox 1869 935 1924 981; x_wconf 84' lang='lat' dir='ltr'><strong>et</strong></span> <span class='ocrx_word' id='word_1_53' title='bbox 1966 924 2150 980; x_wconf 75' lang='lat' dir='ltr'><strong>felices</strong></span> 
     </span>
    </p>
   </div>
   <div class='ocr_carea' id='block_1_8' title="bbox 566 1018 2143 1090">
    <p class='ocr_par' dir='ltr' id='par_1_8' title="bbox 566 1018 2143 1090">
     <span class='ocr_line' id='line_1_8' title="bbox 566 1018 2143 1090; baseline -0.003 -16"><span class='ocrx_word' id='word_1_54' title='bbox 566 1029 738 1082; x_wconf 84' lang='lat' dir='ltr'><strong>vocat,</strong></span> <span class='ocrx_word' id='word_1_55' title='bbox 755 1022 798 1075; x_wconf 88' lang='lat' dir='ltr'><strong>si</strong></span> <span class='ocrx_word' id='word_1_56' title='bbox 817 1021 896 1075; x_wconf 86' lang='lat' dir='ltr'><strong>sic</strong></span> <span class='ocrx_word' id='word_1_57' title='bbox 925 1022 1401 1090; x_wconf 81' lang='lat' dir='ltr'><strong>permanserintzsi</strong></span> <span class='ocrx_word' id='word_1_58' title='bbox 1427 1030 1602 1075; x_wconf 88' lang='lat' dir='ltr'><strong>autem</strong></span> <span class='ocrx_word' id='word_1_59' title='bbox 1630 1035 1689 1075; x_wconf 90' lang='lat' dir='ltr'><strong>se</strong></span> <span class='ocrx_word' id='word_1_60' title='bbox 1716 1035 1820 1073; x_wconf 91' lang='lat' dir='ltr'><strong>non</strong></span> <span class='ocrx_word' id='word_1_61' title='bbox 1847 1018 2143 1079; x_wconf 88' lang='lat' dir='ltr'><strong>continent,</strong></span> 
     </span>
    </p>
   </div>
   <div class='ocr_carea' id='block_1_9' title="bbox 567 1113 2145 1184">
    <p class='ocr_par' dir='ltr' id='par_1_9' title="bbox 567 1113 2145 1184">
     <span class='ocr_line' id='line_1_9' title="bbox 567 1113 2145 1184; baseline -0.001 -16"><span class='ocrx_word' id='word_1_62' title='bbox 567 1115 768 1170; x_wconf 89' lang='lat' dir='ltr'><strong>nubant</strong></span> <span class='ocrx_word' id='word_1_63' title='bbox 797 1132 811 1168; x_wconf 90' lang='lat'><strong>:</strong></span> <span class='ocrx_word' id='word_1_64' title='bbox 836 1114 1086 1184; x_wconf 85' lang='lat' dir='ltr'><strong>idipsum,</strong></span> <span class='ocrx_word' id='word_1_65' title='bbox 1103 1115 1285 1170; x_wconf 86' lang='lat' dir='ltr'><strong>dicens</strong></span> <span class='ocrx_word' id='word_1_66' title='bbox 1302 1113 1441 1184; x_wconf 87' lang='lat' dir='ltr'><strong>quod</strong></span> <span class='ocrx_word' id='word_1_67' title='bbox 1472 1129 1658 1184; x_wconf 84' lang='lat' dir='ltr'><strong>supra:</strong></span> <span class='ocrx_word' id='word_1_68' title='bbox 1681 1113 1898 1183; x_wconf 82' lang='lat' dir='ltr'><strong>Propter</strong></span> <span class='ocrx_word' id='word_1_69' title='bbox 1917 1113 2145 1183; x_wconf 82' lang='lat' dir='ltr'><strong>fornica-</strong></span> 
     </span>
    </p>
   </div>
   <div class='ocr_carea' id='block_1_10' title="bbox 565 1205 2148 1275">
    <p class='ocr_par' dir='ltr' id='par_1_10' title="bbox 565 1205 2148 1275">
     <span class='ocr_line' id='line_1_10' title="bbox 565 1205 2148 1275; baseline -0.001 -17"><span class='ocrx_word' id='word_1_70' title='bbox 565 1207 753 1260; x_wconf 81' lang='lat' dir='ltr'><strong>tionem</strong></span> <span class='ocrx_word' id='word_1_71' title='bbox 778 1216 942 1259; x_wconf 84' lang='lat' dir='ltr'><strong>autem</strong></span> <span class='ocrx_word' id='word_1_72' title='bbox 964 1222 984 1260; x_wconf 92' lang='lat'><strong><em>:</em></strong></span> <span class='ocrx_word' id='word_1_73' title='bbox 1013 1213 1086 1268; x_wconf 91' lang='lat' dir='ltr'><strong>et,</strong></span> <span class='ocrx_word' id='word_1_74' title='bbox 1118 1223 1181 1259; x_wconf 88' lang='lat' dir='ltr'><strong>ne</strong></span> <span class='ocrx_word' id='word_1_75' title='bbox 1211 1215 1361 1260; x_wconf 83' lang='lat' dir='ltr'><strong>tentet</strong></span> <span class='ocrx_word' id='word_1_76' title='bbox 1383 1222 1467 1260; x_wconf 73' lang='lat' dir='ltr'><strong>ros</strong></span> <span class='ocrx_word' id='word_1_77' title='bbox 1491 1205 1716 1260; x_wconf 75' lang='lat' dir='ltr'><strong>Satanas</strong></span> <span class='ocrx_word' id='word_1_78' title='bbox 1741 1215 1945 1275; x_wconf 86' lang='lat' dir='ltr'><strong>prapter</strong></span> <span class='ocrx_word' id='word_1_79' title='bbox 1969 1206 2148 1258; x_wconf 83' lang='lat' dir='ltr'><strong>incon-</strong></span> 
     </span>
    </p>
   </div>
   <div class='ocr_carea' id='block_1_11' title="bbox 566 1292 2147 1366">
    <p class='ocr_par' dir='ltr' id='par_1_11' title="bbox 566 1292 2147 1366">
     <span class='ocr_line' id='line_1_11' title="bbox 566 1292 2147 1366; baseline -0.001 -17"><span class='ocrx_word' id='word_1_80' title='bbox 566 1296 826 1350; x_wconf 86' lang='lat' dir='ltr'><strong>tinentiam</strong></span> <span class='ocrx_word' id='word_1_81' title='bbox 869 1306 1105 1350; x_wconf 76' lang='lat' dir='ltr'><strong>vestram.</strong></span> <span class='ocrx_word' id='word_1_82' title='bbox 1137 1295 1436 1366; x_wconf 78' lang='lat' dir='ltr'><strong>Redditque</strong></span> <span class='ocrx_word' id='word_1_83' title='bbox 1465 1311 1678 1350; x_wconf 86' lang='lat' dir='ltr'><strong>causam</strong></span> <span class='ocrx_word' id='word_1_84' title='bbox 1700 1310 1796 1350; x_wconf 92' lang='lat' dir='ltr'><strong>cur</strong></span> <span class='ocrx_word' id='word_1_85' title='bbox 1820 1295 2050 1358; x_wconf 84' lang='lat' dir='ltr'><strong>dixerit,</strong></span> <span class='ocrx_word' id='word_1_86' title='bbox 2085 1292 2147 1348; x_wconf 84' lang='lat' dir='ltr'><strong>Si</strong></span> 
     </span>
    </p>
   </div>
   <div class='ocr_carea' id='block_1_12' title="bbox 565 1386 2142 1454">
    <p class='ocr_par' dir='ltr' id='par_1_12' title="bbox 565 1386 2142 1454">
     <span class='ocr_line' id='line_1_12' title="bbox 565 1386 2142 1454; baseline -0.003 -12"><span class='ocrx_word' id='word_1_87' title='bbox 565 1403 620 1442; x_wconf 73' lang='lat' dir='ltr'><strong>se</strong></span> <span class='ocrx_word' id='word_1_88' title='bbox 664 1403 766 1441; x_wconf 88' lang='lat' dir='ltr'><strong>non</strong></span> <span class='ocrx_word' id='word_1_89' title='bbox 809 1389 1096 1454; x_wconf 83' lang='lat' dir='ltr'><strong>continent,</strong></span> <span class='ocrx_word' id='word_1_90' title='bbox 1141 1387 1329 1442; x_wconf 80' lang='lat' dir='ltr'><strong>nubant</strong></span> <span class='ocrx_word' id='word_1_91' title='bbox 1361 1402 1380 1441; x_wconf 90' lang='lat'><strong><em>:</em></strong></span> <span class='ocrx_word' id='word_1_92' title='bbox 1418 1386 1600 1441; x_wconf 78' lang='lat' dir='ltr'><strong>Melius</strong></span> <span class='ocrx_word' id='word_1_93' title='bbox 1640 1396 1714 1441; x_wconf 80' lang='lat' dir='ltr'><strong>est</strong></span> <span class='ocrx_word' id='word_1_94' title='bbox 1759 1387 1890 1439; x_wconf 85' lang='lat' dir='ltr'><strong>enim</strong></span> <span class='ocrx_word' id='word_1_95' title='bbox 1936 1387 2142 1449; x_wconf 84' lang='lat' dir='ltr'><strong>nubere,</strong></span> 
     </span>
    </p>
   </div>
   <div class='ocr_carea' id='block_1_13' title="bbox 566 1477 2142 1549">
    <p class='ocr_par' dir='ltr' id='par_1_13' title="bbox 566 1477 2142 1549">
     <span class='ocr_line' id='line_1_13' title="bbox 566 1477 2142 1549; baseline 0.001 -21"><span class='ocrx_word' id='word_1_96' title='bbox 566 1494 717 1547; x_wconf 78' lang='lat' dir='ltr'><strong>quam</strong></span> <span class='ocrx_word' id='word_1_97' title='bbox 745 1480 846 1532; x_wconf 84' lang='lat' dir='ltr'><strong>uri.</strong></span> <span class='ocrx_word' id='word_1_98' title='bbox 874 1479 996 1535; x_wconf 87' lang='lat' dir='ltr'><strong>Ideo</strong></span> <span class='ocrx_word' id='word_1_99' title='bbox 1023 1479 1214 1535; x_wconf 89' lang='lat' dir='ltr'><strong>melius</strong></span> <span class='ocrx_word' id='word_1_100' title='bbox 1239 1487 1324 1534; x_wconf 91' lang='lat' dir='ltr'><strong>est</strong></span> <span class='ocrx_word' id='word_1_101' title='bbox 1349 1480 1567 1541; x_wconf 90' lang='lat' dir='ltr'><strong>nubere,</strong></span> <span class='ocrx_word' id='word_1_102' title='bbox 1601 1479 1723 1549; x_wconf 88' lang='lat' dir='ltr'><strong>quia</strong></span> <span class='ocrx_word' id='word_1_103' title='bbox 1755 1478 1906 1547; x_wconf 80' lang='lat' dir='ltr'><strong>pejus</strong></span> <span class='ocrx_word' id='word_1_104' title='bbox 1926 1486 2010 1533; x_wconf 90' lang='lat' dir='ltr'><strong>est</strong></span> <span class='ocrx_word' id='word_1_105' title='bbox 2039 1477 2142 1531; x_wconf 91' lang='lat' dir='ltr'><strong>uri.</strong></span> 
     </span>
    </p>
   </div>
   <div class='ocr_carea' id='block_1_14' title="bbox 566 1555 2143 1640">
    <p class='ocr_par' dir='ltr' id='par_1_14' title="bbox 566 1555 2143 1640">
     <span class='ocr_line' id='line_1_14' title="bbox 566 1555 2143 1640; baseline -0.001 -16"><span class='ocrx_word' id='word_1_106' title='bbox 566 1567 720 1624; x_wconf 87' lang='lat' dir='ltr'><strong>Tolle</strong></span> <span class='ocrx_word' id='word_1_107' title='bbox 751 1570 998 1625; x_wconf 90' lang='lat' dir='ltr'><strong>ardorem</strong></span> <span class='ocrx_word' id='word_1_108' title='bbox 1028 1569 1285 1636; x_wconf 82' lang='lat' dir='ltr'><strong>libidinis,</strong></span> <span class='ocrx_word' id='word_1_109' title='bbox 1313 1579 1368 1625; x_wconf 91' lang='lat' dir='ltr'><strong>et</strong></span> <span class='ocrx_word' id='word_1_110' title='bbox 1394 1555 1502 1624; x_wconf 58' lang='lat' dir='ltr'><strong>nou</strong></span> <span class='ocrx_word' id='word_1_111' title='bbox 1523 1569 1684 1634; x_wconf 81' lang='lat' dir='ltr'><strong>dicet,</strong></span> <span class='ocrx_word' id='word_1_112' title='bbox 1714 1571 1834 1640; x_wconf 86' lang='lat' dir='ltr'><strong>quia</strong></span> <span class='ocrx_word' id='word_1_113' title='bbox 1865 1570 2043 1624; x_wconf 81' lang='lat' dir='ltr'><strong>melius</strong></span> <span class='ocrx_word' id='word_1_114' title='bbox 2071 1579 2143 1624; x_wconf 78' lang='lat' dir='ltr'><strong>est</strong></span> 
     </span>
    </p>
   </div>
   <div class='ocr_carea' id='block_1_15' title="bbox 565 1660 2143 1731">
    <p class='ocr_par' dir='ltr' id='par_1_15' title="bbox 565 1660 2143 1731">
     <span class='ocr_line' id='line_1_15' title="bbox 565 1660 2143 1731; baseline 0.001 -17"><span class='ocrx_word' id='word_1_115' title='bbox 565 1661 764 1716; x_wconf 83' lang='lat' dir='ltr'><strong>nubere.</strong></span> <span class='ocrx_word' id='word_1_116' title='bbox 800 1661 988 1716; x_wconf 77' lang='lat' dir='ltr'><strong>Melius</strong></span> <span class='ocrx_word' id='word_1_117' title='bbox 1015 1677 1229 1731; x_wconf 89' lang='lat' dir='ltr'><strong>semper</strong></span> <span class='ocrx_word' id='word_1_118' title='bbox 1270 1662 1335 1716; x_wconf 89' lang='lat' dir='ltr'><strong>ad</strong></span> <span class='ocrx_word' id='word_1_119' title='bbox 1379 1661 1831 1729; x_wconf 85' lang='lat' dir='ltr'><strong>comparationem</strong></span> <span class='ocrx_word' id='word_1_120' title='bbox 1859 1660 2143 1717; x_wconf 89' lang='lat' dir='ltr'><strong>deterioris</strong></span> 
     </span>
    </p>
   </div>
   <div class='ocr_carea' id='block_1_16' title="bbox 564 1753 2143 1823">
    <p class='ocr_par' dir='ltr' id='par_1_16' title="bbox 564 1753 2143 1823">
     <span class='ocr_line' id='line_1_16' title="bbox 564 1753 2143 1823; baseline 0.002 -18"><span class='ocrx_word' id='word_1_121' title='bbox 564 1753 784 1821; x_wconf 73' lang='lat' dir='ltr'><strong>respicit</strong></span> <span class='ocrx_word' id='word_1_122' title='bbox 816 1769 829 1805; x_wconf 91' lang='lat'><strong>:</strong></span> <span class='ocrx_word' id='word_1_123' title='bbox 861 1768 968 1807; x_wconf 90' lang='lat' dir='ltr'><strong>non</strong></span> <span class='ocrx_word' id='word_1_124' title='bbox 995 1753 1060 1807; x_wconf 92' lang='lat' dir='ltr'><strong>ad</strong></span> <span class='ocrx_word' id='word_1_125' title='bbox 1088 1753 1483 1822; x_wconf 72' lang='lat' dir='ltr'><strong>simplicitatem</strong></span> <span class='ocrx_word' id='word_1_126' title='bbox 1515 1753 1944 1822; x_wconf 85' lang='lat' dir='ltr'><strong>incomparabilis</strong></span> <span class='ocrx_word' id='word_1_127' title='bbox 1966 1767 2062 1823; x_wconf 88' lang='lat' dir='ltr'><strong>per</strong></span> <span class='ocrx_word' id='word_1_128' title='bbox 2085 1766 2143 1808; x_wconf 92' lang='lat' dir='ltr'><strong>sc</strong></span> 
     </span>
    </p>
   </div>
   <div class='ocr_carea' id='block_1_17' title="bbox 564 1841 2144 1899">
    <p class='ocr_par' dir='ltr' id='par_1_17' title="bbox 564 1841 2144 1899">
     <span class='ocr_line' id='line_1_17' title="bbox 564 1841 2144 1899; baseline 0.003 -5"><span class='ocrx_word' id='word_1_129' title='bbox 564 1841 710 1897; x_wconf 90' lang='lat' dir='ltr'><strong>boni.</strong></span> <span class='ocrx_word' id='word_1_130' title='bbox 742 1841 902 1898; x_wconf 83' lang='lat' dir='ltr'><strong>Velut</strong></span> <span class='ocrx_word' id='word_1_131' title='bbox 931 1844 974 1898; x_wconf 89' lang='lat' dir='ltr'><strong>si</strong></span> <span class='ocrx_word' id='word_1_132' title='bbox 1004 1843 1209 1898; x_wconf 90' lang='lat' dir='ltr'><strong>diceret</strong></span> <span class='ocrx_word' id='word_1_133' title='bbox 1236 1863 1248 1897; x_wconf 92' lang='lat'><strong>:</strong></span> <span class='ocrx_word' id='word_1_134' title='bbox 1277 1844 1464 1898; x_wconf 86' lang='lat' dir='ltr'><strong>Melius</strong></span> <span class='ocrx_word' id='word_1_135' title='bbox 1487 1853 1570 1898; x_wconf 89' lang='lat' dir='ltr'><strong>est</strong></span> <span class='ocrx_word' id='word_1_136' title='bbox 1599 1860 1760 1898; x_wconf 89' lang='lat' dir='ltr'><strong>unum</strong></span> <span class='ocrx_word' id='word_1_137' title='bbox 1787 1845 2001 1898; x_wconf 88' lang='lat' dir='ltr'><strong>oculum</strong></span> <span class='ocrx_word' id='word_1_138' title='bbox 2047 1843 2144 1899; x_wconf 88' lang='lat' dir='ltr'><strong>ba-</strong></span> 
     </span>
    </p>
   </div>
   <div class='ocr_carea' id='block_1_18' title="bbox 563 1933 2142 2005">
    <p class='ocr_par' dir='ltr' id='par_1_18' title="bbox 563 1933 2142 2005">
     <span class='ocr_line' id='line_1_18' title="bbox 563 1933 2142 2005; baseline 0.001 -19"><span class='ocrx_word' id='word_1_139' title='bbox 563 1933 714 2000; x_wconf 89' lang='lat' dir='ltr'><strong>bere,</strong></span> <span class='ocrx_word' id='word_1_140' title='bbox 744 1951 902 2004; x_wconf 89' lang='lat' dir='ltr'><strong>quam</strong></span> <span class='ocrx_word' id='word_1_141' title='bbox 936 1935 1161 1990; x_wconf 80' lang='lat' dir='ltr'><strong>nullum.</strong></span> <span class='ocrx_word' id='word_1_142' title='bbox 1195 1937 1258 1989; x_wconf 83' lang='lat' dir='ltr'><strong>Et</strong></span> <span class='ocrx_word' id='word_1_143' title='bbox 1285 1943 1404 2005; x_wconf 89' lang='lat' dir='ltr'><strong>post</strong></span> <span class='ocrx_word' id='word_1_144' title='bbox 1431 1936 1700 2004; x_wconf 88' lang='lat' dir='ltr'><strong>paululum</strong></span> <span class='ocrx_word' id='word_1_145' title='bbox 1741 1951 1862 1990; x_wconf 93' lang='lat' dir='ltr'><strong>cum</strong></span> <span class='ocrx_word' id='word_1_146' title='bbox 1895 1944 2142 2004; x_wconf 86' lang='lat' dir='ltr'><strong>apostro-</strong></span> 
     </span>
    </p>
   </div>
   <div class='ocr_carea' id='block_1_19' title="bbox 564 2024 2142 2095">
    <p class='ocr_par' dir='ltr' id='par_1_19' title="bbox 564 2024 2142 2095">
     <span class='ocr_line' id='line_1_19' title="bbox 564 2024 2142 2095; baseline 0.004 -21"><span class='ocrx_word' id='word_1_147' title='bbox 564 2025 722 2092; x_wconf 82' lang='lat' dir='ltr'><strong>pham</strong></span> <span class='ocrx_word' id='word_1_148' title='bbox 776 2024 1024 2081; x_wconf 79' lang='lat' dir='ltr'><strong>fecissem</strong></span> <span class='ocrx_word' id='word_1_149' title='bbox 1062 2026 1130 2080; x_wconf 89' lang='lat' dir='ltr'><strong>ad</strong></span> <span class='ocrx_word' id='word_1_150' title='bbox 1176 2026 1522 2095; x_wconf 85' lang='lat' dir='ltr'><strong>Apostolum;</strong></span> <span class='ocrx_word' id='word_1_151' title='bbox 1557 2027 1752 2081; x_wconf 82' lang='lat' dir='ltr'><strong>intuli:</strong></span> <span class='ocrx_word' id='word_1_152' title='bbox 1809 2045 1828 2077; x_wconf 73' lang='grc' dir='ltr'><strong><em>ι</em></strong></span> <span class='ocrx_word' id='word_1_153' title='bbox 1859 2025 1916 2081; x_wconf 89' lang='lat' dir='ltr'><strong>Si</strong></span> <span class='ocrx_word' id='word_1_154' title='bbox 1947 2042 2042 2095; x_wconf 91' lang='lat' dir='ltr'><strong>per</strong></span> <span class='ocrx_word' id='word_1_155' title='bbox 2081 2042 2142 2082; x_wconf 88' lang='lat' dir='ltr'><strong>se</strong></span> 
     </span>
    </p>
   </div>
   <div class='ocr_carea' id='block_1_20' title="bbox 565 2115 2139 2186">
    <p class='ocr_par' dir='ltr' id='par_1_20' title="bbox 565 2115 2139 2186">
     <span class='ocr_line' id='line_1_20' title="bbox 565 2115 2139 2186; baseline 0.003 -19"><span class='ocrx_word' id='word_1_156' title='bbox 565 2115 720 2169; x_wconf 73' lang='lat' dir='ltr'><strong>bonze</strong></span> <span class='ocrx_word' id='word_1_157' title='bbox 748 2117 943 2184; x_wconf 84' lang='lat' dir='ltr'><strong>nuptiae</strong></span> <span class='ocrx_word' id='word_1_158' title='bbox 971 2127 1115 2183; x_wconf 90' lang='lat' dir='ltr'><strong>sunt,</strong></span> <span class='ocrx_word' id='word_1_159' title='bbox 1145 2119 1254 2172; x_wconf 90' lang='lat' dir='ltr'><strong>noli</strong></span> <span class='ocrx_word' id='word_1_160' title='bbox 1285 2132 1376 2172; x_wconf 88' lang='lat' dir='ltr'><strong>eas</strong></span> <span class='ocrx_word' id='word_1_161' title='bbox 1397 2118 1640 2172; x_wconf 84' lang='lat' dir='ltr'><strong>incendio</strong></span> <span class='ocrx_word' id='word_1_162' title='bbox 1664 2133 1976 2186; x_wconf 89' lang='lat' dir='ltr'><strong>comparare</strong></span> <span class='ocrx_word' id='word_1_163' title='bbox 2001 2135 2014 2170; x_wconf 91' lang='lat'><strong>:</strong></span> <span class='ocrx_word' id='word_1_164' title='bbox 2045 2117 2139 2173; x_wconf 85' lang='lat' dir='ltr'><strong>sed</strong></span> 
     </span>
    </p>
   </div>
   <div class='ocr_carea' id='block_1_21' title="bbox 563 2205 2140 2279">
    <p class='ocr_par' dir='ltr' id='par_1_21' title="bbox 563 2205 2140 2279">
     <span class='ocr_line' id='line_1_21' title="bbox 563 2205 2140 2279; baseline 0.004 -23"><span class='ocrx_word' id='word_1_165' title='bbox 563 2205 649 2259; x_wconf 88' lang='lat' dir='ltr'><strong>dic</strong></span> <span class='ocrx_word' id='word_1_166' title='bbox 671 2206 1001 2276; x_wconf 85' lang='lat' dir='ltr'><strong>simpliciter,</strong></span> <span class='ocrx_word' id='word_1_167' title='bbox 1037 2207 1231 2262; x_wconf 87' lang='lat' dir='ltr'><strong>bonum</strong></span> <span class='ocrx_word' id='word_1_168' title='bbox 1261 2217 1342 2264; x_wconf 91' lang='lat' dir='ltr'><strong>est</strong></span> <span class='ocrx_word' id='word_1_169' title='bbox 1366 2207 1583 2263; x_wconf 88' lang='lat' dir='ltr'><strong>nubere.</strong></span> <span class='ocrx_word' id='word_1_170' title='bbox 1619 2208 1874 2279; x_wconf 89' lang='lat' dir='ltr'><strong>Suspecta</strong></span> <span class='ocrx_word' id='word_1_171' title='bbox 1904 2217 1984 2262; x_wconf 91' lang='lat' dir='ltr'><strong>est</strong></span> <span class='ocrx_word' id='word_1_172' title='bbox 2011 2208 2140 2262; x_wconf 92' lang='lat' dir='ltr'><strong>mihi</strong></span> 
     </span>
    </p>
   </div>
   <div class='ocr_carea' id='block_1_22' title="bbox 563 2294 2138 2369">
    <p class='ocr_par' dir='ltr' id='par_1_22' title="bbox 563 2294 2138 2369">
     <span class='ocr_line' id='line_1_22' title="bbox 563 2294 2138 2369; baseline 0.004 -22"><span class='ocrx_word' id='word_1_173' title='bbox 563 2294 772 2351; x_wconf 79' lang='lat' dir='ltr'><strong>bonitas</strong></span> <span class='ocrx_word' id='word_1_174' title='bbox 795 2296 908 2366; x_wconf 83' lang='lat' dir='ltr'><strong>ejus</strong></span> <span class='ocrx_word' id='word_1_175' title='bbox 933 2299 1030 2359; x_wconf 82' lang='lat' dir='ltr'><strong>rei,</strong></span> <span class='ocrx_word' id='word_1_176' title='bbox 1059 2313 1216 2368; x_wconf 88' lang='lat' dir='ltr'><strong>quam</strong></span> <span class='ocrx_word' id='word_1_177' title='bbox 1243 2299 1547 2369; x_wconf 85' lang='lat' dir='ltr'><strong>magnitudo</strong></span> <span class='ocrx_word' id='word_1_178' title='bbox 1575 2300 1795 2355; x_wconf 89' lang='lat' dir='ltr'><strong>alterius</strong></span> <span class='ocrx_word' id='word_1_179' title='bbox 1825 2299 1987 2363; x_wconf 89' lang='lat' dir='ltr'><strong>mali,</strong></span> <span class='ocrx_word' id='word_1_180' title='bbox 2021 2315 2138 2354; x_wconf 84' lang='lat' dir='ltr'><strong>ma-</strong></span> 
     </span>
    </p>
   </div>
   <div class='ocr_carea' id='block_1_23' title="bbox 563 2385 2136 2460">
    <p class='ocr_par' dir='ltr' id='par_1_23' title="bbox 563 2385 2136 2460">
     <span class='ocr_line' id='line_1_23' title="bbox 563 2385 2136 2460; baseline 0.004 -22"><span class='ocrx_word' id='word_1_181' title='bbox 563 2385 672 2438; x_wconf 90' lang='lat' dir='ltr'><strong>lum</strong></span> <span class='ocrx_word' id='word_1_182' title='bbox 699 2387 840 2456; x_wconf 82' lang='lat' dir='ltr'><strong>cogit</strong></span> <span class='ocrx_word' id='word_1_183' title='bbox 859 2401 980 2442; x_wconf 87' lang='lat' dir='ltr'><strong>esse</strong></span> <span class='ocrx_word' id='word_1_184' title='bbox 1003 2388 1239 2443; x_wconf 84' lang='lat' dir='ltr'><strong>inferius.</strong></span> <span class='ocrx_word' id='word_1_185' title='bbox 1267 2389 1376 2460; x_wconf 80' lang='lat' dir='ltr'><strong>Ego</strong></span> <span class='ocrx_word' id='word_1_186' title='bbox 1397 2398 1572 2446; x_wconf 87' lang='lat' dir='ltr'><strong>autem</strong></span> <span class='ocrx_word' id='word_1_187' title='bbox 1597 2407 1700 2445; x_wconf 90' lang='lat' dir='ltr'><strong>non</strong></span> <span class='ocrx_word' id='word_1_188' title='bbox 1725 2391 1894 2446; x_wconf 91' lang='lat' dir='ltr'><strong>levius</strong></span> <span class='ocrx_word' id='word_1_189' title='bbox 1917 2391 2136 2455; x_wconf 88' lang='lat' dir='ltr'><strong>malum,</strong></span> 
     </span>
    </p>
   </div>
   <div class='ocr_carea' id='block_1_24' title="bbox 563 2476 2141 2551">
    <p class='ocr_par' dir='ltr' id='par_1_24' title="bbox 563 2476 2141 2551">
     <span class='ocr_line' id='line_1_24' title="bbox 563 2476 2141 2551; baseline 0.004 -23"><span class='ocrx_word' id='word_1_190' title='bbox 563 2476 657 2528; x_wconf 87' lang='lat' dir='ltr'><strong>sed</strong></span> <span class='ocrx_word' id='word_1_191' title='bbox 690 2476 911 2545; x_wconf 79' lang='lat' dir='ltr'><strong>simplex</strong></span> <span class='ocrx_word' id='word_1_192' title='bbox 943 2493 1042 2547; x_wconf 88' lang='lat' dir='ltr'><strong>per</strong></span> <span class='ocrx_word' id='word_1_193' title='bbox 1067 2494 1125 2533; x_wconf 90' lang='lat' dir='ltr'><strong>se</strong></span> <span class='ocrx_word' id='word_1_194' title='bbox 1152 2480 1349 2534; x_wconf 91' lang='lat' dir='ltr'><strong>bonum</strong></span> <span class='ocrx_word' id='word_1_195' title='bbox 1377 2480 1523 2534; x_wconf 87' lang='lat' dir='ltr'><strong>volo.</strong></span> <span class='ocrx_word' id='word_1_196' title='bbox 1563 2480 1690 2535; x_wconf 83' lang='lat' dir='ltr'><strong>Vult</strong></span> <span class='ocrx_word' id='word_1_197' title='bbox 1735 2481 2022 2551; x_wconf 81' lang='lat' dir='ltr'><strong>Apostolus</strong></span> <span class='ocrx_word' id='word_1_198' title='bbox 2059 2482 2141 2535; x_wconf 80' lang='lat' dir='ltr'><strong>in-</strong></span> 
     </span>
    </p>
   </div>
   <div class='ocr_carea' id='block_1_25' title="bbox 564 2569 2139 2640">
    <p class='ocr_par' dir='ltr' id='par_1_25' title="bbox 564 2569 2139 2640">
     <span class='ocr_line' id='line_1_25' title="bbox 564 2569 2139 2640; baseline 0.006 -23"><span class='ocrx_word' id='word_1_199' title='bbox 564 2574 793 2635; x_wconf 63' lang='lat' dir='ltr'><strong>nuptas,</strong></span> <span class='ocrx_word' id='word_1_200' title='bbox 835 2575 890 2622; x_wconf 88' lang='lat' dir='ltr'><strong>et</strong></span> <span class='ocrx_word' id='word_1_201' title='bbox 936 2569 1123 2623; x_wconf 86' lang='lat' dir='ltr'><strong>viduas</strong></span> <span class='ocrx_word' id='word_1_202' title='bbox 1167 2569 1368 2639; x_wconf 84' lang='lat' dir='ltr'><strong>absque</strong></span> <span class='ocrx_word' id='word_1_203' title='bbox 1412 2571 1553 2625; x_wconf 89' lang='lat' dir='ltr'><strong>coitu</strong></span> <span class='ocrx_word' id='word_1_204' title='bbox 1603 2587 1944 2640; x_wconf 75' lang='lat' dir='ltr'><strong>permanere,</strong></span> <span class='ocrx_word' id='word_1_205' title='bbox 1975 2582 2027 2626; x_wconf 88' lang='lat' dir='ltr'><strong>et</strong></span> <span class='ocrx_word' id='word_1_206' title='bbox 2073 2573 2139 2628; x_wconf 90' lang='lat' dir='ltr'><strong>ad</strong></span> 
     </span>
    </p>
   </div>
   <div class='ocr_carea' id='block_1_26' title="bbox 565 2654 2141 2732">
    <p class='ocr_par' dir='ltr' id='par_1_26' title="bbox 565 2654 2141 2732">
     <span class='ocr_line' id='line_1_26' title="bbox 565 2654 2141 2732; baseline 0.006 -24"><span class='ocrx_word' id='word_1_207' title='bbox 565 2654 872 2727; x_wconf 67' lang='lat' dir='ltr'><strong>exemplum</strong></span> <span class='ocrx_word' id='word_1_208' title='bbox 894 2658 972 2711; x_wconf 91' lang='lat' dir='ltr'><strong>sui</strong></span> <span class='ocrx_word' id='word_1_209' title='bbox 1005 2671 1276 2726; x_wconf 79' lang='lat' dir='ltr'><strong>provocat,</strong></span> <span class='ocrx_word' id='word_1_210' title='bbox 1298 2669 1352 2714; x_wconf 89' lang='lat' dir='ltr'><strong>et</strong></span> <span class='ocrx_word' id='word_1_211' title='bbox 1377 2660 1640 2717; x_wconf 79' lang='lat' dir='ltr'><strong>feliciores</strong></span> <span class='ocrx_word' id='word_1_212' title='bbox 1661 2673 1837 2728; x_wconf 89' lang='lat' dir='ltr'><strong>vocat,</strong></span> <span class='ocrx_word' id='word_1_213' title='bbox 1861 2664 1904 2718; x_wconf 90' lang='lat' dir='ltr'><strong>si</strong></span> <span class='ocrx_word' id='word_1_214' title='bbox 1923 2665 1998 2718; x_wconf 92' lang='lat' dir='ltr'><strong>sic</strong></span> <span class='ocrx_word' id='word_1_215' title='bbox 2021 2679 2141 2732; x_wconf 87' lang='lat' dir='ltr'><strong>per-</strong></span> 
     </span>
    </p>
   </div>
   <div class='ocr_carea' id='block_1_27' title="bbox 561 2747 2139 2821">
    <p class='ocr_par' dir='ltr' id='par_1_27' title="bbox 561 2747 2139 2821">
     <span class='ocr_line' id='line_1_27' title="bbox 561 2747 2139 2821; baseline 0.006 -22"><span class='ocrx_word' id='word_1_216' title='bbox 561 2748 873 2800; x_wconf 87' lang='lat' dir='ltr'><strong>manserint.</strong></span> <span class='ocrx_word' id='word_1_217' title='bbox 915 2747 968 2802; x_wconf 88' lang='lat' dir='ltr'><strong>Si</strong></span> <span class='ocrx_word' id='word_1_218' title='bbox 996 2759 1172 2804; x_wconf 90' lang='lat' dir='ltr'><strong>autem</strong></span> <span class='ocrx_word' id='word_1_219' title='bbox 1217 2765 1276 2804; x_wconf 82' lang='lat' dir='ltr'><strong>se</strong></span> <span class='ocrx_word' id='word_1_220' title='bbox 1312 2752 1588 2806; x_wconf 89' lang='lat' dir='ltr'><strong>continere</strong></span> <span class='ocrx_word' id='word_1_221' title='bbox 1632 2767 1737 2806; x_wconf 90' lang='lat' dir='ltr'><strong>non</strong></span> <span class='ocrx_word' id='word_1_222' title='bbox 1783 2761 2040 2821; x_wconf 87' lang='lat' dir='ltr'><strong>possunt,</strong></span> <span class='ocrx_word' id='word_1_223' title='bbox 2077 2764 2139 2808; x_wconf 90' lang='lat' dir='ltr'><strong>et</strong></span> 
     </span>
    </p>
   </div>
   <div class='ocr_carea' id='block_1_28' title="bbox 563 2838 2136 2914">
    <p class='ocr_par' dir='ltr' id='par_1_28' title="bbox 563 2838 2136 2914">
     <span class='ocr_line' id='line_1_28' title="bbox 563 2838 2136 2914; baseline 0.004 -24"><span class='ocrx_word' id='word_1_224' title='bbox 563 2838 809 2891; x_wconf 82' lang='lat' dir='ltr'><strong>ardorem</strong></span> <span class='ocrx_word' id='word_1_225' title='bbox 841 2838 1096 2905; x_wconf 89' lang='lat' dir='ltr'><strong>libidinis,</strong></span> <span class='ocrx_word' id='word_1_226' title='bbox 1128 2855 1232 2896; x_wconf 91' lang='lat' dir='ltr'><strong>non</strong></span> <span class='ocrx_word' id='word_1_227' title='bbox 1261 2850 1368 2896; x_wconf 87' lang='lat' dir='ltr'><strong>tam</strong></span> <span class='ocrx_word' id='word_1_228' title='bbox 1400 2842 1729 2898; x_wconf 81' lang='lat' dir='ltr'><strong>continentia</strong></span> <span class='ocrx_word' id='word_1_229' title='bbox 1769 2844 1955 2898; x_wconf 89' lang='lat' dir='ltr'><strong>volunt</strong></span> <span class='ocrx_word' id='word_1_230' title='bbox 1979 2860 2136 2914; x_wconf 91' lang='lat' dir='ltr'><strong>quam</strong></span> 
     </span>
    </p>
   </div>
   <div class='ocr_carea' id='block_1_29' title="bbox 561 2926 2136 3004">
    <p class='ocr_par' dir='ltr' id='par_1_29' title="bbox 561 2926 2136 3004">
     <span class='ocr_line' id='line_1_29' title="bbox 561 2926 2136 3004; baseline 0.005 -23"><span class='ocrx_word' id='word_1_231' title='bbox 561 2926 913 2984; x_wconf 75' lang='lat' dir='ltr'><strong>fornicatione</strong></span> <span class='ocrx_word' id='word_1_232' title='bbox 942 2932 1275 3002; x_wconf 82' lang='lat' dir='ltr'><strong>restinguere</strong></span> <span class='ocrx_word' id='word_1_233' title='bbox 1299 2974 1313 2996; x_wconf 96' lang='lat'><strong>,</strong></span> <span class='ocrx_word' id='word_1_234' title='bbox 1345 2933 1539 2988; x_wconf 88' lang='lat' dir='ltr'><strong>melius</strong></span> <span class='ocrx_word' id='word_1_235' title='bbox 1580 2943 1664 2989; x_wconf 90' lang='lat' dir='ltr'><strong>est</strong></span> <span class='ocrx_word' id='word_1_236' title='bbox 1691 2935 1892 2990; x_wconf 85' lang='lat' dir='ltr'><strong>nubere</strong></span> <span class='ocrx_word' id='word_1_237' title='bbox 1916 2976 1931 3000; x_wconf 94' lang='lat'><strong>,</strong></span> <span class='ocrx_word' id='word_1_238' title='bbox 1978 2949 2136 3004; x_wconf 90' lang='lat' dir='ltr'><strong>quam</strong></span> 
     </span>
    </p>
   </div>
   <div class='ocr_carea' id='block_1_30' title="bbox 560 3021 2132 3094">
    <p class='ocr_par' dir='ltr' id='par_1_30' title="bbox 560 3021 2132 3094">
     <span class='ocr_line' id='line_1_30' title="bbox 560 3021 2132 3094; baseline 0.007 -20"><span class='ocrx_word' id='word_1_239' title='bbox 560 3022 665 3075; x_wconf 91' lang='lat' dir='ltr'><strong>uri.</strong></span> <span class='ocrx_word' id='word_1_240' title='bbox 695 3021 772 3075; x_wconf 81' lang='lat' dir='ltr'><strong>Ad</strong></span> <span class='ocrx_word' id='word_1_241' title='bbox 799 3023 939 3092; x_wconf 86' lang='lat' dir='ltr'><strong>quod</strong></span> <span class='ocrx_word' id='word_1_242' title='bbox 972 3039 1069 3078; x_wconf 90' lang='lat' dir='ltr'><strong>nos</strong></span> <span class='ocrx_word' id='word_1_243' title='bbox 1100 3025 1416 3083; x_wconf 86' lang='lat' dir='ltr'><strong>intulimus:</strong></span> <span class='ocrx_word' id='word_1_244' title='bbox 1446 3025 1567 3081; x_wconf 90' lang='lat' dir='ltr'><strong>ideo</strong></span> <span class='ocrx_word' id='word_1_245' title='bbox 1591 3026 1782 3081; x_wconf 90' lang='lat' dir='ltr'><strong>melius</strong></span> <span class='ocrx_word' id='word_1_246' title='bbox 1804 3039 1881 3082; x_wconf 93' lang='lat' dir='ltr'><strong>cst</strong></span> <span class='ocrx_word' id='word_1_247' title='bbox 1914 3029 2132 3094; x_wconf 89' lang='lat' dir='ltr'><strong>nubere,</strong></span> 
     </span>
    </p>
   </div>
   <div class='ocr_carea' id='block_1_31' title="bbox 564 3113 2138 3191">
    <p class='ocr_par' dir='ltr' id='par_1_31' title="bbox 564 3113 2138 3191">
     <span class='ocr_line' id='line_1_31' title="bbox 564 3113 2138 3191; baseline 0.008 -28"><span class='ocrx_word' id='word_1_248' title='bbox 564 3113 686 3180; x_wconf 89' lang='lat' dir='ltr'><strong>quia</strong></span> <span class='ocrx_word' id='word_1_249' title='bbox 739 3115 888 3183; x_wconf 83' lang='lat' dir='ltr'><strong>pejus</strong></span> <span class='ocrx_word' id='word_1_250' title='bbox 941 3124 1024 3170; x_wconf 79' lang='lat' dir='ltr'><strong>cst</strong></span> <span class='ocrx_word' id='word_1_251' title='bbox 1068 3117 1195 3172; x_wconf 88' lang='lat' dir='ltr'><strong>uri:</strong></span> <span class='ocrx_word' id='word_1_252' title='bbox 1241 3133 1347 3172; x_wconf 91' lang='lat' dir='ltr'><strong>non</strong></span> <span class='ocrx_word' id='word_1_253' title='bbox 1395 3128 1632 3172; x_wconf 88' lang='lat' dir='ltr'><strong>nostram</strong></span> <span class='ocrx_word' id='word_1_254' title='bbox 1662 3121 1981 3174; x_wconf 87' lang='lat' dir='ltr'><strong>sententiam</strong></span> <span class='ocrx_word' id='word_1_255' title='bbox 2013 3137 2138 3191; x_wconf 86' lang='lat' dir='ltr'><strong>pro-</strong></span> 
     </span>
    </p>
   </div>
   <div class='ocr_carea' id='block_1_32' title="bbox 561 3203 2138 3280">
    <p class='ocr_par' dir='ltr' id='par_1_32' title="bbox 561 3203 2138 3280">
     <span class='ocr_line' id='line_1_32' title="bbox 561 3203 2138 3280; baseline 0.006 -23"><span class='ocrx_word' id='word_1_256' title='bbox 561 3203 816 3272; x_wconf 83' lang='lat' dir='ltr'><strong>ferentes,</strong></span> <span class='ocrx_word' id='word_1_257' title='bbox 849 3206 945 3261; x_wconf 85' lang='lat' dir='ltr'><strong>sed</strong></span> <span class='ocrx_word' id='word_1_258' title='bbox 972 3208 1384 3276; x_wconf 84' lang='lat' dir='ltr'><strong>interpretantes</strong></span> <span class='ocrx_word' id='word_1_259' title='bbox 1415 3210 1542 3264; x_wconf 92' lang='lat' dir='ltr'><strong>illud</strong></span> <span class='ocrx_word' id='word_1_260' title='bbox 1572 3211 1832 3280; x_wconf 86' lang='lat' dir='ltr'><strong>Apostoli,</strong></span> <span class='ocrx_word' id='word_1_261' title='bbox 1861 3214 2039 3267; x_wconf 76' lang='lat' dir='ltr'><strong>melius</strong></span> <span class='ocrx_word' id='word_1_262' title='bbox 2065 3223 2138 3268; x_wconf 79' lang='lat' dir='ltr'><strong>est</strong></span> 
     </span>
    </p>
   </div>
   <div class='ocr_carea' id='block_1_33' title="bbox 559 3296 2135 3372">
    <p class='ocr_par' dir='ltr' id='par_1_33' title="bbox 559 3296 2135 3372">
     <span class='ocr_line' id='line_1_33' title="bbox 559 3296 2135 3372; baseline 0.008 -24"><span class='ocrx_word' id='word_1_263' title='bbox 559 3296 760 3357; x_wconf 78' lang='lat' dir='ltr'><strong>nubere,</strong></span> <span class='ocrx_word' id='word_1_264' title='bbox 787 3313 938 3365; x_wconf 80' lang='lat' dir='ltr'><strong>quam</strong></span> <span class='ocrx_word' id='word_1_265' title='bbox 966 3301 1066 3363; x_wconf 78' lang='lat' dir='ltr'><strong>uri,</strong></span> <span class='ocrx_word' id='word_1_266' title='bbox 1097 3299 1148 3353; x_wconf 90' lang='lat' dir='ltr'><strong>id</strong></span> <span class='ocrx_word' id='word_1_267' title='bbox 1175 3309 1276 3366; x_wconf 84' lang='lat' dir='ltr'><strong>est,</strong></span> <span class='ocrx_word' id='word_1_268' title='bbox 1308 3301 1498 3356; x_wconf 87' lang='lat' dir='ltr'><strong>melius</strong></span> <span class='ocrx_word' id='word_1_269' title='bbox 1527 3312 1607 3356; x_wconf 87' lang='lat' dir='ltr'><strong>cst</strong></span> <span class='ocrx_word' id='word_1_270' title='bbox 1639 3305 1884 3357; x_wconf 87' lang='lat' dir='ltr'><strong>maritum</strong></span> <span class='ocrx_word' id='word_1_271' title='bbox 1916 3303 2135 3372; x_wconf 87' lang='lat' dir='ltr'><strong>ducere,</strong></span> 
     </span>
    </p>
   </div>
   <div class='ocr_carea' id='block_1_34' title="bbox 558 3387 2136 3456">
    <p class='ocr_par' dir='ltr' id='par_1_34' title="bbox 558 3387 2136 3456">
     <span class='ocr_line' id='line_1_34' title="bbox 558 3387 2136 3456; baseline 0.006 -16"><span class='ocrx_word' id='word_1_272' title='bbox 558 3401 716 3456; x_wconf 83' lang='lat' dir='ltr'><strong>quam</strong></span> <span class='ocrx_word' id='word_1_273' title='bbox 747 3387 1021 3444; x_wconf 88' lang='lat' dir='ltr'><strong>fornicari.</strong></span> <span class='ocrx_word' id='word_1_274' title='bbox 1050 3391 1106 3446; x_wconf 89' lang='lat' dir='ltr'><strong>Si</strong></span> <span class='ocrx_word' id='word_1_275' title='bbox 1139 3393 1217 3446; x_wconf 92' lang='lat' dir='ltr'><strong>uri</strong></span> <span class='ocrx_word' id='word_1_276' title='bbox 1248 3393 1329 3445; x_wconf 93' lang='lat' dir='ltr'><strong>vel</strong></span> <span class='ocrx_word' id='word_1_277' title='bbox 1357 3392 1607 3448; x_wconf 88' lang='lat' dir='ltr'><strong>fornicari</strong></span> <span class='ocrx_word' id='word_1_278' title='bbox 1640 3395 1833 3449; x_wconf 91' lang='lat' dir='ltr'><strong>bonum</strong></span> <span class='ocrx_word' id='word_1_279' title='bbox 1876 3411 1994 3450; x_wconf 77' lang='lat' dir='ltr'><strong>esse</strong></span> <span class='ocrx_word' id='word_1_280' title='bbox 2037 3396 2136 3450; x_wconf 91' lang='lat' dir='ltr'><strong>do-</strong></span> 
     </span>
    </p>
   </div>
   <div class='ocr_carea' id='block_1_35' title="bbox 561 3478 2133 3558">
    <p class='ocr_par' dir='ltr' id='par_1_35' title="bbox 561 3478 2133 3558">
     <span class='ocr_line' id='line_1_35' title="bbox 561 3478 2133 3558; baseline 0.006 -26"><span class='ocrx_word' id='word_1_281' title='bbox 561 3478 761 3542; x_wconf 87' lang='lat' dir='ltr'><strong>cueris,</strong></span> <span class='ocrx_word' id='word_1_282' title='bbox 807 3486 933 3534; x_wconf 90' lang='lat' dir='ltr'><strong>tunc</strong></span> <span class='ocrx_word' id='word_1_283' title='bbox 975 3480 1117 3536; x_wconf 91' lang='lat' dir='ltr'><strong>bono</strong></span> <span class='ocrx_word' id='word_1_284' title='bbox 1147 3483 1338 3538; x_wconf 89' lang='lat' dir='ltr'><strong>melius</strong></span> <span class='ocrx_word' id='word_1_285' title='bbox 1385 3485 1715 3553; x_wconf 73' lang='lat' dir='ltr'><strong>prcheretur.</strong></span> <span class='ocrx_word' id='word_1_286' title='bbox 1747 3486 1826 3558; x_wconf 74' lang='grc' dir='ltr'><strong>(τι)</strong></span> <span class='ocrx_word' id='word_1_287' title='bbox 1867 3487 1923 3542; x_wconf 91' lang='lat' dir='ltr'><strong>Si</strong></span> <span class='ocrx_word' id='word_1_288' title='bbox 1956 3499 2133 3542; x_wconf 90' lang='lat' dir='ltr'><strong>autem</strong></span> 
     </span>
    </p>
   </div>
   <div class='ocr_carea' id='block_1_36' title="bbox 559 3563 2137 3645">
    <p class='ocr_par' dir='ltr' id='par_1_36' title="bbox 559 3563 2137 3645">
     <span class='ocr_line' id='line_1_36' title="bbox 559 3563 2137 3645; baseline 0.006 -22"><span class='ocrx_word' id='word_1_289' title='bbox 559 3569 765 3624; x_wconf 88' lang='lat' dir='ltr'><strong>nubere</strong></span> <span class='ocrx_word' id='word_1_290' title='bbox 806 3571 996 3626; x_wconf 91' lang='lat' dir='ltr'><strong>melius</strong></span> <span class='ocrx_word' id='word_1_291' title='bbox 1024 3582 1137 3636; x_wconf 90' lang='lat' dir='ltr'><strong>est,</strong></span> <span class='ocrx_word' id='word_1_292' title='bbox 1179 3574 1320 3644; x_wconf 87' lang='lat' dir='ltr'><strong>quod</strong></span> <span class='ocrx_word' id='word_1_293' title='bbox 1365 3576 1502 3631; x_wconf 87' lang='lat' dir='ltr'><strong>n-alo</strong></span> <span class='ocrx_word' id='word_1_294' title='bbox 1545 3563 1860 3645; x_wconf 73' lang='lat' dir='ltr'><strong>praefertur,</strong></span> <span class='ocrx_word' id='word_1_295' title='bbox 1907 3593 2010 3632; x_wconf 89' lang='lat' dir='ltr'><strong>non</strong></span> <span class='ocrx_word' id='word_1_296' title='bbox 2055 3588 2137 3632; x_wconf 84' lang='lat' dir='ltr'><strong>est</strong></span> 
     </span>
    </p>
   </div>
   <div class='ocr_carea' id='block_1_37' title="bbox 555 3666 2132 3739">
    <p class='ocr_par' dir='ltr' id='par_1_37' title="bbox 555 3666 2132 3739">
     <span class='ocr_line' id='line_1_37' title="bbox 555 3666 2132 3739; baseline 0.007 -26"><span class='ocrx_word' id='word_1_297' title='bbox 555 3675 844 3730; x_wconf 73' lang='lat' dir='ltr'><strong>germanm,</strong></span> <span class='ocrx_word' id='word_1_298' title='bbox 869 3672 923 3720; x_wconf 85' lang='lat' dir='ltr'><strong>et</strong></span> <span class='ocrx_word' id='word_1_299' title='bbox 944 3679 1091 3734; x_wconf 60' lang='lat' dir='ltr'><strong>purae</strong></span> <span class='ocrx_word' id='word_1_300' title='bbox 1125 3666 1465 3737; x_wconf 82' lang='lat' dir='ltr'><strong>integritatis,</strong></span> <span class='ocrx_word' id='word_1_301' title='bbox 1497 3684 1595 3725; x_wconf 85' lang='lat' dir='ltr'><strong>nec</strong></span> <span class='ocrx_word' id='word_1_302' title='bbox 1627 3669 1743 3739; x_wconf 84' lang='lat' dir='ltr'><strong>ejus</strong></span> <span class='ocrx_word' id='word_1_303' title='bbox 1771 3670 2132 3732; x_wconf 88' lang='lat' dir='ltr'><strong>beatitudinis,</strong></span> 
     </span>
    </p>
   </div>
   <div class='ocr_carea' id='block_1_38' title="bbox 559 3753 2135 3830">
    <p class='ocr_par' dir='ltr' id='par_1_38' title="bbox 559 3753 2135 3830">
     <span class='ocr_line' id='line_1_38' title="bbox 559 3753 2135 3830; baseline 0.006 -25"><span class='ocrx_word' id='word_1_304' title='bbox 559 3767 679 3820; x_wconf 75' lang='lat' dir='ltr'><strong>qua:</strong></span> <span class='ocrx_word' id='word_1_305' title='bbox 704 3753 920 3823; x_wconf 82' lang='lat' dir='ltr'><strong>Angelis</strong></span> <span class='ocrx_word' id='word_1_306' title='bbox 945 3766 1308 3826; x_wconf 88' lang='lat' dir='ltr'><strong>comparatur.</strong></span> <span class='ocrx_word' id='word_1_307' title='bbox 1337 3755 1391 3813; x_wconf 92' lang='lat' dir='ltr'><strong>Si</strong></span> <span class='ocrx_word' id='word_1_308' title='bbox 1419 3757 1625 3824; x_wconf 83' lang='lat' dir='ltr'><strong>dixero,</strong></span> <span class='ocrx_word' id='word_1_309' title='bbox 1656 3759 1846 3815; x_wconf 90' lang='lat' dir='ltr'><strong>melius</strong></span> <span class='ocrx_word' id='word_1_310' title='bbox 1867 3769 1949 3815; x_wconf 86' lang='lat' dir='ltr'><strong>est</strong></span> <span class='ocrx_word' id='word_1_311' title='bbox 1975 3759 2135 3830; x_wconf 72' lang='lat' dir='ltr'><strong>vivgi-</strong></span> 
     </span>
    </p>
   </div>
   <div class='ocr_carea' id='block_1_39' title="bbox 556 3849 2133 3921">
    <p class='ocr_par' dir='ltr' id='par_1_39' title="bbox 556 3849 2133 3921">
     <span class='ocr_line' id='line_1_39' title="bbox 556 3849 2133 3921; baseline 0.006 -24"><span class='ocrx_word' id='word_1_312' title='bbox 556 3859 679 3897; x_wconf 88' lang='lat' dir='ltr'><strong>nem</strong></span> <span class='ocrx_word' id='word_1_313' title='bbox 709 3858 852 3912; x_wconf 86' lang='lat' dir='ltr'><strong>esse,</strong></span> <span class='ocrx_word' id='word_1_314' title='bbox 892 3861 1050 3916; x_wconf 89' lang='lat' dir='ltr'><strong>quam</strong></span> <span class='ocrx_word' id='word_1_315' title='bbox 1094 3860 1309 3918; x_wconf 85' lang='lat' dir='ltr'><strong>nuptam</strong></span> <span class='ocrx_word' id='word_1_316' title='bbox 1335 3865 1354 3902; x_wconf 89' lang='lat'><strong><em>:</em></strong></span> <span class='ocrx_word' id='word_1_317' title='bbox 1398 3849 1540 3904; x_wconf 92' lang='lat' dir='ltr'><strong>bono</strong></span> <span class='ocrx_word' id='word_1_318' title='bbox 1583 3851 1775 3907; x_wconf 89' lang='lat' dir='ltr'><strong>melius</strong></span> <span class='ocrx_word' id='word_1_319' title='bbox 1814 3852 2044 3921; x_wconf 71' lang='lat' dir='ltr'><strong>prmtuli.</strong></span> <span class='ocrx_word' id='word_1_320' title='bbox 2077 3851 2133 3907; x_wconf 90' lang='lat' dir='ltr'><strong>Si</strong></span> 
     </span>
    </p>
   </div>
   <div class='ocr_carea' id='block_1_40' title="bbox 554 3937 2130 4009">
    <p class='ocr_par' dir='ltr' id='par_1_40' title="bbox 554 3937 2130 4009">
     <span class='ocr_line' id='line_1_40' title="bbox 554 3937 2130 4009; baseline 0.005 -20"><span class='ocrx_word' id='word_1_321' title='bbox 554 3944 733 3990; x_wconf 88' lang='lat' dir='ltr'><strong>autem</strong></span> <span class='ocrx_word' id='word_1_322' title='bbox 771 3937 998 3992; x_wconf 88' lang='lat' dir='ltr'><strong>alterum</strong></span> <span class='ocrx_word' id='word_1_323' title='bbox 1035 3939 1255 4009; x_wconf 88' lang='lat' dir='ltr'><strong>gradum</strong></span> <span class='ocrx_word' id='word_1_324' title='bbox 1283 3940 1497 4006; x_wconf 86' lang='lat' dir='ltr'><strong>fecero,</strong></span> <span class='ocrx_word' id='word_1_325' title='bbox 1544 3943 1735 3998; x_wconf 72' lang='lat' dir='ltr'><strong>melius</strong></span> <span class='ocrx_word' id='word_1_326' title='bbox 1775 3951 1859 3999; x_wconf 89' lang='lat' dir='ltr'><strong>est</strong></span> <span class='ocrx_word' id='word_1_327' title='bbox 1895 3943 2130 4009; x_wconf 90' lang='lat' dir='ltr'><strong>nubere,</strong></span> 
     </span>
    </p>
   </div>
   <div class='ocr_carea' id='block_1_41' title="bbox 553 4027 2131 4100">
    <p class='ocr_par' dir='ltr' id='par_1_41' title="bbox 553 4027 2131 4100">
     <span class='ocr_line' id='line_1_41' title="bbox 553 4027 2131 4100; baseline 0.006 -22"><span class='ocrx_word' id='word_1_328' title='bbox 553 4041 712 4095; x_wconf 89' lang='lat' dir='ltr'><strong>qnam</strong></span> <span class='ocrx_word' id='word_1_329' title='bbox 739 4027 1010 4095; x_wconf 87' lang='lat' dir='ltr'><strong>fornicari,</strong></span> <span class='ocrx_word' id='word_1_330' title='bbox 1036 4031 1106 4085; x_wconf 87' lang='lat' dir='ltr'><strong>ibi</strong></span> <span class='ocrx_word' id='word_1_331' title='bbox 1126 4046 1230 4086; x_wconf 92' lang='lat' dir='ltr'><strong>non</strong></span> <span class='ocrx_word' id='word_1_332' title='bbox 1257 4031 1397 4087; x_wconf 75' lang='lat' dir='ltr'><strong>bono</strong></span> <span class='ocrx_word' id='word_1_333' title='bbox 1419 4033 1631 4100; x_wconf 80' lang='lat' dir='ltr'><strong>melius,</strong></span> <span class='ocrx_word' id='word_1_334' title='bbox 1655 4033 1748 4088; x_wconf 88' lang='lat' dir='ltr'><strong>sed</strong></span> <span class='ocrx_word' id='word_1_335' title='bbox 1773 4035 1913 4088; x_wconf 90' lang='lat' dir='ltr'><strong>malo</strong></span> <span class='ocrx_word' id='word_1_336' title='bbox 1936 4034 2131 4088; x_wconf 91' lang='lat' dir='ltr'><strong>bonum</strong></span> 
     </span>
    </p>
   </div>
   <div class='ocr_carea' id='block_1_42' title="bbox 554 4117 2132 4193">
    <p class='ocr_par' dir='ltr' id='par_1_42' title="bbox 554 4117 2132 4193">
     <span class='ocr_line' id='line_1_42' title="bbox 554 4117 2132 4193; baseline 0.006 -24"><span class='ocrx_word' id='word_1_337' title='bbox 554 4117 788 4184; x_wconf 71' lang='lat' dir='ltr'><strong>prmtuli.</strong></span> <span class='ocrx_word' id='word_1_338' title='bbox 818 4118 977 4174; x_wconf 83' lang='lat' dir='ltr'><strong>Multa</strong></span> <span class='ocrx_word' id='word_1_339' title='bbox 1008 4119 1291 4176; x_wconf 82' lang='lat' dir='ltr'><strong>diversitas</strong></span> <span class='ocrx_word' id='word_1_340' title='bbox 1318 4131 1401 4176; x_wconf 91' lang='lat' dir='ltr'><strong>est</strong></span> <span class='ocrx_word' id='word_1_341' title='bbox 1441 4123 1582 4177; x_wconf 90' lang='lat' dir='ltr'><strong>inter</strong></span> <span class='ocrx_word' id='word_1_342' title='bbox 1623 4124 1673 4177; x_wconf 91' lang='lat' dir='ltr'><strong>id</strong></span> <span class='ocrx_word' id='word_1_343' title='bbox 1723 4125 1910 4178; x_wconf 86' lang='lat' dir='ltr'><strong>melius</strong></span> <span class='ocrx_word' id='word_1_344' title='bbox 1935 4165 1950 4190; x_wconf 92' lang='lat'><strong>,</strong></span> <span class='ocrx_word' id='word_1_345' title='bbox 1990 4124 2132 4193; x_wconf 91' lang='lat' dir='ltr'><strong>quod</strong></span> 
     </span>
    </p>
   </div>
   <div class='ocr_carea' id='block_1_43' title="bbox 553 4210 2134 4284">
    <p class='ocr_par' dir='ltr' id='par_1_43' title="bbox 553 4210 2134 4284">
     <span class='ocr_line' id='line_1_43' title="bbox 553 4210 2134 4284; baseline 0.005 -22"><span class='ocrx_word' id='word_1_346' title='bbox 553 4210 769 4277; x_wconf 83' lang='lat' dir='ltr'><strong>nuptiis,</strong></span> <span class='ocrx_word' id='word_1_347' title='bbox 786 4218 838 4264; x_wconf 92' lang='lat' dir='ltr'><strong>ct</strong></span> <span class='ocrx_word' id='word_1_348' title='bbox 856 4211 994 4266; x_wconf 91' lang='lat' dir='ltr'><strong>inter</strong></span> <span class='ocrx_word' id='word_1_349' title='bbox 1011 4211 1062 4265; x_wconf 89' lang='lat' dir='ltr'><strong>id</strong></span> <span class='ocrx_word' id='word_1_350' title='bbox 1079 4213 1220 4281; x_wconf 82' lang='lat' dir='ltr'><strong>quod</strong></span> <span class='ocrx_word' id='word_1_351' title='bbox 1246 4213 1582 4268; x_wconf 88' lang='lat' dir='ltr'><strong>fornicationi</strong></span> <span class='ocrx_word' id='word_1_352' title='bbox 1607 4215 2134 4284; x_wconf 85' lang='lat' dir='ltr'><strong>anteponitur.0bse-</strong></span> 
     </span>
    </p>
   </div>
   <div class='ocr_carea' id='block_1_44' title="bbox 553 4301 2130 4376">
    <p class='ocr_par' dir='ltr' id='par_1_44' title="bbox 553 4301 2130 4376">
     <span class='ocr_line' id='line_1_44' title="bbox 553 4301 2130 4376; baseline 0.004 -22"><span class='ocrx_word' id='word_1_353' title='bbox 553 4315 648 4354; x_wconf 89' lang='lat' dir='ltr'><strong>cro</strong></span> <span class='ocrx_word' id='word_1_354' title='bbox 679 4301 892 4371; x_wconf 91' lang='lat' dir='ltr'><strong>Ie,quid</strong></span> <span class='ocrx_word' id='word_1_355' title='bbox 965 4303 1127 4374; x_wconf 77' lang='lat'><strong>230</strong></span> <span class='ocrx_word' id='word_1_356' title='bbox 1198 4305 1250 4358; x_wconf 93' lang='lat' dir='ltr'><strong>in</strong></span> <span class='ocrx_word' id='word_1_357' title='bbox 1276 4305 1373 4359; x_wconf 88' lang='lat' dir='ltr'><strong>hac</strong></span> <span class='ocrx_word' id='word_1_358' title='bbox 1389 4305 1707 4360; x_wconf 89' lang='lat' dir='ltr'><strong>dissertione</strong></span> <span class='ocrx_word' id='word_1_359' title='bbox 1730 4308 1980 4376; x_wconf 80' lang='lat' dir='ltr'><strong>peccavi?</strong></span> <span class='ocrx_word' id='word_1_360' title='bbox 1999 4307 2130 4360; x_wconf 84' lang='lat' dir='ltr'><strong>Pro-</strong></span> 
     </span>
    </p>
   </div>
   <div class='ocr_carea' id='block_1_45' title="bbox 551 4392 2130 4466">
    <p class='ocr_par' dir='ltr' id='par_1_45' title="bbox 551 4392 2130 4466">
     <span class='ocr_line' id='line_1_45' title="bbox 551 4392 2130 4466; baseline 0.006 -24"><span class='ocrx_word' id='word_1_361' title='bbox 551 4392 781 4461; x_wconf 89' lang='lat' dir='ltr'><strong>positum</strong></span> <span class='ocrx_word' id='word_1_362' title='bbox 813 4393 940 4448; x_wconf 82' lang='lat' dir='ltr'><strong>milt‘i</strong></span> <span class='ocrx_word' id='word_1_363' title='bbox 967 4405 1101 4459; x_wconf 90' lang='lat' dir='ltr'><strong>erat,</strong></span> <span class='ocrx_word' id='word_1_364' title='bbox 1127 4411 1231 4450; x_wconf 91' lang='lat' dir='ltr'><strong>non</strong></span> <span class='ocrx_word' id='word_1_365' title='bbox 1258 4396 1322 4449; x_wconf 89' lang='lat' dir='ltr'><strong>ad</strong></span> <span class='ocrx_word' id='word_1_366' title='bbox 1353 4411 1524 4450; x_wconf 89' lang='lat' dir='ltr'><strong>meam</strong></span> <span class='ocrx_word' id='word_1_367' title='bbox 1543 4397 1869 4452; x_wconf 84' lang='lat' dir='ltr'><strong>voluntatem</strong></span> <span class='ocrx_word' id='word_1_368' title='bbox 1889 4398 2130 4466; x_wconf 78' lang='lat' dir='ltr'><strong>Scriptu-</strong></span> 
     </span>
    </p>
   </div>
   <div class='ocr_carea' id='block_1_46' title="bbox 551 4485 2128 4557">
    <p class='ocr_par' dir='ltr' id='par_1_46' title="bbox 551 4485 2128 4557">
     <span class='ocr_line' id='line_1_46' title="bbox 551 4485 2128 4557; baseline 0.002 -19"><span class='ocrx_word' id='word_1_369' title='bbox 551 4496 642 4538; x_wconf 84' lang='lat' dir='ltr'><strong>ras</strong></span> <span class='ocrx_word' id='word_1_370' title='bbox 673 4485 910 4552; x_wconf 87' lang='lat' dir='ltr'><strong>trahere,</strong></span> <span class='ocrx_word' id='word_1_371' title='bbox 941 4485 1034 4541; x_wconf 90' lang='lat' dir='ltr'><strong>sed</strong></span> <span class='ocrx_word' id='word_1_372' title='bbox 1066 4486 1116 4541; x_wconf 84' lang='lat' dir='ltr'><strong>id</strong></span> <span class='ocrx_word' id='word_1_373' title='bbox 1145 4487 1356 4552; x_wconf 83' lang='lat' dir='ltr'><strong>dicere,</strong></span> <span class='ocrx_word' id='word_1_374' title='bbox 1389 4487 1527 4557; x_wconf 89' lang='lat' dir='ltr'><strong>quod</strong></span> <span class='ocrx_word' id='word_1_375' title='bbox 1557 4487 1858 4557; x_wconf 88' lang='lat' dir='ltr'><strong>Scripturas</strong></span> <span class='ocrx_word' id='word_1_376' title='bbox 1885 4489 2020 4543; x_wconf 84' lang='lat' dir='ltr'><strong>velle</strong></span> <span class='ocrx_word' id='word_1_377' title='bbox 2046 4489 2128 4541; x_wconf 92' lang='lat' dir='ltr'><strong>in-</strong></span> 
     </span>
    </p>
   </div>
   <div class='ocr_carea' id='block_1_47' title="bbox 551 4575 2130 4649">
    <p class='ocr_par' dir='ltr' id='par_1_47' title="bbox 551 4575 2130 4649">
     <span class='ocr_line' id='line_1_47' title="bbox 551 4575 2130 4649; baseline 0.004 -21"><span class='ocrx_word' id='word_1_378' title='bbox 551 4575 872 4644; x_wconf 81' lang='lat' dir='ltr'><strong>telligebam.</strong></span> <span class='ocrx_word' id='word_1_379' title='bbox 899 4577 1348 4633; x_wconf 90' lang='lat' dir='ltr'><strong>Commentatoris</strong></span> <span class='ocrx_word' id='word_1_380' title='bbox 1367 4577 1599 4632; x_wconf 89' lang='lat' dir='ltr'><strong>officium</strong></span> <span class='ocrx_word' id='word_1_381' title='bbox 1618 4587 1719 4644; x_wconf 91' lang='lat' dir='ltr'><strong>est,</strong></span> <span class='ocrx_word' id='word_1_382' title='bbox 1743 4594 1847 4632; x_wconf 90' lang='lat' dir='ltr'><strong>non</strong></span> <span class='ocrx_word' id='word_1_383' title='bbox 1869 4578 1992 4649; x_wconf 91' lang='lat' dir='ltr'><strong>quid</strong></span> <span class='ocrx_word' id='word_1_384' title='bbox 2017 4579 2130 4648; x_wconf 90' lang='lat' dir='ltr'><strong>ipse</strong></span> 
     </span>
    </p>
   </div>
   <div class='ocr_carea' id='block_1_48' title="bbox 551 4668 2131 4743">
    <p class='ocr_par' dir='ltr' id='par_1_48' title="bbox 551 4668 2131 4743">
     <span class='ocr_line' id='line_1_48' title="bbox 551 4668 2131 4743; baseline 0.004 -23"><span class='ocrx_word' id='word_1_385' title='bbox 551 4668 716 4721; x_wconf 84' lang='lat' dir='ltr'><strong>velit:</strong></span> <span class='ocrx_word' id='word_1_386' title='bbox 749 4669 840 4723; x_wconf 89' lang='lat' dir='ltr'><strong>sed</strong></span> <span class='ocrx_word' id='word_1_387' title='bbox 868 4672 990 4738; x_wconf 81' lang='lat' dir='ltr'><strong>quid</strong></span> <span class='ocrx_word' id='word_1_388' title='bbox 1020 4673 1214 4726; x_wconf 85' lang='lat' dir='ltr'><strong>sentiat</strong></span> <span class='ocrx_word' id='word_1_389' title='bbox 1244 4672 1332 4726; x_wconf 91' lang='lat' dir='ltr'><strong>ille</strong></span> <span class='ocrx_word' id='word_1_390' title='bbox 1349 4687 1507 4741; x_wconf 89' lang='lat' dir='ltr'><strong>quem</strong></span> <span class='ocrx_word' id='word_1_391' title='bbox 1537 4673 1936 4743; x_wconf 77' lang='lat' dir='ltr'><strong>interpretatur,</strong></span> <span class='ocrx_word' id='word_1_392' title='bbox 1957 4687 2131 4741; x_wconf 74' lang='lat' dir='ltr'><strong>cxpo~</strong></span> 
     </span>
    </p>
   </div>
   <div class='ocr_carea' id='block_1_49' title="bbox 549 4761 2129 4834">
    <p class='ocr_par' dir='ltr' id='par_1_49' title="bbox 549 4761 2129 4834">
     <span class='ocr_line' id='line_1_49' title="bbox 549 4761 2129 4834; baseline 0.004 -20"><span class='ocrx_word' id='word_1_393' title='bbox 549 4774 702 4815; x_wconf 85' lang='lat' dir='ltr'><strong>nere.</strong></span> <span class='ocrx_word' id='word_1_394' title='bbox 733 4761 942 4830; x_wconf 86' lang='lat' dir='ltr'><strong>Alioqui</strong></span> <span class='ocrx_word' id='word_1_395' title='bbox 971 4763 1014 4815; x_wconf 91' lang='lat' dir='ltr'><strong>si</strong></span> <span class='ocrx_word' id='word_1_396' title='bbox 1043 4765 1309 4818; x_wconf 91' lang='lat' dir='ltr'><strong>contraria</strong></span> <span class='ocrx_word' id='word_1_397' title='bbox 1338 4765 1553 4830; x_wconf 86' lang='lat' dir='ltr'><strong>dixerit,</strong></span> <span class='ocrx_word' id='word_1_398' title='bbox 1585 4780 1688 4818; x_wconf 89' lang='lat' dir='ltr'><strong>non</strong></span> <span class='ocrx_word' id='word_1_399' title='bbox 1730 4774 1833 4819; x_wconf 91' lang='lat' dir='ltr'><strong>tam</strong></span> <span class='ocrx_word' id='word_1_400' title='bbox 1862 4765 2129 4834; x_wconf 89' lang='lat' dir='ltr'><strong>interpres</strong></span> 
     </span>
    </p>
   </div>
   <div class='ocr_carea' id='block_1_50' title="bbox 550 4850 2125 4926">
    <p class='ocr_par' dir='ltr' id='par_1_50' title="bbox 550 4850 2125 4926">
     <span class='ocr_line' id='line_1_50' title="bbox 550 4850 2125 4926; baseline 0.003 -22"><span class='ocrx_word' id='word_1_401' title='bbox 550 4851 670 4910; x_wconf 88' lang='lat' dir='ltr'><strong>erit.</strong></span> <span class='ocrx_word' id='word_1_402' title='bbox 704 4865 861 4920; x_wconf 90' lang='lat' dir='ltr'><strong>quam</strong></span> <span class='ocrx_word' id='word_1_403' title='bbox 890 4850 1226 4908; x_wconf 88' lang='lat' dir='ltr'><strong>adversarius</strong></span> <span class='ocrx_word' id='word_1_404' title='bbox 1250 4855 1387 4922; x_wconf 88' lang='lat' dir='ltr'><strong>ejus.</strong></span> <span class='ocrx_word' id='word_1_405' title='bbox 1416 4871 1572 4924; x_wconf 89' lang='lat' dir='ltr'><strong>quem</strong></span> <span class='ocrx_word' id='word_1_406' title='bbox 1603 4856 1788 4910; x_wconf 90' lang='lat' dir='ltr'><strong>nititur</strong></span> <span class='ocrx_word' id='word_1_407' title='bbox 1815 4856 2125 4926; x_wconf 86' lang='lat' dir='ltr'><strong>explanare.</strong></span> 
     </span>
    </p>
   </div>
   <div class='ocr_carea' id='block_1_51' title="bbox 548 4938 2128 5014">
    <p class='ocr_par' dir='ltr' id='par_1_51' title="bbox 548 4938 2128 5014">
     <span class='ocr_line' id='line_1_51' title="bbox 548 4938 2128 5014; baseline 0.004 -20"><span class='ocrx_word' id='word_1_408' title='bbox 548 4938 709 4994; x_wconf 85' lang='lat' dir='ltr'><strong>Certe</strong></span> <span class='ocrx_word' id='word_1_409' title='bbox 748 4939 1068 5010; x_wconf 84' lang='lat' dir='ltr'><strong>ubicumque</strong></span> <span class='ocrx_word' id='word_1_410' title='bbox 1110 4943 1411 5012; x_wconf 79' lang='lat' dir='ltr'><strong>Scriptums</strong></span> <span class='ocrx_word' id='word_1_411' title='bbox 1457 4960 1560 4998; x_wconf 91' lang='lat' dir='ltr'><strong>non</strong></span> <span class='ocrx_word' id='word_1_412' title='bbox 1601 4945 1951 5014; x_wconf 88' lang='lat' dir='ltr'><strong>interpretor,</strong></span> <span class='ocrx_word' id='word_1_413' title='bbox 1983 4955 2037 5001; x_wconf 88' lang='lat' dir='ltr'><strong>et</strong></span> <span class='ocrx_word' id='word_1_414' title='bbox 2063 4946 2128 5000; x_wconf 90' lang='lat' dir='ltr'><strong>li-</strong></span> 
     </span>
    </p>
   </div>
   <div class='ocr_carea' id='block_1_52' title="bbox 549 5033 2124 5104">
    <p class='ocr_par' dir='ltr' id='par_1_52' title="bbox 549 5033 2124 5104">
     <span class='ocr_line' id='line_1_52' title="bbox 549 5033 2124 5104; baseline 0.003 -16"><span class='ocrx_word' id='word_1_415' title='bbox 549 5033 678 5088; x_wconf 88' lang='lat' dir='ltr'><strong>bere</strong></span> <span class='ocrx_word' id='word_1_416' title='bbox 693 5033 760 5088; x_wconf 92' lang='lat' dir='ltr'><strong>de</strong></span> <span class='ocrx_word' id='word_1_417' title='bbox 781 5048 902 5087; x_wconf 91' lang='lat' dir='ltr'><strong>meo</strong></span> <span class='ocrx_word' id='word_1_418' title='bbox 923 5049 1080 5088; x_wconf 87' lang='lat' dir='ltr'><strong>sensu</strong></span> <span class='ocrx_word' id='word_1_419' title='bbox 1107 5036 1316 5104; x_wconf 86' lang='lat' dir='ltr'><strong>loquor,</strong></span> <span class='ocrx_word' id='word_1_420' title='bbox 1337 5045 1524 5104; x_wconf 83' lang='lat' dir='ltr'><strong>arguat</strong></span> <span class='ocrx_word' id='word_1_421' title='bbox 1546 5053 1630 5090; x_wconf 90' lang='lat' dir='ltr'><strong>me</strong></span> <span class='ocrx_word' id='word_1_422' title='bbox 1651 5038 1732 5091; x_wconf 91' lang='lat' dir='ltr'><strong>cui</strong></span> <span class='ocrx_word' id='word_1_423' title='bbox 1765 5037 1907 5100; x_wconf 90' lang='lat' dir='ltr'><strong>libet,</strong></span> <span class='ocrx_word' id='word_1_424' title='bbox 1933 5038 2124 5092; x_wconf 89' lang='lat' dir='ltr'><strong>durum</strong></span> 
     </span>
    </p>
   </div>
   <div class='ocr_carea' id='block_1_53' title="bbox 547 5123 2126 5196">
    <p class='ocr_par' dir='ltr' id='par_1_53' title="bbox 547 5123 2126 5196">
     <span class='ocr_line' id='line_1_53' title="bbox 547 5123 2126 5196; baseline 0.004 -23"><span class='ocrx_word' id='word_1_425' title='bbox 547 5123 674 5192; x_wconf 88' lang='lat' dir='ltr'><strong>quid</strong></span> <span class='ocrx_word' id='word_1_426' title='bbox 716 5123 914 5179; x_wconf 74' lang='lat' dir='ltr'><strong>dixisse</strong></span> <span class='ocrx_word' id='word_1_427' title='bbox 967 5132 1151 5179; x_wconf 83' lang='lat' dir='ltr'><strong>contra</strong></span> <span class='ocrx_word' id='word_1_428' title='bbox 1189 5125 1424 5194; x_wconf 89' lang='lat' dir='ltr'><strong>nuptias.</strong></span> <span class='ocrx_word' id='word_1_429' title='bbox 1465 5125 1618 5192; x_wconf 85' lang='lat' dir='ltr'><strong>Quod</strong></span> <span class='ocrx_word' id='word_1_430' title='bbox 1671 5128 1714 5182; x_wconf 88' lang='lat' dir='ltr'><strong>si</strong></span> <span class='ocrx_word' id='word_1_431' title='bbox 1759 5143 1864 5180; x_wconf 91' lang='lat' dir='ltr'><strong>non</strong></span> <span class='ocrx_word' id='word_1_432' title='bbox 1909 5144 2126 5196; x_wconf 88' lang='lat' dir='ltr'><strong>repere-</strong></span> 
     </span>
    </p>
   </div>
   <div class='ocr_carea' id='block_1_54' title="bbox 546 5213 2121 5290">
    <p class='ocr_par' dir='ltr' id='par_1_54' title="bbox 546 5213 2121 5290">
     <span class='ocr_line' id='line_1_54' title="bbox 546 5213 2121 5290; baseline 0.002 -22"><span class='ocrx_word' id='word_1_433' title='bbox 546 5214 638 5277; x_wconf 82' lang='lat' dir='ltr'><strong>rit,</strong></span> <span class='ocrx_word' id='word_1_434' title='bbox 661 5213 912 5284; x_wconf 85' lang='lat' dir='ltr'><strong>quidquid</strong></span> <span class='ocrx_word' id='word_1_435' title='bbox 929 5215 1009 5268; x_wconf 88' lang='lat' dir='ltr'><strong>vel</strong></span> <span class='ocrx_word' id='word_1_436' title='bbox 1030 5225 1300 5270; x_wconf 89' lang='lat' dir='ltr'><strong>austerum</strong></span> <span class='ocrx_word' id='word_1_437' title='bbox 1319 5229 1439 5269; x_wconf 88' lang='lat' dir='ltr'><strong>esse</strong></span> <span class='ocrx_word' id='word_1_438' title='bbox 1457 5216 1682 5281; x_wconf 87' lang='lat' dir='ltr'><strong>videtur,</strong></span> <span class='ocrx_word' id='word_1_439' title='bbox 1712 5219 1794 5271; x_wconf 87' lang='lat' dir='ltr'><strong>vel</strong></span> <span class='ocrx_word' id='word_1_440' title='bbox 1810 5217 2021 5284; x_wconf 91' lang='lat' dir='ltr'><strong>durum,</strong></span> <span class='ocrx_word' id='word_1_441' title='bbox 2051 5219 2121 5290; x_wconf 75' lang='grc' dir='ltr'><strong>(ὁ)</strong></span> 
     </span>
    </p>
   </div>
   <div class='ocr_carea' id='block_1_55' title="bbox 545 5306 2123 5381">
    <p class='ocr_par' dir='ltr' id='par_1_55' title="bbox 545 5306 2123 5381">
     <span class='ocr_line' id='line_1_55' title="bbox 545 5306 2123 5381; baseline 0.004 -21"><span class='ocrx_word' id='word_1_442' title='bbox 545 5306 598 5360; x_wconf 87' lang='lat' dir='ltr'><strong>id</strong></span> <span class='ocrx_word' id='word_1_443' title='bbox 617 5306 900 5376; x_wconf 87' lang='lat' dir='ltr'><strong>Scriptoris</strong></span> <span class='ocrx_word' id='word_1_444' title='bbox 913 5307 1233 5372; x_wconf 88' lang='lat' dir='ltr'><strong>auctoritati,</strong></span> <span class='ocrx_word' id='word_1_445' title='bbox 1255 5320 1358 5359; x_wconf 91' lang='lat' dir='ltr'><strong>non</strong></span> <span class='ocrx_word' id='word_1_446' title='bbox 1377 5306 1678 5375; x_wconf 89' lang='lat' dir='ltr'><strong>interpretis</strong></span> <span class='ocrx_word' id='word_1_447' title='bbox 1689 5309 1749 5362; x_wconf 90' lang='lat' dir='ltr'><strong>of</strong></span> <span class='ocrx_word' id='word_1_448' title='bbox 1749 5310 1866 5365; x_wconf 87' lang='lat' dir='ltr'><strong>licio</strong></span> <span class='ocrx_word' id='word_1_449' title='bbox 1885 5310 2123 5381; x_wconf 87' lang='lat' dir='ltr'><strong>deputet.</strong></span> 
     </span>
    </p>
   </div>
   <div class='ocr_carea' id='block_1_56' title="bbox 621 5397 2124 5474">
    <p class='ocr_par' dir='ltr' id='par_1_56' title="bbox 621 5397 2124 5474">
     <span class='ocr_line' id='line_1_56' title="bbox 621 5397 2124 5474; baseline 0.001 -18"><span class='ocrx_word' id='word_1_450' title='bbox 621 5400 710 5456; x_wconf 74' lang='grc'><strong>18.</strong></span> <span class='ocrx_word' id='word_1_451' title='bbox 761 5397 896 5454; x_wconf 85' lang='lat' dir='ltr'><strong>Illud</strong></span> <span class='ocrx_word' id='word_1_452' title='bbox 929 5414 1054 5455; x_wconf 92' lang='lat' dir='ltr'><strong>vero</strong></span> <span class='ocrx_word' id='word_1_453' title='bbox 1067 5399 1209 5454; x_wconf 80' lang='lat' dir='ltr'><strong>ferre</strong></span> <span class='ocrx_word' id='word_1_454' title='bbox 1230 5397 1349 5468; x_wconf 87' lang='lat' dir='ltr'><strong>quis</strong></span> <span class='ocrx_word' id='word_1_455' title='bbox 1371 5399 1557 5468; x_wconf 81' lang='lat' dir='ltr'><strong>possit,</strong></span> <span class='ocrx_word' id='word_1_456' title='bbox 1578 5401 1718 5469; x_wconf 88' lang='lat' dir='ltr'><strong>quod</strong></span> <span class='ocrx_word' id='word_1_457' title='bbox 1749 5402 1802 5456; x_wconf 91' lang='lat' dir='ltr'><strong>in</strong></span> <span class='ocrx_word' id='word_1_458' title='bbox 1834 5417 1920 5458; x_wconf 91' lang='lat' dir='ltr'><strong>me</strong></span> <span class='ocrx_word' id='word_1_459' title='bbox 1939 5418 2124 5474; x_wconf 87' lang='lat' dir='ltr'><strong>repre-</strong></span> 
     </span>
    </p>
   </div>
   <div class='ocr_carea' id='block_1_57' title="bbox 612 5577 2125 5646">
    <p class='ocr_par' dir='ltr' id='par_1_57' title="bbox 612 5577 2125 5646">
     <span class='ocr_line' id='line_1_57' title="bbox 612 5577 2125 5646; baseline 0.002 -16"><span class='ocrx_word' id='word_1_460' title='bbox 612 5580 684 5646; x_wconf 80' lang='lat' dir='ltr'><strong>(a)</strong></span> <span class='ocrx_word' id='word_1_461' title='bbox 717 5581 876 5631; x_wconf 88' lang='lat' dir='ltr'><strong>Vetus</strong></span> <span class='ocrx_word' id='word_1_462' title='bbox 896 5581 1077 5636; x_wconf 84' lang='lat' dir='ltr'><strong>Editio,</strong></span> <span class='ocrx_word' id='word_1_463' title='bbox 1101 5579 1146 5631; x_wconf 79' lang='lat' dir='ltr'><strong>si</strong></span> <span class='ocrx_word' id='word_1_464' title='bbox 1177 5585 1338 5629; x_wconf 82' lang='lat' dir='ltr'><strong>autem</strong></span> <span class='ocrx_word' id='word_1_465' title='bbox 1368 5577 1449 5628; x_wconf 80' lang='lat' dir='ltr'><strong>uri</strong></span> <span class='ocrx_word' id='word_1_466' title='bbox 1480 5578 1659 5630; x_wconf 71' lang='lat' dir='ltr'><strong>nulum</strong></span> <span class='ocrx_word' id='word_1_467' title='bbox 1691 5588 1786 5642; x_wconf 79' lang='lat' dir='ltr'><strong>est,</strong></span> <span class='ocrx_word' id='word_1_468' title='bbox 1831 5582 1957 5646; x_wconf 75' lang='lat' dir='ltr'><strong>quod</strong></span> <span class='ocrx_word' id='word_1_469' title='bbox 1998 5582 2125 5633; x_wconf 88' lang='lat' dir='ltr'><strong>malo</strong></span> 
     </span>
    </p>
   </div>
   <div class='ocr_carea' id='block_1_58' title="bbox 545 5645 2122 5773">
    <p class='ocr_par' dir='ltr' id='par_1_58' title="bbox 545 5645 2122 5773">
     <span class='ocr_line' id='line_1_58' title="bbox 545 5645 2099 5714; baseline 0.005 -25"><span class='ocrx_word' id='word_1_470' title='bbox 545 5645 826 5704; x_wconf 76' lang='lat' dir='ltr'><strong>pra&#39;fertur,</strong></span> <span class='ocrx_word' id='word_1_471' title='bbox 851 5652 946 5694; x_wconf 86' lang='lat' dir='ltr'><strong>etc.</strong></span> <span class='ocrx_word' id='word_1_472' title='bbox 1364 5699 1376 5709; x_wconf 54' lang='grc'><em>,</em></span> <span class='ocrx_word' id='word_1_473' title='bbox 1595 5701 1607 5710; x_wconf 36' lang='grc' dir='ltr'>θ</span> <span class='ocrx_word' id='word_1_474' title='bbox 1680 5703 1693 5714; x_wconf 81' lang='lat'>_</span> <span class='ocrx_word' id='word_1_475' title='bbox 1848 5645 1868 5713; x_wconf 46' lang='grc'><strong>⁷.</strong></span> <span class='ocrx_word' id='word_1_476' title='bbox 2088 5703 2099 5714; x_wconf 45' lang='grc'><strong><em>⁸</em></strong></span> 
     </span>
     <span class='ocr_line' id='line_1_59' title="bbox 581 5702 2122 5773; baseline 0.004 -22"><span class='ocrx_word' id='word_1_477' title='bbox 581 5703 679 5773; x_wconf 61' lang='grc' dir='ltr'><strong>μ»)</strong></span> <span class='ocrx_word' id='word_1_478' title='bbox 711 5704 910 5773; x_wconf 48' lang='lat' dir='ltr'><strong>Iisdem,</strong></span> <span class='ocrx_word' id='word_1_479' title='bbox 937 5704 992 5757; x_wconf 82' lang='lat' dir='ltr'><strong>id</strong></span> <span class='ocrx_word' id='word_1_480' title='bbox 1026 5717 1119 5756; x_wconf 86' lang='lat' dir='ltr'><strong>non</strong></span> <span class='ocrx_word' id='word_1_481' title='bbox 1142 5702 1399 5768; x_wconf 79' lang='lat' dir='ltr'><strong>scriptam</strong></span> <span class='ocrx_word' id='word_1_482' title='bbox 1421 5707 1712 5767; x_wconf 69' lang='lat' dir='ltr'><strong>auctoritati,</strong></span> <span class='ocrx_word' id='word_1_483' title='bbox 1733 5705 1818 5756; x_wconf 79' lang='lat' dir='ltr'><strong>sed</strong></span> <span class='ocrx_word' id='word_1_484' title='bbox 1850 5711 2122 5769; x_wconf 77' lang='lat' dir='ltr'><strong>uttcrprctts</strong></span> 
     </span>
    </p>
   </div>
   <div class='ocr_carea' id='block_1_59' title="bbox 541 5762 925 5838">
    <p class='ocr_par' dir='ltr' id='par_1_59' title="bbox 541 5762 925 5838">
     <span class='ocr_line' id='line_1_60' title="bbox 541 5762 925 5838; baseline 0.018 -28"><span class='ocrx_word' id='word_1_485' title='bbox 541 5762 696 5838; x_wconf 66' lang='lat' dir='ltr'><strong>oﬁicio</strong></span> <span class='ocrx_word' id='word_1_486' title='bbox 717 5765 925 5830; x_wconf 80' lang='lat' dir='ltr'><strong>deputet.</strong></span> 
     </span>
    </p>
   </div>
   <div class='ocr_carea' id='block_1_60' title="bbox 1887 301 2546 402">
    <p class='ocr_par' dir='ltr' id='par_1_60' title="bbox 1887 301 2546 402">
     <span class='ocr_line' id='line_1_61' title="bbox 1887 301 2546 402; baseline 0 0"><span class='ocrx_word' id='word_1_487' title='bbox 1887 301 2131 402; x_wconf 60' lang='lat' dir='ltr'><strong>SANCTI</strong></span> <span class='ocrx_word' id='word_1_488' title='bbox 2173 346 2546 402; x_wconf 65' lang='lat' dir='ltr'><strong>lllEl‘tONYMl</strong></span> 
     </span>
    </p>
   </div>
   <div class='ocr_carea' id='block_1_61' title="bbox 2218 5582 2642 5647">
    <p class='ocr_par' dir='ltr' id='par_1_61' title="bbox 2218 5582 2642 5647">
     <span class='ocr_line' id='line_1_62' title="bbox 2218 5582 2642 5647; baseline -0.017 -10"><span class='ocrx_word' id='word_1_489' title='bbox 2218 5582 2642 5647; x_wconf 52' lang='lat' dir='ltr'><strong>jmfuirginitatis</strong></span> 
     </span>
    </p>
   </div>
   <div class='ocr_carea' id='block_1_62' title="bbox 3740 359 3846 418">
    <p class='ocr_par' dir='ltr' id='par_1_62' title="bbox 3740 359 3846 418">
     <span class='ocr_line' id='line_1_63' title="bbox 3740 359 3846 418; baseline 0.028 -3"><span class='ocrx_word' id='word_1_490' title='bbox 3740 359 3846 418; x_wconf 73' lang='lat'><strong>5&#39;08</strong></span> 
     </span>
    </p>
   </div>
   <div class='ocr_carea' id='block_1_63' title="bbox 2267 458 3845 543">
    <p class='ocr_par' dir='ltr' id='par_1_63' title="bbox 2267 458 3845 543">
     <span class='ocr_line' id='line_1_64' title="bbox 2267 458 3845 543; baseline 0.012 -33"><span class='ocrx_word' id='word_1_491' title='bbox 2267 458 2516 512; x_wconf 88' lang='lat' dir='ltr'><strong>beuditnr</strong></span> <span class='ocrx_word' id='word_1_492' title='bbox 2545 475 2558 510; x_wconf 91' lang='lat'><strong>:</strong></span> <span class='ocrx_word' id='word_1_493' title='bbox 2590 473 2753 529; x_wconf 87' lang='lat' dir='ltr'><strong>quare</strong></span> <span class='ocrx_word' id='word_1_494' title='bbox 2772 476 3042 533; x_wconf 78' lang='lat' dir='ltr'><strong>exponens</strong></span> <span class='ocrx_word' id='word_1_495' title='bbox 3062 465 3350 534; x_wconf 87' lang='lat' dir='ltr'><strong>capitulum</strong></span> <span class='ocrx_word' id='word_1_496' title='bbox 3369 468 3631 538; x_wconf 80' lang='lat' dir='ltr'><strong>Apostoli,</strong></span> <span class='ocrx_word' id='word_1_497' title='bbox 3663 469 3716 526; x_wconf 91' lang='lat' dir='ltr'><strong>in</strong></span> <span class='ocrx_word' id='word_1_498' title='bbox 3739 488 3845 543; x_wconf 84' lang='lat' dir='ltr'><strong>quo</strong></span> 
     </span>
    </p>
   </div>
   <div class='ocr_carea' id='block_1_64' title="bbox 2258 549 3844 624">
    <p class='ocr_par' dir='ltr' id='par_1_64' title="bbox 2258 549 3844 624">
     <span class='ocr_line' id='line_1_65' title="bbox 2258 549 3844 624; baseline 0.009 -21"><span class='ocrx_word' id='word_1_499' title='bbox 2258 549 2325 604; x_wconf 91' lang='lat' dir='ltr'><strong>de</strong></span> <span class='ocrx_word' id='word_1_500' title='bbox 2349 551 2661 620; x_wconf 84' lang='lat' dir='ltr'><strong>conjugibus</strong></span> <span class='ocrx_word' id='word_1_501' title='bbox 2702 553 2935 624; x_wconf 87' lang='lat' dir='ltr'><strong>scripsit,</strong></span> <span class='ocrx_word' id='word_1_502' title='bbox 2965 574 2984 608; x_wconf 79' lang='lat' dir='ltr'><strong>r</strong></span> <span class='ocrx_word' id='word_1_503' title='bbox 3016 557 3410 613; x_wconf 85' lang='lat' dir='ltr'><strong>tribulationem</strong></span> <span class='ocrx_word' id='word_1_504' title='bbox 3464 563 3641 617; x_wconf 82' lang='lat' dir='ltr'><strong>carnis</strong></span> <span class='ocrx_word' id='word_1_505' title='bbox 3682 561 3844 619; x_wconf 88' lang='lat' dir='ltr'><strong>babe-</strong></span> 
     </span>
    </p>
   </div>
   <div class='ocr_carea' id='block_1_65' title="bbox 2259 640 3841 724">
    <p class='ocr_par' dir='ltr' id='par_1_65' title="bbox 2259 640 3841 724">
     <span class='ocr_line' id='line_1_66' title="bbox 2259 640 3841 724; baseline 0.011 -30"><span class='ocrx_word' id='word_1_506' title='bbox 2259 640 2388 694; x_wconf 90' lang='lat' dir='ltr'><strong>bunt</strong></span> <span class='ocrx_word' id='word_1_507' title='bbox 2410 640 2740 710; x_wconf 64' lang='lat' dir='ltr'><strong>hujusmodi»</strong></span> <span class='ocrx_word' id='word_1_508' title='bbox 2771 643 3173 718; x_wconf 76' lang='lat' dir='ltr'><strong>(l.Cor.7,28),</strong></span> <span class='ocrx_word' id='word_1_509' title='bbox 3197 649 3423 704; x_wconf 77' lang='lat' dir='ltr'><strong>dixerim</strong></span> <span class='ocrx_word' id='word_1_510' title='bbox 3449 668 3464 703; x_wconf 91' lang='lat'><strong><em>:</em></strong></span> <span class='ocrx_word' id='word_1_511' title='bbox 3498 669 3518 703; x_wconf 77' lang='lat' dir='ltr'><strong>r</strong></span> <span class='ocrx_word' id='word_1_512' title='bbox 3539 652 3646 706; x_wconf 85' lang='lat' dir='ltr'><strong>Nos</strong></span> <span class='ocrx_word' id='word_1_513' title='bbox 3675 653 3841 724; x_wconf 84' lang='lat' dir='ltr'><strong>ignari</strong></span> 
     </span>
    </p>
   </div>
   <div class='ocr_carea' id='block_1_66' title="bbox 2258 735 3930 807">
    <p class='ocr_par' dir='ltr' id='par_1_66' title="bbox 2258 735 3930 807">
     <span class='ocr_line' id='line_1_67' title="bbox 2258 735 3930 807; baseline 0.01 -21"><span class='ocrx_word' id='word_1_514' title='bbox 2258 747 2435 786; x_wconf 89' lang='lat' dir='ltr'><strong>rerum</strong></span> <span class='ocrx_word' id='word_1_515' title='bbox 2469 735 2781 801; x_wconf 85' lang='lat' dir='ltr'><strong>putabamus</strong></span> <span class='ocrx_word' id='word_1_516' title='bbox 2827 738 3038 807; x_wconf 84' lang='lat' dir='ltr'><strong>nuptias</strong></span> <span class='ocrx_word' id='word_1_517' title='bbox 3063 740 3252 794; x_wconf 80' lang='lat' dir='ltr'><strong>saltem</strong></span> <span class='ocrx_word' id='word_1_518' title='bbox 3280 741 3458 796; x_wconf 87' lang='lat' dir='ltr'><strong>carnis</strong></span> <span class='ocrx_word' id='word_1_519' title='bbox 3486 742 3686 800; x_wconf 85' lang='lat' dir='ltr'><strong>habere</strong></span> <span class='ocrx_word' id='word_1_520' title='bbox 3711 745 3841 801; x_wconf 69' lang='lat' dir='ltr'><strong>Imti-</strong></span> <span class='ocrx_word' id='word_1_521' title='bbox 3923 767 3930 777; x_wconf 62' lang='grc' dir='ltr'>ι</span> 
     </span>
    </p>
   </div>
   <div class='ocr_carea' id='block_1_67' title="bbox 2260 822 3837 903">
    <p class='ocr_par' dir='ltr' id='par_1_67' title="bbox 2260 822 3837 903">
     <span class='ocr_line' id='line_1_68' title="bbox 2260 822 3837 903; baseline 0.011 -29"><span class='ocrx_word' id='word_1_522' title='bbox 2260 822 2406 876; x_wconf 86' lang='lat' dir='ltr'><strong>tiam.</strong></span> <span class='ocrx_word' id='word_1_523' title='bbox 2436 822 2492 877; x_wconf 88' lang='lat' dir='ltr'><strong>Si</strong></span> <span class='ocrx_word' id='word_1_524' title='bbox 2515 833 2690 879; x_wconf 87' lang='lat' dir='ltr'><strong>autem</strong></span> <span class='ocrx_word' id='word_1_525' title='bbox 2715 827 3032 883; x_wconf 89' lang='lat' dir='ltr'><strong>nubentibus</strong></span> <span class='ocrx_word' id='word_1_526' title='bbox 3057 839 3112 884; x_wconf 92' lang='lat' dir='ltr'><strong>et</strong></span> <span class='ocrx_word' id='word_1_527' title='bbox 3140 831 3192 884; x_wconf 93' lang='lat' dir='ltr'><strong>in</strong></span> <span class='ocrx_word' id='word_1_528' title='bbox 3219 846 3382 888; x_wconf 87' lang='lat' dir='ltr'><strong>carne</strong></span> <span class='ocrx_word' id='word_1_529' title='bbox 3425 834 3697 891; x_wconf 88' lang='lat' dir='ltr'><strong>tribulatio</strong></span> <span class='ocrx_word' id='word_1_530' title='bbox 3736 847 3837 903; x_wconf 88' lang='lat' dir='ltr'><strong>est,</strong></span> 
     </span>
    </p>
   </div>
   <div class='ocr_carea' id='block_1_68' title="bbox 2256 911 3834 993">
    <p class='ocr_par' dir='ltr' id='par_1_68' title="bbox 2256 911 3834 993">
     <span class='ocr_line' id='line_1_69' title="bbox 2256 911 3834 993; baseline 0.012 -29"><span class='ocrx_word' id='word_1_531' title='bbox 2256 911 2308 965; x_wconf 91' lang='lat' dir='ltr'><strong>in</strong></span> <span class='ocrx_word' id='word_1_532' title='bbox 2335 927 2436 982; x_wconf 88' lang='lat' dir='ltr'><strong>qua</strong></span> <span class='ocrx_word' id='word_1_533' title='bbox 2459 913 2572 968; x_wconf 91' lang='lat' dir='ltr'><strong>sola</strong></span> <span class='ocrx_word' id='word_1_534' title='bbox 2597 915 2909 971; x_wconf 86' lang='lat' dir='ltr'><strong>videbantur</strong></span> <span class='ocrx_word' id='word_1_535' title='bbox 2946 919 3143 974; x_wconf 86' lang='lat' dir='ltr'><strong>habere</strong></span> <span class='ocrx_word' id='word_1_536' title='bbox 3163 920 3401 989; x_wconf 84' lang='lat' dir='ltr'><strong>delicias,</strong></span> <span class='ocrx_word' id='word_1_537' title='bbox 3431 923 3556 993; x_wconf 89' lang='lat' dir='ltr'><strong>quid</strong></span> <span class='ocrx_word' id='word_1_538' title='bbox 3585 926 3688 980; x_wconf 88' lang='lat' dir='ltr'><strong>erit</strong></span> <span class='ocrx_word' id='word_1_539' title='bbox 3712 928 3834 983; x_wconf 82' lang='lat' dir='ltr'><strong>reli-</strong></span> 
     </span>
    </p>
   </div>
   <div class='ocr_carea' id='block_1_69' title="bbox 2253 1008 3837 1084">
    <p class='ocr_par' dir='ltr' id='par_1_69' title="bbox 2253 1008 3837 1084">
     <span class='ocr_line' id='line_1_70' title="bbox 2253 1008 3837 1084; baseline 0.013 -29"><span class='ocrx_word' id='word_1_540' title='bbox 2253 1015 2374 1056; x_wconf 87' lang='lat' dir='ltr'><strong>cum</strong></span> <span class='ocrx_word' id='word_1_541' title='bbox 2403 1014 2619 1074; x_wconf 88' lang='lat' dir='ltr'><strong>propter</strong></span> <span class='ocrx_word' id='word_1_542' title='bbox 2660 1008 2800 1078; x_wconf 91' lang='lat' dir='ltr'><strong>qnod</strong></span> <span class='ocrx_word' id='word_1_543' title='bbox 2840 1009 3060 1074; x_wconf 82' lang='lat' dir='ltr'><strong>nubant.</strong></span> <span class='ocrx_word' id='word_1_544' title='bbox 3091 1025 3213 1066; x_wconf 89' lang='lat' dir='ltr'><strong>cum</strong></span> <span class='ocrx_word' id='word_1_545' title='bbox 3262 1021 3317 1067; x_wconf 91' lang='lat' dir='ltr'><strong>et</strong></span> <span class='ocrx_word' id='word_1_546' title='bbox 3361 1014 3416 1068; x_wconf 92' lang='lat' dir='ltr'><strong>in</strong></span> <span class='ocrx_word' id='word_1_547' title='bbox 3444 1015 3655 1084; x_wconf 72' lang='lat' dir='ltr'><strong>Spiritu,</strong></span> <span class='ocrx_word' id='word_1_548' title='bbox 3687 1027 3743 1072; x_wconf 91' lang='lat' dir='ltr'><strong>et</strong></span> <span class='ocrx_word' id='word_1_549' title='bbox 3785 1019 3837 1074; x_wconf 91' lang='lat' dir='ltr'><strong>in</strong></span> 
     </span>
    </p>
   </div>
   <div class='ocr_carea' id='block_1_70' title="bbox 2253 1095 3838 1174">
    <p class='ocr_par' dir='ltr' id='par_1_70' title="bbox 2253 1095 3838 1174">
     <span class='ocr_line' id='line_1_71' title="bbox 2253 1095 3838 1174; baseline 0.012 -27"><span class='ocrx_word' id='word_1_550' title='bbox 2253 1095 2450 1162; x_wconf 89' lang='lat' dir='ltr'><strong>anima,</strong></span> <span class='ocrx_word' id='word_1_551' title='bbox 2473 1107 2526 1151; x_wconf 91' lang='lat' dir='ltr'><strong>et</strong></span> <span class='ocrx_word' id='word_1_552' title='bbox 2553 1099 2604 1152; x_wconf 92' lang='lat' dir='ltr'><strong>in</strong></span> <span class='ocrx_word' id='word_1_553' title='bbox 2653 1099 2762 1169; x_wconf 90' lang='lat' dir='ltr'><strong>ipsa</strong></span> <span class='ocrx_word' id='word_1_554' title='bbox 2805 1116 2969 1157; x_wconf 87' lang='lat' dir='ltr'><strong>carne</strong></span> <span class='ocrx_word' id='word_1_555' title='bbox 3018 1102 3286 1158; x_wconf 87' lang='lat' dir='ltr'><strong>tribulatio</strong></span> <span class='ocrx_word' id='word_1_556' title='bbox 3327 1105 3442 1159; x_wconf 83' lang='lat' dir='ltr'><strong>sit?</strong></span> <span class='ocrx_word' id='word_1_557' title='bbox 3477 1124 3497 1159; x_wconf 72' lang='grc' dir='ltr'><strong><em>ι</em></strong></span> <span class='ocrx_word' id='word_1_558' title='bbox 3542 1107 3672 1174; x_wconf 81' lang='lat' dir='ltr'><strong>Quze</strong></span> <span class='ocrx_word' id='word_1_559' title='bbox 3725 1108 3838 1167; x_wconf 77' lang='lat' dir='ltr'><strong>bace</strong></span> 
     </span>
    </p>
   </div>
   <div class='ocr_carea' id='block_1_71' title="bbox 2252 1185 3832 1269">
    <p class='ocr_par' dir='ltr' id='par_1_71' title="bbox 2252 1185 3832 1269">
     <span class='ocr_line' id='line_1_72' title="bbox 2252 1185 3832 1269; baseline 0.011 -31"><span class='ocrx_word' id='word_1_560' title='bbox 2252 1185 2629 1243; x_wconf 89' lang='lat' dir='ltr'><strong>condemnatio</strong></span> <span class='ocrx_word' id='word_1_561' title='bbox 2681 1192 3006 1246; x_wconf 89' lang='lat' dir='ltr'><strong>matrimonii</strong></span> <span class='ocrx_word' id='word_1_562' title='bbox 3035 1201 3150 1255; x_wconf 87' lang='lat' dir='ltr'><strong>est.</strong></span> <span class='ocrx_word' id='word_1_563' title='bbox 3183 1193 3231 1248; x_wconf 91' lang='lat' dir='ltr'><strong>si</strong></span> <span class='ocrx_word' id='word_1_564' title='bbox 3272 1194 3550 1251; x_wconf 88' lang='lat' dir='ltr'><strong>infantium</strong></span> <span class='ocrx_word' id='word_1_565' title='bbox 3592 1200 3832 1269; x_wconf 79' lang='lat' dir='ltr'><strong>vagitus,</strong></span> 
     </span>
    </p>
   </div>
   <div class='ocr_carea' id='block_1_72' title="bbox 2252 1275 3833 1362">
    <p class='ocr_par' dir='ltr' id='par_1_72' title="bbox 2252 1275 3833 1362">
     <span class='ocr_line' id='line_1_73' title="bbox 2252 1275 3833 1362; baseline 0.013 -32"><span class='ocrx_word' id='word_1_566' title='bbox 2252 1275 2482 1334; x_wconf 82' lang='lat' dir='ltr'><strong>ﬁliorum</strong></span> <span class='ocrx_word' id='word_1_567' title='bbox 2512 1290 2732 1348; x_wconf 85' lang='lat' dir='ltr'><strong>mortes,</strong></span> <span class='ocrx_word' id='word_1_568' title='bbox 2761 1283 2964 1338; x_wconf 89' lang='lat' dir='ltr'><strong>abortia</strong></span> <span class='ocrx_word' id='word_1_569' title='bbox 2993 1283 3087 1357; x_wconf 86' lang='lat' dir='ltr'><strong>[al.</strong></span> <span class='ocrx_word' id='word_1_570' title='bbox 3117 1285 3376 1361; x_wconf 79' lang='lat' dir='ltr'><strong>divortia],</strong></span> <span class='ocrx_word' id='word_1_571' title='bbox 3401 1289 3595 1346; x_wconf 79' lang='lat' dir='ltr'><strong>damna</strong></span> <span class='ocrx_word' id='word_1_572' title='bbox 3621 1291 3833 1362; x_wconf 87' lang='lat' dir='ltr'><strong>domus,</strong></span> 
     </span>
    </p>
   </div>
   <div class='ocr_carea' id='block_1_73' title="bbox 2251 1370 3837 1454">
    <p class='ocr_par' dir='ltr' id='par_1_73' title="bbox 2251 1370 3837 1454">
     <span class='ocr_line' id='line_1_74' title="bbox 2251 1370 3837 1454; baseline 0.01 -32"><span class='ocrx_word' id='word_1_573' title='bbox 2251 1376 2305 1422; x_wconf 88' lang='lat' dir='ltr'><strong>et</strong></span> <span class='ocrx_word' id='word_1_574' title='bbox 2341 1378 2536 1424; x_wconf 69' lang='lat' dir='ltr'><strong>ctetera</strong></span> <span class='ocrx_word' id='word_1_575' title='bbox 2564 1370 2866 1441; x_wconf 89' lang='lat' dir='ltr'><strong>hujusmodi</strong></span> <span class='ocrx_word' id='word_1_576' title='bbox 2909 1373 3305 1432; x_wconf 82' lang='lat' dir='ltr'><strong>tribulationem</strong></span> <span class='ocrx_word' id='word_1_577' title='bbox 3348 1378 3584 1434; x_wconf 81' lang='lat' dir='ltr'><strong>diximus</strong></span> <span class='ocrx_word' id='word_1_578' title='bbox 3627 1383 3837 1454; x_wconf 85' lang='lat' dir='ltr'><strong>nuptia-</strong></span> 
     </span>
    </p>
   </div>
   <div class='ocr_carea' id='block_1_74' title="bbox 2251 1459 3832 1541">
    <p class='ocr_par' dir='ltr' id='par_1_74' title="bbox 2251 1459 3832 1541">
     <span class='ocr_line' id='line_1_75' title="bbox 2251 1459 3832 1541; baseline 0.012 -30"><span class='ocrx_word' id='word_1_579' title='bbox 2251 1459 2414 1512; x_wconf 81' lang='lat' dir='ltr'><strong>rum?</strong></span> <span class='ocrx_word' id='word_1_580' title='bbox 2443 1460 2575 1514; x_wconf 90' lang='lat' dir='ltr'><strong>Dum</strong></span> <span class='ocrx_word' id='word_1_581' title='bbox 2602 1461 2876 1517; x_wconf 78' lang='lat' dir='ltr'><strong>adviveret</strong></span> <span class='ocrx_word' id='word_1_582' title='bbox 2903 1461 3016 1535; x_wconf 91' lang='lat' dir='ltr'><strong>[al.</strong></span> <span class='ocrx_word' id='word_1_583' title='bbox 3045 1466 3214 1520; x_wconf 76' lang='lat' dir='ltr'><strong>adimo</strong></span> <span class='ocrx_word' id='word_1_584' title='bbox 3241 1468 3422 1524; x_wconf 78' lang='lat' dir='ltr'><strong>viveret</strong></span> <span class='ocrx_word' id='word_1_585' title='bbox 3446 1468 3468 1541; x_wconf 90' lang='grc'><strong>]</strong></span> <span class='ocrx_word' id='word_1_586' title='bbox 3494 1481 3693 1527; x_wconf 62' lang='lat' dir='ltr'><strong>sanctas</strong></span> <span class='ocrx_word' id='word_1_587' title='bbox 3717 1489 3832 1530; x_wconf 85' lang='lat' dir='ltr'><strong>me-</strong></span> 
     </span>
    </p>
   </div>
   <div class='ocr_carea' id='block_1_75' title="bbox 2251 1550 3831 1620">
    <p class='ocr_par' dir='ltr' id='par_1_75' title="bbox 2251 1550 3831 1620">
     <span class='ocr_line' id='line_1_76' title="bbox 2251 1550 3831 1620; baseline 0.012 -19"><span class='ocrx_word' id='word_1_588' title='bbox 2251 1550 2434 1604; x_wconf 79' lang='lat' dir='ltr'><strong>moria:</strong></span> <span class='ocrx_word' id='word_1_589' title='bbox 2453 1551 2706 1607; x_wconf 89' lang='lat' dir='ltr'><strong>Damasus</strong></span> <span class='ocrx_word' id='word_1_590' title='bbox 2733 1594 2748 1618; x_wconf 92' lang='lat'><strong>,</strong></span> <span class='ocrx_word' id='word_1_591' title='bbox 2772 1554 2960 1609; x_wconf 90' lang='lat' dir='ltr'><strong>librum</strong></span> <span class='ocrx_word' id='word_1_592' title='bbox 2982 1565 3166 1611; x_wconf 88' lang='lat' dir='ltr'><strong>contra</strong></span> <span class='ocrx_word' id='word_1_593' title='bbox 3186 1556 3483 1614; x_wconf 87' lang='lat' dir='ltr'><strong>Helvidium</strong></span> <span class='ocrx_word' id='word_1_594' title='bbox 3514 1578 3534 1612; x_wconf 73' lang='lat' dir='ltr'><strong>c</strong></span> <span class='ocrx_word' id='word_1_595' title='bbox 3566 1561 3632 1617; x_wconf 90' lang='lat' dir='ltr'><strong>de</strong></span> <span class='ocrx_word' id='word_1_596' title='bbox 3657 1563 3831 1620; x_wconf 66' lang='lat' dir='ltr'><strong>Beata:</strong></span> 
     </span>
    </p>
   </div>
   <div class='ocr_carea' id='block_1_76' title="bbox 2249 1638 3830 1722">
    <p class='ocr_par' dir='ltr' id='par_1_76' title="bbox 2249 1638 3830 1722">
     <span class='ocr_line' id='line_1_77' title="bbox 2249 1638 3830 1722; baseline 0.011 -31"><span class='ocrx_word' id='word_1_597' title='bbox 2249 1638 2429 1695; x_wconf 65' lang='lat' dir='ltr'><strong>Marine</strong></span> <span class='ocrx_word' id='word_1_598' title='bbox 2468 1641 2769 1712; x_wconf 79' lang='lat' dir='ltr'><strong>virginitate</strong></span> <span class='ocrx_word' id='word_1_599' title='bbox 2798 1653 3048 1714; x_wconf 82' lang='lat' dir='ltr'><strong>perpetua</strong></span> <span class='ocrx_word' id='word_1_600' title='bbox 3077 1665 3097 1698; x_wconf 71' lang='grc' dir='ltr'><strong><em>ι</em></strong></span> <span class='ocrx_word' id='word_1_601' title='bbox 3133 1649 3478 1719; x_wconf 88' lang='lat' dir='ltr'><strong>scripsimus,</strong></span> <span class='ocrx_word' id='word_1_602' title='bbox 3508 1651 3560 1706; x_wconf 92' lang='lat' dir='ltr'><strong>in</strong></span> <span class='ocrx_word' id='word_1_603' title='bbox 3587 1667 3692 1722; x_wconf 90' lang='lat' dir='ltr'><strong>quo</strong></span> <span class='ocrx_word' id='word_1_604' title='bbox 3733 1670 3830 1708; x_wconf 88' lang='lat' dir='ltr'><strong>nc-</strong></span> 
     </span>
    </p>
   </div>
   <div class='ocr_carea' id='block_1_77' title="bbox 2249 1731 3828 1813">
    <p class='ocr_par' dir='ltr' id='par_1_77' title="bbox 2249 1731 3828 1813">
     <span class='ocr_line' id='line_1_78' title="bbox 2249 1731 3828 1813; baseline 0.009 -29"><span class='ocrx_word' id='word_1_605' title='bbox 2249 1744 2403 1786; x_wconf 90' lang='lat' dir='ltr'><strong>cesse</strong></span> <span class='ocrx_word' id='word_1_606' title='bbox 2428 1731 2526 1786; x_wconf 89' lang='lat' dir='ltr'><strong>fuit</strong></span> <span class='ocrx_word' id='word_1_607' title='bbox 2570 1734 2724 1788; x_wconf 89' lang='lat' dir='ltr'><strong>nobis</strong></span> <span class='ocrx_word' id='word_1_608' title='bbox 2753 1735 2818 1788; x_wconf 91' lang='lat' dir='ltr'><strong>ad</strong></span> <span class='ocrx_word' id='word_1_609' title='bbox 2849 1735 3163 1805; x_wconf 77' lang='lat' dir='ltr'><strong>virginitatis</strong></span> <span class='ocrx_word' id='word_1_610' title='bbox 3206 1737 3587 1796; x_wconf 86' lang='lat' dir='ltr'><strong>beatitudinem</strong></span> <span class='ocrx_word' id='word_1_611' title='bbox 3635 1745 3828 1813; x_wconf 69' lang='lat' dir='ltr'><strong>przedi-</strong></span> 
     </span>
    </p>
   </div>
   <div class='ocr_carea' id='block_1_78' title="bbox 2247 1823 3827 1902">
    <p class='ocr_par' dir='ltr' id='par_1_78' title="bbox 2247 1823 3827 1902">
     <span class='ocr_line' id='line_1_79' title="bbox 2247 1823 3827 1902; baseline 0.008 -24"><span class='ocrx_word' id='word_1_612' title='bbox 2247 1823 2492 1892; x_wconf 90' lang='lat' dir='ltr'><strong>candam,</strong></span> <span class='ocrx_word' id='word_1_613' title='bbox 2528 1826 2688 1880; x_wconf 88' lang='lat' dir='ltr'><strong>multa</strong></span> <span class='ocrx_word' id='word_1_614' title='bbox 2713 1827 2780 1882; x_wconf 89' lang='lat' dir='ltr'><strong>de</strong></span> <span class='ocrx_word' id='word_1_615' title='bbox 2809 1829 3068 1883; x_wconf 81' lang='lat' dir='ltr'><strong>molcStiis</strong></span> <span class='ocrx_word' id='word_1_616' title='bbox 3107 1829 3288 1886; x_wconf 84' lang='lat' dir='ltr'><strong>dicere</strong></span> <span class='ocrx_word' id='word_1_617' title='bbox 3329 1832 3653 1902; x_wconf 90' lang='lat' dir='ltr'><strong>nuptiarum.</strong></span> <span class='ocrx_word' id='word_1_618' title='bbox 3693 1835 3827 1890; x_wconf 83' lang='lat' dir='ltr'><strong>Num</strong></span> 
     </span>
    </p>
   </div>
   <div class='ocr_carea' id='block_1_79' title="bbox 2247 1915 3830 1995">
    <p class='ocr_par' dir='ltr' id='par_1_79' title="bbox 2247 1915 3830 1995">
     <span class='ocr_line' id='line_1_80' title="bbox 2247 1915 3830 1995; baseline 0.01 -27"><span class='ocrx_word' id='word_1_619' title='bbox 2247 1917 2330 1968; x_wconf 87' lang='lat' dir='ltr'><strong>vir</strong></span> <span class='ocrx_word' id='word_1_620' title='bbox 2353 1915 2618 1986; x_wconf 82' lang='lat' dir='ltr'><strong>egregius,</strong></span> <span class='ocrx_word' id='word_1_621' title='bbox 2645 1925 2700 1972; x_wconf 87' lang='lat' dir='ltr'><strong>ct</strong></span> <span class='ocrx_word' id='word_1_622' title='bbox 2727 1918 2967 1974; x_wconf 87' lang='lat' dir='ltr'><strong>eruditus</strong></span> <span class='ocrx_word' id='word_1_623' title='bbox 2997 1919 3050 1974; x_wconf 92' lang='lat' dir='ltr'><strong>in</strong></span> <span class='ocrx_word' id='word_1_624' title='bbox 3071 1919 3381 1990; x_wconf 88' lang='lat' dir='ltr'><strong>Scripturis,</strong></span> <span class='ocrx_word' id='word_1_625' title='bbox 3397 1932 3453 1978; x_wconf 91' lang='lat' dir='ltr'><strong>et</strong></span> <span class='ocrx_word' id='word_1_626' title='bbox 3477 1925 3625 1995; x_wconf 83' lang='lat' dir='ltr'><strong>virgo</strong></span> <span class='ocrx_word' id='word_1_627' title='bbox 3646 1925 3830 1983; x_wconf 65' lang='lat' dir='ltr'><strong>Eccfe-</strong></span> 
     </span>
    </p>
   </div>
   <div class='ocr_carea' id='block_1_80' title="bbox 2248 2000 3829 2089">
    <p class='ocr_par' dir='ltr' id='par_1_80' title="bbox 2248 2000 3829 2089">
     <span class='ocr_line' id='line_1_81' title="bbox 2248 2000 3829 2089; baseline 0.009 -29"><span class='ocrx_word' id='word_1_628' title='bbox 2248 2005 2341 2060; x_wconf 80' lang='lat' dir='ltr'><strong>sia:</strong></span> <span class='ocrx_word' id='word_1_629' title='bbox 2369 2006 2586 2077; x_wconf 82' lang='lat' dir='ltr'><strong>virginis</strong></span> <span class='ocrx_word' id='word_1_630' title='bbox 2615 2000 2824 2075; x_wconf 86' lang='lat' dir='ltr'><strong>doctor,</strong></span> <span class='ocrx_word' id='word_1_631' title='bbox 2849 2010 3046 2079; x_wconf 87' lang='lat' dir='ltr'><strong>aliquid</strong></span> <span class='ocrx_word' id='word_1_632' title='bbox 3071 2011 3124 2066; x_wconf 94' lang='lat' dir='ltr'><strong>in</strong></span> <span class='ocrx_word' id='word_1_633' title='bbox 3153 2012 3242 2067; x_wconf 90' lang='lat' dir='ltr'><strong>illo</strong></span> <span class='ocrx_word' id='word_1_634' title='bbox 3263 2029 3510 2070; x_wconf 88' lang='lat' dir='ltr'><strong>sermone</strong></span> <span class='ocrx_word' id='word_1_635' title='bbox 3540 2018 3829 2089; x_wconf 78' lang='lat' dir='ltr'><strong>reprelien-</strong></span> 
     </span>
    </p>
   </div>
   <div class='ocr_carea' id='block_1_81' title="bbox 2247 2094 3826 2170">
    <p class='ocr_par' dir='ltr' id='par_1_81' title="bbox 2247 2094 3826 2170">
     <span class='ocr_line' id='line_1_82' title="bbox 2247 2094 3826 2170; baseline 0.009 -21"><span class='ocrx_word' id='word_1_636' title='bbox 2247 2094 2366 2150; x_wconf 87' lang='lat' dir='ltr'><strong>dit?</strong></span> <span class='ocrx_word' id='word_1_637' title='bbox 2395 2097 2450 2151; x_wconf 91' lang='lat' dir='ltr'><strong>lu</strong></span> <span class='ocrx_word' id='word_1_638' title='bbox 2483 2097 2617 2153; x_wconf 87' lang='lat' dir='ltr'><strong>libro</strong></span> <span class='ocrx_word' id='word_1_639' title='bbox 2666 2115 2877 2170; x_wconf 89' lang='lat' dir='ltr'><strong>quoque</strong></span> <span class='ocrx_word' id='word_1_640' title='bbox 2920 2101 2986 2155; x_wconf 88' lang='lat' dir='ltr'><strong>ad</strong></span> <span class='ocrx_word' id='word_1_641' title='bbox 3029 2101 3378 2159; x_wconf 85' lang='lat' dir='ltr'><strong>Eustochium</strong></span> <span class='ocrx_word' id='word_1_642' title='bbox 3419 2107 3586 2162; x_wconf 91' lang='lat' dir='ltr'><strong>multo</strong></span> <span class='ocrx_word' id='word_1_643' title='bbox 3613 2109 3826 2165; x_wconf 88' lang='lat' dir='ltr'><strong>duriora</strong></span> 
     </span>
    </p>
   </div>
   <div class='ocr_carea' id='block_1_82' title="bbox 2245 2185 3827 2265">
    <p class='ocr_par' dir='ltr' id='par_1_82' title="bbox 2245 2185 3827 2265">
     <span class='ocr_line' id='line_1_83' title="bbox 2245 2185 3827 2265; baseline 0.009 -25"><span class='ocrx_word' id='word_1_644' title='bbox 2245 2185 2315 2241; x_wconf 89' lang='lat' dir='ltr'><strong>de</strong></span> <span class='ocrx_word' id='word_1_645' title='bbox 2343 2188 2543 2258; x_wconf 89' lang='lat' dir='ltr'><strong>nuptiis</strong></span> <span class='ocrx_word' id='word_1_646' title='bbox 2567 2189 2796 2246; x_wconf 72' lang='lat' dir='ltr'><strong>diximus</strong></span> <span class='ocrx_word' id='word_1_647' title='bbox 2818 2233 2834 2259; x_wconf 92' lang='lat'><strong>,</strong></span> <span class='ocrx_word' id='word_1_648' title='bbox 2858 2202 2912 2247; x_wconf 90' lang='lat' dir='ltr'><strong>et</strong></span> <span class='ocrx_word' id='word_1_649' title='bbox 2940 2190 3016 2263; x_wconf 84' lang='lat' dir='ltr'><strong>(c)</strong></span> <span class='ocrx_word' id='word_1_650' title='bbox 3043 2209 3219 2249; x_wconf 82' lang='lat' dir='ltr'><strong>nemo</strong></span> <span class='ocrx_word' id='word_1_651' title='bbox 3245 2209 3406 2265; x_wconf 85' lang='lat' dir='ltr'><strong>super</strong></span> <span class='ocrx_word' id='word_1_652' title='bbox 3435 2196 3533 2252; x_wconf 86' lang='lat' dir='ltr'><strong>hac</strong></span> <span class='ocrx_word' id='word_1_653' title='bbox 3575 2213 3633 2252; x_wconf 91' lang='lat' dir='ltr'><strong>re</strong></span> <span class='ocrx_word' id='word_1_654' title='bbox 3671 2199 3827 2255; x_wconf 51' lang='lat' dir='ltr'><strong>laesus</strong></span> 
     </span>
    </p>
   </div>
   <div class='ocr_carea' id='block_1_83' title="bbox 2247 2281 3827 2361">
    <p class='ocr_par' dir='ltr' id='par_1_83' title="bbox 2247 2281 3827 2361">
     <span class='ocr_line' id='line_1_84' title="bbox 2247 2281 3827 2361; baseline 0.009 -27"><span class='ocrx_word' id='word_1_655' title='bbox 2247 2287 2347 2334; x_wconf 87' lang='lat' dir='ltr'><strong>est.</strong></span> <span class='ocrx_word' id='word_1_656' title='bbox 2381 2281 2609 2336; x_wconf 70' lang='lat' dir='ltr'><strong>Annon</strong></span> <span class='ocrx_word' id='word_1_657' title='bbox 2650 2299 2834 2347; x_wconf 73' lang='lat' dir='ltr'><strong>qurere</strong></span> <span class='ocrx_word' id='word_1_658' title='bbox 2863 2285 3122 2340; x_wconf 88' lang='lat' dir='ltr'><strong>castitatis</strong></span> <span class='ocrx_word' id='word_1_659' title='bbox 3147 2327 3161 2350; x_wconf 90' lang='lat'><strong>,</strong></span> <span class='ocrx_word' id='word_1_660' title='bbox 3197 2288 3517 2355; x_wconf 72' lang='lat' dir='ltr'><strong>prmconium</strong></span> <span class='ocrx_word' id='word_1_661' title='bbox 3560 2290 3827 2361; x_wconf 75' lang='lat' dir='ltr'><strong>pudicitia:</strong></span> 
     </span>
    </p>
   </div>
   <div class='ocr_carea' id='block_1_84' title="bbox 2248 2369 3829 2456">
    <p class='ocr_par' dir='ltr' id='par_1_84' title="bbox 2248 2369 3829 2456">
     <span class='ocr_line' id='line_1_85' title="bbox 2248 2369 3829 2456; baseline 0.01 -33"><span class='ocrx_word' id='word_1_662' title='bbox 2248 2369 2447 2426; x_wconf 90' lang='lat' dir='ltr'><strong>intenta</strong></span> <span class='ocrx_word' id='word_1_663' title='bbox 2473 2387 2602 2429; x_wconf 88' lang='lat' dir='ltr'><strong>aure</strong></span> <span class='ocrx_word' id='word_1_664' title='bbox 2642 2375 2906 2443; x_wconf 87' lang='lat' dir='ltr'><strong>captabat.</strong></span> <span class='ocrx_word' id='word_1_665' title='bbox 2957 2376 3096 2446; x_wconf 89' lang='lat' dir='ltr'><strong>Lege</strong></span> <span class='ocrx_word' id='word_1_666' title='bbox 3123 2376 3500 2434; x_wconf 85' lang='lat' dir='ltr'><strong>Tcrtnllianum</strong></span> <span class='ocrx_word' id='word_1_667' title='bbox 3523 2422 3538 2446; x_wconf 95' lang='lat'><strong>,</strong></span> <span class='ocrx_word' id='word_1_668' title='bbox 3570 2381 3686 2452; x_wconf 87' lang='lat' dir='ltr'><strong>lege</strong></span> <span class='ocrx_word' id='word_1_669' title='bbox 3725 2381 3829 2456; x_wconf 83' lang='lat' dir='ltr'><strong>Cy-</strong></span> 
     </span>
    </p>
   </div>
   <div class='ocr_carea' id='block_1_85' title="bbox 2247 2463 3828 2537">
    <p class='ocr_par' dir='ltr' id='par_1_85' title="bbox 2247 2463 3828 2537">
     <span class='ocr_line' id='line_1_86' title="bbox 2247 2463 3828 2537; baseline 0.009 -21"><span class='ocrx_word' id='word_1_670' title='bbox 2247 2463 2512 2533; x_wconf 89' lang='lat' dir='ltr'><strong>prianum,</strong></span> <span class='ocrx_word' id='word_1_671' title='bbox 2545 2467 2658 2537; x_wconf 89' lang='lat' dir='ltr'><strong>lege</strong></span> <span class='ocrx_word' id='word_1_672' title='bbox 2685 2467 3055 2534; x_wconf 82' lang='lat' dir='ltr'><strong>Ambrosium;</strong></span> <span class='ocrx_word' id='word_1_673' title='bbox 3087 2479 3283 2524; x_wconf 88' lang='lat' dir='ltr'><strong>etcum</strong></span> <span class='ocrx_word' id='word_1_674' title='bbox 3316 2471 3419 2526; x_wconf 76' lang='lat' dir='ltr'><strong>illis</strong></span> <span class='ocrx_word' id='word_1_675' title='bbox 3443 2488 3530 2528; x_wconf 91' lang='lat' dir='ltr'><strong>me</strong></span> <span class='ocrx_word' id='word_1_676' title='bbox 3556 2473 3641 2528; x_wconf 89' lang='lat' dir='ltr'><strong>vel</strong></span> <span class='ocrx_word' id='word_1_677' title='bbox 3677 2489 3828 2531; x_wconf 84' lang='lat' dir='ltr'><strong>accu-</strong></span> 
     </span>
    </p>
   </div>
   <div class='ocr_carea' id='block_1_86' title="bbox 2245 2556 3828 2638">
    <p class='ocr_par' dir='ltr' id='par_1_86' title="bbox 2245 2556 3828 2638">
     <span class='ocr_line' id='line_1_87' title="bbox 2245 2556 3828 2638; baseline 0.011 -33"><span class='ocrx_word' id='word_1_678' title='bbox 2245 2567 2326 2620; x_wconf 89' lang='lat' dir='ltr'><strong>sa,</strong></span> <span class='ocrx_word' id='word_1_679' title='bbox 2351 2556 2432 2609; x_wconf 87' lang='lat' dir='ltr'><strong>vel</strong></span> <span class='ocrx_word' id='word_1_680' title='bbox 2461 2557 2647 2612; x_wconf 85' lang='lat' dir='ltr'><strong>libera.</strong></span> <span class='ocrx_word' id='word_1_681' title='bbox 2681 2558 2914 2614; x_wconf 81' lang='lat' dir='ltr'><strong>Iuventae</strong></span> <span class='ocrx_word' id='word_1_682' title='bbox 2940 2570 3063 2613; x_wconf 91' lang='lat' dir='ltr'><strong>sunt</strong></span> <span class='ocrx_word' id='word_1_683' title='bbox 3090 2561 3348 2616; x_wconf 65' lang='lat' dir='ltr'><strong>Plautina:</strong></span> <span class='ocrx_word' id='word_1_684' title='bbox 3368 2562 3580 2618; x_wconf 72' lang='lat' dir='ltr'><strong>familia:</strong></span> <span class='ocrx_word' id='word_1_685' title='bbox 3606 2564 3716 2636; x_wconf 70' lang='grc' dir='ltr'><strong>[ιιι.</strong></span> <span class='ocrx_word' id='word_1_686' title='bbox 3745 2569 3828 2638; x_wconf 80' lang='lat' dir='ltr'><strong>fa-</strong></span> 
     </span>
    </p>
   </div>
   <div class='ocr_carea' id='block_1_87' title="bbox 2244 2642 3830 2724">
    <p class='ocr_par' dir='ltr' id='par_1_87' title="bbox 2244 2642 3830 2724">
     <span class='ocr_line' id='line_1_88' title="bbox 2244 2642 3830 2724; baseline 0.011 -29"><span class='ocrx_word' id='word_1_687' title='bbox 2244 2642 2418 2717; x_wconf 63' lang='lat' dir='ltr'><strong>bulor],</strong></span> <span class='ocrx_word' id='word_1_688' title='bbox 2440 2656 2494 2700; x_wconf 90' lang='lat' dir='ltr'><strong>et</strong></span> <span class='ocrx_word' id='word_1_689' title='bbox 2520 2647 2670 2701; x_wconf 89' lang='lat' dir='ltr'><strong>scioli</strong></span> <span class='ocrx_word' id='word_1_690' title='bbox 2702 2658 2907 2703; x_wconf 88' lang='lat' dir='ltr'><strong>tantum</strong></span> <span class='ocrx_word' id='word_1_691' title='bbox 2932 2651 2997 2704; x_wconf 90' lang='lat' dir='ltr'><strong>ad</strong></span> <span class='ocrx_word' id='word_1_692' title='bbox 3019 2649 3407 2706; x_wconf 87' lang='lat' dir='ltr'><strong>detrahendum</strong></span> <span class='ocrx_word' id='word_1_693' title='bbox 3435 2693 3450 2717; x_wconf 92' lang='lat'><strong>,</strong></span> <span class='ocrx_word' id='word_1_694' title='bbox 3477 2654 3565 2724; x_wconf 91' lang='lat' dir='ltr'><strong>qui</strong></span> <span class='ocrx_word' id='word_1_695' title='bbox 3607 2655 3659 2708; x_wconf 91' lang='lat' dir='ltr'><strong>in</strong></span> <span class='ocrx_word' id='word_1_696' title='bbox 3679 2670 3745 2711; x_wconf 90' lang='lat' dir='ltr'><strong>eo</strong></span> <span class='ocrx_word' id='word_1_697' title='bbox 3771 2671 3830 2711; x_wconf 85' lang='lat' dir='ltr'><strong>se</strong></span> 
     </span>
    </p>
   </div>
   <div class='ocr_carea' id='block_1_88' title="bbox 2244 2735 3832 2812">
    <p class='ocr_par' dir='ltr' id='par_1_88' title="bbox 2244 2735 3832 2812">
     <span class='ocr_line' id='line_1_89' title="bbox 2244 2735 3832 2812; baseline 0.006 -22"><span class='ocrx_word' id='word_1_698' title='bbox 2244 2735 2430 2791; x_wconf 87' lang='lat' dir='ltr'><strong>doctos</strong></span> <span class='ocrx_word' id='word_1_699' title='bbox 2457 2735 2730 2793; x_wconf 87' lang='lat' dir='ltr'><strong>ostentare</strong></span> <span class='ocrx_word' id='word_1_700' title='bbox 2758 2740 2944 2805; x_wconf 84' lang='lat' dir='ltr'><strong>velint,</strong></span> <span class='ocrx_word' id='word_1_701' title='bbox 2979 2741 3022 2796; x_wconf 90' lang='lat' dir='ltr'><strong>si</strong></span> <span class='ocrx_word' id='word_1_702' title='bbox 3056 2742 3293 2796; x_wconf 85' lang='lat' dir='ltr'><strong>omnium</strong></span> <span class='ocrx_word' id='word_1_703' title='bbox 3326 2742 3462 2798; x_wconf 86' lang='lat' dir='ltr'><strong>dicta</strong></span> <span class='ocrx_word' id='word_1_704' title='bbox 3491 2743 3753 2812; x_wconf 86' lang='lat' dir='ltr'><strong>lacerent,</strong></span> <span class='ocrx_word' id='word_1_705' title='bbox 3777 2753 3832 2802; x_wconf 85' lang='lat' dir='ltr'><strong>et</strong></span> 
     </span>
    </p>
   </div>
   <div class='ocr_carea' id='block_1_89' title="bbox 2245 2825 3827 2902">
    <p class='ocr_par' dir='ltr' id='par_1_89' title="bbox 2245 2825 3827 2902">
     <span class='ocr_line' id='line_1_90' title="bbox 2245 2825 3827 2902; baseline 0.005 -22"><span class='ocrx_word' id='word_1_706' title='bbox 2245 2825 2297 2880; x_wconf 92' lang='lat' dir='ltr'><strong>in</strong></span> <span class='ocrx_word' id='word_1_707' title='bbox 2327 2842 2430 2882; x_wconf 88' lang='lat' dir='ltr'><strong>una</strong></span> <span class='ocrx_word' id='word_1_708' title='bbox 2460 2838 2619 2898; x_wconf 91' lang='lat' dir='ltr'><strong>atque</strong></span> <span class='ocrx_word' id='word_1_709' title='bbox 2644 2829 2833 2885; x_wconf 86' lang='lat' dir='ltr'><strong>eadem</strong></span> <span class='ocrx_word' id='word_1_710' title='bbox 2873 2845 3032 2885; x_wconf 88' lang='lat' dir='ltr'><strong>causa</strong></span> <span class='ocrx_word' id='word_1_711' title='bbox 3053 2872 3069 2895; x_wconf 96' lang='lat'><strong>,</strong></span> <span class='ocrx_word' id='word_1_712' title='bbox 3098 2840 3401 2902; x_wconf 89' lang='lat' dir='ltr'><strong>utrumque,</strong></span> <span class='ocrx_word' id='word_1_713' title='bbox 3429 2833 3480 2888; x_wconf 91' lang='lat' dir='ltr'><strong>id</strong></span> <span class='ocrx_word' id='word_1_714' title='bbox 3508 2843 3610 2897; x_wconf 89' lang='lat' dir='ltr'><strong>est,</strong></span> <span class='ocrx_word' id='word_1_715' title='bbox 3639 2843 3693 2888; x_wconf 89' lang='lat' dir='ltr'><strong>et</strong></span> <span class='ocrx_word' id='word_1_716' title='bbox 3721 2851 3827 2902; x_wconf 89' lang='lat' dir='ltr'><strong>me,</strong></span> 
     </span>
    </p>
   </div>
   <div class='ocr_carea' id='block_1_90' title="bbox 2243 2916 3832 2990">
    <p class='ocr_par' dir='ltr' id='par_1_90' title="bbox 2243 2916 3832 2990">
     <span class='ocr_line' id='line_1_91' title="bbox 2243 2916 3832 2990; baseline 0.006 -20"><span class='ocrx_word' id='word_1_717' title='bbox 2243 2925 2298 2970; x_wconf 89' lang='lat' dir='ltr'><strong>et</strong></span> <span class='ocrx_word' id='word_1_718' title='bbox 2343 2916 2709 2973; x_wconf 88' lang='lat' dir='ltr'><strong>adversarium</strong></span> <span class='ocrx_word' id='word_1_719' title='bbox 2757 2919 3189 2990; x_wconf 87' lang='lat' dir='ltr'><strong>reprehendant.</strong></span> <span class='ocrx_word' id='word_1_720' title='bbox 3245 2930 3302 2976; x_wconf 88' lang='lat' dir='ltr'><strong>et</strong></span> <span class='ocrx_word' id='word_1_721' title='bbox 3347 2937 3469 2976; x_wconf 91' lang='lat' dir='ltr'><strong>cum</strong></span> <span class='ocrx_word' id='word_1_722' title='bbox 3522 2938 3555 2978; x_wconf 90' lang='lat' dir='ltr'><strong>e</strong></span> <span class='ocrx_word' id='word_1_723' title='bbox 3622 2923 3832 2979; x_wconf 88' lang='lat' dir='ltr'><strong>duobus</strong></span> 
     </span>
    </p>
   </div>
   <div class='ocr_carea' id='block_1_91' title="bbox 2243 3006 3832 3076">
    <p class='ocr_par' dir='ltr' id='par_1_91' title="bbox 2243 3006 3832 3076">
     <span class='ocr_line' id='line_1_92' title="bbox 2243 3006 3832 3076; baseline 0.008 -16"><span class='ocrx_word' id='word_1_724' title='bbox 2243 3006 2468 3061; x_wconf 88' lang='lat' dir='ltr'><strong>alterum</strong></span> <span class='ocrx_word' id='word_1_725' title='bbox 2497 3023 2717 3064; x_wconf 87' lang='lat' dir='ltr'><strong>necesse</strong></span> <span class='ocrx_word' id='word_1_726' title='bbox 2745 3011 2814 3064; x_wconf 88' lang='lat' dir='ltr'><strong>sit</strong></span> <span class='ocrx_word' id='word_1_727' title='bbox 2839 3012 3074 3076; x_wconf 86' lang='lat' dir='ltr'><strong>vincere,</strong></span> <span class='ocrx_word' id='word_1_728' title='bbox 3101 3011 3288 3068; x_wconf 89' lang='lat' dir='ltr'><strong>ambos</strong></span> <span class='ocrx_word' id='word_1_729' title='bbox 3328 3014 3498 3070; x_wconf 89' lang='lat' dir='ltr'><strong>victos</strong></span> <span class='ocrx_word' id='word_1_730' title='bbox 3543 3029 3669 3072; x_wconf 85' lang='lat' dir='ltr'><strong>esse</strong></span> <span class='ocrx_word' id='word_1_731' title='bbox 3704 3031 3832 3072; x_wconf 90' lang='lat' dir='ltr'><strong>con-</strong></span> 
     </span>
    </p>
   </div>
   <div class='ocr_carea' id='block_1_92' title="bbox 2245 3100 3827 3181">
    <p class='ocr_par' dir='ltr' id='par_1_92' title="bbox 2245 3100 3827 3181">
     <span class='ocr_line' id='line_1_93' title="bbox 2245 3100 3827 3181; baseline 0.006 -27"><span class='ocrx_word' id='word_1_732' title='bbox 2245 3100 2482 3157; x_wconf 87' lang='lat' dir='ltr'><strong>tendant.</strong></span> <span class='ocrx_word' id='word_1_733' title='bbox 2517 3121 2536 3154; x_wconf 70' lang='grc' dir='ltr'>ι</span> <span class='ocrx_word' id='word_1_734' title='bbox 2569 3102 2739 3157; x_wconf 88' lang='lat' dir='ltr'><strong>Porro</strong></span> <span class='ocrx_word' id='word_1_735' title='bbox 2765 3103 2851 3158; x_wconf 91' lang='lat' dir='ltr'><strong>ubi</strong></span> <span class='ocrx_word' id='word_1_736' title='bbox 2892 3103 2959 3158; x_wconf 85' lang='lat' dir='ltr'><strong>de</strong></span> <span class='ocrx_word' id='word_1_737' title='bbox 2990 3104 3212 3174; x_wconf 87' lang='lat' dir='ltr'><strong>digatnis</strong></span> <span class='ocrx_word' id='word_1_738' title='bbox 3233 3145 3248 3168; x_wconf 90' lang='lat'><strong>,</strong></span> <span class='ocrx_word' id='word_1_739' title='bbox 3276 3115 3332 3160; x_wconf 91' lang='lat' dir='ltr'><strong>et</strong></span> <span class='ocrx_word' id='word_1_740' title='bbox 3362 3106 3602 3177; x_wconf 79' lang='lat' dir='ltr'><strong>trigamis</strong></span> <span class='ocrx_word' id='word_1_741' title='bbox 3673 3108 3827 3181; x_wconf 75' lang='lat'><strong>231</strong></span> 
     </span>
    </p>
   </div>
   <div class='ocr_carea' id='block_1_93' title="bbox 2243 3191 3843 3266">
    <p class='ocr_par' dir='ltr' id='par_1_93' title="bbox 2243 3191 3843 3266">
     <span class='ocr_line' id='line_1_94' title="bbox 2243 3191 3843 3266; baseline 0.003 -20"><span class='ocrx_word' id='word_1_742' title='bbox 2243 3191 2566 3248; x_wconf 86' lang='lat' dir='ltr'><strong>disserentes</strong></span> <span class='ocrx_word' id='word_1_743' title='bbox 2594 3194 2845 3261; x_wconf 77' lang='lat' dir='ltr'><strong>diximus,</strong></span> <span class='ocrx_word' id='word_1_744' title='bbox 2871 3195 3062 3250; x_wconf 89' lang='lat' dir='ltr'><strong>melius</strong></span> <span class='ocrx_word' id='word_1_745' title='bbox 3093 3205 3176 3251; x_wconf 89' lang='lat' dir='ltr'><strong>est</strong></span> <span class='ocrx_word' id='word_1_746' title='bbox 3214 3196 3336 3252; x_wconf 90' lang='lat' dir='ltr'><strong>licet</strong></span> <span class='ocrx_word' id='word_1_747' title='bbox 3360 3197 3608 3266; x_wconf 91' lang='lat' dir='ltr'><strong>alterum,</strong></span> <span class='ocrx_word' id='word_1_748' title='bbox 3636 3209 3689 3254; x_wconf 90' lang='lat' dir='ltr'><strong>et</strong></span> <span class='ocrx_word' id='word_1_749' title='bbox 3726 3209 3843 3254; x_wconf 55' lang='lat' dir='ltr'><strong>ter—</strong></span> 
     </span>
    </p>
   </div>
   <div class='ocr_carea' id='block_1_94' title="bbox 2244 3281 3828 3356">
    <p class='ocr_par' dir='ltr' id='par_1_94' title="bbox 2244 3281 3828 3356">
     <span class='ocr_line' id='line_1_95' title="bbox 2244 3281 3828 3356; baseline 0.006 -20"><span class='ocrx_word' id='word_1_750' title='bbox 2244 3281 2395 3348; x_wconf 81' lang='lat' dir='ltr'><strong>tium,</strong></span> <span class='ocrx_word' id='word_1_751' title='bbox 2422 3299 2582 3337; x_wconf 88' lang='lat' dir='ltr'><strong>unum</strong></span> <span class='ocrx_word' id='word_1_752' title='bbox 2613 3285 2782 3338; x_wconf 92' lang='lat' dir='ltr'><strong>virum</strong></span> <span class='ocrx_word' id='word_1_753' title='bbox 2810 3299 2988 3350; x_wconf 87' lang='lat' dir='ltr'><strong>nosse,</strong></span> <span class='ocrx_word' id='word_1_754' title='bbox 3011 3301 3168 3355; x_wconf 88' lang='lat' dir='ltr'><strong>quam</strong></span> <span class='ocrx_word' id='word_1_755' title='bbox 3200 3287 3477 3356; x_wconf 90' lang='lat' dir='ltr'><strong>plurimos,</strong></span> <span class='ocrx_word' id='word_1_756' title='bbox 3501 3289 3550 3342; x_wconf 91' lang='lat' dir='ltr'><strong>id</strong></span> <span class='ocrx_word' id='word_1_757' title='bbox 3577 3299 3674 3353; x_wconf 88' lang='lat' dir='ltr'><strong>est,</strong></span> <span class='ocrx_word' id='word_1_758' title='bbox 3699 3291 3828 3346; x_wconf 88' lang='lat' dir='ltr'><strong>tole-</strong></span> 
     </span>
    </p>
   </div>
   <div class='ocr_carea' id='block_1_95' title="bbox 2242 3373 3827 3449">
    <p class='ocr_par' dir='ltr' id='par_1_95' title="bbox 2242 3373 3827 3449">
     <span class='ocr_line' id='line_1_96' title="bbox 2242 3373 3827 3449; baseline 0.004 -22"><span class='ocrx_word' id='word_1_759' title='bbox 2242 3373 2457 3428; x_wconf 89' lang='lat' dir='ltr'><strong>rabilius</strong></span> <span class='ocrx_word' id='word_1_760' title='bbox 2481 3385 2562 3430; x_wconf 91' lang='lat' dir='ltr'><strong>est</strong></span> <span class='ocrx_word' id='word_1_761' title='bbox 2584 3376 2673 3429; x_wconf 90' lang='lat' dir='ltr'><strong>ttni</strong></span> <span class='ocrx_word' id='word_1_762' title='bbox 2696 3376 2895 3431; x_wconf 87' lang='lat' dir='ltr'><strong>homini</strong></span> <span class='ocrx_word' id='word_1_763' title='bbox 2926 3379 3259 3445; x_wconf 88' lang='lat' dir='ltr'><strong>prostitutam</strong></span> <span class='ocrx_word' id='word_1_764' title='bbox 3283 3393 3421 3446; x_wconf 73' lang='lat' dir='ltr'><strong>esse,</strong></span> <span class='ocrx_word' id='word_1_765' title='bbox 3445 3397 3602 3449; x_wconf 90' lang='lat' dir='ltr'><strong>quam</strong></span> <span class='ocrx_word' id='word_1_766' title='bbox 3627 3381 3827 3447; x_wconf 81' lang='lat' dir='ltr'><strong>multis,</strong></span> 
     </span>
    </p>
   </div>
   <div class='ocr_carea' id='block_1_96' title="bbox 2243 3467 3828 3542">
    <p class='ocr_par' dir='ltr' id='par_1_96' title="bbox 2243 3467 3828 3542">
     <span class='ocr_line' id='line_1_97' title="bbox 2243 3467 3828 3542; baseline 0.003 -23"><span class='ocrx_word' id='word_1_767' title='bbox 2243 3481 2419 3521; x_wconf 88' lang='lat' dir='ltr'><strong>nonne</strong></span> <span class='ocrx_word' id='word_1_768' title='bbox 2449 3467 2624 3520; x_wconf 86' lang='lat' dir='ltr'><strong>statim</strong></span> <span class='ocrx_word' id='word_1_769' title='bbox 2643 3483 2740 3521; x_wconf 87' lang='lat' dir='ltr'><strong>cur</strong></span> <span class='ocrx_word' id='word_1_770' title='bbox 2762 3467 2862 3524; x_wconf 86' lang='lat' dir='ltr'><strong>ltoc</strong></span> <span class='ocrx_word' id='word_1_771' title='bbox 2889 3469 3136 3535; x_wconf 85' lang='lat' dir='ltr'><strong>dixerim,</strong></span> <span class='ocrx_word' id='word_1_772' title='bbox 3165 3469 3493 3540; x_wconf 71' lang='lat' dir='ltr'><strong>subiecimus</strong></span> <span class='ocrx_word' id='word_1_773' title='bbox 3511 3472 3534 3524; x_wconf 88' lang='lat'><strong>?</strong></span> <span class='ocrx_word' id='word_1_774' title='bbox 3555 3471 3828 3542; x_wconf 82' lang='lat' dir='ltr'><strong>Siquidem</strong></span> 
     </span>
    </p>
   </div>
   <div class='ocr_carea' id='block_1_97' title="bbox 2241 3556 3830 3626">
    <p class='ocr_par' dir='ltr' id='par_1_97' title="bbox 2241 3556 3830 3626">
     <span class='ocr_line' id='line_1_98' title="bbox 2241 3556 3830 3626; baseline 0.006 -16"><span class='ocrx_word' id='word_1_775' title='bbox 2241 3565 2295 3610; x_wconf 90' lang='lat' dir='ltr'><strong>et</strong></span> <span class='ocrx_word' id='word_1_776' title='bbox 2322 3557 2408 3610; x_wconf 88' lang='lat' dir='ltr'><strong>illa</strong></span> <span class='ocrx_word' id='word_1_777' title='bbox 2437 3556 2488 3610; x_wconf 93' lang='lat' dir='ltr'><strong>iu</strong></span> <span class='ocrx_word' id='word_1_778' title='bbox 2519 3557 2808 3626; x_wconf 85' lang='lat' dir='ltr'><strong>Evangelio</strong></span> <span class='ocrx_word' id='word_1_779' title='bbox 2833 3559 3190 3626; x_wconf 88' lang='lat' dir='ltr'><strong>Samaritana,</strong></span> <span class='ocrx_word' id='word_1_780' title='bbox 3223 3571 3429 3616; x_wconf 88' lang='lat' dir='ltr'><strong>sextum</strong></span> <span class='ocrx_word' id='word_1_781' title='bbox 3458 3562 3704 3617; x_wconf 89' lang='lat' dir='ltr'><strong>maritum</strong></span> <span class='ocrx_word' id='word_1_782' title='bbox 3736 3565 3830 3618; x_wconf 63' lang='lat' dir='ltr'><strong>ba.</strong></span> 
     </span>
    </p>
   </div>
   <div class='ocr_carea' id='block_1_98' title="bbox 2241 3646 3830 3720">
    <p class='ocr_par' dir='ltr' id='par_1_98' title="bbox 2241 3646 3830 3720">
     <span class='ocr_line' id='line_1_99' title="bbox 2241 3646 3830 3720; baseline 0.006 -20"><span class='ocrx_word' id='word_1_783' title='bbox 2241 3646 2370 3700; x_wconf 90' lang='lat' dir='ltr'><strong>bere</strong></span> <span class='ocrx_word' id='word_1_784' title='bbox 2401 3661 2459 3702; x_wconf 89' lang='lat' dir='ltr'><strong>se</strong></span> <span class='ocrx_word' id='word_1_785' title='bbox 2481 3647 2667 3702; x_wconf 85' lang='lat' dir='ltr'><strong>dicens</strong></span> <span class='ocrx_word' id='word_1_786' title='bbox 2687 3690 2702 3714; x_wconf 94' lang='lat'><strong>,</strong></span> <span class='ocrx_word' id='word_1_787' title='bbox 2727 3651 2968 3718; x_wconf 89' lang='lat' dir='ltr'><strong>arguitur</strong></span> <span class='ocrx_word' id='word_1_788' title='bbox 2991 3666 3019 3704; x_wconf 90' lang='lat' dir='ltr'><strong>a</strong></span> <span class='ocrx_word' id='word_1_789' title='bbox 3046 3651 3272 3706; x_wconf 92' lang='lat' dir='ltr'><strong>Domino</strong></span> <span class='ocrx_word' id='word_1_790' title='bbox 3295 3693 3307 3715; x_wconf 94' lang='lat'><strong>,</strong></span> <span class='ocrx_word' id='word_1_791' title='bbox 3331 3651 3471 3720; x_wconf 89' lang='lat' dir='ltr'><strong>quod</strong></span> <span class='ocrx_word' id='word_1_792' title='bbox 3519 3667 3624 3708; x_wconf 89' lang='lat' dir='ltr'><strong>non</strong></span> <span class='ocrx_word' id='word_1_793' title='bbox 3652 3655 3721 3708; x_wconf 91' lang='lat' dir='ltr'><strong>sit</strong></span> <span class='ocrx_word' id='word_1_794' title='bbox 3749 3655 3830 3710; x_wconf 86' lang='lat' dir='ltr'><strong>vir</strong></span> 
     </span>
    </p>
   </div>
   <div class='ocr_carea' id='block_1_99' title="bbox 2240 3737 3832 3815">
    <p class='ocr_par' dir='ltr' id='par_1_99' title="bbox 2240 3737 3832 3815">
     <span class='ocr_line' id='line_1_100' title="bbox 2240 3737 3832 3815; baseline 0.006 -23"><span class='ocrx_word' id='word_1_795' title='bbox 2240 3738 2358 3807; x_wconf 92' lang='lat' dir='ltr'><strong>ejus</strong></span> <span class='ocrx_word' id='word_1_796' title='bbox 2391 3757 2412 3790; x_wconf 70' lang='grc' dir='ltr'><strong><em>ι</em></strong></span> <span class='ocrx_word' id='word_1_797' title='bbox 2445 3737 2645 3810; x_wconf 83' lang='lat' dir='ltr'><strong>(Jaon.</strong></span> <span class='ocrx_word' id='word_1_798' title='bbox 2672 3740 2706 3794; x_wconf 73' lang='grc'>4</span> <span class='ocrx_word' id='word_1_799' title='bbox 2728 3738 2769 3812; x_wconf 89' lang='grc'><strong>).</strong></span> <span class='ocrx_word' id='word_1_800' title='bbox 2793 3741 2906 3809; x_wconf 83' lang='lat' dir='ltr'><strong>Ego</strong></span> <span class='ocrx_word' id='word_1_801' title='bbox 2922 3742 3082 3796; x_wconf 88' lang='lat' dir='ltr'><strong>etiam</strong></span> <span class='ocrx_word' id='word_1_802' title='bbox 3117 3757 3254 3798; x_wconf 90' lang='lat' dir='ltr'><strong>nunc</strong></span> <span class='ocrx_word' id='word_1_803' title='bbox 3283 3743 3446 3798; x_wconf 90' lang='lat' dir='ltr'><strong>libera</strong></span> <span class='ocrx_word' id='word_1_804' title='bbox 3463 3759 3590 3800; x_wconf 83' lang='lat' dir='ltr'><strong>voce</strong></span> <span class='ocrx_word' id='word_1_805' title='bbox 3620 3746 3832 3815; x_wconf 61' lang='lat' dir='ltr'><strong>procla.</strong></span> 
     </span>
    </p>
   </div>
   <div class='ocr_carea' id='block_1_100' title="bbox 2241 3830 3828 3905">
    <p class='ocr_par' dir='ltr' id='par_1_100' title="bbox 2241 3830 3828 3905">
     <span class='ocr_line' id='line_1_101' title="bbox 2241 3830 3828 3905; baseline 0.008 -25"><span class='ocrx_word' id='word_1_806' title='bbox 2241 3843 2348 3890; x_wconf 92' lang='lat' dir='ltr'><strong>mo,</strong></span> <span class='ocrx_word' id='word_1_807' title='bbox 2379 3844 2484 3883; x_wconf 91' lang='lat' dir='ltr'><strong>non</strong></span> <span class='ocrx_word' id='word_1_808' title='bbox 2525 3830 2764 3885; x_wconf 85' lang='lat' dir='ltr'><strong>damnari</strong></span> <span class='ocrx_word' id='word_1_809' title='bbox 2820 3832 2873 3886; x_wconf 91' lang='lat' dir='ltr'><strong>in</strong></span> <span class='ocrx_word' id='word_1_810' title='bbox 2931 3831 3167 3888; x_wconf 86' lang='lat' dir='ltr'><strong>Ecclesia</strong></span> <span class='ocrx_word' id='word_1_811' title='bbox 3215 3834 3498 3905; x_wconf 87' lang='lat' dir='ltr'><strong>digamiam</strong></span> <span class='ocrx_word' id='word_1_812' title='bbox 3524 3877 3539 3902; x_wconf 91' lang='lat'><strong>,</strong></span> <span class='ocrx_word' id='word_1_813' title='bbox 3582 3837 3688 3890; x_wconf 86' lang='lat' dir='ltr'><strong>into</strong></span> <span class='ocrx_word' id='word_1_814' title='bbox 3729 3853 3828 3894; x_wconf 87' lang='lat' dir='ltr'><strong>nec</strong></span> 
     </span>
    </p>
   </div>
   <div class='ocr_carea' id='block_1_101' title="bbox 2242 3917 3824 3993">
    <p class='ocr_par' dir='ltr' id='par_1_101' title="bbox 2242 3917 3824 3993">
     <span class='ocr_line' id='line_1_102' title="bbox 2242 3917 3824 3993; baseline 0.008 -24"><span class='ocrx_word' id='word_1_815' title='bbox 2242 3917 2536 3987; x_wconf 90' lang='lat' dir='ltr'><strong>lrigamiam</strong></span> <span class='ocrx_word' id='word_1_816' title='bbox 2566 3961 2581 3986; x_wconf 92' lang='lat'><strong>,</strong></span> <span class='ocrx_word' id='word_1_817' title='bbox 2610 3929 2662 3974; x_wconf 88' lang='lat' dir='ltr'><strong>et</strong></span> <span class='ocrx_word' id='word_1_818' title='bbox 2684 3921 2754 3974; x_wconf 89' lang='lat' dir='ltr'><strong>ita</strong></span> <span class='ocrx_word' id='word_1_819' title='bbox 2799 3920 2960 3977; x_wconf 90' lang='lat' dir='ltr'><strong>licere</strong></span> <span class='ocrx_word' id='word_1_820' title='bbox 3005 3923 3193 3993; x_wconf 92' lang='lat' dir='ltr'><strong>quinto</strong></span> <span class='ocrx_word' id='word_1_821' title='bbox 3215 3965 3229 3988; x_wconf 95' lang='lat'><strong>,</strong></span> <span class='ocrx_word' id='word_1_822' title='bbox 3261 3933 3316 3979; x_wconf 91' lang='lat' dir='ltr'><strong>et</strong></span> <span class='ocrx_word' id='word_1_823' title='bbox 3363 3935 3534 3991; x_wconf 80' lang='lat' dir='ltr'><strong>sexto,</strong></span> <span class='ocrx_word' id='word_1_824' title='bbox 3560 3934 3615 3981; x_wconf 91' lang='lat' dir='ltr'><strong>et</strong></span> <span class='ocrx_word' id='word_1_825' title='bbox 3667 3927 3824 3991; x_wconf 83' lang='lat' dir='ltr'><strong>ultra,</strong></span> 
     </span>
    </p>
   </div>
   <div class='ocr_carea' id='block_1_102' title="bbox 2239 4009 3827 4086">
    <p class='ocr_par' dir='ltr' id='par_1_102' title="bbox 2239 4009 3827 4086">
     <span class='ocr_line' id='line_1_103' title="bbox 2239 4009 3827 4086; baseline 0.008 -27"><span class='ocrx_word' id='word_1_826' title='bbox 2239 4009 2508 4077; x_wconf 89' lang='lat' dir='ltr'><strong>quomodo</strong></span> <span class='ocrx_word' id='word_1_827' title='bbox 2530 4051 2546 4077; x_wconf 93' lang='lat'><strong>,</strong></span> <span class='ocrx_word' id='word_1_828' title='bbox 2575 4019 2630 4065; x_wconf 91' lang='lat' dir='ltr'><strong>et</strong></span> <span class='ocrx_word' id='word_1_829' title='bbox 2670 4011 2909 4066; x_wconf 87' lang='lat' dir='ltr'><strong>secundo</strong></span> <span class='ocrx_word' id='word_1_830' title='bbox 2946 4015 3138 4068; x_wconf 86' lang='lat' dir='ltr'><strong>marito</strong></span> <span class='ocrx_word' id='word_1_831' title='bbox 3165 4014 3367 4070; x_wconf 90' lang='lat' dir='ltr'><strong>nubere</strong></span> <span class='ocrx_word' id='word_1_832' title='bbox 3397 4031 3412 4073; x_wconf 87' lang='lat'><strong>:</strong></span> <span class='ocrx_word' id='word_1_833' title='bbox 3441 4015 3536 4070; x_wconf 89' lang='lat' dir='ltr'><strong>sed</strong></span> <span class='ocrx_word' id='word_1_834' title='bbox 3559 4015 3827 4086; x_wconf 89' lang='lat' dir='ltr'><strong>quomodo</strong></span> 
     </span>
    </p>
   </div>
   <div class='ocr_carea' id='block_1_103' title="bbox 2240 4101 3826 4177">
    <p class='ocr_par' dir='ltr' id='par_1_103' title="bbox 2240 4101 3826 4177">
     <span class='ocr_line' id='line_1_104' title="bbox 2240 4101 3826 4177; baseline 0.008 -25"><span class='ocrx_word' id='word_1_835' title='bbox 2240 4114 2345 4154; x_wconf 90' lang='lat' dir='ltr'><strong>non</strong></span> <span class='ocrx_word' id='word_1_836' title='bbox 2371 4101 2688 4157; x_wconf 85' lang='lat' dir='ltr'><strong>damnantur</strong></span> <span class='ocrx_word' id='word_1_837' title='bbox 2716 4105 2829 4158; x_wconf 77' lang='lat' dir='ltr'><strong>ista:</strong></span> <span class='ocrx_word' id='word_1_838' title='bbox 2857 4107 3076 4174; x_wconf 66' lang='lat' dir='ltr'><strong>nuptiae,</strong></span> <span class='ocrx_word' id='word_1_839' title='bbox 3110 4108 3178 4160; x_wconf 90' lang='lat' dir='ltr'><strong>ita</strong></span> <span class='ocrx_word' id='word_1_840' title='bbox 3201 4121 3298 4162; x_wconf 90' lang='lat' dir='ltr'><strong>nec</strong></span> <span class='ocrx_word' id='word_1_841' title='bbox 3319 4109 3696 4177; x_wconf 65' lang='lat' dir='ltr'><strong>praedicantur.</strong></span> <span class='ocrx_word' id='word_1_842' title='bbox 3728 4109 3826 4164; x_wconf 81' lang='lat' dir='ltr'><strong>So-</strong></span> 
     </span>
    </p>
   </div>
   <div class='ocr_carea' id='block_1_104' title="bbox 2239 4195 3825 4261">
    <p class='ocr_par' dir='ltr' id='par_1_104' title="bbox 2239 4195 3825 4261">
     <span class='ocr_line' id='line_1_105' title="bbox 2239 4195 3825 4261; baseline 0.006 -16"><span class='ocrx_word' id='word_1_843' title='bbox 2239 4207 2392 4246; x_wconf 73' lang='grc' dir='ltr'><strong>ιΑτιΛ</strong></span> <span class='ocrx_word' id='word_1_844' title='bbox 2418 4208 2641 4248; x_wconf 69' lang='lat' dir='ltr'><strong>utssnm</strong></span> <span class='ocrx_word' id='word_1_845' title='bbox 2671 4210 2803 4250; x_wconf 68' lang='lat' dir='ltr'><strong>sum</strong></span> <span class='ocrx_word' id='word_1_846' title='bbox 2823 4234 2839 4261; x_wconf 97' lang='lat'><strong>,</strong></span> <span class='ocrx_word' id='word_1_847' title='bbox 2874 4211 2979 4250; x_wconf 88' lang='lat' dir='ltr'><strong>non</strong></span> <span class='ocrx_word' id='word_1_848' title='bbox 3025 4195 3211 4252; x_wconf 87' lang='lat' dir='ltr'><strong>laudes</strong></span> <span class='ocrx_word' id='word_1_849' title='bbox 3239 4198 3598 4254; x_wconf 60' lang='lat' dir='ltr'><strong>continentiae.</strong></span> <span class='ocrx_word' id='word_1_850' title='bbox 3633 4217 3652 4251; x_wconf 76' lang='grc' dir='ltr'>ι</span> <span class='ocrx_word' id='word_1_851' title='bbox 3675 4199 3825 4254; x_wconf 83' lang='lat' dir='ltr'><strong>Unde</strong></span> 
     </span>
    </p>
   </div>
   <div class='ocr_carea' id='block_1_105' title="bbox 2237 4282 3822 4354">
    <p class='ocr_par' dir='ltr' id='par_1_105' title="bbox 2237 4282 3822 4354">
     <span class='ocr_line' id='line_1_106' title="bbox 2237 4282 3822 4354; baseline 0.007 -20"><span class='ocrx_word' id='word_1_852' title='bbox 2237 4291 2293 4335; x_wconf 91' lang='lat' dir='ltr'><strong>et</strong></span> <span class='ocrx_word' id='word_1_853' title='bbox 2339 4282 2392 4336; x_wconf 90' lang='lat' dir='ltr'><strong>in</strong></span> <span class='ocrx_word' id='word_1_854' title='bbox 2445 4282 2551 4337; x_wconf 89' lang='lat' dir='ltr'><strong>alio</strong></span> <span class='ocrx_word' id='word_1_855' title='bbox 2592 4284 2711 4339; x_wconf 89' lang='lat' dir='ltr'><strong>loco</strong></span> <span class='ocrx_word' id='word_1_856' title='bbox 2740 4285 2892 4339; x_wconf 83' lang='lat' dir='ltr'><strong>dixi:</strong></span> <span class='ocrx_word' id='word_1_857' title='bbox 2926 4285 3028 4342; x_wconf 87' lang='lat' dir='ltr'><strong>Ubi</strong></span> <span class='ocrx_word' id='word_1_858' title='bbox 3073 4301 3207 4340; x_wconf 90' lang='lat' dir='ltr'><strong>unus</strong></span> <span class='ocrx_word' id='word_1_859' title='bbox 3257 4288 3481 4344; x_wconf 89' lang='lat' dir='ltr'><strong>maritus</strong></span> <span class='ocrx_word' id='word_1_860' title='bbox 3527 4288 3822 4354; x_wconf 84' lang='lat' dir='ltr'><strong>exceditur.</strong></span> 
     </span>
    </p>
   </div>
   <div class='ocr_carea' id='block_1_106' title="bbox 2241 4374 3824 4448">
    <p class='ocr_par' dir='ltr' id='par_1_106' title="bbox 2241 4374 3824 4448">
     <span class='ocr_line' id='line_1_107' title="bbox 2241 4374 3824 4448; baseline 0.006 -22"><span class='ocrx_word' id='word_1_861' title='bbox 2241 4374 2369 4428; x_wconf 84' lang='lat' dir='ltr'><strong>nihil</strong></span> <span class='ocrx_word' id='word_1_862' title='bbox 2395 4376 2580 4440; x_wconf 87' lang='lat' dir='ltr'><strong>refert,</strong></span> <span class='ocrx_word' id='word_1_863' title='bbox 2610 4377 2880 4432; x_wconf 85' lang='lat' dir='ltr'><strong>secundus</strong></span> <span class='ocrx_word' id='word_1_864' title='bbox 2907 4392 2974 4432; x_wconf 86' lang='lat' dir='ltr'><strong>an</strong></span> <span class='ocrx_word' id='word_1_865' title='bbox 3000 4379 3189 4433; x_wconf 85' lang='lat' dir='ltr'><strong>tertius</strong></span> <span class='ocrx_word' id='word_1_866' title='bbox 3217 4379 3320 4434; x_wconf 88' lang='lat' dir='ltr'><strong>sit:</strong></span> <span class='ocrx_word' id='word_1_867' title='bbox 3340 4381 3461 4448; x_wconf 90' lang='lat' dir='ltr'><strong>quia</strong></span> <span class='ocrx_word' id='word_1_868' title='bbox 3488 4379 3682 4435; x_wconf 87' lang='lat' dir='ltr'><strong>desinit</strong></span> <span class='ocrx_word' id='word_1_869' title='bbox 3707 4394 3824 4436; x_wconf 77' lang='lat' dir='ltr'><strong>esse</strong></span> 
     </span>
    </p>
   </div>
   <div class='ocr_carea' id='block_1_107' title="bbox 2237 4469 3821 4540">
    <p class='ocr_par' dir='ltr' id='par_1_107' title="bbox 2237 4469 3821 4540">
     <span class='ocr_line' id='line_1_108' title="bbox 2237 4469 3821 4540; baseline 0.003 -21"><span class='ocrx_word' id='word_1_870' title='bbox 2237 4481 2608 4536; x_wconf 81' lang='lat' dir='ltr'><strong>monogamus.</strong></span> <span class='ocrx_word' id='word_1_871' title='bbox 2643 4469 2830 4523; x_wconf 86' lang='lat' dir='ltr'><strong>Omnia</strong></span> <span class='ocrx_word' id='word_1_872' title='bbox 2858 4470 3041 4536; x_wconf 77' lang='lat' dir='ltr'><strong>licent,</strong></span> <span class='ocrx_word' id='word_1_873' title='bbox 3064 4471 3151 4523; x_wconf 76' lang='lat' dir='ltr'><strong>sed</strong></span> <span class='ocrx_word' id='word_1_874' title='bbox 3189 4487 3290 4523; x_wconf 88' lang='lat' dir='ltr'><strong>non</strong></span> <span class='ocrx_word' id='word_1_875' title='bbox 3314 4471 3486 4524; x_wconf 87' lang='lat' dir='ltr'><strong>omnia</strong></span> <span class='ocrx_word' id='word_1_876' title='bbox 3532 4471 3821 4540; x_wconf 76' lang='lat' dir='ltr'><strong>expediunt.</strong></span> 
     </span>
    </p>
   </div>
   <div class='ocr_carea' id='block_1_108' title="bbox 2235 4554 3825 4629">
    <p class='ocr_par' dir='ltr' id='par_1_108' title="bbox 2235 4554 3825 4629">
     <span class='ocr_line' id='line_1_109' title="bbox 2235 4554 3825 4629; baseline 0.001 -16"><span class='ocrx_word' id='word_1_877' title='bbox 2235 4554 2351 4613; x_wconf 82' lang='lat' dir='ltr'><strong>Non</strong></span> <span class='ocrx_word' id='word_1_878' title='bbox 2381 4557 2578 4613; x_wconf 90' lang='lat' dir='ltr'><strong>damno</strong></span> <span class='ocrx_word' id='word_1_879' title='bbox 2605 4557 2868 4628; x_wconf 87' lang='lat' dir='ltr'><strong>digamos,</strong></span> <span class='ocrx_word' id='word_1_880' title='bbox 2895 4559 3003 4613; x_wconf 91' lang='lat' dir='ltr'><strong>imo</strong></span> <span class='ocrx_word' id='word_1_881' title='bbox 3027 4573 3127 4613; x_wconf 90' lang='lat' dir='ltr'><strong>nec</strong></span> <span class='ocrx_word' id='word_1_882' title='bbox 3156 4558 3503 4629; x_wconf 86' lang='lat' dir='ltr'><strong>trigamos,et</strong></span> <span class='ocrx_word' id='word_1_883' title='bbox 3526 4560 3571 4614; x_wconf 90' lang='lat' dir='ltr'><strong>si</strong></span> <span class='ocrx_word' id='word_1_884' title='bbox 3604 4559 3709 4613; x_wconf 93' lang='lat' dir='ltr'><strong>dici</strong></span> <span class='ocrx_word' id='word_1_885' title='bbox 3741 4577 3825 4628; x_wconf 88' lang='lat' dir='ltr'><strong>po-</strong></span> 
     </span>
    </p>
   </div>
   <div class='ocr_carea' id='block_1_109' title="bbox 2237 4650 3820 4721">
    <p class='ocr_par' dir='ltr' id='par_1_109' title="bbox 2237 4650 3820 4721">
     <span class='ocr_line' id='line_1_110' title="bbox 2237 4650 3820 4721; baseline 0.003 -17"><span class='ocrx_word' id='word_1_886' title='bbox 2237 4658 2362 4716; x_wconf 91' lang='lat' dir='ltr'><strong>test,</strong></span> <span class='ocrx_word' id='word_1_887' title='bbox 2393 4661 2742 4721; x_wconf 88' lang='lat' dir='ltr'><strong>octogamos:</strong></span> <span class='ocrx_word' id='word_1_888' title='bbox 2775 4650 2964 4707; x_wconf 86' lang='lat' dir='ltr'><strong>habeat</strong></span> <span class='ocrx_word' id='word_1_889' title='bbox 2989 4651 3207 4706; x_wconf 89' lang='lat' dir='ltr'><strong>cuilibet</strong></span> <span class='ocrx_word' id='word_1_890' title='bbox 3254 4660 3500 4706; x_wconf 86' lang='lat' dir='ltr'><strong>octavum</strong></span> <span class='ocrx_word' id='word_1_891' title='bbox 3547 4652 3820 4718; x_wconf 77' lang='lat' dir='ltr'><strong>maritum,</strong></span> 
     </span>
    </p>
   </div>
   <div class='ocr_carea' id='block_1_110' title="bbox 2235 4743 2996 4814">
    <p class='ocr_par' dir='ltr' id='par_1_110' title="bbox 2235 4743 2996 4814">
     <span class='ocr_line' id='line_1_111' title="bbox 2235 4743 2996 4814; baseline -0.003 -16"><span class='ocrx_word' id='word_1_892' title='bbox 2235 4751 2289 4798; x_wconf 89' lang='lat' dir='ltr'><strong>et</strong></span> <span class='ocrx_word' id='word_1_893' title='bbox 2313 4757 2434 4798; x_wconf 88' lang='lat' dir='ltr'><strong>esse</strong></span> <span class='ocrx_word' id='word_1_894' title='bbox 2454 4743 2664 4799; x_wconf 89' lang='lat' dir='ltr'><strong>desinat</strong></span> <span class='ocrx_word' id='word_1_895' title='bbox 2693 4744 2996 4814; x_wconf 89' lang='lat' dir='ltr'><strong>prostituta.</strong></span> 
     </span>
    </p>
   </div>
   <div class='ocr_carea' id='block_1_111' title="bbox 2307 4832 3823 4906">
    <p class='ocr_par' dir='ltr' id='par_1_111' title="bbox 2307 4832 3823 4906">
     <span class='ocr_line' id='line_1_112' title="bbox 2307 4832 3823 4906; baseline 0.002 -17"><span class='ocrx_word' id='word_1_896' title='bbox 2307 4833 2396 4889; x_wconf 80' lang='grc'><strong>19.</strong></span> <span class='ocrx_word' id='word_1_897' title='bbox 2439 4834 2658 4888; x_wconf 85' lang='lat' dir='ltr'><strong>Veniam</strong></span> <span class='ocrx_word' id='word_1_898' title='bbox 2677 4844 2726 4888; x_wconf 90' lang='lat' dir='ltr'><strong>et</strong></span> <span class='ocrx_word' id='word_1_899' title='bbox 2752 4832 2818 4887; x_wconf 88' lang='lat' dir='ltr'><strong>ad</strong></span> <span class='ocrx_word' id='word_1_900' title='bbox 2847 4835 2992 4888; x_wconf 90' lang='lat' dir='ltr'><strong>illum</strong></span> <span class='ocrx_word' id='word_1_901' title='bbox 3014 4833 3189 4889; x_wconf 88' lang='lat' dir='ltr'><strong>locum</strong></span> <span class='ocrx_word' id='word_1_902' title='bbox 3217 4835 3268 4888; x_wconf 94' lang='lat' dir='ltr'><strong>in</strong></span> <span class='ocrx_word' id='word_1_903' title='bbox 3293 4849 3400 4905; x_wconf 90' lang='lat' dir='ltr'><strong>quo</strong></span> <span class='ocrx_word' id='word_1_904' title='bbox 3421 4849 3642 4906; x_wconf 81' lang='lat' dir='ltr'><strong>arguor,</strong></span> <span class='ocrx_word' id='word_1_905' title='bbox 3659 4851 3823 4906; x_wconf 86' lang='lat' dir='ltr'><strong>quare</strong></span> 
     </span>
    </p>
   </div>
   <div class='ocr_carea' id='block_1_112' title="bbox 2233 4913 3820 4996">
    <p class='ocr_par' dir='ltr' id='par_1_112' title="bbox 2233 4913 3820 4996">
     <span class='ocr_line' id='line_1_113' title="bbox 2233 4913 3820 4996; baseline 0.004 -20"><span class='ocrx_word' id='word_1_906' title='bbox 2233 4921 2459 4977; x_wconf 82' lang='lat' dir='ltr'><strong>dixerim</strong></span> <span class='ocrx_word' id='word_1_907' title='bbox 2483 4924 2502 4993; x_wconf 94' lang='lat'>(</span> <span class='ocrx_word' id='word_1_908' title='bbox 2526 4923 2638 4979; x_wconf 84' lang='lat' dir='ltr'><strong>Lib.</strong></span> <span class='ocrx_word' id='word_1_909' title='bbox 2671 4925 2721 4979; x_wconf 82' lang='grc'><strong>1.</strong></span> <span class='ocrx_word' id='word_1_910' title='bbox 2747 4941 2792 4977; x_wconf 89' lang='lat' dir='ltr'><strong>c.</strong></span> <span class='ocrx_word' id='word_1_911' title='bbox 2828 4923 2860 4978; x_wconf 86' lang='lat'><strong>9</strong></span> <span class='ocrx_word' id='word_1_912' title='bbox 2881 4924 2899 4995; x_wconf 87' lang='lat'>)</span> <span class='ocrx_word' id='word_1_913' title='bbox 2920 4913 3459 4996; x_wconf 79' lang='lat' dir='ltr'><strong>(d)dumtaxatjnxta</strong></span> <span class='ocrx_word' id='word_1_914' title='bbox 3507 4927 3820 4982; x_wconf 73' lang='lat' dir='ltr'><strong>lleb‘raicam</strong></span> 
     </span>
    </p>
   </div>
   <div class='ocr_carea' id='block_1_113' title="bbox 2237 5013 3824 5088">
    <p class='ocr_par' dir='ltr' id='par_1_113' title="bbox 2237 5013 3824 5088">
     <span class='ocr_line' id='line_1_114' title="bbox 2237 5013 3824 5088; baseline 0.004 -23"><span class='ocrx_word' id='word_1_915' title='bbox 2237 5013 2550 5081; x_wconf 84' lang='lat' dir='ltr'><strong>Veritatem,</strong></span> <span class='ocrx_word' id='word_1_916' title='bbox 2580 5015 2632 5068; x_wconf 93' lang='lat' dir='ltr'><strong>in</strong></span> <span class='ocrx_word' id='word_1_917' title='bbox 2657 5014 2746 5070; x_wconf 91' lang='lat' dir='ltr'><strong>die</strong></span> <span class='ocrx_word' id='word_1_918' title='bbox 2773 5014 3008 5070; x_wconf 90' lang='lat' dir='ltr'><strong>secundo</strong></span> <span class='ocrx_word' id='word_1_919' title='bbox 3042 5032 3148 5070; x_wconf 90' lang='lat' dir='ltr'><strong>non</strong></span> <span class='ocrx_word' id='word_1_920' title='bbox 3169 5015 3435 5084; x_wconf 87' lang='lat' dir='ltr'><strong>additum,</strong></span> <span class='ocrx_word' id='word_1_921' title='bbox 3460 5019 3599 5073; x_wconf 90' lang='lat' dir='ltr'><strong>sicut</strong></span> <span class='ocrx_word' id='word_1_922' title='bbox 3640 5018 3692 5073; x_wconf 93' lang='lat' dir='ltr'><strong>in</strong></span> <span class='ocrx_word' id='word_1_923' title='bbox 3725 5020 3824 5088; x_wconf 85' lang='lat' dir='ltr'><strong>pri-</strong></span> 
     </span>
    </p>
   </div>
   <div class='ocr_carea' id='block_1_114' title="bbox 2233 5105 3818 5179">
    <p class='ocr_par' dir='ltr' id='par_1_114' title="bbox 2233 5105 3818 5179">
     <span class='ocr_line' id='line_1_115' title="bbox 2233 5105 3818 5179; baseline 0.003 -19"><span class='ocrx_word' id='word_1_924' title='bbox 2233 5121 2322 5160; x_wconf 91' lang='lat' dir='ltr'><strong>mo</strong></span> <span class='ocrx_word' id='word_1_925' title='bbox 2345 5115 2398 5160; x_wconf 91' lang='lat' dir='ltr'><strong>et</strong></span> <span class='ocrx_word' id='word_1_926' title='bbox 2422 5107 2474 5160; x_wconf 92' lang='lat' dir='ltr'><strong>in</strong></span> <span class='ocrx_word' id='word_1_927' title='bbox 2505 5105 2678 5172; x_wconf 88' lang='lat' dir='ltr'><strong>tertio,</strong></span> <span class='ocrx_word' id='word_1_928' title='bbox 2707 5113 2762 5159; x_wconf 90' lang='lat' dir='ltr'><strong>et</strong></span> <span class='ocrx_word' id='word_1_929' title='bbox 2790 5105 3012 5175; x_wconf 91' lang='lat' dir='ltr'><strong>reliquis</strong></span> <span class='ocrx_word' id='word_1_930' title='bbox 3039 5121 3052 5158; x_wconf 92' lang='lat'>:</span> <span class='ocrx_word' id='word_1_931' title='bbox 3085 5125 3102 5157; x_wconf 71' lang='grc' dir='ltr'>ι</span> <span class='ocrx_word' id='word_1_932' title='bbox 3141 5106 3459 5173; x_wconf 88' lang='lat' dir='ltr'><strong>ViditDeus,</strong></span> <span class='ocrx_word' id='word_1_933' title='bbox 3482 5109 3602 5179; x_wconf 86' lang='lat' dir='ltr'><strong>quia</strong></span> <span class='ocrx_word' id='word_1_934' title='bbox 3619 5108 3818 5164; x_wconf 89' lang='lat' dir='ltr'><strong>bonum</strong></span> 
     </span>
    </p>
   </div>
   <div class='ocr_carea' id='block_1_115' title="bbox 2233 5196 3819 5269">
    <p class='ocr_par' dir='ltr' id='par_1_115' title="bbox 2233 5196 3819 5269">
     <span class='ocr_line' id='line_1_116' title="bbox 2233 5196 3819 5269; baseline 0.003 -17"><span class='ocrx_word' id='word_1_935' title='bbox 2233 5206 2312 5252; x_wconf 82' lang='lat' dir='ltr'><strong>est</strong></span> <span class='ocrx_word' id='word_1_936' title='bbox 2350 5216 2368 5249; x_wconf 75' lang='grc' dir='ltr'><strong><em>ι</em></strong></span> <span class='ocrx_word' id='word_1_937' title='bbox 2405 5197 2422 5268; x_wconf 96' lang='grc'>(</span> <span class='ocrx_word' id='word_1_938' title='bbox 2459 5196 2633 5251; x_wconf 70' lang='lat' dir='ltr'><strong>GenJ</strong></span> <span class='ocrx_word' id='word_1_939' title='bbox 2661 5199 2719 5265; x_wconf 84' lang='lat'><strong>);</strong></span> <span class='ocrx_word' id='word_1_940' title='bbox 2751 5197 3039 5263; x_wconf 81' lang='lat' dir='ltr'><strong>statimque</strong></span> <span class='ocrx_word' id='word_1_941' title='bbox 3080 5199 3400 5269; x_wconf 88' lang='lat' dir='ltr'><strong>subjecerim</strong></span> <span class='ocrx_word' id='word_1_942' title='bbox 3433 5217 3448 5254; x_wconf 91' lang='lat'><strong>:</strong></span> <span class='ocrx_word' id='word_1_943' title='bbox 3484 5219 3502 5252; x_wconf 77' lang='grc' dir='ltr'>ι</span> <span class='ocrx_word' id='word_1_944' title='bbox 3538 5201 3702 5256; x_wconf 81' lang='lat' dir='ltr'><strong>Nobis</strong></span> <span class='ocrx_word' id='word_1_945' title='bbox 3747 5201 3819 5256; x_wconf 91' lang='lat' dir='ltr'><strong>in-</strong></span> 
     </span>
    </p>
   </div>
   <div class='ocr_carea' id='block_1_116' title="bbox 2239 5285 3816 5360">
    <p class='ocr_par' dir='ltr' id='par_1_116' title="bbox 2239 5285 3816 5360">
     <span class='ocr_line' id='line_1_117' title="bbox 2239 5285 3816 5360; baseline 0.004 -20"><span class='ocrx_word' id='word_1_946' title='bbox 2239 5286 2586 5356; x_wconf 82' lang='lat' dir='ltr'><strong>telligentiam</strong></span> <span class='ocrx_word' id='word_1_947' title='bbox 2624 5285 2920 5356; x_wconf 89' lang='lat' dir='ltr'><strong>derelinqui</strong></span> <span class='ocrx_word' id='word_1_948' title='bbox 2951 5304 2964 5338; x_wconf 88' lang='lat'><strong>:</strong></span> <span class='ocrx_word' id='word_1_949' title='bbox 2998 5301 3105 5343; x_wconf 91' lang='lat' dir='ltr'><strong>non</strong></span> <span class='ocrx_word' id='word_1_950' title='bbox 3151 5303 3272 5345; x_wconf 85' lang='lat' dir='ltr'><strong>esse</strong></span> <span class='ocrx_word' id='word_1_951' title='bbox 3310 5289 3505 5344; x_wconf 88' lang='lat' dir='ltr'><strong>bonum</strong></span> <span class='ocrx_word' id='word_1_952' title='bbox 3553 5291 3816 5360; x_wconf 80' lang='lat' dir='ltr'><strong>duplicem</strong></span> 
     </span>
    </p>
   </div>
   <div class='ocr_carea' id='block_1_117' title="bbox 2293 5460 3816 5533">
    <p class='ocr_par' dir='ltr' id='par_1_117' title="bbox 2293 5460 3816 5533">
     <span class='ocr_line' id='line_1_118' title="bbox 2293 5460 3816 5533; baseline 0.001 -22"><span class='ocrx_word' id='word_1_953' title='bbox 2293 5462 2363 5523; x_wconf 86' lang='lat' dir='ltr'><strong>(c)</strong></span> <span class='ocrx_word' id='word_1_954' title='bbox 2395 5460 2535 5533; x_wconf 78' lang='lat' dir='ltr'><strong>Haud</strong></span> <span class='ocrx_word' id='word_1_955' title='bbox 2561 5460 2899 5533; x_wconf 62' lang='lat' dir='ltr'><strong>tamen__rnulto</strong></span> <span class='ocrx_word' id='word_1_956' title='bbox 2938 5467 3049 5524; x_wconf 87' lang='lat' dir='ltr'><strong>post</strong></span> <span class='ocrx_word' id='word_1_957' title='bbox 3080 5462 3377 5533; x_wconf 65' lang='lat' dir='ltr'><strong>injuriarum</strong></span> <span class='ocrx_word' id='word_1_958' title='bbox 3405 5463 3466 5533; x_wconf 79' lang='lat' dir='ltr'><strong>in_</strong></span> <span class='ocrx_word' id='word_1_959' title='bbox 3491 5475 3603 5512; x_wconf 90' lang='lat' dir='ltr'><strong>eum</strong></span> <span class='ocrx_word' id='word_1_960' title='bbox 3640 5462 3816 5533; x_wconf 70' lang='lat' dir='ltr'><strong>librum</strong></span> 
     </span>
    </p>
   </div>
   <div class='ocr_carea' id='block_1_118' title="bbox 2229 5521 3818 5632">
    <p class='ocr_par' dir='ltr' id='par_1_118' title="bbox 2229 5521 3818 5632">
     <span class='ocr_line' id='line_1_119' title="bbox 2229 5521 3818 5631; baseline 0.003 -60"><span class='ocrx_word' id='word_1_961' title='bbox 2229 5521 2546 5593; x_wconf 70' lang='lat' dir='ltr'><strong>conqueritur</strong></span> <span class='ocrx_word' id='word_1_962' title='bbox 2568 5521 3036 5631; x_wconf 38' lang='lat' dir='ltr'><strong>apud&#39;Nelgotiatinm</strong></span> <span class='ocrx_word' id='word_1_963' title='bbox 3077 5521 3233 5586; x_wconf 74' lang='lat' dir='ltr'><strong>Epist.</strong></span> <span class='ocrx_word' id='word_1_964' title='bbox 3260 5524 3338 5573; x_wconf 76' lang='lat'><strong>52.</strong></span> <span class='ocrx_word' id='word_1_965' title='bbox 3364 5525 3414 5572; x_wconf 89' lang='lat' dir='ltr'><strong>in</strong></span> <span class='ocrx_word' id='word_1_966' title='bbox 3438 5522 3563 5587; x_wconf 83' lang='lat' dir='ltr'><strong>tiae,</strong></span> <span class='ocrx_word' id='word_1_967' title='bbox 3589 5524 3818 5588; x_wconf 67' lang='lat' dir='ltr'><strong>Lepidam</strong></span> 
     </span>
     <span class='ocr_line' id='line_1_120' title="bbox 2229 5580 2965 5632; baseline 0 0"><span class='ocrx_word' id='word_1_968' title='bbox 2229 5589 2642 5632; x_wconf 68' lang='lat' dir='ltr'><strong>tam’tttramttatts</strong></span> <span class='ocrx_word' id='word_1_969' title='bbox 2666 5580 2776 5631; x_wconf 82' lang='lat' dir='ltr'><strong>ltbel</strong></span> <span class='ocrx_word' id='word_1_970' title='bbox 2825 5617 2838 5632; x_wconf 88' lang='lat'><strong>.</strong></span> <span class='ocrx_word' id='word_1_971' title='bbox 2867 5589 2965 5632; x_wconf 91' lang='lat' dir='ltr'><strong>etc.</strong></span> 
     </span>
    </p>
   </div>
   <div class='ocr_carea' id='block_1_119' title="bbox 2315 5617 3814 5708">
    <p class='ocr_par' dir='ltr' id='par_1_119' title="bbox 2315 5617 3814 5708">
     <span class='ocr_line' id='line_1_121' title="bbox 2315 5617 3814 5708; baseline 0.002 -17"><span class='ocrx_word' id='word_1_972' title='bbox 2383 5617 3030 5708; x_wconf 55' lang='lat' dir='ltr'><strong>&#39;Zi’dii&#39;giEEpié&#39;ié&#39;Eoiiiio,</strong></span> <span class='ocrx_word' id='word_1_973' title='bbox 3051 5653 3234 5695; x_wconf 89' lang='lat' dir='ltr'><strong>tantum</strong></span> <span class='ocrx_word' id='word_1_974' title='bbox 3259 5645 3385 5707; x_wconf 81' lang='lat' dir='ltr'><strong>quod</strong></span> <span class='ocrx_word' id='word_1_975' title='bbox 3409 5647 3659 5708; x_wconf 81' lang='lat' dir='ltr'><strong>sciamus,</strong></span> <span class='ocrx_word' id='word_1_976' title='bbox 3688 5645 3814 5708; x_wconf 86' lang='lat' dir='ltr'><strong>apud</strong></span> 
     </span>
    </p>
   </div>
   <div class='ocr_carea' id='block_1_120' title="bbox 2230 5704 3814 5815">
    <p class='ocr_par' dir='ltr' id='par_1_120' title="bbox 2230 5704 3814 5815">
     <span class='ocr_line' id='line_1_122' title="bbox 2230 5704 3814 5813; baseline 0.004 -61"><span class='ocrx_word' id='word_1_977' title='bbox 2230 5704 2402 5813; x_wconf 50' lang='lat' dir='ltr'><strong>Pili&quot;,</strong></span> <span class='ocrx_word' id='word_1_978' title='bbox 2429 5711 2481 5753; x_wconf 89' lang='lat' dir='ltr'><strong>ct</strong></span> <span class='ocrx_word' id='word_1_979' title='bbox 2493 5704 2753 5812; x_wconf 59' lang='lat' dir='ltr'><strong>lArl&#39;.’ttiicttnt</strong></span> <span class='ocrx_word' id='word_1_980' title='bbox 2777 5705 3050 5755; x_wconf 79' lang='lat' dir='ltr'><strong>versionem</strong></span> <span class='ocrx_word' id='word_1_981' title='bbox 3075 5707 3132 5756; x_wconf 86' lang='lat' dir='ltr'><strong>ad</strong></span> <span class='ocrx_word' id='word_1_982' title='bbox 3157 5704 3424 5756; x_wconf 77' lang='lat' dir='ltr'><strong>secundum</strong></span> <span class='ocrx_word' id='word_1_983' title='bbox 3458 5707 3592 5758; x_wconf 83' lang='lat' dir='ltr'><strong>diem</strong></span> <span class='ocrx_word' id='word_1_984' title='bbox 3625 5704 3814 5759; x_wconf 76' lang='lat' dir='ltr'><strong>Clausu-</strong></span> 
     </span>
     <span class='ocr_line' id='line_1_123' title="bbox 2249 5778 2682 5815; baseline -0.005 -2"><span class='ocrx_word' id='word_1_985' title='bbox 2249 5780 2360 5815; x_wconf 79' lang='lat' dir='ltr'><strong>amr</strong></span> <span class='ocrx_word' id='word_1_986' title='bbox 2401 5779 2476 5813; x_wconf 88' lang='lat' dir='ltr'><strong>am</strong></span> <span class='ocrx_word' id='word_1_987' title='bbox 2512 5778 2554 5812; x_wconf 84' lang='lat' dir='ltr'><strong>ta</strong></span> <span class='ocrx_word' id='word_1_988' title='bbox 2595 5778 2682 5813; x_wconf 86' lang='lat' dir='ltr'><strong>ert.</strong></span> 
     </span>
    </p>
   </div>
  </div>
