4146 6336
334 401 435 458 509

330 526 632 576 numerum,
666 512 753 582 qui
778 511 846 568 ab
872 512 1067 567 unione
1118 509 1350 572 dividat,
1383 519 1436 563 et
1467 507 1763 579 praelignret
1817 505 1905 560 fm-

330 605 454 660 dcra
487 605 810 672 nuptiarum.
849 604 995 659 Unde
1021 613 1075 658 et
1102 605 1152 656 in
1184 618 1303 657 arca
1326 601 1437 656 Noe
1453 603 1628 656 omnia
1659 600 1904 653 animalia

329 709 678 764 qurecumque
701 694 823 748 bina
852 695 1242 764 ingrediuntur,
1263 693 1535 748 immunda
1567 700 1711 746 sunt.
1734 691 1908 760 Impar

328 799 580 839 numerus
601 795 682 839 est
706 784 955 838 mundus.
992 804 1010 836 ι
1064 783 1116 838 In
1145 785 1245 839 hoc
1272 784 1450 838 nescio
1476 781 1601 853 quid
1627 782 1909 851 reprehen-

326 875 482 929 datur
509 875 718 928 interim
751 874 817 929 de
846 873 1078 930 secunda
1109 875 1195 929 die
1223 891 1236 926 :
1269 883 1443 928 utrum
1489 873 1610 943 quia
1650 871 1906 939 scriptum

325 973 426 1031 est,
445 973 502 1019 et
533 965 788 1032 scriptum
821 979 924 1017 non
965 979 1085 1019 esse
1110 964 1340 1018 diximus
1372 979 1385 1014 :
1417 978 1482 1016 an
1510 962 1632 1032 quia
1678 961 1836 1015 etiam
1863 959 1907 1013 si

323 1055 578 1124 scriptmn
606 1063 719 1120 est,
754 1071 850 1108 nos
867 1055 1021 1109 aliter
1047 1054 1420 1120 intelleximus,
1439 1068 1594 1124 quam
1622 1051 1910 1121 Scriptnrte

324 1147 634 1216 simplicitas
666 1148 878 1215 patitur.
905 1145 1169 1216 Scriptum
1201 1161 1304 1200 non
1322 1161 1439 1201 esse
1460 1146 1511 1199 in
1539 1144 1774 1200 secundo
1800 1143 1905 1209 die,

330 1257 348 1290 ι
380 1239 522 1293 Vidit
546 1239 682 1293 Deus
710 1239 830 1310 quia
865 1239 1058 1293 bonum
1080 1249 1159 1293 est
1189 1257 1203 1291 :
1240 1257 1257 1290 ι
1293 1252 1397 1292 non
1444 1251 1617 1290 meum
1647 1235 1910 1304 accipiant

327 1328 710 1394 testimonium,
741 1327 834 1382 sed
859 1339 1171 1383 cunctorum
1199 1327 1540 1382 Hebraeorum
1565 1369 1578 1390 ,
1603 1337 1652 1380 et
1683 1326 1907 1378 aliorum

325 1418 698 1487 Interpretttm,
726 1419 932 1488 Aquila:
955 1419 1220 1482 videlicet,
1240 1427 1292 1472 et
1312 1416 1636 1489 Symmachi,
1663 1424 1718 1471 et
1735 1414 1906 1468 Theo-

322 1513 574 1567 dotionis.
603 1512 657 1566 Si
689 1521 864 1567 autem
898 1512 1150 1581 scriptum
1171 1527 1274 1566 non
1305 1520 1387 1566 est
1407 1552 1419 1575 ,
1467 1525 1586 1564 cum
1619 1509 1670 1563 in
1701 1508 1908 1563 ctcteris

323 1603 512 1657 diebus
531 1602 786 1672 scriptum
816 1602 905 1666 sit,
932 1612 1023 1656 aut
1049 1601 1274 1656 reddant
1308 1601 1464 1654 aliam
1495 1598 1908 1670 probabiliorem

323 1709 559 1757 causam,
591 1707 756 1763 quare
786 1708 893 1746 non
945 1693 1200 1762 scriptum
1229 1693 1297 1746 sit
1327 1711 1340 1746 :
1370 1702 1459 1745 aut
1484 1690 1529 1746 si
1559 1706 1663 1744 non
1691 1703 1908 1758 repereo

325 1785 453 1851 rint,
479 1785 698 1855 ingratis
771 1784 930 1856 232
1001 1785 1293 1854 suscipiant
1312 1783 1452 1853 quod
1473 1800 1503 1838 a
1531 1783 1684 1838 nobis
1707 1783 1907 1837 dictum

324 1883 429 1930 est.
457 1875 623 1929 Porro
653 1876 698 1929 si
729 1876 781 1930 in
827 1891 946 1928 arca
976 1875 1088 1930 Noe
1117 1876 1292 1929 omnia
1339 1875 1608 1940 animalia,
1640 1889 1758 1944 qua:
1786 1872 1909 1926 bina

325 1947 694 2035 ingrediuntur
738 1966 1006 2020 immunda
1037 1975 1182 2030 sunt,
1211 1973 1262 2020 et
1287 1967 1455 2034 impar
1479 1978 1732 2018 numerus
1756 1979 1912 2018 mun-

325 2057 422 2112 dus
473 2066 574 2123 est,
598 2067 652 2112 et
690 2057 792 2112 hoc
835 2057 1088 2126 scriptum
1135 2055 1452 2112 esse'nemo
1473 2055 1912 2125 dubitat;qnare

324 2160 578 2219 scriptum
601 2151 644 2204 si
672 2148 990 2205 edisserant.
1006 2149 1062 2203 Si
1088 2157 1266 2203 autem
1290 2163 1395 2202 non
1421 2148 1737 2212 edisserunt,
1769 2147 1910 2218 quod

323 2255 352 2292 a
376 2257 462 2294 me
481 2242 779 2311 expositum
811 2253 892 2297 est
918 2284 933 2308 ,
961 2243 1130 2296 velint
1153 2283 1167 2305 .
1200 2242 1411 2304 nolint,
1443 2240 1753 2309 suscipient.
1805 2241 1913 2294 Aut

325 2330 504 2401 profer
548 2335 796 2389 meliores
847 2335 1035 2404 epulas
1062 2376 1076 2400 ,
1101 2343 1154 2388 et
1206 2347 1294 2388 me
1341 2333 1567 2387 conviva
1595 2341 1744 2386 utere
1777 2349 1790 2386 :
1822 2340 1914 2386 aut

322 2423 694 2494 qualicumque
725 2433 904 2478 nostra
951 2423 1161 2479 comula
1206 2431 1490 2477 contentus
1532 2430 1667 2476 esto.
1699 2420 1912 2476 Scilicet

323 2529 464 2570 nunc
493 2515 913 2570 enumerandum
937 2514 1066 2568 mihi
1089 2524 1190 2578 est,
1213 2513 1302 2582 qui
1336 2511 1826 2568 Ecclesiasticorum
1845 2511 1913 2568 de

323 2603 511 2674 impari
542 2617 766 2658 numero
792 2603 1132 2672 disputarint,
1152 2601 1418 2668 Clemens,
1435 2601 1768 2671 Hippolytus,
1794 2600 1914 2656 Ori-

319 2710 504 2766 genes,
537 2694 838 2764 Dionysius,
875 2693 1153 2758 Eusebius,
1184 2693 1438 2763 Didymus
1457 2733 1471 2756 ,
1499 2701 1912 2762 nostrorumque

321 2785 704 2852 Tertullianus,
728 2786 1048 2856 Cyprianus,
1066 2785 1368 2840 Victorinus
1383 2825 1397 2848 ,
1413 2784 1739 2849 Lactantius,
1767 2785 1913 2839 IIila-

323 2879 434 2933 rius
453 2895 464 2931 :
485 2892 710 2947 quorum
729 2877 806 2948 (a)
824 2877 1118 2948 Cyprianus
1129 2876 1196 2931 de
1207 2877 1584 2947 septenario,id
1601 2886 1700 2937 est,
1723 2877 1911 2945 impari

326 2985 550 3024 numero
577 2967 875 3034 disserens,
907 2985 1026 3039 qua:
1046 3011 1061 3035 ,
1091 2977 1144 3023 et
1167 2977 1363 3039 quanta
1388 2968 1581 3023 dixerit
1609 2969 1674 3023 ad
1705 2969 1914 3024 Fortu-

328 3072 529 3126 natum,
563 3061 699 3116 liber
721 3060 864 3115 illius
893 3061 1196 3115 testimonio
1220 3069 1319 3114 est.
1353 3062 1432 3113 An
1464 3057 1684 3114 forsitan
1713 3060 1910 3130 Pytha-

327 3169 506 3224 goram
533 3194 547 3220 ,
589 3161 644 3207 et
699 3151 972 3206 Architam
1017 3151 1358 3206 Tarentinum
1386 3191 1400 3216 ,
1428 3159 1483 3204 et
1539 3149 1610 3222 (ὁ)
1665 3150 1908 3206 Publium

327 3246 624 3314 Scipionem
657 3244 709 3298 in
739 3252 892 3299 sexto
918 3242 984 3298 de
1014 3241 1335 3312 Republica,
1359 3241 1426 3296 de
1454 3242 1640 3311 impari
1688 3257 1911 3298 munero

329 3333 591 3402 proferam
618 3332 990 3404 disputantes?
1015 3333 1082 3386 Et
1111 3333 1154 3386 si
1184 3331 1282 3387 hos
1307 3331 1490 3386 audire
1523 3333 1788 3388 noluerint
1814 3335 1910 3389 ob-

332 3435 640 3484 trectatores
659 3427 785 3491 mei,
815 3423 1294 3480 Grammaticorum
1349 3423 1559 3478 scholas
1602 3425 1681 3480 eis
1721 3426 1908 3481 faciam

326 3516 693 3572 conclamare:
724 3534 744 3568 ‹
775 3514 1005 3570 Numero
1036 3515 1174 3571 Deus
1202 3515 1403 3586 impare
1424 3514 1617 3586 gaudet
1649 3535 1669 3569 ι
1711 3517 1729 3588 (
1769 3515 1905 3588 Virg.

329 3607 503 3680 Eclog.
534 3609 568 3664 8
592 3609 634 3680 ).

395 3698 483 3754 20.
524 3698 736 3754 Grande
757 3698 1041 3770 piaculum,
1069 3713 1270 3753 eversa:
1300 3707 1425 3756 sunt
1449 3698 1733 3765 Ecclesiae,
1765 3699 1910 3756 orbis

328 3790 509 3845 audire
537 3805 643 3845 non
673 3799 888 3861 potest,
915 3790 960 3845 si
1005 3790 1340 3844 mundiorem
1384 3790 1737 3860 virginitatem
1769 3790 1908 3845 dixi-

330 3895 447 3933 mus
475 3895 592 3936 esse
617 3896 776 3951 quam
824 3881 1034 3950 nuptias
1064 3896 1078 3932 :
1107 3881 1150 3933 si
1183 3893 1364 3948 parem
1398 3895 1678 3933 numerum
1719 3879 1908 3949 impari

328 3970 668 4040 subjeeimus,
695 3981 748 4027 et
772 3972 968 4026 veteris
1006 3970 1331 4026 Testamenti
1362 3979 1513 4040 typos
1534 4012 1548 4037 ,
1578 3971 1910 4040 Evangelica:

328 4055 534 4110 veritati
587 4053 880 4124 profecisse
931 4054 1368 4108 monstravimus.
1431 4052 1639 4108 Cmtera
1691 4069 1810 4124 qua:
1853 4055 1907 4108 in

331 4143 464 4199 libro
494 4152 680 4200 nostro
724 4148 1050 4214 reprehensa
1080 4152 1243 4208 sunt,
1274 4143 1360 4199 vel
1408 4143 1606 4198 leviora
1632 4153 1763 4215 puto
1782 4185 1796 4210 ,
1824 4133 1912 4200 vel

328 4235 392 4288 ad
420 4233 664 4291 eumdem
695 4250 910 4289 sensum
940 4233 1257 4304 pertinentia
1285 4253 1299 4289 :
1329 4234 1469 4289 unde
1506 4234 1572 4289 ad
1601 4249 1663 4290 ea
1687 4250 1909 4305 respon-

328 4325 454 4380 dere
484 4324 652 4390 nolui,
682 4340 749 4380 ne
774 4325 940 4380 libelli
975 4325 1235 4380 excedere
1262 4325 1709 4396 magnitudinem,
1739 4339 1793 4381 et
1819 4336 1910 4382 tuo

329 4414 535 4470 viderer
588 4415 800 4484 ingenio
845 4415 1127 4482 diffidere,
1167 4431 1325 4486 quem
1400 4427 1682 4484 patronum
1734 4432 1908 4475 causai

330 4522 462 4560 mea:
489 4514 613 4561 ante
641 4505 798 4560 habui
823 4545 838 4570 ,
866 4521 1024 4576 quam
1050 4521 1312 4577 rogarem.
1342 4505 1504 4576 Igitur
1533 4508 1635 4562 hoc
1669 4517 1906 4564 extrema

327 4613 456 4653 voce
476 4607 761 4669 protestor,
787 4613 860 4653 ne
889 4614 988 4655 nec
1005 4599 1288 4654 damnasse
1316 4600 1544 4670 nuptias,
1567 4615 1666 4656 nec
1690 4601 1906 4656 damna-

327 4704 423 4755 re;
455 4689 792 4759 respondisse
853 4688 1197 4756 adversario,
1240 4705 1344 4744 non
1391 4706 1630 4746 meorum
1689 4692 1906 4748 insidias

327 4781 662 4837 formidasse.
694 4781 1056 4851 Virginitatem
1083 4791 1260 4836 autem
1307 4782 1358 4836 in
1380 4768 1596 4838 caelum
1623 4783 1766 4851 fero,
1797 4800 1904 4840 non

327 4874 446 4944 quia
477 4873 724 4941 habeam,
747 4872 841 4929 sed
871 4873 992 4944 quia
1019 4874 1186 4944 magis
1215 4873 1378 4928 mirer
1406 4875 1548 4944 quod
1575 4890 1681 4930 non
1711 4876 1901 4931 habeo.
1991 4905 1999 4928 μ

384 5025 458 5090 (a)
482 5026 611 5077 Editi
635 5033 835 5090 veteres
855 5032 968 5076 ante
985 5027 1317 5078 Martianteum
1340 5026 1448 5077 fere
1469 5041 1640 5078 omnes
1663 5028 1905 5080 Hilarium

323 5085 549 5152 Iegergnt
569 5087 947 5152 propytgt'iano,
971 5103 1027 5138 re
1051 5089 1297 5152 tuentibus
1317 5092 1502 5152 cunctis
1534 5090 1903 5152 exemplaribus

456 5139 637 5214 lit-audi
658 5139 972 5214 fuit'Vietori'o
993 5149 1635 5214 cognominisFortunatus,
1649 5139 1733 5214 qui
1753 5139 1900 5202 vitam

323 5208 459 5276 filia:
482 5209 741 5276 S._}_lilarii_
753 5213 961 5272 scripsit,
985 5208 1134 5276 quém
1170 5212 1396 5260 eumdem
1419 5225 1534 5263 esse
1570 5208 1758 5276 putavit
1790 5227 1900 5264 cum

321 5269 423 5328 illo,
446 5273 523 5321 cui
535 5270 675 5336 liber
711 5271 776 5319 de
799 5269 1089 5336 septenario
1122 5285 1327 5336 numero
1350 5269 1896 5336 tractans'inscrihitur,

319 5338 466 5397 atque
490 5332 615 5382 adeo
637 5333 794 5397 ipsum
817 5331 992 5397 librum
1015 5332 1199 5397 Hilario
1225 5335 1410 5390 tribuit,
1435 5349 1547 5397 quae
1570 5337 1676 5397 ejus
1700 5331 1898 5386 hallueiL

320 5393 448 5442 natio
473 5400 570 5454 est,
594 5393 982 5454 anachronismo,
1008 5393 1214 5454 altisque
1240 5393 1490 5446 erroribus
1509 5393 1718 5447 scatens.

379 5453 452 5517 (ft)
487 5453 658 5517 Graece
682 5454 832 5502 habet
855 5453 1154 5517 Veronensis
1191 5453 1319 5517 liber
1352 5455 1404 5506 in
1431 5464 1568 5508 sexto
1612 5476 1677 5517 τῆς
1713 5471 1897 5517 «omne;

317 5511 814 5582 gleiﬁzparipwngyo,
837 5519 935 5563 etc.
958 5513 1178 5582 S__ed_non
1199 5513 1497 5582 aIius_putari
1522 5511 1683 5582 potest
1699 5511 1896 5582 ,unani

320 5571 516 5651 Latinus
552 5575 679 5648 liber
703 5571 941 5651 illeiseu
963 5574 1268 5651 liliﬂhqu‘os
1303 5571 1364 5651 μὲ
1400 5571 1668 5651 _Reptlblic_a
1699 5571 1897 5630 'Tullius

319 5636 525 5708 scripsit,
553 5637 846 5708 in_qt_|orum_
867 5645 1018 5708 sexto
1039 5636 1176 5686 Pub.
1190 5637 1353 5708 Scipio
1383 5637 1448 5708 de
1475 5636 1671 5708 impari
1694 5656 1895 5708 numero

318 5694 565 5759 disputans
601 5694 932 5763 induceretur.
978 5694 1339 5763 Neque_enitn
1385 5701 1496 5761 ejus
1538 5694 1704 5763 operis
1747 5704 1894 5752 hodie

320 5757 530 5823 exstant,
573 5760 665 5823 nisi
705 5757 1134 5823 exiguaquaedam
1165 5757 1434 5823 fragmenta
1467 5757 1590 5822 apud
1625 5763 1888 5823 Senecam,

316 5815 576 5883 Nomium,
599 5815 862 5886 Agellittin,
889 5815 1202 5884 Lactantium,
1229 5815 1571 5880 Augustinum.

1652 393 1977 450 EPISTOLA
2020 391 2250 448 XLVIII.

3467 379 3589 458 Sto

2016 505 2266 575 lngenua,
2293 515 2346 560 et
2375 505 2671 561 verecunda
2692 505 2957 562 confessio
2977 518 3056 564 est
3074 550 3088 573 ,
3120 522 3227 578 quo
3243 507 3356 578 ipse
3376 521 3586 576 careas,

2012 596 2063 650 id
2107 597 2159 651 in
2189 598 2306 652 aliis
2353 598 2662 668 praedicare.
2709 599 2970 668 Numquid
3006 601 3128 670 quia
3169 601 3317 670 gravi
3364 615 3588 670 corpore

2014 697 2168 744 terra:
2190 689 2388 756 Inereo,
2417 691 2591 744 avium
2617 707 2721 744 non
2746 691 2908 744 miror
2929 691 3154 757 volatus,
3178 708 3275 746 nec
3289 693 3588 748 columbam

2011 780 2264 848 praedico,
2295 780 2436 848 quod
2466 798 2486 833 ι
2522 780 2680 834 Radit
2727 781 2829 835 iter
2871 781 3125 850 liquidum
3147 821 3162 847 ,
3191 784 3391 838 celeres
3417 797 3590 852 neque

2011 882 2312 927 commovet
2358 874 2469 926 alas
2505 892 2525 925 )
2558 872 2576 941 (
2605 872 2821 927 Aineid.
2857 873 2949 941 5)?
2976 873 3162 928 Nullus
3210 889 3270 930 se
3318 875 3589 945 decipiat:

2012 977 2171 1017 nemo
2196 963 2390 1018 blando
2463 964 2620 1036 233
2693 963 2964 1019 adulatore
2986 978 3044 1018 se
3073 967 3381 1034 prtccipitet.
3415 969 3588 1026 Prima

2013 1063 2093 1106 cst
2121 1053 2395 1122 virginitas
2423 1069 2451 1107 a
2474 1054 2544 1125 (c)
2578 1054 2866 1122 nativitate,
2886 1054 3117 1110 secunda
3145 1056 3416 1124 virginitas
3448 1075 3478 1113 a
3507 1075 3594 1114 sc—

2012 1142 2182 1197 ottnda
2215 1144 2512 1197 nativitate.
2535 1144 2650 1199 Non
2681 1155 2762 1200 est
2804 1160 2955 1200 meus
2983 1161 3180 1210 sermo,
3218 1147 3432 1217 antiqua
3462 1163 3592 1204 seno

2011 1235 2174 1287 tentia
2203 1241 2319 1288 est:
2357 1253 2375 1286 ‹
2409 1234 2574 1289 Nemo
2619 1245 2795 1306 potest
2831 1236 3038 1292 duobus
3084 1238 3316 1293 dominis
3341 1243 3541 1296 servire
3566 1259 3586 1293 ι

2014 1323 2225 1394 (Matth.
2245 1325 2297 1379 6.
2316 1324 2430 1395 24),
2452 1328 2596 1381 carni
2626 1335 2682 1382 et
2700 1329 2926 1397 Spiritui.
2949 1346 2968 1379 ι
2987 1328 3122 1384 Caro
3149 1331 3476 1402 concupiscit
3496 1334 3594 1388 ad-

2012 1430 2198 1470 versus
2217 1417 2481 1486 Spiritum,
2499 1419 2716 1488 spiritus
2730 1430 2906 1475 autem
2927 1420 3184 1476 adversus
3206 1437 3453 1487 carnem;
3477 1423 3593 1481 Ittre

2013 1506 2237 1561 invicem
2266 1509 2364 1562 sibi
2388 1508 2756 1578 adversantur,
2781 1521 2836 1566 ut
2868 1527 2971 1568 non
2993 1529 3110 1584 qua:
3133 1516 3375 1572 volumus
3397 1518 3485 1572 illa
3517 1511 3594 1572 fa-

2012 1596 2218 1650 ciamus
2243 1598 2262 1669 (
2287 1597 2458 1652 Galat.
2487 1600 2540 1654 5.
2571 1599 2635 1654 I7
2655 1603 2698 1670 ).
2728 1602 2951 1668 Quando
2985 1605 3183 1674 aliquid
3226 1607 3317 1663 tibi
3343 1623 3589 1679 aSpcrum

2013 1686 2224 1741 videtur
2249 1687 2300 1741 in
2325 1697 2508 1743 nostro
2533 1692 2813 1759 opusculo,
2845 1708 2948 1747 non
2976 1695 3043 1748 ad
3083 1713 3198 1751 mea
3237 1699 3395 1753 verba
3423 1703 3596 1771 τρειιί-

2013 1775 2144 1842 cias,
2167 1777 2260 1830 sed
2286 1777 2351 1830 ad
2382 1777 2733 1846 Scripturam,
2751 1781 2890 1837 unde
2915 1797 3032 1838 mea
3064 1794 3230 1840 tracta
3258 1797 3381 1842 sunt
3408 1793 3588 1846 verba.

2082 1867 2170 1922 2|.
2198 1868 2440 1923 Christus
2467 1870 2638 1939 virgo,
2667 1871 2834 1926 Mater
2861 1873 3077 1944 virginis
3103 1877 3268 1931 nostri
3296 1879 3450 1950 Virgo
3473 1897 3595 1950 per-

2015 1967 2192 2027 petua,
2225 1969 2414 2025 mater,
2446 1971 2498 2016 et
2541 1962 2704 2032 virgo.
2748 1963 2903 2020 Jesus
2929 1966 3070 2020 enim
3103 1967 3296 2022 clausis
3323 1970 3594 2040 ingressus

2014 2060 2096 2103 est
2125 2051 2296 2115 ostiis,
2328 2062 2381 2106 et
2411 2053 2460 2106 itt
2489 2054 2735 2122 sepulcro
2759 2055 2893 2126 ejus,
2919 2059 3056 2126 quod
3090 2075 3306 2124 novum,
3332 2073 3387 2117 et
3417 2063 3467 2117 itt
3497 2080 3592 2134 pe-

2017 2148 2096 2194 tra
2139 2141 2420 2196 durissima
2467 2142 2633 2198 fuerat
2673 2147 2928 2212 excisum,
2975 2165 3073 2204 nec
3114 2161 3268 2206 antea
3312 2155 3449 2223 quis,
3496 2171 3597 2212 me

2016 2239 2199 2298 postea
2239 2231 2442 2299 positus
2467 2242 2567 2288 est.
2612 2234 2808 2289 Hortus
2835 2238 3154 2300 conclusus,
3198 2241 3316 2298 fons
3358 2245 3618 2315 signatus

2017 2319 2235 2388 (Cantia.
2267 2322 2320 2374 4.
2349 2322 2438 2390 I2)
2471 2340 2482 2374 :
2513 2323 2580 2378 de
2603 2340 2709 2394 quo
2738 2325 2884 2382 fonte
2905 2328 2994 2383 ille
3023 2328 3212 2385 fluvius
3239 2344 3419 2388 manat
3439 2335 3591 2405 juxta

2015 2410 2129 2484 ,locl
2161 2413 2237 2473 (ὅ.
2274 2413 2364 2482 18)
2386 2456 2400 2478 ,
2433 2415 2521 2484 qui
2553 2417 2733 2486 irrigat
2766 2425 3054 2474 torrentem
3078 2461 3094 2487 ,
3132 2421 3210 2492 (ά)
3239 2425 3320 2478 vel
3348 2424 3548 2480 funium
3575 2469 3593 2495 ,

2015 2503 2097 2557 vel
2127 2503 2397 2572 spinarum
2427 2521 2439 2559 :
2475 2505 2674 2560 funium
2703 2519 3041 2576 peccatorum
3061 2550 3078 2578 ,
3107 2513 3298 2581 quibus
3322 2525 3444 2570 attte
3472 2518 3592 2572 alli-

2014 2594 2277 2663 gabantur
2299 2593 2392 2666 [al.
2407 2596 2763 2669 altigabamur]
2781 2612 2796 2662 ;
2820 2599 3113 2667 spinarum,
3131 2618 3247 2670 qua!
3264 2604 3594 2664 suD'ocabant

2018 2681 2109 2754 [al.
2137 2683 2410 2756 stt/focam]
2441 2694 2732 2742 sementem
2757 2689 3168 2755 patrisfamilias.
3197 2691 3320 2748 [iure
3340 2707 3418 2751 est
3444 2708 3594 2767 porta

2016 2773 2313 2840 orientalis,
2343 2784 2400 2828 ut
2435 2776 2510 2830 ait
2545 2775 2810 2841 Ezechiel,
2841 2793 3054 2848 semper
3083 2781 3282 2850 clausa,
3317 2794 3370 2839 et
3398 2786 3594 2854 lucida,

2017 2872 2068 2918 et
2095 2865 2342 2933 operiens
2373 2865 2423 2919 itt
2453 2880 2532 2931 se,
2557 2866 2641 2921 vel
2670 2882 2734 2922 ex
2766 2883 2825 2924 se
2851 2868 3127 2938 proferens
3156 2871 3346 2930 Sancta
3382 2887 3581 2931 sancto-

2015 2969 2166 3020 rum;
2199 2970 2295 3026 per
2318 2971 2474 3026 quam
2500 2958 2577 3012 sol
2595 2958 2835 3026 justitize,
2859 2969 2910 3014 ct
2942 2960 3181 3017 Pontifex
3204 2974 3385 3020 noster
3404 2982 3570 3023 secuti

2016 3044 2141 3100 dum
2171 3049 2415 3102 ordinem
2447 3048 2836 3105 Melchisedech
2867 3052 3193 3122 ingreditur,
3221 3069 3274 3110 et
3300 3058 3594 3127 egreditur.

2015 3137 2396 3207 Respondeant
2439 3139 2604 3206 mihi,
2661 3141 2928 3208 quomodo
2978 3141 3135 3198 Jesus
3191 3145 3461 3216 ingressus
3513 3160 3598 3205 cst

2014 3229 2210 3285 clausis
2237 3231 2408 3294 ostiis,
2439 3245 2559 3286 cum
2603 3231 2894 3300 palpandas
2940 3249 3150 3301 manus,
3175 3245 3230 3290 et
3255 3237 3395 3292 latus
3417 3241 3598 3296 consi-

2014 3321 2332 3388 derandum,
2360 3331 2409 3377 et
2431 3336 2552 3376 ossa
2574 3337 2898 3394 carnemque
2924 3329 3319 3391 monstraverit,
3355 3345 3423 3384 ne
3451 3335 3594 3388 veri-

2017 3423 2096 3468 tas
2128 3415 2388 3482 corporis,
2416 3414 2722 3484 phantasma
2754 3425 3060 3484 putaretur;
3092 3427 3146 3472 et
3169 3434 3268 3488 ego
3298 3423 3594 3492 responde-

2015 3505 2106 3572 bo,
2150 3505 2420 3575 quomodo
2464 3516 2646 3561 saneta
2692 3507 2854 3562 Maria
2897 3509 2966 3563 sit
3005 3519 3056 3564 et
3101 3520 3292 3577 mater,
3327 3523 3382 3568 et
3419 3515 3589 3586 virgo.

2017 3597 2178 3666 Virgo
2210 3606 2328 3666 post
2354 3607 2602 3667 partum,
2635 3608 2805 3653 mater
2831 3609 2957 3654 ante
2981 3616 3138 3669 quant
3167 3613 3348 3673 nupta.
3396 3604 3592 3675 Igitur,

2015 3698 2074 3743 ut
2096 3689 2277 3744 dicere
2300 3703 2656 3758 cmperamus,
2689 3690 2932 3746 Christus
2955 3693 3122 3762 virgo,
3142 3695 3289 3764 virgo
3313 3696 3498 3764 Maria,
3522 3699 3595 3769 (ε)

2017 3779 2226 3846 utrique
2253 3778 2402 3831 sexui
2431 3779 2746 3848 virginitatis
2769 3780 3082 3836 dedicavere
3122 3785 3394 3853 principia.
3449 3788 3592 3856 Apo-

2016 3868 2136 3922 stoli
2157 3909 2174 3935 ,
2220 3867 2302 3922 vel
2334 3868 2580 3938 virgines,
2613 3869 2695 3925 vel
2725 3878 2843 3939 post
2890 3874 3098 3940 nuptias
3133 3875 3490 3932 continentes.
3522 3877 3594 3950 (ι’)

2015 3958 2286 4028 Episcopi,
2323 3958 2644 4030 Presbyteri,
2672 3960 2909 4026 Diaconi,
2939 3971 3030 4016 aut
3051 3964 3280 4032 virgines
3303 3966 3591 4036 eliguntur,

2015 4057 2105 4102 aut
2131 4048 2294 4114 vidui,
2335 4058 2428 4104 aut
2461 4058 2607 4104 certe
2654 4059 2775 4120 post
2819 4051 3184 4108 Sacerdotium
3235 4055 3286 4109 in
3331 4066 3590 4114 aeternum

2015 4139 2213 4208 pudici.
2242 4140 2379 4205 Quid
2405 4140 2801 4211 nobismetipsis
2825 4144 3111 4212 illudimus,
3141 4155 3196 4202 et
3225 4148 3522 4214 irascimur.
3546 4156 3590 4208 si

2014 4231 2326 4285 subantibus
2349 4231 2503 4287 nobis
2523 4245 2734 4302 semper
2754 4233 2819 4288 ad
2841 4234 3061 4303 coitum,
3081 4239 3297 4306 praemia
3326 4241 3592 4311 pudicitia:

2013 4320 2380 4393 denegantur?
2429 4323 2686 4381 Volumus
2730 4325 2950 4396 epipare
2989 4330 3312 4399 comedere,
3364 4349 3588 4391 uxorum

2013 4415 2290 4471 adhaerere
2323 4417 2722 4486 complexibus,
2754 4428 2810 4474 et
2854 4421 2903 4472 in
2950 4436 3174 4477 munem
3212 4425 3510 4495 virginum,
3537 4440 3592 4484 et

2013 4506 2294 4562 viduarum
2323 4523 2549 4578 regnare
2577 4523 2697 4563 cum
2728 4508 2962 4564 Christo.
3010 4511 3157 4566 Idem
3199 4528 3327 4582 ergo
3376 4515 3592 4573 habebit

2014 4596 2175 4668 23h.
2247 4597 2414 4653 fames
2436 4600 2737 4669 prmtnium,
2762 4609 2812 4654 et
2836 4601 3117 4670 ingluvies,
3141 4603 3348 4671 sordes,
3368 4617 3416 4660 et
3437 4624 3592 4662 mun-

2016 4691 2180 4754 ditize,
2199 4704 2405 4751 saccus.
2423 4699 2478 4744 et
2492 4691 2722 4744 sericum
2738 4691 2761 4744 Ἰ
2780 4691 3008 4745 Lazarus
3027 4693 3228 4761 recepit
3249 4695 3386 4751 mala
3409 4701 3460 4752 in
3484 4700 3588 4755 vita

2012 4794 2131 4845 sua,
2145 4789 2194 4834 et
2214 4780 2361 4834 dives
2384 4780 2472 4834 ille
2496 4790 2840 4850 purpuratus,
2860 4797 3070 4839 crassus
3089 4793 3140 4841 et
3163 4786 3383 4856 nitidus,
3401 4789 3587 4848 fruitus

2098 4956 2146 5068 ?
2182 4955 2427 5006 Victorius
2448 4969 2479 5006 a
2500 4956 2660 5015 prima
2680 4957 2941 5010 nativitate.

2140 5025 2153 5068 l
2187 5018 2400 5066 Primum
2421 5017 2621 5068 Hebraei
2647 5027 2814 5068 textus
2846 5029 2939 5068 est-

2135 5025 2153 5079 )
2187 5018 2400 5066 Primum
2421 5017 2621 5069 Hebraei
2647 5027 2814 5071 textus
2846 5029 2939 5082 est,
2964 5028 3168 5076 nimi]:
3195 5023 3402 5076 alterum
3425 5027 3588 5081 Inter-

2009 5098 2208 5154 pretum_
2223 5088 2366 5154 LXX.
2390 5100 2531 5154 vim.

2073 5153 2140 5222 (ς)
2178 5151 2305 5201 Olim
2326 5151 2435 5222 cum
2459 5151 2700 5222 Victoria,
2731 5169 2754 5199 ‹
2773 5154 3030 5219 utriusque
3067 5168 3222 5207 sexus
3254 5160 3584 5222 virginitatem

2008 5211 2318 5278 dediCavere.
2343 5211 2576 5278 Apostoli,
2602 5229 2624 5258 to
2657 5223 2753 5264 etc.
2803 5274 2841 5278 _
2884 5277 2887 5278 ν
2933 5211 2962 5278 γ’
3327 5211 3362 5278 θ’

2072 5275 2146 5337 (Ῑ)
2180 5273 2289 5340 Huc
2322 5273 2766 5340 maxime_specta_t
2801 5274 3056 5340 Epiphanii
3096 5278 3234 5329 locus
3270 5276 3459 5332 Hter’es.
3504 5283 3583 5333 59.

2072 5288 2113 5337 υ
2130 5288 2146 5336 )
2181 5288 2289 5323 nuc
2322 5288 2537 5323 mamme
2575 5288 2766 5386 spectat
2803 5288 3056 5340 nptpnantt
3097 5288 3234 5329 locus
3271 5288 3459 5332 meres.
3504 5288 3583 5333 59.

2007 5350 2117 5408 quae
2140 5335 2568 5408 estCataphryg..§
2605 5371 2639 5408 _.
2677 5338 3002 5408 sQuineum,
3027 5341 3202 5408 inquit,
3240 5343 3474 5405 insuper,
3499 5345 3583 5408 qui

2006 5398 2164 5462 adhuc
2187 5399 2236 5446 in
2260 5398 2567 5462 matrimonio
2587 5398 2756 5461 degit,
2782 5412 2838 5449 ac
2857 5399 3028 5449 liberis
3048 5398 3129 5450 dat
3147 5398 3365 5462 operam;
3391 5398 3585 5454 tametsi

2006 5461 2150 5523 unius
2165 5459 2334 5523 uxoris
2353 5461 2417 5508 sit
2441 5461 2511 5523 vir
2529 5497 2543 5516 ,
2574 5459 2879 5523 nequaquam
2904 5469 3064 5510 tamen
3090 5463 3148 5511 ad
3183 5459 3388 5512 Diaconi
3408 5497 3423 5520 ,
3464 5465 3588 5512 Pre-

2005 5522 2206 5586 sbyteri,
2226 5521 2468 5583 Episcopi,
2493 5526 2577 5586 aut
2598 5521 2957 5586 Hyppodiaconi
2982 5524 3465 5586 ordinemadtnittit,
3490 5526 3580 5575 sed

2007 5582 2116 5648 cum
2139 5582 2506 5648 dumtaxat,’qui
2531 5582 2593 5648 ab
2610 5582 2751 5631 unius
2773 5582 3311 5648 uxorisconsuetudine
3331 5582 3447 5648 sese
3471 5598 3585 5648 con-

2006 5645 2336 5708 ζὶιιυριήιλξὶυῐ.Δ
2352 5657 2410 5708 ea
2433 5642 2501 5708 sit.
2519 5645 2732 5708 orbatus.
2773 5645 2909 5703 Quod
2945 5645 2995 5708 in
3038 5642 3134 5693 illis
3175 5642 3309 5707 Iocis,
3333 5643 3583 5708 praccipue

2003 5705 2088 5768 fit,
2116 5707 2199 5755 ubi
2224 5703 2551 5776 Ecclesiastici
2573 5717 2803 5776 .gauones
2820 5705 3078 5776 praecipue
3110 5703 3383 5776 servantur.
3410 5722 3433 5751 ι
3465 5703 3583 5776 Ome

2005 5762 2248 5828 poétrema
2289 5767 2437 5816 verba
2474 5764 2538 5813 de
2573 5762 2911 5815 Ecclesiastica
2935 5762 3106 5826 regula
3145 5762 3585 5828 magis'pensa'nda

2006 5838 2133 5876 sunt.
