4146 6336
530 388 626 444 521

526 511 609 559 est
653 499 830 555 carnis
868 496 1027 553 bonis
1066 494 1196 551 dum
1240 490 1560 548 adviveret:
1590 488 1687 545 sed
1724 488 1936 545 diversa
1980 493 2102 556 post

529 598 755 645 mortem
785 596 971 643 tenent
996 586 1113 639 loca
1142 582 1295 655 (Luc.
1336 582 1427 651 l6)
1458 599 1472 636 :
1500 579 1740 636 Misenus
1783 590 2025 640 DELICIIS.
2052 581 2110 631 et

526 679 732 735 delicia:
757 677 986 733 miseriis
1011 681 1423 730 commutantur.
1457 670 1515 726 in
1542 678 1731 725 nostro
1756 667 1974 723 arbitrio
2002 673 2106 731 est,

528 771 609 825 vel
640 771 898 825 Lazarum
927 765 1098 837 sequi,
1131 765 1214 818 vel
1239 764 1481 819 divitem.

996 895 1323 953 EPISTULA
1362 892 1532 951 ιω(
1566 889 1642 964 (α)

1102 1025 1169 1064 ΔΙ)
1192 1018 1553 1063 PAIIACEIUI.

533 1129 613 1199 Ap
648 1126 911 1197 logcticant
933 1121 1246 1192 superiorem
1270 1115 1554 1187 Epistulam
1579 1110 1910 1166 Pammachio
1932 1109 2107 1175 mittit,

604 1216 863 1283 eidemque
899 1209 1186 1282 gratulatur
1220 1206 1355 1277 quod
1391 1205 1455 1259 ab
1490 1202 1721 1259 erunibus
1750 1200 1933 1270 dignus
1962 1197 2111 1253 liabe-

560 1343 570 1352 -
602 1318 742 1361 retur
773 1302 1105 1363 Sacerdotio;
1145 1299 1349 1355 tandem
1378 1312 1493 1350 eum
1528 1293 1706 1347 invitat
1745 1291 1813 1347 ad
1853 1290 2112 1344 lectionem

606 1395 994 1451 translationum
1015 1406 1220 1447 sitarum
1243 1405 1306 1444 ea:
1330 1385 1569 1452 Hebrwo,
1589 1392 1637 1439 et
1658 1382 1876 1437 aliorum
1892 1395 2114 1451 opuscu-

560 1526 571 1534 .
607 1489 792 1542 lorum.

606 1601 660 1654 i.
703 1594 989 1653 Christiani
1037 1591 1302 1648 interdum
1351 1586 1570 1657 pudoris
1609 1593 1727 1650 est,
1771 1583 1932 1638 etiam
1974 1581 2112 1648 apud

533 1691 735 1745 amicos
779 1696 990 1749 tacere,
1020 1692 1078 1739 et
1105 1680 1456 1736 humilitatem
1492 1691 1643 1731 suam
1688 1672 1859 1743 magis
1897 1671 2114 1726 silentio

534 1779 821 1843 consolari,
846 1790 1002 1845 quam
1036 1769 1373 1828 retractando
1401 1776 1611 1823 veteres
1640 1763 1925 1827 amicitias,
1945 1761 2116 1816 ambi-

537 1871 697 1926 tionis
723 1870 927 1924 crimen
956 1867 1252 1921 incurrere.
1281 1858 1546 1928 Quamdiu
1574 1856 1808 1920 uenisti,
1832 1854 1991 1919 tacui,
2017 1866 2116 1907 nec

536 1960 877 2031 expostulare
939 1970 1171 2026 unquam
1208 1968 1372 2022 super
1408 1936 1507 2004 hac
1548 1964 1607 2003 re
1649 1946 1791 2001 volui
1839 1963 1854 1999 :
1898 1960 1969 1999 ne
2008 1959 2114 1997 non

537 2058 768 2113 amicum
806 2068 1067 2124 quaerere,
1092 2049 1187 2106 sed
1219 2045 1572 2118 potentiorem
1602 2040 1815 2096 viderer
1838 2046 2113 2108 expetere.

538 2149 689 2204 Nunc
731 2154 907 2200 autem
956 2150 1276 2212 provocatus
1321 2135 1501 2191 ofﬁcio
1531 2134 1869 2195 litterarum,
1917 2128 2118 2199 primas

539 2251 753 2306 semper
798 2242 973 2304 partes
1015 2232 1215 2287 habere
1262 2226 1476 2285 tentabo
1504 2242 1519 2280 :
1551 2233 1607 2280 et
1637 2238 1742 2278 non
1780 2230 1890 2277 tam
1918 2219 2117 2275 rescri-

540 2329 690 2392 bere,
720 2340 875 2397 quam
904 2324 1170 2385 scribere;
1218 2328 1276 2375 ut
1314 2328 1371 2375 et
1404 2314 1708 2373 verecunde
1732 2312 2010 2382 hucusque
2034 2318 2119 2365 ta-

541 2421 736 2481 cuisse.
766 2427 821 2471 et
850 2414 1205 2471 verecundius
1233 2411 1374 2482 loqui
1400 2409 1629 2478 cmpisse
1656 2418 1971 2477 cognoscar.

552 2528 561 2533 ’
612 2509 669 2562 2.
702 2508 774 2562 De
794 2505 1065 2575 epusculis
1095 2502 1230 2557 meis
1264 2509 1449 2556 contra
1486 2498 1824 2553 Iovinianum
1847 2534 1862 2559 ,
1893 2491 2036 2563 quod
2064 2501 2119 2546 et

543 2599 832 2670 prudenter
854 2606 910 2651 et
938 2603 1180 2650 amanter
1203 2591 1413 2655 feceris,
1434 2588 1762 2657 exemplaria
1793 2583 2117 2641 subtrahen-

542 2691 633 2754 do,
662 2689 862 2758 optimc
909 2685 1052 2741 novi.
1103 2682 1209 2738 Sed
1256 2680 1387 2735 nihil
1434 2677 1631 2748 profuit
1677 2678 1777 2732 ista
1821 2674 2116 2743 diligentia,

540 2795 662 2835 cum
709 2775 965 2847 aliquanti
996 2788 1062 2828 ex
1088 2770 1233 2829 Urbe
1260 2770 1558 2833 venimdes,
1590 2765 1722 2820 mihi
1746 2763 1934 2820 eadem
1965 2762 2119 2818 lecti-

543 2880 736 2932 tarent,
767 2882 885 2939 quae
925 2880 984 2921 se
1026 2865 1211 2919 Romae
1248 2862 1522 2931 excepisse
1552 2858 1871 2914 referebant.
1918 2855 1974 2910 In
2019 2855 2120 2910 hac

540 2976 756 3032 quoque
784 2957 1064 3030 provincia
1099 2958 1207 3024 jam
1251 2953 1370 3007 libri
1409 2947 1893 3019 luerantdivulgati
1932 2966 1946 3002 :
1978 2956 2034 3002 et
2061 2954 2120 3001 ut

542 3054 655 3123 ipse
681 3052 871 3122 legisti,
893 3047 1096 3104 «nescit
1111 3059 1216 3100 vox
1242 3044 1402 3098 missa
1424 3043 1651 3098 revertit
1677 3040 1893 3112 (Horat.
1916 3039 1978 3092 de
2002 3037 2117 3092 Art.

543 3143 737 3214 Poet.).
783 3140 897 3197 Non
939 3154 1059 3195 sum
1097 3144 1257 3190 tanta:
1291 3132 1586 3197 felicitatis,
1631 3139 1844 3202 quanta:
1880 3128 2121 3199 plerique

540 3236 700 3306 hujus
731 3232 985 3304 temporis
1011 3232 1372 3292 'l‘ractatorcs,
1406 3234 1465 3281 ut
1506 3239 1674 3295 nugas
1713 3237 1863 3278 meas
1906 3220 2121 3291 quando

542 3326 805 3380 voluerim
826 3322 1112 3378 emendare
1134 3319 1353 3390 possim.
1376 3317 1565 3373 Statim
1586 3324 1646 3370 ut
1669 3312 1870 3384 aliquid
1898 3313 2121 3382 scripscv

540 3432 627 3482 ro,
654 3425 748 3471 aut
785 3423 1039 3470 amatores
1061 3412 1186 3478 mei,
1207 3419 1299 3465 aut
1325 3408 1510 3472 invidi,
1535 3407 1748 3462 diverso
1769 3403 1986 3475 quidem
2008 3414 2123 3457 stu-

545 3510 659 3575 dio,
691 3508 787 3564 sed
832 3505 944 3577 pari
982 3505 1293 3568 certamine,
1325 3503 1379 3557 in
1414 3501 1604 3571 vulgus
1647 3506 1828 3553 nostra
1871 3494 2121 3557 dissentio

540 3611 710 3656 nant:
734 3611 787 3655 et
806 3600 889 3654 vel
917 3599 969 3654 iu
994 3597 1173 3664 laude,
1195 3596 1280 3651 vel
1300 3594 1353 3650 in
1375 3590 1764 3663 vituperatione
1788 3588 1934 3643 nimii
1956 3595 2081 3643 sunt
2104 3602 2120 3642 :

544 3709 650 3749 non
697 3692 944 3748 meritum
984 3690 1110 3755 stili,
1140 3688 1234 3744 sed
1262 3702 1416 3744 suum
1447 3684 1782 3741 stomachum
1808 3688 2119 3750 sequentes.

548 3785 729 3855 Itaque
762 3783 906 3854 quod
949 3781 1121 3838 solum
1150 3778 1328 3834 facere
1360 3777 1528 3849 pomi,
1556 3777 1889 3841 ἀπολονετικδν
1958 3769 2123 3842 235

546 3878 713 3947 ipsius
742 3876 918 3947 operis
949 3874 1046 3929 tibi
1070 3873 1146 3944 (ὁ)
1172 3879 1542 3944 «mereamur;
1563 3880 1721 3938 quem
1750 3880 1873 3920 cum
1906 3864 2120 3934 legeris,

547 3970 661 4039 ipse
689 3985 787 4039 pro
811 3968 967 4023 nobis
1009 3966 1221 4021 caeteris
1258 3961 1554 4018 satisfacies
1578 3971 1707 4015 :aut
1748 3958 1795 4013 si
1831 3968 1886 4013 tu
1909 3970 2125 4028 quoque

549 4078 732 4117 narem
762 4059 1124 4121 contraxeris,
1153 4057 1297 4111 illam
1328 4053 1573 4126 Apostoli
1611 4064 1910 4126 περικοπὴν,
1937 4051 1990 4103 in
2018 4063 2124 4119 qua

546 4154 615 4208 de
667 4149 964 4220 virginitate
1005 4158 1061 4205 et
1096 4147 1297 4218 nuptiis
1343 4146 1619 4214 disputat,
1662 4143 1821 4197 aliter
1859 4141 2126 4196 disserere

548 4241 906 4309 compelleris.

619 4333 675 4386 5.
699 4329 806 4385 Nec
830 4332 927 4383 hoc
949 4328 1091 4391 dico,
1115 4326 1255 4397 quod
1281 4335 1332 4380 te
1352 4324 1417 4379 ad
1438 4322 1776 4378 scribentium
1802 4335 2084 4391 provocem
2108 4336 2124 4375 :

548 4421 700 4491 cuius
734 4421 786 4475 in
816 4420 983 4475 Sacris
1013 4418 1204 4472 litteris
1230 4414 1462 4470 studium
1488 4413 1618 4467 mihi
1647 4411 1875 4482 pra-fero
1903 4429 1919 4465 :
1948 4410 2043 4465 sed
2070 4418 2128 4462 ut

550 4514 685 4569 alios
713 4513 803 4582 qui
831 4526 927 4565 nos
957 4510 1215 4574 lacerant,
1248 4506 1350 4560 hoc
1380 4504 1557 4560 facere
1583 4503 1895 4573 compellas.
1923 4503 2129 4556 Noruut

532 4606 755 4661 litteras
774 4645 788 4665 ,
816 4603 1065 4658 videntur
1087 4599 1187 4654 sibi
1215 4596 1369 4653 scioli
1397 4613 1411 4649 :
1444 4602 1665 4665 possunt
1695 4608 1781 4648 me
1808 4606 1913 4647 non
1940 4607 2126 4662 reprc-

552 4692 807 4755 heudere,
840 4692 935 4747 sed
973 4674 1188 4747 docere.
1237 4688 1298 4744 Si
1336 4686 1463 4758 quid
1503 4684 1836 4754 scripserint,
1867 4683 2035 4753 magis
2062 4696 2127 4737 ex

552 4785 730 4853 operis
758 4796 942 4837 eorum
970 4781 1393 4852 comparatione,
1422 4792 1538 4835 mea
1566 4773 1936 4845 interpretatio
1963 4772 2132 4844 negli-

553 4884 726 4945 getur.
756 4873 899 4942 Lege
920 4912 934 4935 ,
962 4887 1145 4943 quatso
1171 4880 1223 4927 te
1248 4913 1263 4937 ,
1298 4879 1352 4925 et
1380 4870 1660 4940 diligenter
1698 4867 1936 4937 Apostoli
1969 4866 2130 4921 verba

555 4965 856 5031 considera,
894 4972 953 5019 ct
998 4973 1124 5019 tunc
1164 4961 1370 5017 videbis
1409 4975 1498 5015 me
1544 4968 1763 5030 propter
1808 4957 2129 5014 calumniam

558 5056 927 5114 declinandam
966 5055 1135 5109 multo
1161 5055 1278 5122 plus
1318 5066 1476 5122 Quam
1516 5052 1605 5106 ille
1629 5050 1798 5105 voluit
1825 5050 1879 5105 itt
1908 5048 2131 5104 maritos

554 5149 722 5205 fuisse
745 5147 1085 5204 clementem.
1110 5145 1389 5214 Origenes,
1426 5141 1730 5214 Dionysius,
1761 5141 1989 5206 Pierius,
2022 5142 2131 5195 Eu-

556 5242 737 5300 sebius
776 5237 1141 5303 Carsariensis,
1187 5235 1467 5308 Dydimus,
1504 5233 1831 5303 Apollinaris
1874 5232 2133 5287 latissime

561 5333 699 5389 hanc
740 5329 1033 5402 Epistulam
1086 5323 1418 5395 interpretati
1464 5332 1586 5377 sunt
1615 5338 1630 5376 :
1660 5336 1887 5391 quorum
1924 5321 2134 5376 Pierius

559 5440 680 5481 cum
723 5435 939 5479 sensum
983 5415 1223 5488 Apostoli
1246 5412 1549 5476 ,ventilaret
1576 5421 1734 5482 atque
1759 5411 2017 5467 edisseret
2036 5452 2052 5479 ,
2082 5419 2136 5468 et

646 5559 698 5617 α)
722 5556 853 5608 Alias
868 5554 949 5605 32.
968 5550 1155 5617 Scripta
1175 5545 1590 5617 eodemtempore,
1612 5556 1673 5592 ac
1693 5540 1933 5617 superiori
1942 5541 2134 5617 juncta.

646 5572 676 5608 α
722 5559 853 5608 Alias
868 5559 949 5605 52.
968 5559 1155 5610 Scripta
1175 5559 1343 5599 eoaem
1363 5559 1590 5609 tempore,
1612 5559 1673 5592 ac
1693 5559 1931 5606 superiori
1943 5559 2134 5602 Juncm.

622 5559 699 5684 ibi
944 5614 1154 5684 et_Viet.
1179 5609 1264 5683 tibi
1282 5606 1958 5684 illisit-(lngulwasz
1984 5609 2029 5653 te
2052 5616 2138 5666 po-

561 5665 719 5734 scente
730 5665 901 5736 auidi.
926 5665 1259 5741 eglossatoris
1279 5665 1680 5741 imperit'i'manu,
1705 5665 1789 5741 qui

560 5724 901 5806 ῖξιῖῗᾷἶιᾶἶ
919 5724 1218 5806 ἦαῗςσίὶρανε,
1242 5738 1326 5784 aut
1348 5724 1633 5791 inscribere,
1656 5724 1752 5783 hoc
1771 5725 1880 5778 loco
1903 5724 2140 5788 signiﬁca-

563 5799 746 5855 tionem
764 5818 859 5855 non
882 5799 1143 5852 intellexit.
1504 5816 1540 5849 ο

1818 370 2060 431 ΒᾹΝΟΤΙ
2099 368 2349 433 lllERON
2357 368 2449 426 YM
2457 369 2474 425 Ι

3689 360 3797 427 5m

2217 483 2585 553 proposuisset
2634 481 2766 539 illud
2807 496 3121 553 exponere:
3160 498 3179 535 t
3213 481 3347 537 Volo
3388 488 3567 537 autem
3607 494 3796 541 omnes

2213 589 2337 633 esse
2377 575 2515 630 sicut
2558 573 2818 653 meipsum
2845 593 2865 628 ι
2898 574 2919 644 (
2945 575 2997 630 l.
3025 574 3145 629 Cor.
3174 575 3229 628 l.
3261 574 3294 627 7
3320 574 3361 643 ),
3393 572 3613 640 adjecit,
3642 584 3798 628 suam

2215 673 2354 734 111.!
2368 675 2394 720 ὀ
2408 668 2589 728 Παῦλος
2602 668 2817 736 ἀντικρὺς
2836 668 3045 734 ἀγαμίαν
3061 672 3301 735 impune“
3323 662 3477 731 Quod
3513 662 3599 717 hic
3614 677 3798 733 qua-so

2216 767 2491 825 peceatum
2518 771 2719 822 meum,
2749 771 2869 825 qua:
2894 754 3122 809 duritia?
3152 751 3410 809 Universa
3435 767 3557 820 quae
3581 753 3795 822 scripsi,

2217 846 2339 901 huic
2378 846 2658 900 sententia:
2700 854 3003 915 comparata
3051 842 3322 898 lenissima
3363 838 3469 914 [aL
3506 840 3797 914 levissima]

2216 946 2360 991 sunt.
2400 935 2634 989 llevolve
2658 936 2895 989 omnium
2927 947 3063 1000 quos
3087 946 3249 1000 supra
3275 931 3571 1001 memorari
3590 968 3607 997 ,
3643 945 3798 986 com-

2216 1026 2508 1080 mentarios
2529 1036 2585 1081 et
2609 1025 2972 1080 Ecclesiarum
3003 1024 3346 1080 Biblintltecis
3373 1025 3572 1087 fruere,
3598 1034 3654 1080 et
3682 1040 3799 1079 ma-

2214 1117 2296 1187 gis
2322 1117 2531 1173 concito
2550 1116 2716 1188 gradu
2742 1115 2810 1172 ad
2837 1126 3015 1186 optata
3042 1127 3321 1186 coeptaque
3349 1116 3653 1186 pervenies.

2286 1208 2343 1263 4.
2374 1207 2548 1262 Audio
2578 1206 2741 1262 totius
2768 1206 2821 1262 in
2852 1216 2904 1261 te
2928 1205 3088 1263 Urbis
3109 1204 3280 1260 studia
3304 1206 3596 1259 concitata.
3625 1203 3798 1259 Audio

2216 1298 2491 1355 Pontificis
2506 1306 2559 1353 et
2581 1299 2763 1368 pepuli
2790 1297 3117 1352 voluntatem
3139 1297 3254 1368 pari
3278 1305 3456 1351 mente
3477 1310 3796 1365 congruere.

2216 1406 2375 1447 nutus
2403 1406 2498 1447 es'r
2530 1400 2714 1447 tenere
2739 1390 3141 1457 Sacerdotium,
3168 1404 3325 1459 quam
3357 1388 3576 1443 mereri.
3605 1387 3798 1442 Libros

2216 1481 2450 1537 sedecim
2494 1480 2904 1551 Prophetarum,
2937 1495 3076 1550 quos
3118 1479 3169 1534 in
3208 1480 3451 1535 Latinum
3476 1480 3547 1535 de
3574 1479 3800 1534 Hebra-o

2217 1585 2468 1628 sermone
2507 1573 2681 1637 verti,
2718 1572 2766 1627 si
2811 1572 3027 1642 legeris,
3060 1580 3115 1627 ct
3138 1571 3394 1627 delectari
3425 1580 3476 1627 te
3505 1571 3607 1626 hoc
3636 1586 3800 1640 opere

2216 1677 2531 1733 comparere
2552 1702 2569 1729 ,
2600 1662 2917 1733 provocabis
2947 1676 3045 1716 nos
3070 1663 3229 1718 etiam
3266 1672 3455 1716 caetera
3494 1662 3676 1716 clausa
3714 1676 3802 1716 ar-

2219 1756 2387 1808 mario
2430 1766 2537 1807 non
2586 1740 2789 1808 tenere.
2836 1751 3105 1807 Transtuli
3150 1767 3320 1822 nuper
3344 1751 3446 1807 Job
3477 1752 3527 1805 itt
3561 1751 3795 1821 linguam

2218 1852 2452 1898 nostram
2484 1861 2498 1898 :
2526 1842 2680 1912 cujus
2721 1844 2996 1911 exemplar
3034 1857 3064 1897 a
3096 1851 3279 1897 sancta
3326 1841 3573 1896 Marcella
3604 1857 3799 1895 conso-

2218 1934 2371 1990 brina
2415 1944 2500 1988 tua
2542 1934 2743 2005 poteris
2772 1933 3024 1988 mutuari.
3076 1932 3219 2002 Lege
3261 1932 3509 1987 eumdem
3554 1930 3798 1987 Gnaeum

2218 2036 2274 2081 et
2314 2026 2595 2093 Latinum;
2628 2034 2683 2082 et
2710 2035 2947 2081 veterem
2988 2025 3292 2080 Editionem
3319 2034 3515 2080 nostrae
3553 2024 3801 2080 'l‘ransla-
3856 2048 3864 2052 -

2220 2117 2354 2173 tioni
2378 2131 2629 2187 compara
2661 2133 2674 2171 :
2706 2124 2761 2171 et
2798 2114 3001 2185 liquido
3027 2113 3332 2186 pervidebis
3358 2123 3611 2183 quantum
3640 2113 3802 2167 distet

2218 2205 2359 2262 inter
2379 2205 2680 2271 veritatem,
2703 2216 2758 2259 et
2785 2203 3143 2259 mendacium.
3173 2202 3421 2257 Miseram
3451 2201 3523 2271 (c)
3553 2200 3799 2272 quaedam

2219 2311 2310 2356 eo»
2335 2302 2683 2367 ὑπομνημάτων
2720 2296 2775 2351 in
2817 2296 3113 2367 Prophetas
3140 2294 3417 2350 duodecim
3449 2304 3636 2349 sancto
3663 2294 3799 2364 patri

2223 2389 2528 2454 Domitiani,
2573 2388 2881 2455 Samuelem‘
2916 2401 3130 2458 quoque
3169 2396 3223 2442 et
3261 2386 3562 2451 Malacltim,
3605 2387 3658 2441 id
3694 2398 3798 2454 est,

2220 2492 2452 2551 quatuor
2503 2482 2705 2553 Regum
2734 2481 2924 2537 libros.
2958 2480 3087 2549 Quae
3117 2480 3161 2533 si
3190 2479 3368 2550 legere
3397 2479 3649 2542 volueris,
3678 2494 3801 2549 pro-

2222 2571 2374 2627 babis
2402 2581 2618 2642 quanta:
2666 2571 2998 2627 difﬁcultatis
3073 2571 3234 2642 236
3305 2571 3374 2624 sit
3399 2570 3631 2627 divinam
3659 2569 3801 2625 Serio

2223 2676 2453 2735 ptnram,
2470 2672 2525 2719 ct
2544 2662 2780 2717 maxime
2794 2661 3090 2733 Prophetas
3111 2661 3437 2729 intelligere:
3456 2672 3509 2715 et
3527 2660 3800 2729 Interpre-

2223 2769 2335 2814 tutn
2369 2758 2498 2812 vitio
2528 2772 2648 2828 qua:
2677 2756 2819 2827 apud
2847 2770 2975 2811 suos
3020 2754 3306 2824 purissimo
3343 2768 3502 2808 cursu
3539 2751 3803 2807 orationis

2222 2850 2502 2933 labuntur,
2536 2848 2673 2919 apud
2702 2864 2805 2905 nos
2830 2857 3037 2902 scatere
3065 2846 3228 2901 vitiis.
3254 2845 3422 2902 Porro
3441 2846 3799 2915 eloquentiam

2221 2956 2382 3013 quam
2415 2956 2509 3012 pro
2526 2940 2743 2994 Christo
2772 2940 2822 2993 in
2852 2939 3111 2994 Cicerone
3137 2936 3454 3002 contemnis,
3482 2936 3536 2990 in
3565 2934 3803 3005 parvulis

2223 3049 2291 3093 ne
2307 3034 2569 3103 requiras.
2592 3030 2962 3087 Ecclesiastiea
2984 3028 3355 3098 interpretatio
3376 3028 3535 3082 etiam
3566 3027 3611 3080 si
3642 3025 3805 3080 habet

2222 3124 2421 3193 eloquii
2440 3132 2795 3186 venustatem,
2818 3121 3160 3177 dissimulare
3186 3135 3302 3175 eam
3330 3118 3489 3175 debet
3511 3127 3567 3174 et
3596 3117 3799 3187 fugere,

2223 3223 2281 3270 ut
2307 3228 2413 3269 non
2445 3213 2633 3268 otiosis
2651 3211 3101 3281 PhilosOphnrum
3122 3207 3325 3265 scholis
3340 3206 3627 3278 paucisque
3644 3206 3804 3263 discis

2224 3305 2397 3376 pulis,
2428 3302 2527 3359 sed
2552 3303 2801 3360 universo
2830 3303 3080 3372 loquatur
3106 3300 3383 3356 hominum
3413 3298 3623 3370 generi.

2753 3432 3075 3490 EPISTOLA
3117 3433 3160 3488 L
3185 3432 3289 3506 (ιι).

2811 3565 2881 3605 an
2915 3562 3238 3605 nouatousl.
3780 3534 3813 3583 ‘i

2222 3663 2525 3721 Admonitus
2543 3679 2575 3718 a
2596 3662 2783 3721 Sancto
2799 3661 3084 3718 Domnione
3097 3663 3163 3718 de
3180 3660 3412 3716 conviicis
3430 3660 3608 3730 quibus
3626 3659 3806 3714 Roma

2298 3754 2588 3809 lacerabant
2626 3754 2773 3806 multi
2800 3752 2953 3807 libros
2979 3750 3219 3806 adversus
3255 3748 3597 3813 Iovinianum,
3619 3749 3672 3802 in
3696 3750 3804 3822 pri-

2297 3845 2394 3901 mis
2432 3854 2598 3900 autem
2639 3843 2922 3899 Monachus
2957 3842 3165 3913 quidam
3191 3841 3415 3913 juvenis,
3441 3841 3802 3912 rumigerulua,

2298 3935 2432 3990 [tunc
2458 3934 2584 3989 mire
2616 3938 2871 4004 mgitat,
2916 3932 3121 4003 ejusque
3148 3929 3452 4002 imperitiam
3491 3929 3801 4002 objurgans,

2299 4033 2536 4097 provocat
2564 4024 2632 4078 ad
2655 4022 2992 4079 scribendum.

2301 4159 2354 4213 l.
2384 4155 2600 4212 Littera)
2625 4162 2728 4208 tua:
2757 4163 2811 4208 et
2832 4166 3073 4206 amorem
3103 4150 3300 4221 pariter
3327 4158 3551 4216 sontant,
3583 4158 3639 4204 et
3671 4164 3806 4220 que-

2229 4250 2423 4307 relam.
2465 4250 2716 4302 Amorem
2763 4254 2932 4309 tuum,
2977 4258 3083 4313 quo
3129 4242 3316 4298 sedulo
3358 4256 3603 4306 monens,
3644 4242 3805 4295 etiam

2230 4357 2350 4411 qua:
2378 4347 2491 4394 tuta
2520 4347 2645 4392 sunt
2670 4336 2724 4390 in
2756 4336 2910 4390 nobis
2935 4334 3266 4403 pertimescis
3289 4349 3303 4385 :
3326 4332 3595 4401 querelam
3619 4345 3807 4384 eorum

2230 4430 2321 4500 qui
2352 4442 2457 4483 non
2487 4434 2688 4491 amant,
2709 4436 2760 4480 et
2792 4432 3092 4496 qtnerentcs
3112 4422 3446 4476 occasionem
3475 4422 3525 4473 in
3553 4418 3806 4489 peccatis,

2230 4521 2471 4590 garriunt
2518 4516 2776 4571 adversus
2827 4515 3047 4570 fratrem
3097 4528 3272 4576 suum,
3315 4522 3367 4565 et
3410 4520 3596 4564 contra
3642 4508 3808 4562 lilium

2233 4610 2421 4665 matris
2447 4621 2561 4663 sua:
2591 4618 2793 4676 ponunt
2822 4604 3129 4661 scandalum
3167 4601 3297 4673 (Ps.
3328 4602 3418 4657 59.
3447 4601 3578 4671 ΞΟ).
3608 4599 3811 4654 Scribis

2234 4701 2378 4756 enim
2407 4713 2522 4762 eos,
2563 4699 2669 4752 imo
2698 4696 2881 4750 nescio
2923 4709 3085 4764 quem
3125 4692 3194 4747 de
3221 4692 3378 4746 trivio
3398 4732 3415 4757 ,
3443 4691 3510 4744 de
3534 4687 3807 4757 conspitis,

2234 4792 2303 4848 de
2331 4789 2517 4862 plateis
2540 4786 3023 4845 circumforaneum
3047 4784 3364 4837 Monachum
3396 4779 3810 4852 rumigerulum,

2301 4927 2372 4990 (c)
2403 4923 2755 4990 Benedictinus
2777 4920 2836 4990 ad
2854 4917 3129 4990 marginem
3150 4930 3163 4990 ξ
3183 4924 3282 4990 Non
3301 4909 3819 4990 8W,Iitlg_ltl-Ll{lt_l’f

2236 4972 2585 5039 σοῖἶιῖηέηὶὰνὶα
2605 4984 2655 5034 in
2679 4979 2933 5032 duodecim
2957 4972 3218 5040 Pr0pltetas
3237 4989 3254 5036 ;
3276 4985 3409 5040 ratus
3432 4972 3818 5040 videlicettqute

2237 5034 2553 5111 aliisquoque
2570 5044 2761 5111 Criticis
2778 5042 2898 5111 viris
2909 5034 3071 5111 opit‘tio
3087 5034 3349 5111 persuasit)
3438 5034 3660 5111 singulos
3672 5034 3820 5095 quos-

2237 5096 2341 5172 que
2368 5096 2639 5172 duodecim
2672 5096 2954 5165 Prophetas"
2982 5096 3341 5172 Commentaria
3371 5098 3467 5172 hic,
3490 5096 3626 5172 imitri
3646 5107 3819 5172 [quae

2239 5157 2333 5233 alia
2352 5157 2492 5220 certe
2509 5169 2572 5217 ab
2593 5168 2670 5215 his
2819 5167 3099 5233 supersunt,
3134 5160 3344 5233 putanda
3365 5165 3553 5233 essent,
3566 5157 3819 5233 siqui-dem

2241 5217 2441 5295 priores
2452 5235 2557 5277 tres
2575 5264 2588 5286 ,
2983 5217 3107 5295 duos
3128 5217 3225 5295 non
3257 5221 3499 5295 nisiupost
3518 5217 3820 5267 decennium

2479 5280 2723 5345 excurrit}
2763 5290 2840 5333 est
2861 5290 3232 5355 commentatus.
3257 5282 3316 5329 At
3340 5280 3667 5355 ilieronyutus
3688 5290 3822 5338 qum-

2244 5343 2359 5404 dan't
2378 5359 2564 5400 tantum
2584 5366 2655 5399 τῶν
2685 5343 2942 5407 bear-quam
2963 5381 2977 5400 ,
3001 5354 3092 5391 seu
3128 5343 3585 5407 commentariorum
3600 5351 3822 5407 suorum

2242 5400 2382 5471 dixit,
2405 5425 2501 5475 non
2523 5410 2681 5459 omnia
2703 5422 2717 5475 ς
2745 5400 2904 5475 eafjue
2925 5407 3095 5475 nonin
3117 5402 3576 5475 singulosmiuores
3597 5400 3822 5475 {rephe-

2243 5460 2448 5529 ’ἐοά
2473 5474 2521 5521 in
2545 5484 2656 5520 eum
2679 5460 2966 5529 simpliciter
2987 5460 3308 5529 librum,'qui
3328 5464 3584 5529 duodecim
3607 5460 3825 5529 Pro’pbe:

2232 5522 2631 5594 ,tE'inSCrimtur.
2659 5522 2801 5579 Unde
2823 5527 2966 5594 facile
3000 5534 3077 5574 est
3099 5522 3284 5594 opinari
3308 5539 3336 5573 a
3369 5524 3740 5594 Micbeauisque
3756 5522 3825 5594 _ad

2245 5546 2309 5588 tm
2332 5541 2631 5585 inscribitur.
2661 5541 2801 5579 unde
2823 5541 2966 5575 l-tClle
3000 5541 3077 5574 εει
3099 5541 3129 5575 ο
3151 5541 3284 5574 ιιηειτι
3308 5541 3336 5573 a
3370 5541 3558 5573 mteuea
3584 5541 3740 5583 usque
3762 5541 3825 5569 au

2245 5601 2471 5660 Aggeum
2486 5631 2500 5655 ,
2525 5606 2648 5658 quas
2658 5606 2694 5660 .a
2709 5588 2961 5660 superiori
2985 5599 3110 5660 anno
3264 5581 3827 5660 interpretatipneselu-

2248 5644 2572 5716 eti’tiraverat',
2613 5654 2674 5703 ad
2704 5644 3025 5716 Domniouem
3048 5650 3258 5708 misisse,
3282 5660 3381 5698 nec
3401 5644 3628 5711 proinde
3664 5644 3822 5706 alias,

2246 5713 2633 5784 quaruperierint,
2658 5713 3208 5784 excogitareoportere.

2313 5767 2393 5843 (αἱ
2425 5778 2552 5829 alias
2570 5767 2649 5830 δι’.
2674 5767 2858 5837 scripta
2877 5767 3021 5833 patth
3040 5776 3142 5831 post
3166 5781 3482 5833 superiorem.
