4146 6336
312 369 342 424 5
353 373 414 424 ιδ

314 478 575 540 rabulam,
619 468 822 525 vafrum
869 475 1078 522 tantum
1118 461 1184 520 ad
1229 459 1644 526 detrahendum,
1673 461 1763 530 qui
1795 475 1890 530 per

314 571 513 627 trabem
553 564 692 620 oculi
737 558 822 617 sui
867 559 1129 614 festucam
1169 553 1392 610 alterius
1439 552 1639 606 nitatur
1678 565 1888 615 eruere,

315 642 618 719 concinnam
647 656 931 710 adversum
955 665 1063 717 me,
1085 658 1139 704 et
1165 647 1350 709 libros,
1375 658 1509 714 quos
1538 652 1723 697 contra
1749 641 1893 696 Jovi-

316 759 531 813 nianum
561 751 774 819 scripsi,
797 746 997 802 canino
1021 743 1186 798 dente
1211 739 1424 803 rodere,
1457 737 1731 802 lacerare,
1761 749 1898 788 con-

318 850 539 904 vellere.
570 844 722 898 llunc
749 838 1091 894 Dialecticum
1123 833 1269 887 urbis
1299 840 1492 885 vestrae
1516 868 1532 894 ,
1560 836 1616 882 et
1642 825 1900 881 Plautina;

319 941 532 998 familiae
560 936 826 997 columen,
863 946 968 986 non
997 929 1192 998 legisse
1218 922 1432 994 quidem
1460 924 1752 990 κκτηγορῐας
1782 915 1902 970 Ari-

317 1031 560 1094 stotelis,
592 1041 700 1081 non
731 1029 1132 1094 περζιρμηνιίοις
1162 1013 1592 1084 (Prwdicamenta
1624 1007 1699 1061 De
1727 1005 1901 1059 Inter-

320 1117 651 1194 pretatione),
681 1131 787 1170 non
813 1116 1080 1166 ἀναλυτικὰ
1112 1102 1532 1180 (Ilesolutiouet),
1561 1116 1667 1155 non
1711 1099 1900 1152 saltem

319 1192 591 1271 Ciceronis
615 1219 806 1271 τόπους,
829 1204 923 1260 sed
966 1217 1060 1273 per
1099 1198 1471 1268 imperitorum
1499 1192 1750 1256 circulos,
1785 1205 1903 1243 mu-

322 1307 773 1371 liercularumqne
796 1304 1037 1365 συμπόσια
1058 1287 1532 1366 (ϐοηιροιαιὶοιιει),
1561 1282 1906 1355 syllogismos

323 1402 678 1462 ἄσυλ)ογίστους
709 1401 922 1452 texere,
953 1393 1008 1440 et
1035 1383 1189 1454 quasi
1214 1380 1544 1450 sophismata
1585 1383 1764 1430 nostra
1799 1371 1908 1426 cal-

327 1490 428 1543 lida
468 1480 931 1556 argumentatione
978 1475 1293 1531 dissolvere.
1343 1471 1550 1526 Stultus
1579 1483 1678 1536 ego
1705 1464 1794 1536 qui
1822 1478 1908 1518 me

328 1578 619 1650 putaverim
649 1574 763 1626 haec
791 1571 994 1638 absque
1025 1561 1363 1632 Philosophis
1389 1560 1529 1615 scire
1560 1573 1664 1610 non
1711 1569 1905 1625 posse;

327 1647 414 1740 qui
442 1667 720 1722 meliorem
746 1662 855 1716 stili
888 1666 1092 1729 partem
1115 1670 1234 1710 eam
1258 1651 1502 1722 legerim,
1529 1665 1648 1718 qua:
1675 1647 1907 1711 deleret,

328 1737 482 1832 quam
506 1772 624 1828 quin
649 1754 928 1809 scriberet.
959 1749 1178 1803 Frustra
1255 1741 1412 1815 237
1487 1754 1616 1810 ergo
1642 1738 1716 1810 (a)
1745 1737 1910 1790 Alex-

333 1827 481 1906 andri
512 1827 645 1903 verti
695 1841 1158 1899 Commentarios:
1193 1835 1550 1903 nequidquam
1606 1844 1692 1882 me
1726 1827 1912 1881 doctus

331 1943 579 2011 magister
593 1941 945 2009 peritu-per
957 1926 1236 1998 Porphyrii
1256 1923 1546 1978 introduxit
1562 1919 1625 1973 ad
1638 1919 1911 1987 Logicam:

332 2048 403 2100 et,
440 2045 496 2089 ut
527 2036 753 2087 humana
776 2038 1140 2087 contemnam,
1158 2022 1277 2075 sine
1298 2032 1456 2072 causa
1473 2013 1786 2083 Gregorium
1813 2008 1916 2062 Na-

333 2129 643 2182 zianzenum
679 2134 735 2178 et
775 2121 1053 2190 Didymnm
1078 2116 1130 2168 in
1156 2109 1448 2180 Scripturis
1469 2105 1668 2160 sanctis
1685 2099 1920 2157 cateclti-

335 2231 442 2273 stas
459 2203 616 2271 habui
640 2233 654 2268 :
679 2213 808 2268 nihil
833 2209 959 2264 mihi
993 2206 1190 2276 proluit
1215 2203 1564 2256 llebratorum
1592 2193 1842 2257 eruditio,
1866 2202 1920 2246 et

339 2313 405 2364 ab
437 2306 798 2363 adolescentia
823 2316 993 2371 usque
1023 2299 1088 2351 ad
1119 2298 1255 2350 hanc
1290 2302 1501 2346 :ctatcm
1533 2287 1839 2358 quotidiana
1867 2286 1920 2339 in

341 2401 506 2470 Lege,
537 2397 840 2466 Prophetis,
869 2389 1189 2458 Evangeliis,
1220 2382 1596 2452 Apestolisque
1623 2375 1920 2431 meditatio.

483 2465 731 2542 Inventus
758 2491 838 2537 est
867 2481 1028 2534 homo
1059 2478 1263 2545 absque
1294 2479 1624 2541 prmceptore
1651 2465 1924 2536 perfectus

337 2590 742 2652 πνευματοῖιὸρος.
796 2572 895 2645 (ll)
951 2581 1034 2624 και
1067 2568 1438 2628 αὐτοδίδακτος,
1485 2560 1574 2628 qui
1619 2556 1924 2625 eloquentia

337 2647 616 2731 Tullium‘,
637 2647 982 2734 argumentis
1014 2655 1358 2712 Aristotelem
1384 2691 1400 2713 ,
1434 2649 1712 2720 prudentia
1744 2647 1925 2701 Plato-

341 2780 482 2827 nem,
516 2759 818 2815 eruditione
848 2750 1217 2807 Aristarcbum
1244 2789 1256 2809 ,
1289 2743 1632 2799 multitudine
1665 2739 1923 2793 librorum

342 2857 777 2913 Chalcenterum,
812 2845 1090 2916 Didymqu
1117 2841 1337 2895 scientia
1365 2835 1779 2904 Scripturarum,
1813 2843 1927 2882 0m-

347 2961 547 3018 nesque
573 2945 654 2998 sui
685 2938 944 3009 tetnporis
974 2939 1157 2989 vincat
1194 2932 1556 2985 Tractatores.
1582 2926 1822 2992 Denique
1847 2921 1928 2974 di-

347 3046 484 3097 citur
525 3037 802 3093 materiam
847 3044 1118 3103 poscere:
1151 3011 1206 3081 ct
1247 3023 1349 3094 (ε)
1393 3019 1684 3075 Carneadis
1726 3013 1925 3084 aliquid

351 3137 605 3196 referens,
631 3129 683 3181 in
715 3134 1000 3192 utramque
1030 3127 1260 3188 partem,
1295 3114 1398 3167 hoc
1428 3120 1532 3176 est,
1563 3118 1618 3164 et
1651 3123 1749 3177 pro
1772 3105 1930 3176 justi—

353 3228 416 3280 tia
446 3235 495 3278 et
525 3231 711 3277 contra
737 3216 1001 3288 justitiam
1031 3212 1325 3279 diSputare.
1358 3205 1640 3259 Liberatus
1670 3210 1752 3254 est
1778 3213 1932 3252 mun.

351 3318 447 3371 dus
475 3330 504 3368 a
539 3309 804 3383 periculo,
836 3303 990 3372 et(d)
1012 3298 1377 3356 [hereditariae
1398 3295 1481 3349 vel
1509 3289 1932 3348 Centumvirales

353 3419 522 3458 eausm
539 3379 610 3457 de
637 3398 887 3454 barathro
912 3403 1077 3449 erutae
1095 3433 1108 3454 ,
1148 3387 1292 3459 quod
1323 3387 1408 3440 hic
1434 3387 1605 3438 forant
1637 3379 1929 3450 negligens,

355 3511 412 3548 sc
443 3493 506 3546 ad
537 3491 833 3546 Ecelesiam
861 3483 1150 3540 transtulit.
1175 3478 1306 3546 Quis
1337 3481 1439 3530 hoc
1467 3475 1688 3529 nolente
1710 3471 1730 3545 [
1752 3473 1804 3524 ¹Ι.
1838 3487 1925 3525 vo-

357 3565 505 3654 lente]
533 3581 721 3634 fuisset
752 3576 999 3630 innoxius
1024 3573 1046 3626 ?
1087 3585 1245 3641 quem
1275 3567 1624 3622 criminosum
1649 3579 1752 3616 non
1776 3562 1934 3631 hujus

355 3679 627 3729 servasset
687 3669 900 3731 oratio,
950 3680 1070 3720 cum
1122 3661 1377 3730 cmpisset
1424 3658 1476 3712 in
1523 3655 1703 3726 digitis
1749 3653 1934 3722 partiri

356 3772 568 3817 causam
596 3802 611 3826 ,
657 3769 712 3814 et
750 3755 1187 3830 syllogismorum
1233 3763 1461 3804 suorum
1494 3747 1628 3800 retia
1671 3743 1936 3799 tendere?

357 3860 485 3914 Nam
513 3859 554 3911 si
577 3854 894 3926 applosisset
923 3849 1136 3920 pedem,
1169 3843 1491 3900 intendisset
1517 3840 1725 3901 oculos,
1754 3851 1938 3907 rugas-

358 3961 438 4004 set
461 3948 709 4011 frontem,
737 3945 991 4014 iactasset
1019 3952 1259 4001 manum,
1289 3935 1363 4004 (e)
1387 3933 1603 3988 barbam
1633 3939 1896 3984 tornasset
1920 3969 1935 3993 ,

362 4039 608 4095 tenebras
630 4037 770 4090 illico
796 4035 866 4088 ob
901 4031 1087 4086 oculos
1111 4027 1392 4082 oll'udisset
1418 4021 1512 4093 [al.
1539 4018 1823 4093 e/fudisset]
1847 4019 1937 4088 ju-

359 4129 583 4184 dicibus.
615 4126 724 4182 Nec
751 4123 944 4178 mirum
987 4121 1030 4175 si
1075 4134 1161 4174 me
1199 4125 1255 4171 et
1293 4117 1571 4170 absentem
1599 4111 1809 4181 jamdiu
1839 4149 1855 4174 ,
1884 4118 1941 4164 et

361 4222 558 4289 ahSquc
584 4233 681 4272 usu
703 4215 907 4270 Latina:
929 4213 1141 4282 linguae,
1162 4205 1610 4278 semigraeculum,
1631 4201 1941 4257 barbarum-

363 4326 465 4379 que
496 4349 512 4374 ,
561 4308 724 4361 homo
766 4303 1116 4358 latinissimus
1146 4309 1201 4354 et
1227 4295 1643 4352 facundissimus
1674 4300 1894 4362 superet
1920 4307 1936 4356 ;

362 4415 484 4453 cum
526 4403 848 4467 prmsentem
885 4391 1225 4447 Jovinianum
1261 4387 1279 4458 (
1309 4386 1437 4442 Jesu
1471 4385 1608 4439 bone
1639 4383 1851 4453 qualem
1887 4390 1941 4436 et

364 4497 624 4560 quantum
648 4482 828 4540 virum
853 4502 866 4538 :
893 4483 1048 4552 cujus
1081 4494 1240 4535 nemo
1269 4476 1466 4546 scripta
1493 4473 1833 4545 intelligeret,
1850 4471 1940 4542 qui

427 4623 500 4686 (a)
522 4621 900 4686 Commentarios
911 4615 1180 4686 Alesandri
1191 4611 1484 4686 Aphrodisei
1496 4610 1679 4686 Latine
1770 4607 1946 4686 Hiero-

366 4673 504 4747 nymo
527 4673 738 4747 versos
755 4682 836 4730 hic
860 4681 1005 4742 vulgo
1027 4673 1309 4747 intelligunt
1331 4673 1529 4730 eruditi,
1556 4683 1776 4747 eamque.
1797 4673 1946 4719 inter.

387 4733 686 4795 relationem
728 4744 855 4792 inter
899 4733 1048 4802 opera
1086 4733 1341 4801 dcpérdita
1397 4741 1717 4802 enumerant.
1747 4733 1812 4802 ᾼι
1843 4745 1945 4802 non

405 4792 535 4854 aliae
551 4792 631 4864 se,
657 4812 743 4853 aut
774 4805 820 4850 in
846 4792 986 4852 aliain
1017 4792 1238 4864 linguam
1261 4795 1577 4864 transtulisse
1601 4793 1724 4864 dixit
1763 4793 1816 4842 S.
1842 4792 1946 4840 Do-

368 4876 488 4927 ctor,
515 4868 603 4916 sed
623 4856 810 4916 tantum
832 4865 1047 4927 vertisse,
1072 4856 1207 4927 quod
1227 4858 1356 4927 idem
1379 4857 1471 4927 hoc
1495 4856 1703 4927 loco_est
1719 4891 1732 4910 ,
1756 4866 1817 4927 ac
1839 4867 1948 4927 ver-

368 4915 522 4986 sasse,
546 4915 604 4976 ac
637 4927 820 4986 saepius
838 4915 1077 4974 studendo
1090 4915 1452 4986 'evoli'isse:_ttt
1476 4916 1698 4986 pluribus
1716 4915 1948 4986 adductis

371 4975 612 5051 exemplis
635 4975 996 5051 inj’rgefatione
1013 4975 1742 5051 ostendimus)!“'quphyrii
1767 4989 1947 5051 nomen

518 5037 663 5113 etiam
685 5048 905 5097 Bullinus
927 5047 1051 5113 legit
1072 5043 1319 5113 invectiva
1341 5040 1390 5088 2.
1416 5037 1749 5102 supplevimus
1775 5049 1805 5086 e
1830 5037 1946 5087 Mss.

430 5112 501 5172 (b)
533 5111 726 5172 Addunt
747 5117 948 5172 veteres
969 5107 1208 5172 editiones
1225 5113 1360 5172 item.

432 5158 500 5231 iis
533 5158 668 5222 Alias
703 5158 1053 5231 Carneadeum,
1101 5165 1178 5231 De
1220 5158 1469 5231 Carneade
1511 5168 1674 5231 autern
1715 5158 1949 5231 Cyrenaeo

369 5221 752 5284 vide'Laertium
774 5231 861 5281 lib.
883 5231 932 5280 ι.
963 5221 1276 5280 Plutarchum
1295 5226 1344 5274 in
1367 5224 1551 5276 Catone
1582 5221 1785 5287 majore,
1810 5221 1951 5271 alios-

368 5309 484 5358 (me.

430 5357 508 5420 (ά)
540 5356 733 5406 Vereor
770 5351 1102 5420 ne_mend_um_
1140 5351 1196 5420 in_
1227 5360 1350 5420 voce
1387 5347 1726 5420 Hierequan
1765 5345 1948 5420 cubet;

370 5408 1155 5482 {ramiqugecausellmreditarize
1173 5409 1356 5481 fuerint
1373 5443 1388 5468 ,
1407 5412 1517 5464 nisi
1542 5409 1703 5482 litesa
1735 5408 1950 5482 parenti-

378 5478 469 5528 bus
493 5467 540 5528 in
567 5478 691 5529 ﬁlios
711 5477 959 5527 derivatas
992 5481 1190 5528 sonant,
1215 5467 1408 5531 omnino
1433 5485 1526 5520 non
1550 5467 1857 5531 intelligitur.
1887 5467 1953 5516 Ut

380 5553 499 5590 vero
522 5553 699 5591 sensus
720 5544 911 5588 constet
932 5533 1214 5588 Criminales
1246 5529 1576 5594 intelligenda:
1609 5529 1731 5580 sunt
1741 5565 1756 5587 ,
1779 5533 1953 5590 sicque

381 5599 842 5670 ςεηιιέιιιυῇνᾳιίῡυξρ
877 5603 1091 5670 qure,“ut
1106 5599 1300 5670 vocanti:
1326 5591 1505 5670 C‘iviles
1526 5599 1682 5670 erant,
1705 5602 1954 5670 opponen-

379 5667 474 5711 tur.
499 5663 772 5713 Verissime
793 5653 1139 5711 'l‘aoitus'Dial.
1165 5655 1230 5703 de
1253 5653 1385 5715 Orat.
1419 5670 1442 5697 α
1463 5660 1564 5713 aut,
1590 5653 1748 5715 inquit
1773 5690 1786 5711 ,
1811 5663 1953 5715 reum

378 5710 613 5786 prospere
626 5710 936 5778 defendere,
969 5723 1053 5768 aut
1089 5715 1213 5780 apud
1253 5710 1592 5766 CentumvirOS
1626 5710 1817 5763 causam
1861 5710 1950 5762 all-

375 5785 518 5845 quam.
531 5785 737 5835 feliciter
759 5796 916 5834 orare.
938 5797 961 5826 ι

1695 345 2024 404 Ειιιδτοιμι
2069 345 2130 404 L.

1969 3531 2015 3554 δ’

3485 353 3592 418 5H

2003 463 2106 520 sibi
2133 469 2339 518 tantum
2371 470 2594 518 caneret
2613 471 2668 518 et
2692 463 2863 522 musis
2888 465 2908 535 )
2948 465 3272 537 eloquentia:
3299 479 3411 522 suae
3449 467 3594 524 mole

1998 553 2354 623 Oppresserit.

2072 646 2124 701 5.
2148 645 2346 712 Quaeso
2365 647 2528 717 igitur
2538 657 2616 714 te,
2635 654 2792 718 pater
2807 647 3110 715 carissime,
3123 658 3183 704 ut
3201 665 3424 707 moneas
3441 666 3590 718 eum,

2001 751 2070 791 ne
2099 737 2351 806 loquatur
2378 748 2569 794 eontra
2605 739 2936 807 propositum
2959 754 3115 795 suum
3140 756 3158 807 ;
3204 757 3269 796 ne
3291 744 3591 797 castitatem

2005 827 2190 881 habitu
2217 829 2478 897 pollicens
2497 870 2514 896 ,
2593 831 2756 901 238
2831 832 3010 887 verbis
3034 831 3316 896 destruat;
3346 850 3412 890 ne
3441 835 3594 903 virgo

2004 919 2086 972 vel
2112 921 2398 976 continens
2432 924 2449 990 (
2472 921 2588 990 ipse
2611 924 2759 976 enim
2785 921 2979 977 viderit
3005 923 3132 993 quid
3161 939 3282 979 esse
3307 939 3367 980 se
3389 924 3591 996 jactet)

2007 1013 2287 1067 maritatas
2325 1011 2419 1086 [ιιι.
2453 1013 2690 1086 maritos]
2718 1014 3014 1085 virginibus
3043 999 3355 1086 comparet,
3387 1027 3442 1071 et
3479 1016 3597 1072 fru-

2007 1113 2116 1158 stra
2141 1106 2208 1156 ad
2219 1119 2403 1158 versus
2431 1104 2702 1160 hominem
2722 1106 3162 1169 disertissimum,
3185 1115 3330 1160 tanto
3354 1115 3598 1175 tempore

2008 1193 2333 1262 digladiatus
2351 1195 2443 1248 sit.
2470 1196 2643 1249 Audio
2669 1205 2927 1265 praeterea
2945 1212 3067 1252 eum
3087 1197 3314 1252 libenter
3333 1197 3598 1266 virginum

2008 1291 2065 1338 et
2089 1284 2371 1338 viduarum
2393 1285 2617 1340 cellulas
2635 1287 2942 1353 circumire,
2966 1296 3020 1342 et
3041 1287 3270 1342 adducto
3289 1288 3596 1357 supercilio,

2009 1374 2078 1428 de
2098 1377 2270 1430 sacris
2293 1377 2433 1432 inter
2448 1392 2541 1432 eas
2563 1377 2760 1434 litteris
2786 1379 3169 1449 philosophari.
3185 1381 3321 1449 Quid
3351 1381 3402 1434 in
3423 1396 3600 1436 secre-

2012 1475 2096 1526 to.
2128 1467 2256 1535 quid
2283 1468 2332 1520 in
2358 1469 2609 1522 cubiculo
2633 1471 2982 1525 mulierculas
2998 1471 3197 1526 docet?
3225 1471 3293 1527 Ut
3311 1471 3412 1526 hoc
3427 1473 3604 1528 sciant

2011 1573 2132 1613 esse
2159 1560 2416 1628 virgines,
2445 1561 2588 1629 quod
2618 1562 2881 1616 maritatae
2912 1560 3004 1633 [aL
3036 1561 3287 1634 marilw];
3323 1574 3380 1616 ut
3408 1565 3598 1617 liorem

1995 1652 2186 1704 aetatis
2215 1668 2319 1704 non
2351 1652 2645 1722 negligant,
2681 1662 2737 1706 ut
2761 1653 3049 1708 comedunt
3077 1664 3135 1722 et
3161 1654 3369 1720 bibant,
3398 1665 3453 1710 et
3483 1656 3602 1711 bal-

2015 1756 2147 1795 neas
2193 1741 2388 1796 adeant
2419 1783 2434 1804 ,
2482 1743 2770 1796 munditias
2817 1753 3114 1812 appetant,
3163 1755 3430 1814 unguenta
3496 1760 3603 1800 non

2016 1835 2313 1900 spernant?
2343 1849 2412 1887 an
2443 1836 2612 1901 magis
2637 1835 2947 1904 pudicitiam
2974 1877 2988 1900 ,
3019 1845 3074 1889 et
3097 1836 3300 1906 jejunia
3333 1879 3350 1902 ,
3391 1846 3447 1891 et
3479 1837 3605 1890 illu—

2022 1924 2156 1977 viem
2187 1926 2470 1993 corporis?
2495 1925 2687 1996 Utique
2711 1927 2795 1980 illa
2848 1927 3087 1995 praecipit
3113 1944 3230 1996 qum
3255 1927 3409 1996 plena
3440 1927 3606 1982 virtu-

2022 2018 2090 2072 tis
2119 2026 2262 2071 Sunl.
2315 2015 2566 2072 Fateatur
2591 2033 2692 2086 ego
2723 2017 2934 2086 publice
2973 2018 3114 2086 quod
3158 2017 3305 2073 domi
3347 2019 3604 2087 loquitur.

2021 2109 2125 2160 Aut
2151 2107 2194 2158 si
2221 2115 2278 2159 et
2297 2106 2442 2160 domi
2470 2107 2656 2160 eadem
2680 2107 2839 2160 docet
2860 2123 2978 2175 qua:
3006 2117 3062 2162 et
3087 2108 3318 2176 publice,
3350 2123 3378 2160 a
3410 2108 3610 2176 puella-

2022 2211 2138 2250 rum
2167 2196 2440 2248 consortio
2468 2196 2799 2265 separandus
2821 2206 2924 2249 est.
2953 2197 3115 2249 Miror
3144 2205 3322 2250 autem
3352 2212 3457 2250 non
3483 2212 3610 2251 eru-

2023 2287 2244 2341 bescere
2284 2288 2534 2356 juvenem
2562 2327 2575 2349 ,
2620 2295 2675 2341 et
2716 2287 3035 2341 Monachum
3062 2327 3079 2354 ,
3125 2296 3180 2342 ut
3211 2288 3310 2340 sibi
3343 2287 3556 2342 videtur
3588 2329 3606 2354 ,

2024 2378 2284 2432 disertum
2309 2379 2485 2448 (cujus
2506 2378 2577 2432 de
2606 2392 2700 2433 ore
2733 2393 2958 2433 veneres
2985 2378 3155 2432 [luunt
3181 2394 3197 2444 ;
3239 2379 3329 2448 qui
3359 2388 3518 2434 tanta:
3551 2381 3604 2434 in

2027 2468 2437 2522 sermocinando
2464 2469 2745 2537 elegantiae
2771 2478 2874 2534 est,
2904 2479 2960 2522 ut
2987 2469 3206 2523 Comico
3230 2469 3342 2523 sale
3367 2485 3429 2523 ac
3458 2469 3612 2537 lepo-

2027 2576 2440 2630 rcconspersus
2469 2561 2560 2630 sit)
2594 2561 2824 2616 lustrare
2857 2561 3114 2614 nobilium
3140 2562 3331 2615 domos
3351 2601 3366 2625 ,
3399 2561 3609 2617 hazrere

2028 2655 2440 2708 salutationibus
2463 2665 2828 2707 matronarum
2849 2695 2863 2716 ,
2898 2655 2915 2722 (
2937 2653 2993 2724 1⁵)
3021 2653 3332 2728 religionem
3362 2662 3602 2707 nostram

2032 2763 2258 2816 pugnam
2287 2746 2484 2807 facere.
2508 2757 2559 2801 et
2578 2747 2732 2800 tidem
2754 2746 2955 2800 Christi
2983 2747 3332 2800 contentione
3359 2755 3614 2815 torquere

2031 2837 2346 2901 verborum;
2375 2847 2536 2907 atque
2561 2839 2702 2892 inter
2722 2837 2837 2892 haec
2863 2837 3013 2890 fratri
3043 2853 3140 2891 suo
3165 2838 3468 2892 detrahere.
3498 2835 3614 2893 Uti-

2031 2943 2135 2997 que
2163 2929 2206 2982 si
2233 2943 2415 2983 errare
2451 2945 2538 2984 me
2573 2929 2862 2982 arbitratus
2902 2940 2985 2982 est
3035 2929 3110 2998 (in
3139 2929 3322 2982 multis
3347 2929 3493 2983 enim
3523 2928 3610 2982 of-

2035 3017 2296 3072 fendimus
2319 3033 2509 3072 omnes
2535 3059 2550 3084 ,
2582 3027 2638 3073 et
2675 3037 2692 3070 ι
2724 3019 2767 3071 si
2799 3017 2919 3087 quis
2958 3018 3012 3070 in
3053 3020 3218 3070 verbo
3246 3033 3350 3071 non
3381 3027 3568 3084 peccat
3591 3057 3608 3081 ,

2035 3111 2120 3164 hic
2151 3109 2415 3179 perfectus
2445 3119 2527 3164 est
2547 3110 2648 3180 vir)
2685 3131 2704 3162 ι
2742 3110 2761 3180 (
2777 3108 2954 3164 Jacob.
2981 3111 3069 3165 50.
3097 3109 3180 3177 2),
3211 3109 3394 3162 debuit
3415 3109 3500 3162 vel
3528 3123 3619 3162 ar-

2033 3215 2216 3270 guere,
2241 3201 2324 3254 vel
2351 3201 2684 3270 interrogare
2713 3217 2808 3270 per
2842 3202 3044 3255 litteras
3066 3241 3078 3253 .
3099 3199 3239 3269 quod
3270 3200 3350 3253 vir
3371 3199 3617 3253 eruditus

2033 3302 2090 3346 et
2130 3293 2322 3347 nobilis
2376 3292 2498 3347 fecit
2536 3293 2945 3358 Pammachius,
2994 3293 3076 3346 cui
3115 3306 3214 3359 ego
3263 3293 3617 3357 ἀπιλονισάμην

2037 3394 2092 3436 ιιι
2120 3385 2286 3451 potui,
2302 3392 2356 3436 et
2373 3383 2609 3452 Epistula
2631 3383 2856 3439 disserui
2880 3383 3118 3451 longiore
3137 3382 3431 3453 (Superior.
3452 3379 3618 3450 Epist.

2037 3472 2335 3544 XLVIII),
2359 3491 2467 3544 quo
2485 3474 2901 3544 unumquodque
2923 3488 3080 3528 sensu
3102 3473 3354 3527 dixerim.
3380 3472 3622 3526 imitatus

2039 3567 2226 3620 Saltem
2257 3565 2445 3619 fuisset
2473 3575 2618 3618 tuam
2646 3563 3025 3619 verecundiam
3048 3604 3061 3625 ,
3095 3563 3185 3632 qui
3218 3577 3281 3616 ea
3313 3563 3428 3615 loca
3452 3602 3466 3624 ,
3497 3575 3620 3628 quae

2038 3657 2347 3713 scandalum
2370 3657 2690 3726 quibusdam
2718 3657 2893 3709 facere
2920 3655 3258 3717 videbantur,
3278 3661 3528 3720 excerpta
3551 3651 3622 3704 de

2041 3748 2324 3802 volumine
2370 3762 2470 3816 per
2515 3747 2757 3802 ordinem
2805 3745 3110 3815 digessisti,
3152 3757 3378 3811 poscens
3427 3749 3486 3794 ut
3530 3741 3612 3794 vel

2041 3839 2406 3902 emendarem,
2435 3837 2517 3891 vel
2549 3851 2896 3905 exponerem,
2916 3844 2970 3889 et
2996 3851 3102 3888 non
3132 3843 3291 3886 tantae
3322 3847 3407 3885 me
3435 3840 3622 3900 putas-

2042 3938 2125 3984 set
2147 3929 2469 3991 dementiac,
2500 3938 2556 3981 ut
2587 3927 2640 3981 in
2687 3941 2796 3980 uno
2837 3934 2996 3995 atque
3021 3923 3210 3979 eodem
3251 3922 3417 3989 libro,
3445 3932 3497 3976 ct
3523 3936 3623 3992 pro

2042 4021 2263 4091 nuptiis,
2293 4029 2342 4074 et
2370 4027 2556 4074 contra
2587 4018 2802 4087 nuptias
2826 4016 3142 4071 scriberem.

2045 4116 2207 4187 239
2278 4114 2334 4168 4.
2359 4113 2548 4168 Pareat
2573 4111 2714 4176 sibi,
2749 4119 2932 4180 parcat
2981 4107 3134 4171 mihi,
3181 4113 3362 4176 parcat
3417 4105 3622 4160 nomini

2045 4207 2372 4262 Christiano.
2408 4203 2723 4259 Monachum
2765 4216 2824 4255 se
2845 4215 2967 4255 esse
2993 4215 3099 4252 non
3131 4196 3436 4268 loquendo,
3465 4209 3520 4251 et
3543 4197 3630 4251 ili-

2046 4295 2366 4362 scursando,
2410 4295 2505 4352 sed
2552 4292 2814 4357 tacendo,
2845 4301 2900 4347 et
2925 4289 3166 4346 sedendo
3201 4289 3430 4343 noverit.
3461 4289 3628 4356 Legat

2045 4386 2632 4451 Jeremiam,dicentem
2655 4400 2668 4437 :
2691 4403 2710 4436 ι
2741 4383 2944 4438 Bonum
2963 4391 3048 4438 est
3065 4382 3180 4434 viro
3202 4379 3628 4448 comportaverit

2041 4480 2226 4551 jugum
2253 4479 2319 4533 ab
2344 4476 2704 4535 adolescentia
2741 4490 2856 4528 sua.
2887 4472 3105 4528 Sedebit
3134 4469 3280 4524 solus
3309 4475 3365 4523 et
3387 4467 3580 4520 tacebit
3611 4483 3626 4520 :

2047 4574 2170 4642 quia
2201 4571 2320 4626 tulit
2349 4585 2509 4641 super
2530 4583 2589 4622 se
2609 4568 2794 4636 jngum
2820 4583 2840 4616 ι
2867 4564 3085 4634 (Thren.
3114 4562 3169 4614 ὅ.
3195 4560 3286 4613 27.
3309 4558 3426 4629 28).
3453 4560 3557 4612 Aut
3583 4572 3623 4613 Si

2048 4671 2196 4720 certe
2237 4661 2289 4717 in
2326 4675 2517 4715 omnes
2544 4658 2846 4726 Scriptores
2883 4651 3186 4708 censoriam
3216 4651 3421 4721 accepit
3447 4649 3635 4720 virgu.

2116 4851 2184 4913 (e)
2216 4848 2336 4914 ΙΙωο
2359 4845 2501 4895 nobis
2523 4843 2750 4914 probatur
2774 4840 2921 4914 lectio
2939 4851 3095 4914 quam.
3109 4850 3172 4914 ex
3197 4837 3510 4914 Cistercieps.
3537 4835 3628 4889 Ms.

2051 4896 2414 4975 expressimus;
2447 4896 2592 4955 antea
2615 4903 2749 4975 enim
2771 4896 3047 4975 erateei'ba
3078 4906 3338 4975 (ornasset,
3371 4896 3452 4975 vel
3475 4905 3609 4971 tomis

2051 4959 2143 5033 551‘,
2192 4959 2289 5022 non
2322 4959 2587 5033 incongrua
2621 4963 2779 5033 solum
2813 4963 3064 5033 lectione,
3082 4962 3170 5012 sed
3207 4959 3357 5033 falsa;
3383 4960 3463 5008 hic
3505 4959 3635 5033 enim

2050 5021 2199 5085 Hier.
2211 5041 2265 5082 ut
2285 5021 2614 5082 adversarium
2637 5026 2857 5084 irrideat,
2870 5023 3004 5076 solos
3019 5024 3128 5086 ejus
3141 5030 3313 5086 gestus
3325 5029 3445 5086 ante
3462 5021 3628 5086 verba,

2052 5081 2269 5146 "fuisse
2290 5081 2424 5143 dicit
2498 5089 2744 5162 rzcstigias
2773 5081 3020 5150 judicibus
3044 5081 3230 5136 i'ace're.
3269 5082 3471 5132 Accedit
3506 5081 3636 5130 ltunc

2052 5111 2251 5208 mrbam
2273 5105 2497 5205 tornantfi)
2515 5153 2622 5200 sive
2645 5163 2698 5200 tn
2719 5161 2890 5208 gyrum
2913 5147 3138 5197 movendi
3171 5158 3355 5208 morem
3373 5178 3388 5204 ,
3412 5152 3635 5205 gestum.

2087 5160 2251 5206 arbam
2273 5147 2495 5205 tornandi
2515 5153 2622 5200 sive
2637 5147 2698 5200 in
2719 5147 2890 5212 gyrum
2913 5147 3155 5212 movendi
3171 5158 3355 5212 morem
3373 5178 3388 5204 ,
3412 5152 3635 5205 gestum.

2051 5207 2172 5282 que,
2197 5231 2306 5282 cum
2321 5216 2440 5282 guis
2473 5213 2534 5282 ad
2565 5207 2823 5263 dicendum
2855 5217 3082 5274 paratur,
3114 5208 3176 5259 ab
3197 5207 3305 5264 aliis
3325 5217 3523 5268 quoque
3546 5217 3634 5253 no-

2053 5273 2143 5332 t'ari
2159 5273 2289 5342 apud
2314 5273 2606 5342 Orientales:

2119 5330 2209 5405 (f)'
2224 5340 2453 5405 Erasmus
2471 5345 2526 5387 et
2543 5333 2792 5405 Victorius
2821 5330 3114 5405 peticionem
3145 5335 3633 5405 nostramupaggmlzni

2053 5386 2562 5468 fuc‘éfeiltartianaéus
2601 5394 2832 5468 Religimti
2860 5386 3057 5468 postne
3068 5403 3322 5468 pugnam-,1
3350 5386 3636 5468 (ﬂexionis

2055 5448 2887 5531 sequiplacuitghlss,_cxgdicuut:_et_
2903 5448 3183 5528 vetustioris
3207 5448 3433 5501 editionis
3455 5448 3596 5531 [idem
3616 5479 3632 5505 ,

2059 5514 2386 5591 eoquefsensu
2409 5522 2728 5591 intelligimus
2737 5557 2755 5591 3
2780 5519 3095 5591 Religionem,
3112 5516 3160 5562 in
3183 5522 3391 5591 pugnant
3412 5514 3631 5591 vertere,

2059 5568 2931 5643 cuiii‘aliud‘habitaratreligione:
2969 5575 3099 5643 aliud
3127 5568 3293 5643 verbis
3332 5577 3384 5643 et
3403 5568 3639 5643 moribus

2059 5628 2324 5704 iiB’a'aiiiiiE
2345 5628 2548 5707 ibe—pra:
2563 5628 2631 5707 se,
2646 5628 2820 5703 ferrist,
2845 5628 2930 5707 vel
2947 5640 3104 5707 potius
3121 5633 3247 5697 quod
3265 5628 3635 5707 religionis}?

2060 5697 2666 5779 giiiaiain’disputationis
2698 5709 2751 5754 et
2774 5697 3119 5752 controversiae
3158 5698 3502 5757 argumentum
3527 5703 3638 5740 vero

2064 5783 2210 5826 teret.
