  <div class='ocr_page' id='page_1' title='image "/cluster/home/n/w/nwhite01/storage/ocr_20150623/22/hvd.32044015471378/318.png"; bbox 0 0 4146 6336; ppageno 0'>
   <div class='ocr_carea' id='block_1_1' title="bbox 347 286 1531 372">
    <p class='ocr_par' dir='ltr' id='par_1_1' title="bbox 347 286 1531 372">
     <span class='ocr_line' id='line_1_1' title="bbox 347 286 1531 372; baseline -0.004 0"><span class='ocrx_word' id='word_1_1' title='bbox 347 286 485 372; x_wconf 61' lang='grc' dir='ltr'><strong>ξίφη</strong></span> <span class='ocrx_word' id='word_1_2' title='bbox 1522 358 1531 367; x_wconf 83' lang='lat'><strong>.</strong></span> 
     </span>
    </p>
   </div>
   <div class='ocr_carea' id='block_1_2' title="bbox 345 361 1447 476">
    <p class='ocr_par' dir='ltr' id='par_1_2' title="bbox 345 361 1447 476">
     <span class='ocr_line' id='line_1_2' title="bbox 345 361 1447 476; baseline -0.015 0"><span class='ocrx_word' id='word_1_3' title='bbox 345 361 379 388; x_wconf 42' lang='lat'><strong><em>‘</em></strong></span> <span class='ocrx_word' id='word_1_4' title='bbox 822 394 1222 471; x_wconf 53' lang='lat' dir='ltr'><strong>‘Et‘vtsmm</strong></span> <span class='ocrx_word' id='word_1_5' title='bbox 1268 409 1327 463; x_wconf 85' lang='lat' dir='ltr'><strong>Li</strong></span> <span class='ocrx_word' id='word_1_6' title='bbox 1371 408 1447 476; x_wconf 74' lang='grc' dir='ltr'><strong>(ιι)</strong></span> 
     </span>
    </p>
   </div>
   <div class='ocr_carea' id='block_1_3' title="bbox 376 514 1953 593">
    <p class='ocr_par' dir='ltr' id='par_1_3' title="bbox 376 514 1953 593">
     <span class='ocr_line' id='line_1_3' title="bbox 376 514 1953 593; baseline -0.016 -1"><span class='ocrx_word' id='word_1_7' title='bbox 376 537 438 593; x_wconf 87' lang='lat' dir='ltr'><strong>S.</strong></span> <span class='ocrx_word' id='word_1_8' title='bbox 472 534 744 590; x_wconf 67' lang='lat' dir='ltr'><strong>EPIPHANII</strong></span> <span class='ocrx_word' id='word_1_9' title='bbox 771 530 846 583; x_wconf 77' lang='lat' dir='ltr'><strong>An</strong></span> <span class='ocrx_word' id='word_1_10' title='bbox 873 528 1112 582; x_wconf 64' lang='lat' dir='ltr'><strong>domum</strong></span> <span class='ocrx_word' id='word_1_11' title='bbox 1148 521 1470 592; x_wconf 87' lang='lat' dir='ltr'><strong>Episcopum</strong></span> <span class='ocrx_word' id='word_1_12' title='bbox 1496 514 1953 586; x_wconf 82' lang='lat' dir='ltr'><strong>Jerosolymorum</strong></span> 
     </span>
    </p>
   </div>
   <div class='ocr_carea' id='block_1_4' title="bbox 731 607 1599 686">
    <p class='ocr_par' dir='ltr' id='par_1_4' title="bbox 731 607 1599 686">
     <span class='ocr_line' id='line_1_4' title="bbox 731 607 1599 686; baseline -0.017 -13"><span class='ocrx_word' id='word_1_13' title='bbox 731 621 773 673; x_wconf 85' lang='lat' dir='ltr'><strong>A</strong></span> <span class='ocrx_word' id='word_1_14' title='bbox 805 618 1128 686; x_wconf 87' lang='lat' dir='ltr'><strong>llieronymo</strong></span> <span class='ocrx_word' id='word_1_15' title='bbox 1155 611 1343 665; x_wconf 88' lang='lat' dir='ltr'><strong>Latine</strong></span> <span class='ocrx_word' id='word_1_16' title='bbox 1371 607 1599 663; x_wconf 88' lang='lat' dir='ltr'><strong>reddita.</strong></span> 
     </span>
    </p>
   </div>
   <div class='ocr_carea' id='block_1_5' title="bbox 379 737 1959 825">
    <p class='ocr_par' dir='ltr' id='par_1_5' title="bbox 379 737 1959 825">
     <span class='ocr_line' id='line_1_5' title="bbox 379 737 1959 825; baseline -0.015 -15"><span class='ocrx_word' id='word_1_17' title='bbox 379 754 700 825; x_wconf 79' lang='lat' dir='ltr'><strong>Epiphanius</strong></span> <span class='ocrx_word' id='word_1_18' title='bbox 760 749 1042 821; x_wconf 77' lang='lat' dir='ltr'><strong>EpisCOpus</strong></span> <span class='ocrx_word' id='word_1_19' title='bbox 1098 741 1384 800; x_wconf 73' lang='lat' dir='ltr'><strong>Salamina:</strong></span> <span class='ocrx_word' id='word_1_20' title='bbox 1439 737 1596 808; x_wconf 83' lang='lat' dir='ltr'><strong>Cypri</strong></span> <span class='ocrx_word' id='word_1_21' title='bbox 1646 743 1855 790; x_wconf 75' lang='lat' dir='ltr'><strong>excusat</strong></span> <span class='ocrx_word' id='word_1_22' title='bbox 1907 744 1959 788; x_wconf 77' lang='lat' dir='ltr'><strong>’se</strong></span> 
     </span>
    </p>
   </div>
   <div class='ocr_carea' id='block_1_6' title="bbox 445 827 1958 914">
    <p class='ocr_par' dir='ltr' id='par_1_6' title="bbox 445 827 1958 914">
     <span class='ocr_line' id='line_1_6' title="bbox 445 827 1958 914; baseline -0.016 -11"><span class='ocrx_word' id='word_1_23' title='bbox 445 849 640 903; x_wconf 82' lang='lat' dir='ltr'><strong>Joanui</strong></span> <span class='ocrx_word' id='word_1_24' title='bbox 668 845 924 914; x_wconf 78' lang='lat' dir='ltr'><strong>Episcopo</strong></span> <span class='ocrx_word' id='word_1_25' title='bbox 943 838 1399 908; x_wconf 71' lang='lat' dir='ltr'><strong>Jerosolymitatio,</strong></span> <span class='ocrx_word' id='word_1_26' title='bbox 1426 828 1562 903; x_wconf 81' lang='lat' dir='ltr'><strong>quod</strong></span> <span class='ocrx_word' id='word_1_27' title='bbox 1591 827 1958 883; x_wconf 76' lang='lat' dir='ltr'><strong>Paulinaniut&#39;n</strong></span> 
     </span>
    </p>
   </div>
   <div class='ocr_carea' id='block_1_7' title="bbox 449 920 1960 1007">
    <p class='ocr_par' dir='ltr' id='par_1_7' title="bbox 449 920 1960 1007">
     <span class='ocr_line' id='line_1_7' title="bbox 449 920 1960 1007; baseline -0.013 -16"><span class='ocrx_word' id='word_1_28' title='bbox 449 938 806 1007; x_wconf 70' lang='lat' dir='ltr'><strong>Presbyterum</strong></span> <span class='ocrx_word' id='word_1_29' title='bbox 828 932 1107 987; x_wconf 71' lang='lat' dir='ltr'><strong>ordinasset</strong></span> <span class='ocrx_word' id='word_1_30' title='bbox 1127 931 1238 1000; x_wconf 77' lang='lat' dir='ltr'><strong>ipso</strong></span> <span class='ocrx_word' id='word_1_31' title='bbox 1258 925 1568 981; x_wconf 81' lang='lat' dir='ltr'><strong>inconsulto.</strong></span> <span class='ocrx_word' id='word_1_32' title='bbox 1600 920 1800 975; x_wconf 78' lang='lat' dir='ltr'><strong>Deinde</strong></span> <span class='ocrx_word' id='word_1_33' title='bbox 1821 929 1960 974; x_wconf 85' lang='lat' dir='ltr'><strong>c&#39;om-</strong></span> 
     </span>
    </p>
   </div>
   <div class='ocr_carea' id='block_1_8' title="bbox 449 1015 1650 1095">
    <p class='ocr_par' dir='ltr' id='par_1_8' title="bbox 449 1015 1650 1095">
     <span class='ocr_line' id='line_1_8' title="bbox 449 1015 1650 1095; baseline -0.012 -13"><span class='ocrx_word' id='word_1_34' title='bbox 449 1039 639 1094; x_wconf 85' lang='lat' dir='ltr'><strong>mouet,</strong></span> <span class='ocrx_word' id='word_1_35' title='bbox 669 1038 722 1081; x_wconf 89' lang='lat' dir='ltr'><strong>ut</strong></span> <span class='ocrx_word' id='word_1_36' title='bbox 751 1026 813 1080; x_wconf 83' lang='lat' dir='ltr'><strong>ab</strong></span> <span class='ocrx_word' id='word_1_37' title='bbox 842 1023 1078 1095; x_wconf 75' lang='lat' dir='ltr'><strong>Origenis</strong></span> <span class='ocrx_word' id='word_1_38' title='bbox 1098 1019 1353 1076; x_wconf 80' lang='lat' dir='ltr'><strong>erroribus</strong></span> <span class='ocrx_word' id='word_1_39' title='bbox 1384 1015 1650 1070; x_wconf 80' lang='lat' dir='ltr'><strong>abstineat.</strong></span> 
     </span>
    </p>
   </div>
   <div class='ocr_carea' id='block_1_9' title="bbox 375 1118 1954 1198">
    <p class='ocr_par' dir='ltr' id='par_1_9' title="bbox 375 1118 1954 1198">
     <span class='ocr_line' id='line_1_9' title="bbox 375 1118 1954 1198; baseline -0.014 -2"><span class='ocrx_word' id='word_1_40' title='bbox 375 1142 603 1196; x_wconf 79' lang='lat' dir='ltr'><strong>Dmnino</strong></span> <span class='ocrx_word' id='word_1_41' title='bbox 646 1134 900 1195; x_wconf 84' lang='lat' dir='ltr'><strong>dilectiss.</strong></span> <span class='ocrx_word' id='word_1_42' title='bbox 944 1130 1117 1189; x_wconf 84' lang='lat' dir='ltr'><strong>Fratri</strong></span> <span class='ocrx_word' id='word_1_43' title='bbox 1158 1129 1346 1187; x_wconf 58' lang='lat' dir='ltr'><strong>losum</strong></span> <span class='ocrx_word' id='word_1_44' title='bbox 1386 1127 1562 1198; x_wconf 82' lang='lat' dir='ltr'><strong>Epise.</strong></span> <span class='ocrx_word' id='word_1_45' title='bbox 1611 1118 1954 1179; x_wconf 61' lang='lat' dir='ltr'><strong>Eripiamus.</strong></span> 
     </span>
    </p>
   </div>
   <div class='ocr_carea' id='block_1_10' title="bbox 448 1234 1960 1322">
    <p class='ocr_par' dir='ltr' id='par_1_10' title="bbox 448 1234 1960 1322">
     <span class='ocr_line' id='line_1_10' title="bbox 448 1234 1960 1322; baseline -0.015 -14"><span class='ocrx_word' id='word_1_46' title='bbox 448 1255 496 1308; x_wconf 84' lang='lat' dir='ltr'><strong>l.</strong></span> <span class='ocrx_word' id='word_1_47' title='bbox 520 1251 812 1322; x_wconf 92' lang='lat' dir='ltr'><strong>Oportebat</strong></span> <span class='ocrx_word' id='word_1_48' title='bbox 845 1246 917 1321; x_wconf 88' lang='lat' dir='ltr'><strong>(b)</strong></span> <span class='ocrx_word' id='word_1_49' title='bbox 944 1261 1065 1314; x_wconf 87' lang='lat' dir='ltr'><strong>nos,</strong></span> <span class='ocrx_word' id='word_1_50' title='bbox 1092 1241 1443 1300; x_wconf 81' lang='lat' dir='ltr'><strong>dilectissime</strong></span> <span class='ocrx_word' id='word_1_51' title='bbox 1467 1280 1483 1308; x_wconf 92' lang='lat'><strong>,</strong></span> <span class='ocrx_word' id='word_1_52' title='bbox 1526 1237 1823 1292; x_wconf 87' lang='lat' dir='ltr'><strong>Clericatus</strong></span> <span class='ocrx_word' id='word_1_53' title='bbox 1862 1234 1960 1287; x_wconf 85' lang='lat' dir='ltr'><strong>ho-</strong></span> 
     </span>
    </p>
   </div>
   <div class='ocr_carea' id='block_1_11' title="bbox 371 1325 1958 1407">
    <p class='ocr_par' dir='ltr' id='par_1_11' title="bbox 371 1325 1958 1407">
     <span class='ocr_line' id='line_1_11' title="bbox 371 1325 1958 1407; baseline -0.014 -7"><span class='ocrx_word' id='word_1_54' title='bbox 371 1360 505 1399; x_wconf 85' lang='lat' dir='ltr'><strong>nore</strong></span> <span class='ocrx_word' id='word_1_55' title='bbox 534 1359 637 1398; x_wconf 87' lang='lat' dir='ltr'><strong>non</strong></span> <span class='ocrx_word' id='word_1_56' title='bbox 664 1340 810 1396; x_wconf 85' lang='lat' dir='ltr'><strong>abuti</strong></span> <span class='ocrx_word' id='word_1_57' title='bbox 842 1341 894 1393; x_wconf 92' lang='lat' dir='ltr'><strong>in</strong></span> <span class='ocrx_word' id='word_1_58' title='bbox 925 1336 1253 1407; x_wconf 84' lang='lat' dir='ltr'><strong>superbiam,</strong></span> <span class='ocrx_word' id='word_1_59' title='bbox 1283 1332 1378 1388; x_wconf 90' lang='lat' dir='ltr'><strong>sed</strong></span> <span class='ocrx_word' id='word_1_60' title='bbox 1406 1328 1645 1386; x_wconf 89' lang='lat' dir='ltr'><strong>custodia</strong></span> <span class='ocrx_word' id='word_1_61' title='bbox 1674 1325 1958 1382; x_wconf 82' lang='lat' dir='ltr'><strong>mandato-</strong></span> 
     </span>
    </p>
   </div>
   <div class='ocr_carea' id='block_1_12' title="bbox 374 1416 1957 1500">
    <p class='ocr_par' dir='ltr' id='par_1_12' title="bbox 374 1416 1957 1500">
     <span class='ocr_line' id='line_1_12' title="bbox 374 1416 1957 1500; baseline -0.012 -10"><span class='ocrx_word' id='word_1_62' title='bbox 374 1451 492 1489; x_wconf 86' lang='lat' dir='ltr'><strong>rum</strong></span> <span class='ocrx_word' id='word_1_63' title='bbox 516 1434 631 1500; x_wconf 90' lang='lat' dir='ltr'><strong>Dei,</strong></span> <span class='ocrx_word' id='word_1_64' title='bbox 652 1441 703 1487; x_wconf 91' lang='lat' dir='ltr'><strong>et</strong></span> <span class='ocrx_word' id='word_1_65' title='bbox 725 1429 1097 1485; x_wconf 87' lang='lat' dir='ltr'><strong>observatione</strong></span> <span class='ocrx_word' id='word_1_66' title='bbox 1118 1423 1523 1495; x_wconf 78' lang='lat' dir='ltr'><strong>diligentissima</strong></span> <span class='ocrx_word' id='word_1_67' title='bbox 1546 1423 1646 1475; x_wconf 92' lang='lat' dir='ltr'><strong>hoc</strong></span> <span class='ocrx_word' id='word_1_68' title='bbox 1668 1418 1791 1475; x_wconf 87' lang='lat' dir='ltr'><strong>esse</strong></span> <span class='ocrx_word' id='word_1_69' title='bbox 1809 1416 1957 1487; x_wconf 87' lang='lat' dir='ltr'><strong>quod</strong></span> 
     </span>
    </p>
   </div>
   <div class='ocr_carea' id='block_1_13' title="bbox 369 1508 1957 1591">
    <p class='ocr_par' dir='ltr' id='par_1_13' title="bbox 369 1508 1957 1591">
     <span class='ocr_line' id='line_1_13' title="bbox 369 1508 1957 1591; baseline -0.011 -12"><span class='ocrx_word' id='word_1_70' title='bbox 369 1524 617 1580; x_wconf 80' lang='lat' dir='ltr'><strong>dicimur.</strong></span> <span class='ocrx_word' id='word_1_71' title='bbox 648 1523 706 1577; x_wconf 86' lang='lat' dir='ltr'><strong>Si</strong></span> <span class='ocrx_word' id='word_1_72' title='bbox 733 1521 876 1577; x_wconf 89' lang='lat' dir='ltr'><strong>enim</strong></span> <span class='ocrx_word' id='word_1_73' title='bbox 918 1528 1101 1573; x_wconf 89' lang='lat' dir='ltr'><strong>sancta</strong></span> <span class='ocrx_word' id='word_1_74' title='bbox 1139 1516 1414 1591; x_wconf 84' lang='lat' dir='ltr'><strong>Scriptura</strong></span> <span class='ocrx_word' id='word_1_75' title='bbox 1455 1511 1737 1580; x_wconf 85' lang='lat' dir='ltr'><strong>loquitur:</strong></span> <span class='ocrx_word' id='word_1_76' title='bbox 1771 1527 1791 1559; x_wconf 73' lang='grc' dir='ltr'><strong><em>ι</em></strong></span> <span class='ocrx_word' id='word_1_77' title='bbox 1814 1508 1957 1563; x_wconf 86' lang='lat' dir='ltr'><strong>Cleri</strong></span> 
     </span>
    </p>
   </div>
   <div class='ocr_carea' id='block_1_14' title="bbox 367 1596 1953 1683">
    <p class='ocr_par' dir='ltr' id='par_1_14' title="bbox 367 1596 1953 1683">
     <span class='ocr_line' id='line_1_14' title="bbox 367 1596 1953 1683; baseline -0.013 -12"><span class='ocrx_word' id='word_1_78' title='bbox 367 1630 555 1671; x_wconf 87' lang='lat' dir='ltr'><strong>eorum</strong></span> <span class='ocrx_word' id='word_1_79' title='bbox 586 1628 692 1667; x_wconf 90' lang='lat' dir='ltr'><strong>non</strong></span> <span class='ocrx_word' id='word_1_80' title='bbox 724 1611 1016 1683; x_wconf 78' lang='lat' dir='ltr'><strong>proderunt</strong></span> <span class='ocrx_word' id='word_1_81' title='bbox 1040 1608 1120 1663; x_wconf 88' lang='lat' dir='ltr'><strong>eis</strong></span> <span class='ocrx_word' id='word_1_82' title='bbox 1150 1604 1360 1677; x_wconf 65' lang='lat' dir='ltr'><strong>(lenm.</strong></span> <span class='ocrx_word' id='word_1_83' title='bbox 1386 1622 1405 1655; x_wconf 70' lang='grc' dir='ltr'><strong>ι</strong></span> <span class='ocrx_word' id='word_1_84' title='bbox 1434 1601 1523 1656; x_wconf 69' lang='grc'><strong>12.</strong></span> <span class='ocrx_word' id='word_1_85' title='bbox 1545 1602 1707 1670; x_wconf 75' lang='lat' dir='ltr'><strong>iuxta.</strong></span> <span class='ocrx_word' id='word_1_86' title='bbox 1731 1596 1826 1652; x_wconf 83' lang='lat' dir='ltr'><strong>LX</strong></span> <span class='ocrx_word' id='word_1_87' title='bbox 1830 1596 1906 1667; x_wconf 76' lang='grc' dir='ltr'><strong>Χ)</strong></span> <span class='ocrx_word' id='word_1_88' title='bbox 1940 1612 1953 1651; x_wconf 88' lang='lat'><strong>:</strong></span> 
     </span>
    </p>
   </div>
   <div class='ocr_carea' id='block_1_15' title="bbox 369 1687 1955 1777">
    <p class='ocr_par' dir='ltr' id='par_1_15' title="bbox 369 1687 1955 1777">
     <span class='ocr_line' id='line_1_15' title="bbox 369 1687 1955 1777; baseline -0.013 -15"><span class='ocrx_word' id='word_1_89' title='bbox 369 1722 490 1777; x_wconf 70' lang='lat' dir='ltr'><strong>qua:</strong></span> <span class='ocrx_word' id='word_1_90' title='bbox 527 1704 830 1774; x_wconf 78' lang='lat' dir='ltr'><strong>arrogantia</strong></span> <span class='ocrx_word' id='word_1_91' title='bbox 862 1701 1147 1757; x_wconf 80' lang='lat' dir='ltr'><strong>clericatus</strong></span> <span class='ocrx_word' id='word_1_92' title='bbox 1192 1695 1497 1751; x_wconf 87' lang='lat' dir='ltr'><strong>conducere</strong></span> <span class='ocrx_word' id='word_1_93' title='bbox 1538 1690 1694 1746; x_wconf 88' lang='lat' dir='ltr'><strong>nobis</strong></span> <span class='ocrx_word' id='word_1_94' title='bbox 1736 1687 1955 1760; x_wconf 89' lang='lat' dir='ltr'><strong>poterit,</strong></span> 
     </span>
    </p>
   </div>
   <div class='ocr_carea' id='block_1_16' title="bbox 368 1781 1954 1870">
    <p class='ocr_par' dir='ltr' id='par_1_16' title="bbox 368 1781 1954 1870">
     <span class='ocr_line' id='line_1_16' title="bbox 368 1781 1954 1870; baseline -0.012 -15"><span class='ocrx_word' id='word_1_95' title='bbox 368 1800 460 1870; x_wconf 90' lang='lat' dir='ltr'><strong>qui</strong></span> <span class='ocrx_word' id='word_1_96' title='bbox 490 1813 597 1853; x_wconf 91' lang='lat' dir='ltr'><strong>non</strong></span> <span class='ocrx_word' id='word_1_97' title='bbox 640 1797 810 1851; x_wconf 89' lang='lat' dir='ltr'><strong>solum</strong></span> <span class='ocrx_word' id='word_1_98' title='bbox 841 1792 1182 1863; x_wconf 81' lang='lat' dir='ltr'><strong>cogitatione,</strong></span> <span class='ocrx_word' id='word_1_99' title='bbox 1226 1797 1280 1843; x_wconf 90' lang='lat' dir='ltr'><strong>et</strong></span> <span class='ocrx_word' id='word_1_100' title='bbox 1328 1800 1489 1841; x_wconf 87' lang='lat' dir='ltr'><strong>sensu</strong></span> <span class='ocrx_word' id='word_1_101' title='bbox 1514 1825 1530 1849; x_wconf 92' lang='lat'><strong>,</strong></span> <span class='ocrx_word' id='word_1_102' title='bbox 1577 1798 1763 1838; x_wconf 89' lang='lat' dir='ltr'><strong>verum</strong></span> <span class='ocrx_word' id='word_1_103' title='bbox 1793 1781 1954 1837; x_wconf 90' lang='lat' dir='ltr'><strong>etiam</strong></span> 
     </span>
    </p>
   </div>
   <div class='ocr_carea' id='block_1_17' title="bbox 366 1876 1957 1959">
    <p class='ocr_par' dir='ltr' id='par_1_17' title="bbox 366 1876 1957 1959">
     <span class='ocr_line' id='line_1_17' title="bbox 366 1876 1957 1959; baseline -0.009 -13"><span class='ocrx_word' id='word_1_104' title='bbox 366 1904 618 1946; x_wconf 86' lang='lat' dir='ltr'><strong>sermone</strong></span> <span class='ocrx_word' id='word_1_105' title='bbox 643 1887 973 1959; x_wconf 85' lang='lat' dir='ltr'><strong>peccamus?</strong></span> <span class='ocrx_word' id='word_1_106' title='bbox 1046 1881 1207 1954; x_wconf 66' lang='grc'><strong>242</strong></span> <span class='ocrx_word' id='word_1_107' title='bbox 1278 1878 1469 1935; x_wconf 79' lang='lat' dir='ltr'><strong>Audivi</strong></span> <span class='ocrx_word' id='word_1_108' title='bbox 1490 1878 1686 1948; x_wconf 78' lang='lat' dir='ltr'><strong>quippe</strong></span> <span class='ocrx_word' id='word_1_109' title='bbox 1706 1876 1846 1947; x_wconf 89' lang='lat' dir='ltr'><strong>qttod</strong></span> <span class='ocrx_word' id='word_1_110' title='bbox 1871 1884 1957 1931; x_wconf 88' lang='lat' dir='ltr'><strong>tu-</strong></span> 
     </span>
    </p>
   </div>
   <div class='ocr_carea' id='block_1_18' title="bbox 367 1968 1954 2040">
    <p class='ocr_par' dir='ltr' id='par_1_18' title="bbox 367 1968 1954 2040">
     <span class='ocr_line' id='line_1_18' title="bbox 367 1968 1954 2040; baseline -0.012 -1"><span class='ocrx_word' id='word_1_111' title='bbox 367 1998 519 2040; x_wconf 79' lang='lat' dir='ltr'><strong>mens</strong></span> <span class='ocrx_word' id='word_1_112' title='bbox 542 1992 727 2036; x_wconf 86' lang='lat' dir='ltr'><strong>contra</strong></span> <span class='ocrx_word' id='word_1_113' title='bbox 754 1995 873 2039; x_wconf 89' lang='lat' dir='ltr'><strong>nos.</strong></span> <span class='ocrx_word' id='word_1_114' title='bbox 898 1987 955 2033; x_wconf 87' lang='lat' dir='ltr'><strong>et</strong></span> <span class='ocrx_word' id='word_1_115' title='bbox 971 1976 1242 2039; x_wconf 83' lang='lat' dir='ltr'><strong>irascaris,</strong></span> <span class='ocrx_word' id='word_1_116' title='bbox 1265 1981 1320 2028; x_wconf 91' lang='lat' dir='ltr'><strong>et</strong></span> <span class='ocrx_word' id='word_1_117' title='bbox 1345 1969 1609 2026; x_wconf 89' lang='lat' dir='ltr'><strong>miniteris</strong></span> <span class='ocrx_word' id='word_1_118' title='bbox 1636 1968 1873 2023; x_wconf 83' lang='lat' dir='ltr'><strong>scribere</strong></span> <span class='ocrx_word' id='word_1_119' title='bbox 1900 1968 1954 2021; x_wconf 91' lang='lat' dir='ltr'><strong>in</strong></span> 
     </span>
    </p>
   </div>
   <div class='ocr_carea' id='block_1_19' title="bbox 368 2056 1957 2133">
    <p class='ocr_par' dir='ltr' id='par_1_19' title="bbox 368 2056 1957 2133">
     <span class='ocr_line' id='line_1_19' title="bbox 368 2056 1957 2133; baseline -0.013 -4"><span class='ocrx_word' id='word_1_120' title='bbox 368 2083 640 2129; x_wconf 77' lang='lat' dir='ltr'><strong>extremos</strong></span> <span class='ocrx_word' id='word_1_121' title='bbox 661 2072 795 2125; x_wconf 88' lang='lat' dir='ltr'><strong>fines</strong></span> <span class='ocrx_word' id='word_1_122' title='bbox 817 2080 992 2130; x_wconf 64' lang='lat' dir='ltr'><strong>terrte,</strong></span> <span class='ocrx_word' id='word_1_123' title='bbox 1012 2075 1069 2120; x_wconf 89' lang='lat' dir='ltr'><strong>ut</strong></span> <span class='ocrx_word' id='word_1_124' title='bbox 1093 2065 1208 2119; x_wconf 82' lang='lat' dir='ltr'><strong>loca</strong></span> <span class='ocrx_word' id='word_1_125' title='bbox 1235 2061 1644 2133; x_wconf 82' lang='lat' dir='ltr'><strong>provinciasque</strong></span> <span class='ocrx_word' id='word_1_126' title='bbox 1660 2072 1765 2112; x_wconf 90' lang='lat' dir='ltr'><strong>non</strong></span> <span class='ocrx_word' id='word_1_127' title='bbox 1786 2056 1957 2110; x_wconf 86' lang='lat' dir='ltr'><strong>uomi-</strong></span> 
     </span>
    </p>
   </div>
   <div class='ocr_carea' id='block_1_20' title="bbox 369 2136 1957 2224">
    <p class='ocr_par' dir='ltr' id='par_1_20' title="bbox 369 2136 1957 2224">
     <span class='ocr_line' id='line_1_20' title="bbox 369 2136 1957 2224; baseline -0.011 -6"><span class='ocrx_word' id='word_1_128' title='bbox 369 2179 517 2218; x_wconf 89' lang='lat' dir='ltr'><strong>nem.</strong></span> <span class='ocrx_word' id='word_1_129' title='bbox 548 2164 607 2216; x_wconf 78' lang='lat' dir='ltr'><strong>Et</strong></span> <span class='ocrx_word' id='word_1_130' title='bbox 637 2162 725 2217; x_wconf 87' lang='lat' dir='ltr'><strong>ubi</strong></span> <span class='ocrx_word' id='word_1_131' title='bbox 748 2170 833 2216; x_wconf 87' lang='lat' dir='ltr'><strong>est</strong></span> <span class='ocrx_word' id='word_1_132' title='bbox 856 2159 948 2213; x_wconf 91' lang='lat' dir='ltr'><strong>Dei</strong></span> <span class='ocrx_word' id='word_1_133' title='bbox 977 2157 1154 2219; x_wconf 84' lang='lat' dir='ltr'><strong>timor,</strong></span> <span class='ocrx_word' id='word_1_134' title='bbox 1183 2152 1274 2224; x_wconf 88' lang='lat' dir='ltr'><strong>qui</strong></span> <span class='ocrx_word' id='word_1_135' title='bbox 1301 2166 1399 2205; x_wconf 91' lang='lat' dir='ltr'><strong>nos</strong></span> <span class='ocrx_word' id='word_1_136' title='bbox 1419 2149 1579 2222; x_wconf 83' lang='lat' dir='ltr'><strong>debet</strong></span> <span class='ocrx_word' id='word_1_137' title='bbox 1604 2148 1700 2202; x_wconf 88' lang='lat' dir='ltr'><strong>illo</strong></span> <span class='ocrx_word' id='word_1_138' title='bbox 1720 2136 1957 2223; x_wconf 80' lang='lat' dir='ltr'><strong>tremore</strong></span> 
     </span>
    </p>
   </div>
   <div class='ocr_carea' id='block_1_21' title="bbox 365 2235 1956 2322">
    <p class='ocr_par' dir='ltr' id='par_1_21' title="bbox 365 2235 1956 2322">
     <span class='ocr_line' id='line_1_21' title="bbox 365 2235 1956 2322; baseline -0.014 -13"><span class='ocrx_word' id='word_1_139' title='bbox 365 2263 677 2317; x_wconf 82' lang='lat' dir='ltr'><strong>concutere,</strong></span> <span class='ocrx_word' id='word_1_140' title='bbox 696 2253 784 2322; x_wconf 85' lang='lat' dir='ltr'><strong>qui</strong></span> <span class='ocrx_word' id='word_1_141' title='bbox 806 2249 981 2305; x_wconf 88' lang='lat' dir='ltr'><strong>dictus</strong></span> <span class='ocrx_word' id='word_1_142' title='bbox 999 2255 1083 2302; x_wconf 91' lang='lat' dir='ltr'><strong>est</strong></span> <span class='ocrx_word' id='word_1_143' title='bbox 1101 2260 1131 2298; x_wconf 88' lang='lat' dir='ltr'><strong>a</strong></span> <span class='ocrx_word' id='word_1_144' title='bbox 1158 2243 1416 2298; x_wconf 85' lang='lat' dir='ltr'><strong>Domino:</strong></span> <span class='ocrx_word' id='word_1_145' title='bbox 1441 2258 1459 2292; x_wconf 74' lang='grc' dir='ltr'>ι</span> <span class='ocrx_word' id='word_1_146' title='bbox 1483 2240 1539 2294; x_wconf 86' lang='lat' dir='ltr'><strong>Si</strong></span> <span class='ocrx_word' id='word_1_147' title='bbox 1563 2243 1682 2307; x_wconf 86' lang='lat' dir='ltr'><strong>quis</strong></span> <span class='ocrx_word' id='word_1_148' title='bbox 1709 2235 1956 2320; x_wconf 79' lang='lat' dir='ltr'><strong>irascitur</strong></span> 
     </span>
    </p>
   </div>
   <div class='ocr_carea' id='block_1_22' title="bbox 369 2311 1950 2405">
    <p class='ocr_par' dir='ltr' id='par_1_22' title="bbox 369 2311 1950 2405">
     <span class='ocr_line' id='line_1_22' title="bbox 369 2311 1950 2405; baseline -0.011 -7"><span class='ocrx_word' id='word_1_149' title='bbox 369 2345 517 2399; x_wconf 90' lang='lat' dir='ltr'><strong>fratri</strong></span> <span class='ocrx_word' id='word_1_150' title='bbox 544 2359 641 2400; x_wconf 91' lang='lat' dir='ltr'><strong>suo</strong></span> <span class='ocrx_word' id='word_1_151' title='bbox 670 2311 786 2398; x_wconf 70' lang='lat' dir='ltr'><strong>sine</strong></span> <span class='ocrx_word' id='word_1_152' title='bbox 812 2356 970 2398; x_wconf 85' lang='lat' dir='ltr'><strong>causa</strong></span> <span class='ocrx_word' id='word_1_153' title='bbox 994 2372 1010 2405; x_wconf 81' lang='lat'><strong>,</strong></span> <span class='ocrx_word' id='word_1_154' title='bbox 1037 2352 1162 2392; x_wconf 89' lang='lat' dir='ltr'><strong>reus</strong></span> <span class='ocrx_word' id='word_1_155' title='bbox 1184 2335 1283 2391; x_wconf 90' lang='lat' dir='ltr'><strong>erit</strong></span> <span class='ocrx_word' id='word_1_156' title='bbox 1318 2322 1563 2403; x_wconf 86' lang='lat' dir='ltr'><strong>judicio?</strong></span> <span class='ocrx_word' id='word_1_157' title='bbox 1595 2348 1614 2381; x_wconf 75' lang='grc' dir='ltr'><strong><em>ι</em></strong></span> <span class='ocrx_word' id='word_1_158' title='bbox 1645 2321 1664 2401; x_wconf 68' lang='grc' dir='ltr'>ζ</span> <span class='ocrx_word' id='word_1_159' title='bbox 1687 2312 1871 2381; x_wconf 69' lang='lat' dir='ltr'><strong>Matth.</strong></span> <span class='ocrx_word' id='word_1_160' title='bbox 1897 2311 1950 2382; x_wconf 70' lang='lat'><strong>3.</strong></span> 
     </span>
    </p>
   </div>
   <div class='ocr_carea' id='block_1_23' title="bbox 365 2418 1956 2506">
    <p class='ocr_par' dir='ltr' id='par_1_23' title="bbox 365 2418 1956 2506">
     <span class='ocr_line' id='line_1_23' title="bbox 365 2418 1956 2506; baseline -0.011 -15"><span class='ocrx_word' id='word_1_161' title='bbox 365 2437 487 2506; x_wconf 77' lang='lat'><strong>23.)</strong></span> <span class='ocrx_word' id='word_1_162' title='bbox 519 2436 635 2490; x_wconf 87' lang='lat' dir='ltr'><strong>Non</strong></span> <span class='ocrx_word' id='word_1_163' title='bbox 676 2433 817 2504; x_wconf 87' lang='lat' dir='ltr'><strong>quod</strong></span> <span class='ocrx_word' id='word_1_164' title='bbox 871 2441 1194 2501; x_wconf 75' lang='lat' dir='ltr'><strong>magnopere</strong></span> <span class='ocrx_word' id='word_1_165' title='bbox 1233 2439 1454 2489; x_wconf 84' lang='lat' dir='ltr'><strong>curent,</strong></span> <span class='ocrx_word' id='word_1_166' title='bbox 1502 2422 1547 2477; x_wconf 87' lang='lat' dir='ltr'><strong>si</strong></span> <span class='ocrx_word' id='word_1_167' title='bbox 1583 2422 1787 2476; x_wconf 87' lang='lat' dir='ltr'><strong>scribas</strong></span> <span class='ocrx_word' id='word_1_168' title='bbox 1814 2418 1956 2489; x_wconf 89' lang='lat' dir='ltr'><strong>quod</strong></span> 
     </span>
    </p>
   </div>
   <div class='ocr_carea' id='block_1_24' title="bbox 367 2509 1957 2596">
    <p class='ocr_par' dir='ltr' id='par_1_24' title="bbox 367 2509 1957 2596">
     <span class='ocr_line' id='line_1_24' title="bbox 367 2509 1957 2596; baseline -0.009 -18"><span class='ocrx_word' id='word_1_169' title='bbox 367 2527 651 2596; x_wconf 84' lang='lat' dir='ltr'><strong>placuerit.</strong></span> <span class='ocrx_word' id='word_1_170' title='bbox 680 2521 1064 2578; x_wconf 81' lang='lat' dir='ltr'><strong>Seribehantur</strong></span> <span class='ocrx_word' id='word_1_171' title='bbox 1082 2517 1248 2581; x_wconf 89' lang='lat' dir='ltr'><strong>enim,</strong></span> <span class='ocrx_word' id='word_1_172' title='bbox 1276 2522 1332 2569; x_wconf 89' lang='lat' dir='ltr'><strong>et</strong></span> <span class='ocrx_word' id='word_1_173' title='bbox 1367 2513 1440 2585; x_wconf 80' lang='grc' dir='ltr'><strong>(ε)</strong></span> <span class='ocrx_word' id='word_1_174' title='bbox 1470 2510 1712 2581; x_wconf 77' lang='lat' dir='ltr'><strong>epistola:</strong></span> <span class='ocrx_word' id='word_1_175' title='bbox 1743 2509 1957 2564; x_wconf 72' lang='lat' dir='ltr'><strong>biblina:</strong></span> 
     </span>
    </p>
   </div>
   <div class='ocr_carea' id='block_1_25' title="bbox 358 2601 1958 2686">
    <p class='ocr_par' dir='ltr' id='par_1_25' title="bbox 358 2601 1958 2686">
     <span class='ocr_line' id='line_1_25' title="bbox 358 2601 1958 2686; baseline -0.01 -16"><span class='ocrx_word' id='word_1_176' title='bbox 358 2617 518 2684; x_wconf 77' lang='lat' dir='ltr'><strong>juxta</strong></span> <span class='ocrx_word' id='word_1_177' title='bbox 544 2613 732 2669; x_wconf 86' lang='lat' dir='ltr'><strong>Isaiam</strong></span> <span class='ocrx_word' id='word_1_178' title='bbox 761 2619 855 2666; x_wconf 89' lang='lat' dir='ltr'><strong>:et</strong></span> <span class='ocrx_word' id='word_1_179' title='bbox 892 2610 1241 2686; x_wconf 81' lang='lat' dir='ltr'><strong>mittebantur</strong></span> <span class='ocrx_word' id='word_1_180' title='bbox 1264 2620 1429 2673; x_wconf 85' lang='lat' dir='ltr'><strong>super</strong></span> <span class='ocrx_word' id='word_1_181' title='bbox 1462 2615 1661 2672; x_wconf 87' lang='lat' dir='ltr'><strong>aquas,</strong></span> <span class='ocrx_word' id='word_1_182' title='bbox 1704 2616 1823 2671; x_wconf 72' lang='lat' dir='ltr'><strong>qua:</strong></span> <span class='ocrx_word' id='word_1_183' title='bbox 1849 2601 1958 2679; x_wconf 85' lang='lat' dir='ltr'><strong>cito</strong></span> 
     </span>
    </p>
   </div>
   <div class='ocr_carea' id='block_1_26' title="bbox 361 2676 1954 2761">
    <p class='ocr_par' dir='ltr' id='par_1_26' title="bbox 361 2676 1954 2761">
     <span class='ocr_line' id='line_1_26' title="bbox 361 2676 1954 2761; baseline -0.008 0"><span class='ocrx_word' id='word_1_184' title='bbox 361 2721 495 2761; x_wconf 89' lang='lat' dir='ltr'><strong>cum</strong></span> <span class='ocrx_word' id='word_1_185' title='bbox 518 2704 721 2759; x_wconf 59' lang='lat' dir='ltr'><strong>sarculo</strong></span> <span class='ocrx_word' id='word_1_186' title='bbox 754 2711 1051 2758; x_wconf 89' lang='lat' dir='ltr'><strong>transeunt.</strong></span> <span class='ocrx_word' id='word_1_187' title='bbox 1081 2682 1223 2752; x_wconf 83' lang='lat' dir='ltr'><strong>Nihil</strong></span> <span class='ocrx_word' id='word_1_188' title='bbox 1256 2696 1346 2751; x_wconf 89' lang='lat' dir='ltr'><strong>tibi</strong></span> <span class='ocrx_word' id='word_1_189' title='bbox 1377 2696 1675 2757; x_wconf 88' lang='lat' dir='ltr'><strong>nocuimus,</strong></span> <span class='ocrx_word' id='word_1_190' title='bbox 1713 2692 1841 2746; x_wconf 87' lang='lat' dir='ltr'><strong>nihil</strong></span> <span class='ocrx_word' id='word_1_191' title='bbox 1868 2676 1954 2749; x_wconf 17' lang='lat' dir='ltr'><strong>ini-</strong></span> 
     </span>
    </p>
   </div>
   <div class='ocr_carea' id='block_1_27' title="bbox 361 2783 1954 2867">
    <p class='ocr_par' dir='ltr' id='par_1_27' title="bbox 361 2783 1954 2867">
     <span class='ocr_line' id='line_1_27' title="bbox 361 2783 1954 2867; baseline -0.009 -15"><span class='ocrx_word' id='word_1_192' title='bbox 361 2796 525 2867; x_wconf 72' lang='lat' dir='ltr'><strong>jurite</strong></span> <span class='ocrx_word' id='word_1_193' title='bbox 555 2793 811 2859; x_wconf 84' lang='lat' dir='ltr'><strong>iecimus,</strong></span> <span class='ocrx_word' id='word_1_194' title='bbox 856 2807 956 2847; x_wconf 90' lang='lat' dir='ltr'><strong>nec</strong></span> <span class='ocrx_word' id='word_1_195' title='bbox 1002 2791 1288 2867; x_wconf 78' lang='lat' dir='ltr'><strong>quicquam</strong></span> <span class='ocrx_word' id='word_1_196' title='bbox 1318 2785 1581 2863; x_wconf 81' lang='lat' dir='ltr'><strong>violenter</strong></span> <span class='ocrx_word' id='word_1_197' title='bbox 1608 2783 1954 2867; x_wconf 78' lang='lat' dir='ltr'><strong>extorsimus.</strong></span> 
     </span>
    </p>
   </div>
   <div class='ocr_carea' id='block_1_28' title="bbox 371 2858 1956 2947">
    <p class='ocr_par' dir='ltr' id='par_1_28' title="bbox 371 2858 1956 2947">
     <span class='ocr_line' id='line_1_28' title="bbox 371 2858 1956 2947; baseline -0.01 -6"><span class='ocrx_word' id='word_1_198' title='bbox 371 2858 433 2941; x_wconf 75' lang='lat' dir='ltr'><strong>lu</strong></span> <span class='ocrx_word' id='word_1_199' title='bbox 456 2884 784 2940; x_wconf 89' lang='lat' dir='ltr'><strong>monasterio</strong></span> <span class='ocrx_word' id='word_1_200' title='bbox 800 2858 1057 2945; x_wconf 79' lang='lat' dir='ltr'><strong>fratrum,</strong></span> <span class='ocrx_word' id='word_1_201' title='bbox 1082 2858 1390 2934; x_wconf 78' lang='lat' dir='ltr'><strong>etfratrum</strong></span> <span class='ocrx_word' id='word_1_202' title='bbox 1412 2860 1845 2945; x_wconf 70' lang='lat' dir='ltr'><strong>Peregrinorum,</strong></span> <span class='ocrx_word' id='word_1_203' title='bbox 1872 2858 1956 2947; x_wconf 69' lang='grc' dir='ltr'><strong>(ἀ)</strong></span> 
     </span>
    </p>
   </div>
   <div class='ocr_carea' id='block_1_29' title="bbox 369 2970 1956 3050">
    <p class='ocr_par' dir='ltr' id='par_1_29' title="bbox 369 2970 1956 3050">
     <span class='ocr_line' id='line_1_29' title="bbox 369 2970 1956 3050; baseline -0.009 -18"><span class='ocrx_word' id='word_1_204' title='bbox 369 2980 463 3050; x_wconf 88' lang='lat' dir='ltr'><strong>qui</strong></span> <span class='ocrx_word' id='word_1_205' title='bbox 488 2974 782 3047; x_wconf 70' lang='lat' dir='ltr'><strong>provincia:</strong></span> <span class='ocrx_word' id='word_1_206' title='bbox 809 2972 941 3028; x_wconf 85' lang='lat' dir='ltr'><strong>nihil</strong></span> <span class='ocrx_word' id='word_1_207' title='bbox 960 2980 1063 3026; x_wconf 77' lang='lat' dir='ltr'><strong>tua:</strong></span> <span class='ocrx_word' id='word_1_208' title='bbox 1083 2970 1340 3025; x_wconf 84' lang='lat' dir='ltr'><strong>deberent</strong></span> <span class='ocrx_word' id='word_1_209' title='bbox 1361 2984 1375 3021; x_wconf 91' lang='lat'><strong>:</strong></span> <span class='ocrx_word' id='word_1_210' title='bbox 1403 2974 1457 3022; x_wconf 90' lang='lat' dir='ltr'><strong>et</strong></span> <span class='ocrx_word' id='word_1_211' title='bbox 1478 2976 1694 3036; x_wconf 87' lang='lat' dir='ltr'><strong>propter</strong></span> <span class='ocrx_word' id='word_1_212' title='bbox 1715 2974 1956 3019; x_wconf 90' lang='lat' dir='ltr'><strong>nostram</strong></span> 
     </span>
    </p>
   </div>
   <div class='ocr_carea' id='block_1_30' title="bbox 364 3055 1953 3140">
    <p class='ocr_par' dir='ltr' id='par_1_30' title="bbox 364 3055 1953 3140">
     <span class='ocr_line' id='line_1_30' title="bbox 364 3055 1953 3140; baseline -0.009 -17"><span class='ocrx_word' id='word_1_213' title='bbox 364 3068 715 3140; x_wconf 73' lang='lat' dir='ltr'><strong>parvitatem,</strong></span> <span class='ocrx_word' id='word_1_214' title='bbox 734 3072 789 3119; x_wconf 89' lang='lat' dir='ltr'><strong>et</strong></span> <span class='ocrx_word' id='word_1_215' title='bbox 820 3064 1196 3132; x_wconf 88' lang='lat' dir='ltr'><strong>litteras,quas</strong></span> <span class='ocrx_word' id='word_1_216' title='bbox 1223 3058 1292 3115; x_wconf 89' lang='lat' dir='ltr'><strong>ad</strong></span> <span class='ocrx_word' id='word_1_217' title='bbox 1318 3072 1413 3114; x_wconf 89' lang='lat' dir='ltr'><strong>eos</strong></span> <span class='ocrx_word' id='word_1_218' title='bbox 1433 3056 1624 3113; x_wconf 87' lang='lat' dir='ltr'><strong>crebro</strong></span> <span class='ocrx_word' id='word_1_219' title='bbox 1642 3055 1953 3121; x_wconf 77' lang='lat' dir='ltr'><strong>direximus,</strong></span> 
     </span>
    </p>
   </div>
   <div class='ocr_carea' id='block_1_31' title="bbox 370 3147 1960 3226">
    <p class='ocr_par' dir='ltr' id='par_1_31' title="bbox 370 3147 1960 3226">
     <span class='ocr_line' id='line_1_31' title="bbox 370 3147 1960 3226; baseline -0.01 -9"><span class='ocrx_word' id='word_1_220' title='bbox 370 3160 772 3217; x_wconf 75' lang='lat' dir='ltr'><strong>communionis</strong></span> <span class='ocrx_word' id='word_1_221' title='bbox 810 3171 1022 3226; x_wconf 86' lang='lat' dir='ltr'><strong>quoque</strong></span> <span class='ocrx_word' id='word_1_222' title='bbox 1064 3165 1167 3209; x_wconf 79' lang='lat' dir='ltr'><strong>tua:</strong></span> <span class='ocrx_word' id='word_1_223' title='bbox 1201 3159 1481 3223; x_wconf 74' lang='lat' dir='ltr'><strong>coeperunt</strong></span> <span class='ocrx_word' id='word_1_224' title='bbox 1520 3149 1718 3205; x_wconf 91' lang='lat' dir='ltr'><strong>habere</strong></span> <span class='ocrx_word' id='word_1_225' title='bbox 1754 3147 1960 3204; x_wconf 82' lang='lat' dir='ltr'><strong>discer-</strong></span> 
     </span>
    </p>
   </div>
   <div class='ocr_carea' id='block_1_32' title="bbox 372 3238 1959 3319">
    <p class='ocr_par' dir='ltr' id='par_1_32' title="bbox 372 3238 1959 3319">
     <span class='ocr_line' id='line_1_32' title="bbox 372 3238 1959 3319; baseline -0.01 -10"><span class='ocrx_word' id='word_1_226' title='bbox 372 3254 542 3319; x_wconf 86' lang='lat' dir='ltr'><strong>diam,</strong></span> <span class='ocrx_word' id='word_1_227' title='bbox 583 3267 651 3308; x_wconf 92' lang='lat' dir='ltr'><strong>ne</strong></span> <span class='ocrx_word' id='word_1_228' title='bbox 687 3249 996 3304; x_wconf 90' lang='lat' dir='ltr'><strong>viderentur</strong></span> <span class='ocrx_word' id='word_1_229' title='bbox 1023 3245 1250 3315; x_wconf 81' lang='lat' dir='ltr'><strong>quadam</strong></span> <span class='ocrx_word' id='word_1_230' title='bbox 1282 3242 1478 3298; x_wconf 86' lang='lat' dir='ltr'><strong>duritia</strong></span> <span class='ocrx_word' id='word_1_231' title='bbox 1504 3284 1518 3309; x_wconf 94' lang='lat'><strong>,</strong></span> <span class='ocrx_word' id='word_1_232' title='bbox 1548 3250 1605 3297; x_wconf 92' lang='lat' dir='ltr'><strong>et</strong></span> <span class='ocrx_word' id='word_1_233' title='bbox 1633 3238 1959 3296; x_wconf 87' lang='lat' dir='ltr'><strong>conscientia</strong></span> 
     </span>
    </p>
   </div>
   <div class='ocr_carea' id='block_1_33' title="bbox 378 3320 1961 3411">
    <p class='ocr_par' dir='ltr' id='par_1_33' title="bbox 378 3320 1961 3411">
     <span class='ocr_line' id='line_1_33' title="bbox 378 3320 1961 3411; baseline -0.01 -11"><span class='ocrx_word' id='word_1_234' title='bbox 378 3353 581 3408; x_wconf 86' lang='lat' dir='ltr'><strong>nostra,</strong></span> <span class='ocrx_word' id='word_1_235' title='bbox 609 3341 843 3411; x_wconf 71' lang='lat' dir='ltr'><strong>antiquae</strong></span> <span class='ocrx_word' id='word_1_236' title='bbox 875 3338 994 3393; x_wconf 82' lang='lat' dir='ltr'><strong>ﬁdei</strong></span> <span class='ocrx_word' id='word_1_237' title='bbox 1031 3326 1098 3391; x_wconf 75' lang='lat' dir='ltr'><strong>al)</strong></span> <span class='ocrx_word' id='word_1_238' title='bbox 1136 3320 1375 3391; x_wconf 74' lang='lat' dir='ltr'><strong>Ecclesia</strong></span> <span class='ocrx_word' id='word_1_239' title='bbox 1406 3330 1665 3401; x_wconf 86' lang='lat' dir='ltr'><strong>separari.</strong></span> <span class='ocrx_word' id='word_1_240' title='bbox 1690 3328 1961 3385; x_wconf 80' lang='lat' dir='ltr'><strong>ordinavi-</strong></span> 
     </span>
    </p>
   </div>
   <div class='ocr_carea' id='block_1_34' title="bbox 374 3421 1960 3497">
    <p class='ocr_par' dir='ltr' id='par_1_34' title="bbox 374 3421 1960 3497">
     <span class='ocr_line' id='line_1_34' title="bbox 374 3421 1960 3497; baseline -0.009 -10"><span class='ocrx_word' id='word_1_241' title='bbox 374 3447 502 3488; x_wconf 87' lang='lat' dir='ltr'><strong>mus</strong></span> <span class='ocrx_word' id='word_1_242' title='bbox 531 3431 822 3487; x_wconf 84' lang='lat' dir='ltr'><strong>Diaconum</strong></span> <span class='ocrx_word' id='word_1_243' title='bbox 864 3445 878 3482; x_wconf 88' lang='lat'><strong>:</strong></span> <span class='ocrx_word' id='word_1_244' title='bbox 924 3436 978 3482; x_wconf 89' lang='lat' dir='ltr'><strong>et</strong></span> <span class='ocrx_word' id='word_1_245' title='bbox 1024 3436 1306 3497; x_wconf 87' lang='lat' dir='ltr'><strong>postquam</strong></span> <span class='ocrx_word' id='word_1_246' title='bbox 1349 3421 1701 3485; x_wconf 80' lang='lat' dir='ltr'><strong>ministravit,</strong></span> <span class='ocrx_word' id='word_1_247' title='bbox 1747 3424 1960 3475; x_wconf 88' lang='lat' dir='ltr'><strong>rursum</strong></span> 
     </span>
    </p>
   </div>
   <div class='ocr_carea' id='block_1_35' title="bbox 384 3506 1963 3594">
    <p class='ocr_par' dir='ltr' id='par_1_35' title="bbox 384 3506 1963 3594">
     <span class='ocr_line' id='line_1_35' title="bbox 384 3506 1963 3594; baseline -0.008 -15"><span class='ocrx_word' id='word_1_248' title='bbox 384 3523 784 3594; x_wconf 79' lang='lat' dir='ltr'><strong>Presbyterum,</strong></span> <span class='ocrx_word' id='word_1_249' title='bbox 814 3533 976 3589; x_wconf 85' lang='lat' dir='ltr'><strong>super</strong></span> <span class='ocrx_word' id='word_1_250' title='bbox 1003 3533 1109 3587; x_wconf 92' lang='lat' dir='ltr'><strong>quo</strong></span> <span class='ocrx_word' id='word_1_251' title='bbox 1143 3515 1411 3570; x_wconf 74' lang='lat' dir='ltr'><strong>debueras</strong></span> <span class='ocrx_word' id='word_1_252' title='bbox 1436 3511 1721 3583; x_wconf 73' lang='lat' dir='ltr'><strong>gratulari,</strong></span> <span class='ocrx_word' id='word_1_253' title='bbox 1764 3506 1963 3567; x_wconf 87' lang='lat' dir='ltr'><strong>intelli-</strong></span> 
     </span>
    </p>
   </div>
   <div class='ocr_carea' id='block_1_36' title="bbox 382 3605 1964 3689">
    <p class='ocr_par' dir='ltr' id='par_1_36' title="bbox 382 3605 1964 3689">
     <span class='ocr_line' id='line_1_36' title="bbox 382 3605 1964 3689; baseline -0.01 -16"><span class='ocrx_word' id='word_1_254' title='bbox 382 3632 516 3687; x_wconf 82' lang='lat' dir='ltr'><strong>gens</strong></span> <span class='ocrx_word' id='word_1_255' title='bbox 548 3614 688 3689; x_wconf 82' lang='lat' dir='ltr'><strong>quod</strong></span> <span class='ocrx_word' id='word_1_256' title='bbox 718 3615 788 3670; x_wconf 92' lang='lat' dir='ltr'><strong>ob</strong></span> <span class='ocrx_word' id='word_1_257' title='bbox 819 3613 913 3668; x_wconf 89' lang='lat' dir='ltr'><strong>Dei</strong></span> <span class='ocrx_word' id='word_1_258' title='bbox 956 3612 1201 3666; x_wconf 88' lang='lat' dir='ltr'><strong>timorem</strong></span> <span class='ocrx_word' id='word_1_259' title='bbox 1240 3609 1341 3663; x_wconf 89' lang='lat' dir='ltr'><strong>hoc</strong></span> <span class='ocrx_word' id='word_1_260' title='bbox 1383 3623 1566 3661; x_wconf 80' lang='lat' dir='ltr'><strong>sumus</strong></span> <span class='ocrx_word' id='word_1_261' title='bbox 1600 3605 1775 3661; x_wconf 89' lang='lat' dir='ltr'><strong>facere</strong></span> <span class='ocrx_word' id='word_1_262' title='bbox 1817 3619 1964 3661; x_wconf 85' lang='lat' dir='ltr'><strong>com-</strong></span> 
     </span>
    </p>
   </div>
   <div class='ocr_carea' id='block_1_37' title="bbox 1762 283 2208 343">
    <p class='ocr_par' dir='ltr' id='par_1_37' title="bbox 1762 283 2208 343">
     <span class='ocr_line' id='line_1_37' title="bbox 1762 283 2208 343; baseline -0.011 0"><span class='ocrx_word' id='word_1_263' title='bbox 1762 286 2083 343; x_wconf 77' lang='lat' dir='ltr'><strong>EPISTULA</strong></span> <span class='ocrx_word' id='word_1_264' title='bbox 2123 283 2208 339; x_wconf 86' lang='lat' dir='ltr'><strong>Ll.</strong></span> 
     </span>
    </p>
   </div>
   <div class='ocr_carea' id='block_1_38' title="bbox 386 3696 1966 3780">
    <p class='ocr_par' dir='ltr' id='par_1_38' title="bbox 386 3696 1966 3780">
     <span class='ocr_line' id='line_1_38' title="bbox 386 3696 1966 3780; baseline -0.008 -17"><span class='ocrx_word' id='word_1_265' title='bbox 386 3709 524 3780; x_wconf 87' lang='lat' dir='ltr'><strong>pulsi</strong></span> <span class='ocrx_word' id='word_1_266' title='bbox 558 3723 572 3762; x_wconf 91' lang='lat'><strong>:</strong></span> <span class='ocrx_word' id='word_1_267' title='bbox 606 3707 837 3763; x_wconf 80' lang='lat' dir='ltr'><strong>maxime</strong></span> <span class='ocrx_word' id='word_1_268' title='bbox 861 3720 980 3761; x_wconf 91' lang='lat' dir='ltr'><strong>cum</strong></span> <span class='ocrx_word' id='word_1_269' title='bbox 1005 3703 1148 3758; x_wconf 90' lang='lat' dir='ltr'><strong>nulla</strong></span> <span class='ocrx_word' id='word_1_270' title='bbox 1177 3701 1248 3756; x_wconf 89' lang='lat' dir='ltr'><strong>sit</strong></span> <span class='ocrx_word' id='word_1_271' title='bbox 1269 3699 1553 3754; x_wconf 87' lang='lat' dir='ltr'><strong>diversitas</strong></span> <span class='ocrx_word' id='word_1_272' title='bbox 1580 3698 1632 3752; x_wconf 91' lang='lat' dir='ltr'><strong>in</strong></span> <span class='ocrx_word' id='word_1_273' title='bbox 1664 3696 1966 3752; x_wconf 80' lang='lat' dir='ltr'><strong>sacerdotio</strong></span> 
     </span>
    </p>
   </div>
   <div class='ocr_carea' id='block_1_39' title="bbox 388 3776 1966 3867">
    <p class='ocr_par' dir='ltr' id='par_1_39' title="bbox 388 3776 1966 3867">
     <span class='ocr_line' id='line_1_39' title="bbox 388 3776 1966 3867; baseline -0.01 -12"><span class='ocrx_word' id='word_1_274' title='bbox 388 3776 505 3867; x_wconf 82' lang='lat' dir='ltr'><strong>Dei,</strong></span> <span class='ocrx_word' id='word_1_275' title='bbox 535 3807 590 3855; x_wconf 92' lang='lat' dir='ltr'><strong>et</strong></span> <span class='ocrx_word' id='word_1_276' title='bbox 617 3798 701 3863; x_wconf 87' lang='lat' dir='ltr'><strong>ubi</strong></span> <span class='ocrx_word' id='word_1_277' title='bbox 735 3797 948 3854; x_wconf 86' lang='lat' dir='ltr'><strong>utilitati</strong></span> <span class='ocrx_word' id='word_1_278' title='bbox 983 3794 1236 3849; x_wconf 67' lang='lat' dir='ltr'><strong>Ecclesia:</strong></span> <span class='ocrx_word' id='word_1_279' title='bbox 1275 3789 1607 3861; x_wconf 83' lang='lat' dir='ltr'><strong>providetur.</strong></span> <span class='ocrx_word' id='word_1_280' title='bbox 1636 3776 1769 3847; x_wconf 76' lang='lat' dir='ltr'><strong>Nam</strong></span> <span class='ocrx_word' id='word_1_281' title='bbox 1791 3826 1806 3853; x_wconf 93' lang='lat'><strong>,</strong></span> <span class='ocrx_word' id='word_1_282' title='bbox 1839 3785 1892 3841; x_wconf 85' lang='lat' dir='ltr'><strong>e&#39;l</strong></span> <span class='ocrx_word' id='word_1_283' title='bbox 1921 3785 1966 3840; x_wconf 90' lang='lat' dir='ltr'><strong>si</strong></span> 
     </span>
    </p>
   </div>
   <div class='ocr_carea' id='block_1_40' title="bbox 453 3909 1971 3983">
    <p class='ocr_par' dir='ltr' id='par_1_40' title="bbox 453 3909 1971 3983">
     <span class='ocr_line' id='line_1_40' title="bbox 453 3909 1971 3983; baseline -0.007 -13"><span class='ocrx_word' id='word_1_284' title='bbox 453 3921 527 3983; x_wconf 80' lang='grc' dir='ltr'><strong>(α)</strong></span> <span class='ocrx_word' id='word_1_285' title='bbox 558 3919 687 3971; x_wconf 64' lang='lat' dir='ltr'><strong>Alias</strong></span> <span class='ocrx_word' id='word_1_286' title='bbox 706 3920 786 3969; x_wconf 80' lang='lat'><strong>60.</strong></span> <span class='ocrx_word' id='word_1_287' title='bbox 834 3917 1020 3981; x_wconf 75' lang='lat' dir='ltr'><strong>Scripta</strong></span> <span class='ocrx_word' id='word_1_288' title='bbox 1063 3928 1122 3966; x_wconf 82' lang='lat' dir='ltr'><strong>ac</strong></span> <span class='ocrx_word' id='word_1_289' title='bbox 1158 3913 1304 3965; x_wconf 72' lang='lat' dir='ltr'><strong>latine</strong></span> <span class='ocrx_word' id='word_1_290' title='bbox 1348 3909 1544 3962; x_wconf 80' lang='lat' dir='ltr'><strong>reddita</strong></span> <span class='ocrx_word' id='word_1_291' title='bbox 1584 3909 1720 3961; x_wconf 83' lang='lat' dir='ltr'><strong>circa</strong></span> <span class='ocrx_word' id='word_1_292' title='bbox 1745 3909 1971 3961; x_wconf 66' lang='lat' dir='ltr'><strong>eteadem</strong></span> 
     </span>
    </p>
   </div>
   <div class='ocr_carea' id='block_1_41' title="bbox 383 3984 1971 4156">
    <p class='ocr_par' dir='ltr' id='par_1_41' title="bbox 383 3984 1971 4156">
     <span class='ocr_line' id='line_1_41' title="bbox 383 3984 1971 4156; baseline -0.01 -59"><span class='ocrx_word' id='word_1_293' title='bbox 383 3984 756 4156; x_wconf 25' lang='lat' dir='ltr'><strong>Wfﬁﬁmﬁiae</strong></span> <span class='ocrx_word' id='word_1_294' title='bbox 779 4040 898 4091; x_wconf 83' lang='lat' dir='ltr'><strong>infra</strong></span> <span class='ocrx_word' id='word_1_295' title='bbox 922 4042 1065 4102; x_wconf 77' lang='lat' dir='ltr'><strong>epist.</strong></span> <span class='ocrx_word' id='word_1_296' title='bbox 1091 4038 1169 4089; x_wconf 82' lang='lat'><strong>5‘7.</strong></span> <span class='ocrx_word' id='word_1_297' title='bbox 1200 4036 1262 4086; x_wconf 89' lang='lat' dir='ltr'><strong>de</strong></span> <span class='ocrx_word' id='word_1_298' title='bbox 1298 4032 1476 4098; x_wconf 80' lang='lat' dir='ltr'><strong>optimo</strong></span> <span class='ocrx_word' id='word_1_299' title='bbox 1526 4044 1699 4097; x_wconf 79' lang='lat' dir='ltr'><strong>genere</strong></span> <span class='ocrx_word' id='word_1_300' title='bbox 1728 4031 1971 4104; x_wconf 70' lang='lat' dir='ltr'><strong>interpre-</strong></span> 
     </span>
     <span class='ocr_line' id='line_1_42' title="bbox 388 4092 1971 4156; baseline -0.009 1"><span class='ocrx_word' id='word_1_301' title='bbox 388 4112 473 4156; x_wconf 69' lang='lat' dir='ltr'><strong>tati</strong></span> <span class='ocrx_word' id='word_1_302' title='bbox 510 4121 543 4156; x_wconf 83' lang='grc' dir='ltr'><strong>ι.</strong></span> <span class='ocrx_word' id='word_1_303' title='bbox 566 4117 665 4156; x_wconf 79' lang='lat' dir='ltr'><strong>qua</strong></span> <span class='ocrx_word' id='word_1_304' title='bbox 695 4117 753 4153; x_wconf 88' lang='lat' dir='ltr'><strong>se</strong></span> <span class='ocrx_word' id='word_1_305' title='bbox 774 4110 942 4153; x_wconf 83' lang='lat' dir='ltr'><strong>tuetur</strong></span> <span class='ocrx_word' id='word_1_306' title='bbox 982 4102 1119 4150; x_wconf 82' lang='lat' dir='ltr'><strong>Hier.</strong></span> <span class='ocrx_word' id='word_1_307' title='bbox 1159 4103 1328 4149; x_wconf 85' lang='lat' dir='ltr'><strong>contra</strong></span> <span class='ocrx_word' id='word_1_308' title='bbox 1380 4095 1622 4151; x_wconf 66' lang='lat' dir='ltr'><strong>[iudicum</strong></span> <span class='ocrx_word' id='word_1_309' title='bbox 1664 4092 1971 4144; x_wconf 78' lang='lat' dir='ltr'><strong>cavillantem</strong></span> 
     </span>
    </p>
   </div>
   <div class='ocr_carea' id='block_1_42' title="bbox 388 4092 1972 4167">
    <p class='ocr_par' dir='ltr' id='par_1_42' title="bbox 388 4092 1972 4167">
     <span class='ocr_line' id='line_1_43' title="bbox 388 4092 1972 4167; baseline -0.009 -11"><span class='ocrx_word' id='word_1_310' title='bbox 388 4092 665 4167; x_wconf 48' lang='lat' dir='ltr'><strong>emittam:</strong></span> <span class='ocrx_word' id='word_1_311' title='bbox 695 4117 753 4167; x_wconf 59' lang='lat' dir='ltr'><strong>se</strong></span> <span class='ocrx_word' id='word_1_312' title='bbox 774 4092 1119 4167; x_wconf 72' lang='lat' dir='ltr'><strong>tuetur&#39;Hier.</strong></span> <span class='ocrx_word' id='word_1_313' title='bbox 1159 4092 1357 4167; x_wconf 69' lang='lat' dir='ltr'><strong>matra&#39;_</strong></span> <span class='ocrx_word' id='word_1_314' title='bbox 1380 4092 1622 4167; x_wconf 65' lang='lat' dir='ltr'><strong>Ruﬁnum</strong></span> <span class='ocrx_word' id='word_1_315' title='bbox 1664 4092 1972 4167; x_wconf 58' lang='lat' dir='ltr'><strong>cavillantem</strong></span> 
     </span>
    </p>
   </div>
   <div class='ocr_carea' id='block_1_43' title="bbox 391 4156 1973 4231">
    <p class='ocr_par' dir='ltr' id='par_1_43' title="bbox 391 4156 1973 4231">
     <span class='ocr_line' id='line_1_44' title="bbox 391 4156 1973 4231; baseline -0.006 -16"><span class='ocrx_word' id='word_1_316' title='bbox 391 4156 552 4231; x_wconf 79' lang='lat' dir='ltr'><strong>priora</strong></span> <span class='ocrx_word' id='word_1_317' title='bbox 574 4156 679 4216; x_wconf 68' lang='lat' dir='ltr'><strong>lianc</strong></span> <span class='ocrx_word' id='word_1_318' title='bbox 704 4165 953 4229; x_wconf 74' lang='lat' dir='ltr'><strong>Epiphanii</strong></span> <span class='ocrx_word' id='word_1_319' title='bbox 995 4164 1164 4231; x_wconf 80' lang='lat' dir='ltr'><strong>verba,</strong></span> <span class='ocrx_word' id='word_1_320' title='bbox 1201 4172 1312 4223; x_wconf 71' lang='lat' dir='ltr'><strong>quae</strong></span> <span class='ocrx_word' id='word_1_321' title='bbox 1345 4160 1394 4207; x_wconf 91' lang='lat' dir='ltr'><strong>in</strong></span> <span class='ocrx_word' id='word_1_322' title='bbox 1418 4156 1586 4231; x_wconf 62' lang='lat' dir='ltr'><strong>Graece</strong></span> <span class='ocrx_word' id='word_1_323' title='bbox 1600 4162 1777 4231; x_wconf 44' lang='lat' dir='ltr'><strong>sunt,</strong></span> <span class='ocrx_word' id='word_1_324' title='bbox 1800 4163 1883 4231; x_wconf 60' lang='lat' dir='ltr'><strong>tta</strong></span> <span class='ocrx_word' id='word_1_325' title='bbox 1904 4167 1973 4231; x_wconf 66' lang='grc' dir='ltr'><strong>ηις»</strong></span> 
     </span>
    </p>
   </div>
   <div class='ocr_carea' id='block_1_44' title="bbox 392 4212 1974 4301">
    <p class='ocr_par' dir='ltr' id='par_1_44' title="bbox 392 4212 1974 4301">
     <span class='ocr_line' id='line_1_45' title="bbox 392 4212 1974 4301; baseline -0.01 -13"><span class='ocrx_word' id='word_1_326' title='bbox 392 4212 842 4301; x_wconf 44' lang='lat'><strong>3.252137%}?</strong></span> <span class='ocrx_word' id='word_1_327' title='bbox 863 4239 979 4286; x_wconf 64' lang='lat' dir='ltr'><strong>Mm</strong></span> <span class='ocrx_word' id='word_1_328' title='bbox 1001 4230 1071 4275; x_wconf 68' lang='grc' dir='ltr'><strong>τὸν</strong></span> <span class='ocrx_word' id='word_1_329' title='bbox 1100 4212 1236 4285; x_wconf 39' lang='lat' dir='ltr'><strong>ei”;</strong></span> <span class='ocrx_word' id='word_1_330' title='bbox 1258 4231 1425 4285; x_wconf 65' lang='grc' dir='ltr'><strong>γίρισθαι</strong></span> <span class='ocrx_word' id='word_1_331' title='bbox 1468 4230 1499 4269; x_wconf 93' lang='lat' dir='ltr'><strong>a</strong></span> <span class='ocrx_word' id='word_1_332' title='bbox 1528 4217 1580 4268; x_wconf 88' lang='lat' dir='ltr'><strong>S.</strong></span> <span class='ocrx_word' id='word_1_333' title='bbox 1600 4212 1814 4266; x_wconf 85' lang='lat' dir='ltr'><strong>Doctore</strong></span> <span class='ocrx_word' id='word_1_334' title='bbox 1844 4212 1974 4266; x_wconf 61' lang='lat' dir='ltr'><strong>male</strong></span> 
     </span>
    </p>
   </div>
   <div class='ocr_carea' id='block_1_45' title="bbox 391 4297 957 4342">
    <p class='ocr_par' dir='ltr' id='par_1_45' title="bbox 391 4297 957 4342">
     <span class='ocr_line' id='line_1_46' title="bbox 391 4297 957 4342; baseline -0.014 0"><span class='ocrx_word' id='word_1_335' title='bbox 391 4302 628 4342; x_wconf 81' lang='lat' dir='ltr'><strong>conversa</strong></span> <span class='ocrx_word' id='word_1_336' title='bbox 650 4297 697 4337; x_wconf 84' lang='lat' dir='ltr'><strong>in</strong></span> <span class='ocrx_word' id='word_1_337' title='bbox 723 4297 957 4338; x_wconf 82' lang='lat' dir='ltr'><strong>Latinum.</strong></span> 
     </span>
    </p>
   </div>
   <div class='ocr_carea' id='block_1_46' title="bbox 455 4338 1977 4415">
    <p class='ocr_par' dir='ltr' id='par_1_46' title="bbox 455 4338 1977 4415">
     <span class='ocr_line' id='line_1_47' title="bbox 455 4338 1977 4415; baseline 0.007 0"><span class='ocrx_word' id='word_1_338' title='bbox 455 4338 619 4415; x_wconf 56' lang='lat' dir='ltr'><strong>(cllo</strong></span> <span class='ocrx_word' id='word_1_339' title='bbox 653 4350 866 4401; x_wconf 59' lang='lat' dir='ltr'><strong>Hebraeo</strong></span> <span class='ocrx_word' id='word_1_340' title='bbox 888 4349 1026 4397; x_wconf 76' lang='lat' dir='ltr'><strong>lsaite</strong></span> <span class='ocrx_word' id='word_1_341' title='bbox 1049 4354 1191 4415; x_wconf 69' lang='lat' dir='ltr'><strong>textu</strong></span> <span class='ocrx_word' id='word_1_342' title='bbox 1220 4350 1304 4415; x_wconf 83' lang='lat' dir='ltr'><strong>est</strong></span> <span class='ocrx_word' id='word_1_343' title='bbox 1333 4348 1456 4399; x_wconf 70' lang='lat' dir='ltr'><strong>ma</strong></span> <span class='ocrx_word' id='word_1_344' title='bbox 1473 4338 1627 4400; x_wconf 58' lang='lat'><strong>’53:.</strong></span> <span class='ocrx_word' id='word_1_345' title='bbox 1663 4339 1794 4415; x_wconf 51' lang='lat' dir='ltr'><strong>quo}!</strong></span> <span class='ocrx_word' id='word_1_346' title='bbox 1924 4338 1977 4390; x_wconf 64' lang='lat' dir='ltr'><strong>in</strong></span> 
     </span>
    </p>
   </div>
   <div class='ocr_carea' id='block_1_47' title="bbox 392 4408 1976 4486">
    <p class='ocr_par' dir='ltr' id='par_1_47' title="bbox 392 4408 1976 4486">
     <span class='ocr_line' id='line_1_48' title="bbox 392 4408 1976 4486; baseline -0.01 -11"><span class='ocrx_word' id='word_1_347' title='bbox 392 4408 519 4477; x_wconf 65' lang='lat' dir='ltr'><strong>uasis</strong></span> <span class='ocrx_word' id='word_1_348' title='bbox 541 4424 734 4486; x_wconf 79' lang='lat' dir='ltr'><strong>papyri,</strong></span> <span class='ocrx_word' id='word_1_349' title='bbox 758 4425 807 4470; x_wconf 89' lang='lat' dir='ltr'><strong>at</strong></span> <span class='ocrx_word' id='word_1_350' title='bbox 826 4418 970 4469; x_wconf 62' lang='lat' dir='ltr'><strong>LXX.</strong></span> <span class='ocrx_word' id='word_1_351' title='bbox 996 4416 1138 4486; x_wconf 78' lang='lat' dir='ltr'><strong>aliam</strong></span> <span class='ocrx_word' id='word_1_352' title='bbox 1156 4412 1197 4472; x_wconf 65' lang='grc' dir='ltr'><strong>τι</strong></span> <span class='ocrx_word' id='word_1_353' title='bbox 1217 4412 1431 4465; x_wconf 86' lang='lat' dir='ltr'><strong>litteram</strong></span> <span class='ocrx_word' id='word_1_354' title='bbox 1456 4425 1545 4475; x_wconf 89' lang='lat' dir='ltr'><strong>pro</strong></span> <span class='ocrx_word' id='word_1_355' title='bbox 1568 4420 1601 4465; x_wconf 72' lang='lat'><strong>3</strong></span> <span class='ocrx_word' id='word_1_356' title='bbox 1621 4416 1732 4475; x_wconf 67' lang='lat' dir='ltr'><strong>quae</strong></span> <span class='ocrx_word' id='word_1_357' title='bbox 1747 4408 1976 4461; x_wconf 79' lang='lat' dir='ltr'><strong>facillime</strong></span> 
     </span>
    </p>
   </div>
   <div class='ocr_carea' id='block_1_48' title="bbox 394 4480 1974 4567">
    <p class='ocr_par' dir='ltr' id='par_1_48' title="bbox 394 4480 1974 4567">
     <span class='ocr_line' id='line_1_49' title="bbox 394 4480 1974 4567; baseline -0.009 -9"><span class='ocrx_word' id='word_1_358' title='bbox 394 4480 773 4564; x_wconf 71' lang='lat' dir='ltr'><strong>commutantur,</strong></span> <span class='ocrx_word' id='word_1_359' title='bbox 797 4499 1030 4567; x_wconf 86' lang='lat' dir='ltr'><strong>legentes</strong></span> <span class='ocrx_word' id='word_1_360' title='bbox 1046 4480 1174 4559; x_wconf 59' lang='grc' dir='ltr'><strong>ὗιέ</strong></span> <span class='ocrx_word' id='word_1_361' title='bbox 1196 4504 1385 4556; x_wconf 61' lang='lat' dir='ltr'><strong>hmani;</strong></span> <span class='ocrx_word' id='word_1_362' title='bbox 1405 4509 1566 4560; x_wconf 58' lang='lat' dir='ltr'><strong>signa;</strong></span> <span class='ocrx_word' id='word_1_363' title='bbox 1590 4493 1974 4567; x_wconf 76' lang='lat' dir='ltr'><strong>transtulerunt,</strong></span> 
     </span>
    </p>
   </div>
   <div class='ocr_carea' id='block_1_49' title="bbox 396 4564 1979 4639">
    <p class='ocr_par' dir='ltr' id='par_1_49' title="bbox 396 4564 1979 4639">
     <span class='ocr_line' id='line_1_50' title="bbox 396 4564 1979 4639; baseline -0.008 -12"><span class='ocrx_word' id='word_1_364' title='bbox 396 4578 694 4639; x_wconf 80' lang='lat' dir='ltr'><strong>accipientes</strong></span> <span class='ocrx_word' id='word_1_365' title='bbox 716 4564 1213 4638; x_wconf 46' lang='lat' dir='ltr'><strong>mat—seu&#39;papyrt‘tm</strong></span> <span class='ocrx_word' id='word_1_366' title='bbox 1232 4580 1322 4633; x_wconf 85' lang='lat' dir='ltr'><strong>pro</strong></span> <span class='ocrx_word' id='word_1_367' title='bbox 1338 4570 1492 4639; x_wconf 85' lang='lat' dir='ltr'><strong>epist.</strong></span> <span class='ocrx_word' id='word_1_368' title='bbox 1513 4564 1979 4639; x_wconf 31' lang='lat' dir='ltr'><strong>quod_y_id_elieet‘in</strong></span> 
     </span>
    </p>
   </div>
   <div class='ocr_carea' id='block_1_50' title="bbox 395 4634 2013 4761">
    <p class='ocr_par' dir='ltr' id='par_1_50' title="bbox 395 4634 2013 4761">
     <span class='ocr_line' id='line_1_51' title="bbox 395 4634 2013 4761; baseline -0.008 -3"><span class='ocrx_word' id='word_1_369' title='bbox 1273 4634 1783 4750; x_wconf 52' lang='lat' dir='ltr'><strong>sacrasset.</strong></span> <span class='ocrx_word' id='word_1_370' title='bbox 1811 4636 1974 4760; x_wconf 59' lang='lat' dir='ltr'><strong>att</strong></span> <span class='ocrx_word' id='word_1_371' title='bbox 2008 4664 2013 4667; x_wconf 89' lang='grc'><strong>·</strong></span> 
     </span>
    </p>
   </div>
   <div class='ocr_carea' id='block_1_51' title="bbox 604 4696 1980 4765">
    <p class='ocr_par' dir='ltr' id='par_1_51' title="bbox 604 4696 1980 4765">
     <span class='ocr_line' id='line_1_52' title="bbox 604 4696 1980 4765; baseline -0.008 -9"><span class='ocrx_word' id='word_1_372' title='bbox 604 4708 755 4758; x_wconf 87' lang='lat' dir='ltr'><strong>iodor.</strong></span> <span class='ocrx_word' id='word_1_373' title='bbox 795 4704 832 4753; x_wconf 94' lang='lat' dir='ltr'><strong>l.</strong></span> <span class='ocrx_word' id='word_1_374' title='bbox 864 4703 949 4753; x_wconf 79' lang='lat' dir='ltr'><strong>XI.</strong></span> <span class='ocrx_word' id='word_1_375' title='bbox 976 4704 1121 4765; x_wconf 87' lang='lat' dir='ltr'><strong>epist.</strong></span> <span class='ocrx_word' id='word_1_376' title='bbox 1161 4701 1240 4751; x_wconf 77' lang='lat'><strong>&#39;58.</strong></span> <span class='ocrx_word' id='word_1_377' title='bbox 1273 4700 1399 4750; x_wconf 80' lang='lat' dir='ltr'><strong>Hinc</strong></span> <span class='ocrx_word' id='word_1_378' title='bbox 1433 4696 1688 4748; x_wconf 84' lang='lat' dir='ltr'><strong>Aldelmus</strong></span> <span class='ocrx_word' id='word_1_379' title='bbox 1717 4697 1783 4747; x_wconf 86' lang='lat' dir='ltr'><strong>de</strong></span> <span class='ocrx_word' id='word_1_380' title='bbox 1818 4696 1980 4760; x_wconf 78' lang='lat' dir='ltr'><strong>Nycti-</strong></span> 
     </span>
    </p>
   </div>
   <div class='ocr_carea' id='block_1_52' title="bbox 395 4781 604 4831">
    <p class='ocr_par' dir='ltr' id='par_1_52' title="bbox 395 4781 604 4831">
     <span class='ocr_line' id='line_1_53' title="bbox 395 4781 604 4831; baseline 0 -11"><span class='ocrx_word' id='word_1_381' title='bbox 395 4781 569 4820; x_wconf 85' lang='lat' dir='ltr'><strong>corace</strong></span> <span class='ocrx_word' id='word_1_382' title='bbox 590 4807 604 4831; x_wconf 92' lang='lat'><strong>,</strong></span> 
     </span>
    </p>
   </div>
   <div class='ocr_carea' id='block_1_53' title="bbox 529 4821 1607 4885">
    <p class='ocr_par' dir='ltr' id='par_1_53' title="bbox 529 4821 1607 4885">
     <span class='ocr_line' id='line_1_54' title="bbox 529 4821 1607 4885; baseline -0.01 -3"><span class='ocrx_word' id='word_1_383' title='bbox 529 4821 760 4881; x_wconf 66' lang='lat' dir='ltr'><strong>Romuleis</strong></span> <span class='ocrx_word' id='word_1_384' title='bbox 777 4827 959 4880; x_wconf 80' lang='lat' dir='ltr'><strong>scribor</strong></span> <span class='ocrx_word' id='word_1_385' title='bbox 975 4824 1130 4885; x_wconf 81' lang='lat' dir='ltr'><strong>bibiis,</strong></span> <span class='ocrx_word' id='word_1_386' title='bbox 1150 4824 1236 4875; x_wconf 81' lang='lat' dir='ltr'><strong>sed</strong></span> <span class='ocrx_word' id='word_1_387' title='bbox 1253 4835 1365 4874; x_wconf 77' lang='lat' dir='ltr'><strong>voce</strong></span> <span class='ocrx_word' id='word_1_388' title='bbox 1384 4821 1607 4885; x_wconf 76' lang='lat' dir='ltr'><strong>Pelasga.</strong></span> 
     </span>
    </p>
   </div>
   <div class='ocr_carea' id='block_1_54' title="bbox 400 4893 756 4943">
    <p class='ocr_par' dir='ltr' id='par_1_54' title="bbox 400 4893 756 4943">
     <span class='ocr_line' id='line_1_55' title="bbox 400 4893 756 4943; baseline -0.017 1"><span class='ocrx_word' id='word_1_389' title='bbox 400 4893 461 4943; x_wconf 85' lang='lat' dir='ltr'><strong>Et</strong></span> <span class='ocrx_word' id='word_1_390' title='bbox 484 4893 756 4943; x_wconf 81' lang='lat' dir='ltr'><strong>Ennodins:</strong></span> 
     </span>
    </p>
   </div>
   <div class='ocr_carea' id='block_1_55' title="bbox 525 4942 1594 5066">
    <p class='ocr_par' dir='ltr' id='par_1_55' title="bbox 525 4942 1594 5066">
     <span class='ocr_line' id='line_1_56' title="bbox 525 4942 1594 5013; baseline -0.011 -8"><span class='ocrx_word' id='word_1_391' title='bbox 525 4957 634 5005; x_wconf 81' lang='lat' dir='ltr'><strong>otia</strong></span> <span class='ocrx_word' id='word_1_392' title='bbox 659 4951 853 5003; x_wconf 63' lang='lat' dir='ltr'><strong>Niliacis</strong></span> <span class='ocrx_word' id='word_1_393' title='bbox 873 4964 967 5001; x_wconf 78' lang='lat' dir='ltr'><strong>non</strong></span> <span class='ocrx_word' id='word_1_394' title='bbox 1001 4963 1170 5013; x_wconf 83' lang='lat' dir='ltr'><strong>passus</strong></span> <span class='ocrx_word' id='word_1_395' title='bbox 1201 4945 1419 4999; x_wconf 83' lang='lat' dir='ltr'><strong>carmina</strong></span> <span class='ocrx_word' id='word_1_396' title='bbox 1455 4942 1594 4994; x_wconf 79' lang='lat' dir='ltr'><strong>biblis</strong></span> 
     </span>
     <span class='ocr_line' id='line_1_57' title="bbox 525 5015 1472 5066; baseline -0.013 1"><span class='ocrx_word' id='word_1_397' title='bbox 525 5015 710 5066; x_wconf 70' lang='lat' dir='ltr'><strong>sulcari</strong></span> <span class='ocrx_word' id='word_1_398' title='bbox 727 5044 743 5066; x_wconf 68' lang='grc' dir='ltr'><strong>ι.</strong></span> <span class='ocrx_word' id='word_1_399' title='bbox 769 5023 863 5064; x_wconf 89' lang='lat' dir='ltr'><strong>etc.</strong></span> <span class='ocrx_word' id='word_1_400' title='bbox 1467 5032 1472 5037; x_wconf 65' lang='grc' dir='ltr'><em>υ</em></span> 
     </span>
    </p>
   </div>
   <div class='ocr_carea' id='block_1_56' title="bbox 524 5023 1781 5066">
    <p class='ocr_par' dir='ltr' id='par_1_56' title="bbox 524 5023 1781 5066">
     <span class='ocr_line' id='line_1_58' title="bbox 524 5023 1781 5066; baseline -0.01 1"><span class='ocrx_word' id='word_1_401' title='bbox 524 5023 710 5066; x_wconf 80' lang='lat' dir='ltr'><strong>sutcavt</strong></span> <span class='ocrx_word' id='word_1_402' title='bbox 727 5044 743 5066; x_wconf 83' lang='grc'><strong>.</strong></span> <span class='ocrx_word' id='word_1_403' title='bbox 769 5023 863 5064; x_wconf 88' lang='lat' dir='ltr'><strong>etc.</strong></span> <span class='ocrx_word' id='word_1_404' title='bbox 1467 5032 1472 5037; x_wconf 63' lang='grc' dir='ltr'><em>υ</em></span> <span class='ocrx_word' id='word_1_405' title='bbox 1777 5054 1781 5066; x_wconf 22' lang='grc' dir='ltr'><strong>ξ</strong></span> 
     </span>
    </p>
   </div>
   <div class='ocr_carea' id='block_1_57' title="bbox 465 5044 1989 5148">
    <p class='ocr_par' dir='ltr' id='par_1_57' title="bbox 465 5044 1989 5148">
     <span class='ocr_line' id='line_1_59' title="bbox 465 5044 1989 5148; baseline -0.01 -20"><span class='ocrx_word' id='word_1_406' title='bbox 465 5044 899 5148; x_wconf 49' lang='grc' dir='ltr'><strong>Ξᾶιαδιξὲέιιὶἷςῑ</strong></span> <span class='ocrx_word' id='word_1_407' title='bbox 918 5074 1067 5148; x_wconf 58' lang='lat' dir='ltr'><strong>liuius</strong></span> <span class='ocrx_word' id='word_1_408' title='bbox 1087 5072 1178 5148; x_wconf 64' lang='lat' dir='ltr'><strong>loci</strong></span> <span class='ocrx_word' id='word_1_409' title='bbox 1203 5083 1351 5148; x_wconf 77' lang='lat' dir='ltr'><strong>sensu</strong></span> <span class='ocrx_word' id='word_1_410' title='bbox 1401 5074 1550 5148; x_wconf 46' lang='lat' dir='ltr'><strong>atque</strong></span> <span class='ocrx_word' id='word_1_411' title='bbox 1575 5078 1666 5148; x_wconf 56' lang='lat' dir='ltr'><strong>us&#39;u</strong></span> <span class='ocrx_word' id='word_1_412' title='bbox 1686 5103 1700 5125; x_wconf 95' lang='lat'><strong>,</strong></span> <span class='ocrx_word' id='word_1_413' title='bbox 1744 5054 1881 5138; x_wconf 81' lang='lat' dir='ltr'><strong>plura</strong></span> <span class='ocrx_word' id='word_1_414' title='bbox 1915 5063 1989 5113; x_wconf 88' lang='lat' dir='ltr'><strong>di-</strong></span> 
     </span>
    </p>
   </div>
   <div class='ocr_carea' id='block_1_58' title="bbox 403 5128 1991 5191">
    <p class='ocr_par' dir='ltr' id='par_1_58' title="bbox 403 5128 1991 5191">
     <span class='ocr_line' id='line_1_60' title="bbox 403 5128 1991 5191; baseline -0.009 -3"><span class='ocrx_word' id='word_1_415' title='bbox 403 5140 557 5189; x_wconf 88' lang='lat' dir='ltr'><strong>cenda</strong></span> <span class='ocrx_word' id='word_1_416' title='bbox 583 5128 722 5187; x_wconf 78' lang='lat' dir='ltr'><strong>nobis</strong></span> <span class='ocrx_word' id='word_1_417' title='bbox 740 5143 884 5186; x_wconf 85' lang='lat' dir='ltr'><strong>erunt</strong></span> <span class='ocrx_word' id='word_1_418' title='bbox 918 5138 963 5184; x_wconf 90' lang='lat' dir='ltr'><strong>in</strong></span> <span class='ocrx_word' id='word_1_419' title='bbox 990 5128 1088 5184; x_wconf 73' lang='lat' dir='ltr'><strong>lib.</strong></span> <span class='ocrx_word' id='word_1_420' title='bbox 1129 5136 1173 5183; x_wconf 69' lang='lat'><strong>9..</strong></span> <span class='ocrx_word' id='word_1_421' title='bbox 1201 5134 1392 5182; x_wconf 68' lang='lat' dir='ltr'><strong>advers.</strong></span> <span class='ocrx_word' id='word_1_422' title='bbox 1420 5128 1591 5191; x_wconf 76' lang='lat' dir='ltr'><strong>Pelag.</strong></span> <span class='ocrx_word' id='word_1_423' title='bbox 1620 5128 1821 5177; x_wconf 86' lang='lat' dir='ltr'><strong>[nterim</strong></span> <span class='ocrx_word' id='word_1_424' title='bbox 1842 5139 1991 5189; x_wconf 88' lang='lat' dir='ltr'><strong>supe-</strong></span> 
     </span>
    </p>
   </div>
   <div class='ocr_carea' id='block_1_59' title="bbox 405 5194 1465 5258">
    <p class='ocr_par' dir='ltr' id='par_1_59' title="bbox 405 5194 1465 5258">
     <span class='ocr_line' id='line_1_61' title="bbox 405 5194 1465 5258; baseline -0.008 -8"><span class='ocrx_word' id='word_1_425' title='bbox 405 5202 592 5251; x_wconf 85' lang='lat' dir='ltr'><strong>riorem</strong></span> <span class='ocrx_word' id='word_1_426' title='bbox 613 5198 700 5250; x_wconf 81' lang='lat' dir='ltr'><strong>tibi</strong></span> <span class='ocrx_word' id='word_1_427' title='bbox 722 5198 943 5250; x_wconf 84' lang='lat' dir='ltr'><strong>voculam</strong></span> <span class='ocrx_word' id='word_1_428' title='bbox 966 5198 1269 5258; x_wconf 79' lang='lat' dir='ltr'><strong>reposuimus</strong></span> <span class='ocrx_word' id='word_1_429' title='bbox 1290 5207 1321 5258; x_wconf 63' lang='grc' dir='ltr'>β</span> <span class='ocrx_word' id='word_1_430' title='bbox 1351 5194 1465 5258; x_wconf 75' lang='lat' dir='ltr'><strong>Mss.</strong></span> 
     </span>
    </p>
   </div>
   <div class='ocr_carea' id='block_1_60' title="bbox 411 5242 1994 5324">
    <p class='ocr_par' dir='ltr' id='par_1_60' title="bbox 411 5242 1994 5324">
     <span class='ocr_line' id='line_1_62' title="bbox 411 5242 1994 5324; baseline -0.01 -11"><span class='ocrx_word' id='word_1_431' title='bbox 411 5242 699 5324; x_wconf 61' lang='lat' dir='ltr'><strong>T&quot;(J)&quot;Iih&#39;6</strong></span> <span class='ocrx_word' id='word_1_432' title='bbox 713 5242 1454 5324; x_wconf 51' lang='lat' dir='ltr'><strong>iétEtiagés&#39;</strong></span> <span class='ocrx_word' id='word_1_433' title='bbox 1476 5250 1736 5324; x_wconf 60' lang='lat' dir='ltr'><strong>prouincia;</strong></span> <span class='ocrx_word' id='word_1_434' title='bbox 1760 5242 1881 5300; x_wconf 73' lang='lat' dir='ltr'><strong>nihil</strong></span> <span class='ocrx_word' id='word_1_435' title='bbox 1905 5248 1994 5298; x_wconf 82' lang='lat' dir='ltr'><strong>de-</strong></span> 
     </span>
    </p>
   </div>
   <div class='ocr_carea' id='block_1_61' title="bbox 405 5312 1994 5377">
    <p class='ocr_par' dir='ltr' id='par_1_61' title="bbox 405 5312 1994 5377">
     <span class='ocr_line' id='line_1_63' title="bbox 405 5312 1994 5377; baseline -0.009 -3"><span class='ocrx_word' id='word_1_436' title='bbox 405 5312 572 5375; x_wconf 70' lang='grc' dir='ltr'><strong>ῡιιὲνὲ.</strong></span> <span class='ocrx_word' id='word_1_437' title='bbox 597 5322 716 5372; x_wconf 83' lang='lat' dir='ltr'><strong>Erat</strong></span> <span class='ocrx_word' id='word_1_438' title='bbox 735 5330 899 5371; x_wconf 72' lang='lat' dir='ltr'><strong>aut-em</strong></span> <span class='ocrx_word' id='word_1_439' title='bbox 920 5318 1236 5369; x_wconf 82' lang='lat' dir='ltr'><strong>Paulinianus</strong></span> <span class='ocrx_word' id='word_1_440' title='bbox 1256 5317 1309 5365; x_wconf 90' lang='lat' dir='ltr'><strong>S.</strong></span> <span class='ocrx_word' id='word_1_441' title='bbox 1334 5312 1616 5377; x_wconf 75' lang='lat' dir='ltr'><strong>Hieronymi</strong></span> <span class='ocrx_word' id='word_1_442' title='bbox 1641 5312 1821 5377; x_wconf 82' lang='lat' dir='ltr'><strong>frater,</strong></span> <span class='ocrx_word' id='word_1_443' title='bbox 1845 5324 1994 5377; x_wconf 82' lang='lat' dir='ltr'><strong>quem</strong></span> 
     </span>
    </p>
   </div>
   <div class='ocr_carea' id='block_1_62' title="bbox 410 5373 1993 5442">
    <p class='ocr_par' dir='ltr' id='par_1_62' title="bbox 410 5373 1993 5442">
     <span class='ocr_line' id='line_1_64' title="bbox 410 5373 1993 5442; baseline -0.009 -7"><span class='ocrx_word' id='word_1_444' title='bbox 410 5373 698 5440; x_wconf 79' lang='lat' dir='ltr'><strong>Diaconum,</strong></span> <span class='ocrx_word' id='word_1_445' title='bbox 724 5391 776 5432; x_wconf 84' lang='lat' dir='ltr'><strong>et</strong></span> <span class='ocrx_word' id='word_1_446' title='bbox 797 5396 911 5430; x_wconf 78' lang='lat' dir='ltr'><strong>mox</strong></span> <span class='ocrx_word' id='word_1_447' title='bbox 934 5380 1280 5442; x_wconf 58' lang='lat' dir='ltr'><strong>Presbyterum</strong></span> <span class='ocrx_word' id='word_1_448' title='bbox 1305 5373 1542 5442; x_wconf 71' lang='lat' dir='ltr'><strong>ordinavit</strong></span> <span class='ocrx_word' id='word_1_449' title='bbox 1560 5374 1904 5442; x_wconf 64' lang='lat' dir='ltr'><strong>Epiphanius,</strong></span> <span class='ocrx_word' id='word_1_450' title='bbox 1944 5373 1993 5420; x_wconf 91' lang='lat' dir='ltr'><strong>in</strong></span> 
     </span>
    </p>
   </div>
   <div class='ocr_carea' id='block_1_63' title="bbox 407 5436 1993 5509">
    <p class='ocr_par' dir='ltr' id='par_1_63' title="bbox 407 5436 1993 5509">
     <span class='ocr_line' id='line_1_65' title="bbox 407 5436 1993 5509; baseline -0.01 -12"><span class='ocrx_word' id='word_1_451' title='bbox 407 5436 797 5509; x_wconf 68' lang='lat' dir='ltr'><strong>Peregrinarum</strong></span> <span class='ocrx_word' id='word_1_452' title='bbox 820 5436 1365 5509; x_wconf 39' lang='lat' dir='ltr'><strong>tttona‘stct&#39;161quulﬂtl</strong></span> <span class='ocrx_word' id='word_1_453' title='bbox 1399 5436 1863 5509; x_wconf 43' lang='lat' dir='ltr'><strong>Joaitnisjliwcesitt</strong></span> <span class='ocrx_word' id='word_1_454' title='bbox 1897 5445 1993 5482; x_wconf 91' lang='lat' dir='ltr'><strong>non</strong></span> 
     </span>
    </p>
   </div>
   <div class='ocr_carea' id='block_1_64' title="bbox 411 5498 1997 5571">
    <p class='ocr_par' dir='ltr' id='par_1_64' title="bbox 411 5498 1997 5571">
     <span class='ocr_line' id='line_1_66' title="bbox 411 5498 1997 5571; baseline -0.008 -14"><span class='ocrx_word' id='word_1_455' title='bbox 411 5498 710 5571; x_wconf 64' lang='lat' dir='ltr'><strong>pertinebat.</strong></span> <span class='ocrx_word' id='word_1_456' title='bbox 749 5506 904 5556; x_wconf 86' lang='lat' dir='ltr'><strong>Porro</strong></span> <span class='ocrx_word' id='word_1_457' title='bbox 938 5498 1271 5571; x_wconf 30' lang='lat' dir='ltr'><strong>Cisterciet&#39;ps.‘</strong></span> <span class='ocrx_word' id='word_1_458' title='bbox 1290 5498 1392 5571; x_wconf 46' lang='lat' dir='ltr'><strong>Ms.</strong></span> <span class='ocrx_word' id='word_1_459' title='bbox 1413 5517 1436 5544; x_wconf 73' lang='grc' dir='ltr'>α</span> <span class='ocrx_word' id='word_1_460' title='bbox 1472 5511 1536 5548; x_wconf 89' lang='lat' dir='ltr'><strong>ne</strong></span> <span class='ocrx_word' id='word_1_461' title='bbox 1569 5498 1997 5571; x_wconf 49' lang='lat' dir='ltr'><strong>viderentur‘qtta-</strong></span> 
     </span>
    </p>
   </div>
   <div class='ocr_carea' id='block_1_65' title="bbox 410 5556 1998 5622">
    <p class='ocr_par' dir='ltr' id='par_1_65' title="bbox 410 5556 1998 5622">
     <span class='ocr_line' id='line_1_67' title="bbox 410 5556 1998 5622; baseline -0.009 -3"><span class='ocrx_word' id='word_1_462' title='bbox 410 5556 522 5619; x_wconf 63' lang='lat' dir='ltr'><strong>3am</strong></span> <span class='ocrx_word' id='word_1_463' title='bbox 543 5556 721 5618; x_wconf 77' lang='lat' dir='ltr'><strong>duritia</strong></span> <span class='ocrx_word' id='word_1_464' title='bbox 760 5575 814 5616; x_wconf 88' lang='lat' dir='ltr'><strong>et</strong></span> <span class='ocrx_word' id='word_1_465' title='bbox 844 5564 1139 5615; x_wconf 84' lang='lat' dir='ltr'><strong>conscientia</strong></span> <span class='ocrx_word' id='word_1_466' title='bbox 1164 5560 1274 5610; x_wconf 80' lang='lat' dir='ltr'><strong>fidei</strong></span> <span class='ocrx_word' id='word_1_467' title='bbox 1299 5564 1529 5622; x_wconf 59' lang='lat' dir='ltr'><strong>antiqua},</strong></span> <span class='ocrx_word' id='word_1_468' title='bbox 1561 5571 1707 5621; x_wconf 88' lang='lat' dir='ltr'><strong>quam</strong></span> <span class='ocrx_word' id='word_1_469' title='bbox 1737 5556 1877 5622; x_wconf 81' lang='lat' dir='ltr'><strong>simul</strong></span> <span class='ocrx_word' id='word_1_470' title='bbox 1900 5556 1998 5605; x_wconf 84' lang='lat' dir='ltr'><strong>ha-</strong></span> 
     </span>
    </p>
   </div>
   <div class='ocr_carea' id='block_1_66' title="bbox 414 5617 1997 5692">
    <p class='ocr_par' dir='ltr' id='par_1_66' title="bbox 414 5617 1997 5692">
     <span class='ocr_line' id='line_1_68' title="bbox 414 5617 1997 5692; baseline -0.008 -13"><span class='ocrx_word' id='word_1_471' title='bbox 414 5617 626 5690; x_wconf 74' lang='lat' dir='ltr'><strong>buimus,</strong></span> <span class='ocrx_word' id='word_1_472' title='bbox 645 5631 714 5692; x_wconf 81' lang='lat' dir='ltr'><strong>ab</strong></span> <span class='ocrx_word' id='word_1_473' title='bbox 729 5627 947 5677; x_wconf 85' lang='lat' dir='ltr'><strong>Ecclesia</strong></span> <span class='ocrx_word' id='word_1_474' title='bbox 967 5623 1203 5692; x_wconf 74' lang='lat' dir='ltr'><strong>separari.</strong></span> <span class='ocrx_word' id='word_1_475' title='bbox 1219 5639 1242 5667; x_wconf 69' lang='grc' dir='ltr'>ι</span> <span class='ocrx_word' id='word_1_476' title='bbox 1264 5621 1363 5691; x_wconf 71' lang='lat' dir='ltr'><strong>Sed</strong></span> <span class='ocrx_word' id='word_1_477' title='bbox 1378 5617 1690 5692; x_wconf 40' lang='lat' dir='ltr'><strong>‘A&#39;mbrosian.</strong></span> <span class='ocrx_word' id='word_1_478' title='bbox 1716 5617 1858 5692; x_wconf 82' lang='lat' dir='ltr'><strong>paulo</strong></span> <span class='ocrx_word' id='word_1_479' title='bbox 1882 5626 1997 5692; x_wconf 75' lang='lat' dir='ltr'><strong>ante</strong></span> 
     </span>
    </p>
   </div>
   <div class='ocr_carea' id='block_1_67' title="bbox 414 5678 1999 5756">
    <p class='ocr_par' dir='ltr' id='par_1_67' title="bbox 414 5678 1999 5756">
     <span class='ocr_line' id='line_1_69' title="bbox 414 5678 1999 5756; baseline -0.009 -15"><span class='ocrx_word' id='word_1_480' title='bbox 414 5678 663 5756; x_wconf 52' lang='lat' dir='ltr'><strong>Emittit:</strong></span> <span class='ocrx_word' id='word_1_481' title='bbox 697 5691 873 5740; x_wconf 75' lang='lat' dir='ltr'><strong>habere</strong></span> <span class='ocrx_word' id='word_1_482' title='bbox 896 5678 1161 5744; x_wconf 65' lang='lat' dir='ltr'><strong>consortia,</strong></span> <span class='ocrx_word' id='word_1_483' title='bbox 1186 5695 1273 5732; x_wconf 88' lang='lat' dir='ltr'><strong>nec</strong></span> <span class='ocrx_word' id='word_1_484' title='bbox 1307 5682 1584 5733; x_wconf 71' lang='lat' dir='ltr'><strong>riderentur</strong></span> <span class='ocrx_word' id='word_1_485' title='bbox 1612 5678 1825 5742; x_wconf 43' lang='lat' dir='ltr'><strong>quat—tant</strong></span> <span class='ocrx_word' id='word_1_486' title='bbox 1861 5678 1999 5730; x_wconf 79' lang='lat' dir='ltr'><strong>duri-</strong></span> 
     </span>
    </p>
   </div>
   <div class='ocr_carea' id='block_1_68' title="bbox 416 5750 629 5815">
    <p class='ocr_par' dir='ltr' id='par_1_68' title="bbox 416 5750 629 5815">
     <span class='ocr_line' id='line_1_70' title="bbox 416 5750 629 5815; baseline -0.005 -15"><span class='ocrx_word' id='word_1_487' title='bbox 416 5750 508 5815; x_wconf 68' lang='lat' dir='ltr'><strong>tia,</strong></span> <span class='ocrx_word' id='word_1_488' title='bbox 536 5764 629 5805; x_wconf 84' lang='lat' dir='ltr'><strong>etc.</strong></span> 
     </span>
    </p>
   </div>
   <div class='ocr_carea' id='block_1_69' title="bbox 785 5830 1332 5896">
    <p class='ocr_par' dir='ltr' id='par_1_69' title="bbox 785 5830 1332 5896">
     <span class='ocr_line' id='line_1_71' title="bbox 785 5830 1332 5896; baseline -0.018 0"><span class='ocrx_word' id='word_1_489' title='bbox 785 5837 844 5896; x_wconf 86' lang='lat' dir='ltr'><strong>S.</strong></span> <span class='ocrx_word' id='word_1_490' title='bbox 898 5834 1262 5893; x_wconf 68' lang='grc' dir='ltr'><strong>ΗΙΕΒΟΝΥΜΙ</strong></span> <span class='ocrx_word' id='word_1_491' title='bbox 1310 5830 1332 5887; x_wconf 90' lang='lat' dir='ltr'><strong>l</strong></span> 
     </span>
    </p>
   </div>
   <div class='ocr_carea' id='block_1_70' title="bbox 3568 300 3671 359">
    <p class='ocr_par' dir='ltr' id='par_1_70' title="bbox 3568 300 3671 359">
     <span class='ocr_line' id='line_1_72' title="bbox 3568 300 3671 359; baseline 0.029 -4"><span class='ocrx_word' id='word_1_492' title='bbox 3568 300 3671 359; x_wconf 76' lang='grc'><strong>518</strong></span> 
     </span>
    </p>
   </div>
   <div class='ocr_carea' id='block_1_71' title="bbox 2070 394 3671 473">
    <p class='ocr_par' dir='ltr' id='par_1_71' title="bbox 2070 394 3671 473">
     <span class='ocr_line' id='line_1_73' title="bbox 2070 394 3671 473; baseline 0.009 -22"><span class='ocrx_word' id='word_1_493' title='bbox 2070 398 2139 469; x_wconf 88' lang='lat' dir='ltr'><strong>(e)</strong></span> <span class='ocrx_word' id='word_1_494' title='bbox 2166 394 2361 467; x_wconf 75' lang='lat' dir='ltr'><strong>singuli</strong></span> <span class='ocrx_word' id='word_1_495' title='bbox 2392 394 2763 452; x_wconf 86' lang='lat' dir='ltr'><strong>Ecclesiarum</strong></span> <span class='ocrx_word' id='word_1_496' title='bbox 2799 397 3049 468; x_wconf 83' lang='lat' dir='ltr'><strong>Episcopi</strong></span> <span class='ocrx_word' id='word_1_497' title='bbox 3080 397 3277 473; x_wconf 71' lang='lat' dir='ltr'><strong>habent</strong></span> <span class='ocrx_word' id='word_1_498' title='bbox 3300 404 3397 458; x_wconf 91' lang='lat' dir='ltr'><strong>sub</strong></span> <span class='ocrx_word' id='word_1_499' title='bbox 3416 422 3471 459; x_wconf 86' lang='lat' dir='ltr'><strong>se</strong></span> <span class='ocrx_word' id='word_1_500' title='bbox 3488 407 3671 465; x_wconf 78' lang='lat' dir='ltr'><strong>Eccle-</strong></span> 
     </span>
    </p>
   </div>
   <div class='ocr_carea' id='block_1_72' title="bbox 2068 482 3701 560">
    <p class='ocr_par' dir='ltr' id='par_1_72' title="bbox 2068 482 3701 560">
     <span class='ocr_line' id='line_1_74' title="bbox 2068 482 3701 560; baseline 0.009 -17"><span class='ocrx_word' id='word_1_501' title='bbox 2068 491 2208 555; x_wconf 89' lang='lat' dir='ltr'><strong>sias,</strong></span> <span class='ocrx_word' id='word_1_502' title='bbox 2253 489 2455 558; x_wconf 23' lang='lat' dir='ltr'><strong>quibus.</strong></span> <span class='ocrx_word' id='word_1_503' title='bbox 2487 505 2672 545; x_wconf 88' lang='lat' dir='ltr'><strong>curam</strong></span> <span class='ocrx_word' id='word_1_504' title='bbox 2718 482 2969 544; x_wconf 86' lang='lat' dir='ltr'><strong>videntur</strong></span> <span class='ocrx_word' id='word_1_505' title='bbox 3012 485 3327 560; x_wconf 87' lang='lat' dir='ltr'><strong>impendere</strong></span> <span class='ocrx_word' id='word_1_506' title='bbox 3368 515 3381 550; x_wconf 87' lang='lat'><strong>:</strong></span> <span class='ocrx_word' id='word_1_507' title='bbox 3424 508 3478 553; x_wconf 75' lang='lat' dir='ltr'><strong>et</strong></span> <span class='ocrx_word' id='word_1_508' title='bbox 3515 494 3701 557; x_wconf 79' lang='lat' dir='ltr'><strong>nemo</strong></span> 
     </span>
    </p>
   </div>
   <div class='ocr_carea' id='block_1_73' title="bbox 2067 569 3669 660">
    <p class='ocr_par' dir='ltr' id='par_1_73' title="bbox 2067 569 3669 660">
     <span class='ocr_line' id='line_1_75' title="bbox 2067 569 3669 660; baseline 0.002 -26"><span class='ocrx_word' id='word_1_509' title='bbox 2067 595 2230 650; x_wconf 82' lang='lat' dir='ltr'><strong>super</strong></span> <span class='ocrx_word' id='word_1_510' title='bbox 2259 579 2493 634; x_wconf 89' lang='lat' dir='ltr'><strong>alienam</strong></span> <span class='ocrx_word' id='word_1_511' title='bbox 2538 594 2844 635; x_wconf 88' lang='lat' dir='ltr'><strong>mensuram</strong></span> <span class='ocrx_word' id='word_1_512' title='bbox 2872 569 3208 650; x_wconf 78' lang='lat' dir='ltr'><strong>extenditur,</strong></span> <span class='ocrx_word' id='word_1_513' title='bbox 3248 592 3420 641; x_wconf 92' lang='lat' dir='ltr'><strong>tamen</strong></span> <span class='ocrx_word' id='word_1_514' title='bbox 3459 594 3669 660; x_wconf 68' lang='lat' dir='ltr'><strong>prmpo.</strong></span> 
     </span>
    </p>
   </div>
   <div class='ocr_carea' id='block_1_74' title="bbox 2068 670 3672 745">
    <p class='ocr_par' dir='ltr' id='par_1_74' title="bbox 2068 670 3672 745">
     <span class='ocr_line' id='line_1_76' title="bbox 2068 670 3672 745; baseline 0.008 -20"><span class='ocrx_word' id='word_1_515' title='bbox 2068 670 2214 725; x_wconf 90' lang='lat' dir='ltr'><strong>nitur</strong></span> <span class='ocrx_word' id='word_1_516' title='bbox 2239 671 2494 727; x_wconf 85' lang='lat' dir='ltr'><strong>omnibus</strong></span> <span class='ocrx_word' id='word_1_517' title='bbox 2518 672 2718 727; x_wconf 88' lang='lat' dir='ltr'><strong>caritas</strong></span> <span class='ocrx_word' id='word_1_518' title='bbox 2747 673 2971 735; x_wconf 87' lang='lat' dir='ltr'><strong>Christi,</strong></span> <span class='ocrx_word' id='word_1_519' title='bbox 3009 674 3062 728; x_wconf 91' lang='lat' dir='ltr'><strong>in</strong></span> <span class='ocrx_word' id='word_1_520' title='bbox 3093 690 3194 745; x_wconf 90' lang='lat' dir='ltr'><strong>qua</strong></span> <span class='ocrx_word' id='word_1_521' title='bbox 3230 670 3672 745; x_wconf 55' lang='lat' dir='ltr'><strong>nulla&#39;simulatio</strong></span> 
     </span>
    </p>
   </div>
   <div class='ocr_carea' id='block_1_75' title="bbox 2068 744 3670 844">
    <p class='ocr_par' dir='ltr' id='par_1_75' title="bbox 2068 744 3670 844">
     <span class='ocr_line' id='line_1_77' title="bbox 2068 744 3670 844; baseline 0.007 -27"><span class='ocrx_word' id='word_1_522' title='bbox 2068 772 2152 817; x_wconf 88' lang='lat' dir='ltr'><strong>est</strong></span> <span class='ocrx_word' id='word_1_523' title='bbox 2191 781 2205 817; x_wconf 88' lang='lat'><strong>:</strong></span> <span class='ocrx_word' id='word_1_524' title='bbox 2243 777 2342 818; x_wconf 90' lang='lat' dir='ltr'><strong>nec</strong></span> <span class='ocrx_word' id='word_1_525' title='bbox 2373 763 2828 819; x_wconf 89' lang='lat' dir='ltr'><strong>considerandum</strong></span> <span class='ocrx_word' id='word_1_526' title='bbox 2867 765 2998 835; x_wconf 88' lang='lat' dir='ltr'><strong>quid</strong></span> <span class='ocrx_word' id='word_1_527' title='bbox 3040 744 3237 823; x_wconf 82' lang='lat' dir='ltr'><strong>factum</strong></span> <span class='ocrx_word' id='word_1_528' title='bbox 3282 771 3386 838; x_wconf 86' lang='lat' dir='ltr'><strong>sit,</strong></span> <span class='ocrx_word' id='word_1_529' title='bbox 3429 772 3523 827; x_wconf 89' lang='lat' dir='ltr'><strong>sed</strong></span> <span class='ocrx_word' id='word_1_530' title='bbox 3563 744 3670 844; x_wconf 80' lang='lat' dir='ltr'><strong>quo</strong></span> 
     </span>
    </p>
   </div>
   <div class='ocr_carea' id='block_1_76' title="bbox 2069 856 3669 932">
    <p class='ocr_par' dir='ltr' id='par_1_76' title="bbox 2069 856 3669 932">
     <span class='ocr_line' id='line_1_78' title="bbox 2069 856 3669 932; baseline 0.008 -22"><span class='ocrx_word' id='word_1_531' title='bbox 2069 860 2335 925; x_wconf 82' lang='lat' dir='ltr'><strong>tempore,</strong></span> <span class='ocrx_word' id='word_1_532' title='bbox 2360 856 2415 912; x_wconf 84' lang='lat' dir='ltr'><strong>et</strong></span> <span class='ocrx_word' id='word_1_533' title='bbox 2439 872 2548 926; x_wconf 85' lang='lat' dir='ltr'><strong>quo</strong></span> <span class='ocrx_word' id='word_1_534' title='bbox 2574 858 2759 923; x_wconf 87' lang='lat' dir='ltr'><strong>modo,</strong></span> <span class='ocrx_word' id='word_1_535' title='bbox 2783 868 2839 914; x_wconf 87' lang='lat' dir='ltr'><strong>et</strong></span> <span class='ocrx_word' id='word_1_536' title='bbox 2871 860 2923 912; x_wconf 94' lang='lat' dir='ltr'><strong>in</strong></span> <span class='ocrx_word' id='word_1_537' title='bbox 2961 859 3178 929; x_wconf 88' lang='lat' dir='ltr'><strong>quibus,</strong></span> <span class='ocrx_word' id='word_1_538' title='bbox 3208 870 3260 916; x_wconf 90' lang='lat' dir='ltr'><strong>et</strong></span> <span class='ocrx_word' id='word_1_539' title='bbox 3287 878 3451 932; x_wconf 89' lang='lat' dir='ltr'><strong>quare</strong></span> <span class='ocrx_word' id='word_1_540' title='bbox 3472 863 3669 923; x_wconf 88' lang='lat' dir='ltr'><strong>factmn</strong></span> 
     </span>
    </p>
   </div>
   <div class='ocr_carea' id='block_1_77' title="bbox 2066 946 3666 1019">
    <p class='ocr_par' dir='ltr' id='par_1_77' title="bbox 2066 946 3666 1019">
     <span class='ocr_line' id='line_1_79' title="bbox 2066 946 3666 1019; baseline 0.005 -17"><span class='ocrx_word' id='word_1_541' title='bbox 2066 947 2156 1003; x_wconf 90' lang='lat' dir='ltr'><strong>sit.</strong></span> <span class='ocrx_word' id='word_1_542' title='bbox 2188 946 2323 1002; x_wconf 79' lang='lat' dir='ltr'><strong>Cum</strong></span> <span class='ocrx_word' id='word_1_543' title='bbox 2354 948 2786 1009; x_wconf 55' lang='lat' dir='ltr'><strong>eninividissem</strong></span> <span class='ocrx_word' id='word_1_544' title='bbox 2812 990 2827 1015; x_wconf 95' lang='lat'><strong>,</strong></span> <span class='ocrx_word' id='word_1_545' title='bbox 2856 949 2981 1019; x_wconf 87' lang='lat' dir='ltr'><strong>quia</strong></span> <span class='ocrx_word' id='word_1_546' title='bbox 3027 951 3313 1008; x_wconf 83' lang='lat' dir='ltr'><strong>multitudo</strong></span> <span class='ocrx_word' id='word_1_547' title='bbox 3358 963 3666 1010; x_wconf 89' lang='lat' dir='ltr'><strong>sanctorum</strong></span> 
     </span>
    </p>
   </div>
   <div class='ocr_carea' id='block_1_78' title="bbox 2067 1038 3667 1116">
    <p class='ocr_par' dir='ltr' id='par_1_78' title="bbox 2067 1038 3667 1116">
     <span class='ocr_line' id='line_1_80' title="bbox 2067 1038 3667 1116; baseline 0.006 -25"><span class='ocrx_word' id='word_1_548' title='bbox 2067 1038 2289 1092; x_wconf 81' lang='lat' dir='ltr'><strong>fratrum</strong></span> <span class='ocrx_word' id='word_1_549' title='bbox 2309 1039 2361 1091; x_wconf 91' lang='lat' dir='ltr'><strong>in</strong></span> <span class='ocrx_word' id='word_1_550' title='bbox 2390 1038 2721 1093; x_wconf 86' lang='lat' dir='ltr'><strong>monasterio</strong></span> <span class='ocrx_word' id='word_1_551' title='bbox 2737 1039 3078 1107; x_wconf 84' lang='lat' dir='ltr'><strong>consisteret,</strong></span> <span class='ocrx_word' id='word_1_552' title='bbox 3103 1050 3155 1096; x_wconf 92' lang='lat' dir='ltr'><strong>et</strong></span> <span class='ocrx_word' id='word_1_553' title='bbox 3176 1043 3342 1097; x_wconf 85' lang='lat' dir='ltr'><strong>sancti</strong></span> <span class='ocrx_word' id='word_1_554' title='bbox 3362 1043 3667 1116; x_wconf 68' lang='lat' dir='ltr'><strong>Presbyteri</strong></span> 
     </span>
    </p>
   </div>
   <div class='ocr_carea' id='block_1_79' title="bbox 2066 1125 3669 1211">
    <p class='ocr_par' dir='ltr' id='par_1_79' title="bbox 2066 1125 3669 1211">
     <span class='ocr_line' id='line_1_81' title="bbox 2066 1125 3669 1211; baseline 0.007 -30"><span class='ocrx_word' id='word_1_555' title='bbox 2066 1128 2448 1211; x_wconf 79' lang='lat' dir='ltr'><strong>iiieronymus,</strong></span> <span class='ocrx_word' id='word_1_556' title='bbox 2478 1139 2539 1211; x_wconf 85' lang='lat' dir='ltr'><strong>et</strong></span> <span class='ocrx_word' id='word_1_557' title='bbox 2563 1129 2881 1186; x_wconf 79' lang='lat' dir='ltr'><strong>Vincentius</strong></span> <span class='ocrx_word' id='word_1_558' title='bbox 2913 1140 3132 1202; x_wconf 88' lang='lat' dir='ltr'><strong>propter</strong></span> <span class='ocrx_word' id='word_1_559' title='bbox 3168 1125 3579 1203; x_wconf 78' lang='lat' dir='ltr'><strong>verecundiam,</strong></span> <span class='ocrx_word' id='word_1_560' title='bbox 3613 1148 3669 1193; x_wconf 87' lang='lat' dir='ltr'><strong>et</strong></span> 
     </span>
    </p>
   </div>
   <div class='ocr_carea' id='block_1_80' title="bbox 2066 1218 3668 1301">
    <p class='ocr_par' dir='ltr' id='par_1_80' title="bbox 2066 1218 3668 1301">
     <span class='ocr_line' id='line_1_82' title="bbox 2066 1218 3668 1301; baseline 0.009 -30"><span class='ocrx_word' id='word_1_561' title='bbox 2066 1218 2419 1301; x_wconf 81' lang='lat' dir='ltr'><strong>humilitatem</strong></span> <span class='ocrx_word' id='word_1_562' title='bbox 2463 1220 2669 1273; x_wconf 90' lang='lat' dir='ltr'><strong>nollent</strong></span> <span class='ocrx_word' id='word_1_563' title='bbox 2704 1219 2883 1276; x_wconf 88' lang='lat' dir='ltr'><strong>debita</strong></span> <span class='ocrx_word' id='word_1_564' title='bbox 2918 1223 3119 1277; x_wconf 89' lang='lat' dir='ltr'><strong>nomini</strong></span> <span class='ocrx_word' id='word_1_565' title='bbox 3163 1229 3262 1278; x_wconf 84' lang='lat' dir='ltr'><strong>s&#39;uo</strong></span> <span class='ocrx_word' id='word_1_566' title='bbox 3296 1240 3551 1284; x_wconf 77' lang='lat' dir='ltr'><strong>exemere</strong></span> <span class='ocrx_word' id='word_1_567' title='bbox 3583 1244 3668 1284; x_wconf 87' lang='lat' dir='ltr'><strong>sa-</strong></span> 
     </span>
    </p>
   </div>
   <div class='ocr_carea' id='block_1_81' title="bbox 2065 1308 3665 1393">
    <p class='ocr_par' dir='ltr' id='par_1_81' title="bbox 2065 1308 3665 1393">
     <span class='ocr_line' id='line_1_83' title="bbox 2065 1308 3665 1393; baseline 0.008 -32"><span class='ocrx_word' id='word_1_568' title='bbox 2065 1308 2268 1363; x_wconf 83' lang='lat' dir='ltr'><strong>criﬁcia</strong></span> <span class='ocrx_word' id='word_1_569' title='bbox 2295 1350 2311 1374; x_wconf 93' lang='lat'><strong>,</strong></span> <span class='ocrx_word' id='word_1_570' title='bbox 2353 1318 2407 1363; x_wconf 93' lang='lat' dir='ltr'><strong>ct</strong></span> <span class='ocrx_word' id='word_1_571' title='bbox 2451 1309 2702 1393; x_wconf 82' lang='lat' dir='ltr'><strong>laborare</strong></span> <span class='ocrx_word' id='word_1_572' title='bbox 2750 1311 2803 1365; x_wconf 91' lang='lat' dir='ltr'><strong>in</strong></span> <span class='ocrx_word' id='word_1_573' title='bbox 2856 1311 2956 1368; x_wconf 85' lang='lat' dir='ltr'><strong>hac</strong></span> <span class='ocrx_word' id='word_1_574' title='bbox 3001 1324 3150 1382; x_wconf 88' lang='lat' dir='ltr'><strong>parte</strong></span> <span class='ocrx_word' id='word_1_575' title='bbox 3193 1315 3514 1385; x_wconf 82' lang='lat' dir='ltr'><strong>utiniSterii,</strong></span> <span class='ocrx_word' id='word_1_576' title='bbox 3544 1336 3665 1389; x_wconf 79' lang='lat' dir='ltr'><strong>qua:</strong></span> 
     </span>
    </p>
   </div>
   <div class='ocr_carea' id='block_1_82' title="bbox 2066 1397 3666 1483">
    <p class='ocr_par' dir='ltr' id='par_1_82' title="bbox 2066 1397 3666 1483">
     <span class='ocr_line' id='line_1_84' title="bbox 2066 1397 3666 1483; baseline 0.008 -30"><span class='ocrx_word' id='word_1_577' title='bbox 2066 1397 2499 1483; x_wconf 80' lang='lat' dir='ltr'><strong>Christianorum</strong></span> <span class='ocrx_word' id='word_1_578' title='bbox 2522 1400 2792 1470; x_wconf 84' lang='lat' dir='ltr'><strong>pr.ccipua</strong></span> <span class='ocrx_word' id='word_1_579' title='bbox 2810 1402 2954 1458; x_wconf 88' lang='lat' dir='ltr'><strong>salus</strong></span> <span class='ocrx_word' id='word_1_580' title='bbox 2975 1413 3087 1458; x_wconf 41' lang='lat' dir='ltr'><strong>est:</strong></span> <span class='ocrx_word' id='word_1_581' title='bbox 3115 1404 3356 1461; x_wconf 90' lang='lat' dir='ltr'><strong>invenire</strong></span> <span class='ocrx_word' id='word_1_582' title='bbox 3377 1408 3576 1475; x_wconf 86' lang='lat' dir='ltr'><strong>autem,</strong></span> <span class='ocrx_word' id='word_1_583' title='bbox 3606 1420 3666 1465; x_wconf 77' lang='lat' dir='ltr'><strong>et</strong></span> 
     </span>
    </p>
   </div>
   <div class='ocr_carea' id='block_1_83' title="bbox 2062 1483 3663 1572">
    <p class='ocr_par' dir='ltr' id='par_1_83' title="bbox 2062 1483 3663 1572">
     <span class='ocr_line' id='line_1_85' title="bbox 2062 1483 3663 1572; baseline 0.01 -30"><span class='ocrx_word' id='word_1_584' title='bbox 2062 1491 2526 1572; x_wconf 86' lang='lat' dir='ltr'><strong>comprehendere</strong></span> <span class='ocrx_word' id='word_1_585' title='bbox 2555 1505 2771 1547; x_wconf 88' lang='lat' dir='ltr'><strong>servum</strong></span> <span class='ocrx_word' id='word_1_586' title='bbox 2804 1483 2897 1549; x_wconf 88' lang='lat' dir='ltr'><strong>Dei</strong></span> <span class='ocrx_word' id='word_1_587' title='bbox 2924 1511 3030 1550; x_wconf 92' lang='lat' dir='ltr'><strong>non</strong></span> <span class='ocrx_word' id='word_1_588' title='bbox 3064 1510 3273 1566; x_wconf 64' lang='grc' dir='ltr'><strong>ροεςρε,</strong></span> <span class='ocrx_word' id='word_1_589' title='bbox 3296 1498 3382 1568; x_wconf 86' lang='lat' dir='ltr'><strong>qui</strong></span> <span class='ocrx_word' id='word_1_590' title='bbox 3408 1490 3476 1571; x_wconf 61' lang='grc' dir='ltr'><strong>(Ι)</strong></span> <span class='ocrx_word' id='word_1_591' title='bbox 3505 1510 3576 1567; x_wconf 92' lang='lat' dir='ltr'><strong>te,</strong></span> <span class='ocrx_word' id='word_1_592' title='bbox 3597 1514 3663 1557; x_wconf 83' lang='lat' dir='ltr'><strong>eo</strong></span> 
     </span>
    </p>
   </div>
   <div class='ocr_carea' id='block_1_84' title="bbox 2063 1577 3660 1665">
    <p class='ocr_par' dir='ltr' id='par_1_84' title="bbox 2063 1577 3660 1665">
     <span class='ocr_line' id='line_1_86' title="bbox 2063 1577 3660 1665; baseline 0.011 -33"><span class='ocrx_word' id='word_1_593' title='bbox 2063 1580 2224 1655; x_wconf 61' lang='lat'><strong>243</strong></span> <span class='ocrx_word' id='word_1_594' title='bbox 2298 1584 2439 1653; x_wconf 86' lang='lat' dir='ltr'><strong>quod</strong></span> <span class='ocrx_word' id='word_1_595' title='bbox 2463 1599 2629 1654; x_wconf 82' lang='lat' dir='ltr'><strong>grave</strong></span> <span class='ocrx_word' id='word_1_596' title='bbox 2660 1600 2801 1642; x_wconf 84' lang='lat' dir='ltr'><strong>onus</strong></span> <span class='ocrx_word' id='word_1_597' title='bbox 2828 1588 3115 1644; x_wconf 84' lang='lat' dir='ltr'><strong>sacerdotii</strong></span> <span class='ocrx_word' id='word_1_598' title='bbox 3158 1577 3323 1645; x_wconf 83' lang='lat' dir='ltr'><strong>nollet</strong></span> <span class='ocrx_word' id='word_1_599' title='bbox 3365 1595 3660 1665; x_wconf 88' lang='lat' dir='ltr'><strong>suscipere,</strong></span> 
     </span>
    </p>
   </div>
   <div class='ocr_carea' id='block_1_85' title="bbox 2061 1673 3661 1752">
    <p class='ocr_par' dir='ltr' id='par_1_85' title="bbox 2061 1673 3661 1752">
     <span class='ocr_line' id='line_1_87' title="bbox 2061 1673 3661 1752; baseline 0.008 -25"><span class='ocrx_word' id='word_1_600' title='bbox 2061 1688 2205 1744; x_wconf 73' lang='lat' dir='ltr'><strong>srepe</strong></span> <span class='ocrx_word' id='word_1_601' title='bbox 2235 1674 2470 1744; x_wconf 70' lang='lat' dir='ltr'><strong>fugiebat</strong></span> <span class='ocrx_word' id='word_1_602' title='bbox 2506 1694 2517 1728; x_wconf 78' lang='grc' dir='ltr'>ε</span> <span class='ocrx_word' id='word_1_603' title='bbox 2547 1673 2643 1727; x_wconf 87' lang='lat' dir='ltr'><strong>sed</strong></span> <span class='ocrx_word' id='word_1_604' title='bbox 2694 1691 2796 1731; x_wconf 91' lang='lat' dir='ltr'><strong>nec</strong></span> <span class='ocrx_word' id='word_1_605' title='bbox 2841 1678 2978 1732; x_wconf 88' lang='lat' dir='ltr'><strong>alius</strong></span> <span class='ocrx_word' id='word_1_606' title='bbox 3016 1679 3136 1747; x_wconf 87' lang='lat' dir='ltr'><strong>quis</strong></span> <span class='ocrx_word' id='word_1_607' title='bbox 3169 1680 3552 1752; x_wconf 71' lang='lat' dir='ltr'><strong>Episcoporum</strong></span> <span class='ocrx_word' id='word_1_608' title='bbox 3579 1684 3661 1739; x_wconf 73' lang='lat' dir='ltr'><strong>fa-</strong></span> 
     </span>
    </p>
   </div>
   <div class='ocr_carea' id='block_1_86' title="bbox 2058 1766 3660 1846">
    <p class='ocr_par' dir='ltr' id='par_1_86' title="bbox 2058 1766 3660 1846">
     <span class='ocr_line' id='line_1_88' title="bbox 2058 1766 3660 1846; baseline 0.004 -23"><span class='ocrx_word' id='word_1_609' title='bbox 2058 1768 2164 1823; x_wconf 88' lang='lat' dir='ltr'><strong>cile</strong></span> <span class='ocrx_word' id='word_1_610' title='bbox 2184 1783 2305 1823; x_wconf 89' lang='lat' dir='ltr'><strong>eum</strong></span> <span class='ocrx_word' id='word_1_611' title='bbox 2331 1768 2612 1838; x_wconf 71' lang='lat' dir='ltr'><strong>reperiret.</strong></span> <span class='ocrx_word' id='word_1_612' title='bbox 2650 1766 2823 1835; x_wconf 90' lang='lat' dir='ltr'><strong>Unde,</strong></span> <span class='ocrx_word' id='word_1_613' title='bbox 2855 1780 2915 1823; x_wconf 89' lang='lat' dir='ltr'><strong>et</strong></span> <span class='ocrx_word' id='word_1_614' title='bbox 2937 1772 3070 1825; x_wconf 89' lang='lat' dir='ltr'><strong>satis</strong></span> <span class='ocrx_word' id='word_1_615' title='bbox 3100 1772 3326 1827; x_wconf 86' lang='lat' dir='ltr'><strong>miratus</strong></span> <span class='ocrx_word' id='word_1_616' title='bbox 3354 1788 3494 1841; x_wconf 90' lang='lat' dir='ltr'><strong>sum,</strong></span> <span class='ocrx_word' id='word_1_617' title='bbox 3523 1790 3660 1846; x_wconf 84' lang='lat' dir='ltr'><strong>quo-</strong></span> 
     </span>
    </p>
   </div>
   <div class='ocr_carea' id='block_1_87' title="bbox 2060 1850 3658 1929">
    <p class='ocr_par' dir='ltr' id='par_1_87' title="bbox 2060 1850 3658 1929">
     <span class='ocr_line' id='line_1_89' title="bbox 2060 1850 3658 1929; baseline 0.004 -17"><span class='ocrx_word' id='word_1_618' title='bbox 2060 1858 2224 1913; x_wconf 87' lang='lat' dir='ltr'><strong>modo</strong></span> <span class='ocrx_word' id='word_1_619' title='bbox 2252 1858 2657 1929; x_wconf 88' lang='lat' dir='ltr'><strong>dispensatione</strong></span> <span class='ocrx_word' id='word_1_620' title='bbox 2682 1859 2776 1914; x_wconf 87' lang='lat' dir='ltr'><strong>Dei</strong></span> <span class='ocrx_word' id='word_1_621' title='bbox 2798 1857 2865 1912; x_wconf 90' lang='lat' dir='ltr'><strong>ad</strong></span> <span class='ocrx_word' id='word_1_622' title='bbox 2893 1874 2993 1914; x_wconf 92' lang='lat' dir='ltr'><strong>uos</strong></span> <span class='ocrx_word' id='word_1_623' title='bbox 3020 1861 3224 1915; x_wconf 81' lang='lat' dir='ltr'><strong>venerit</strong></span> <span class='ocrx_word' id='word_1_624' title='bbox 3254 1877 3374 1916; x_wconf 90' lang='lat' dir='ltr'><strong>eum</strong></span> <span class='ocrx_word' id='word_1_625' title='bbox 3409 1850 3658 1920; x_wconf 89' lang='lat' dir='ltr'><strong>Diaconis</strong></span> 
     </span>
    </p>
   </div>
   <div class='ocr_carea' id='block_1_88' title="bbox 2059 1938 3653 2020">
    <p class='ocr_par' dir='ltr' id='par_1_88' title="bbox 2059 1938 3653 2020">
     <span class='ocr_line' id='line_1_90' title="bbox 2059 1938 3653 2020; baseline 0.002 -17"><span class='ocrx_word' id='word_1_626' title='bbox 2059 1949 2396 2015; x_wconf 90' lang='lat' dir='ltr'><strong>monasterii,</strong></span> <span class='ocrx_word' id='word_1_627' title='bbox 2429 1958 2482 2002; x_wconf 90' lang='lat' dir='ltr'><strong>et</strong></span> <span class='ocrx_word' id='word_1_628' title='bbox 2508 1950 2721 2003; x_wconf 83' lang='lat' dir='ltr'><strong>caeteris</strong></span> <span class='ocrx_word' id='word_1_629' title='bbox 2747 1938 3024 2013; x_wconf 80' lang='lat' dir='ltr'><strong>fratribus,</strong></span> <span class='ocrx_word' id='word_1_630' title='bbox 3054 1958 3111 2003; x_wconf 91' lang='lat' dir='ltr'><strong>ut</strong></span> <span class='ocrx_word' id='word_1_631' title='bbox 3140 1940 3268 2004; x_wconf 83' lang='lat' dir='ltr'><strong>mihi</strong></span> <span class='ocrx_word' id='word_1_632' title='bbox 3296 1944 3653 2020; x_wconf 84' lang='lat' dir='ltr'><strong>satisfaceret,</strong></span> 
     </span>
    </p>
   </div>
   <div class='ocr_carea' id='block_1_89' title="bbox 2057 2030 3654 2112">
    <p class='ocr_par' dir='ltr' id='par_1_89' title="bbox 2057 2030 3654 2112">
     <span class='ocr_line' id='line_1_91' title="bbox 2057 2030 3654 2112; baseline 0.006 -22"><span class='ocrx_word' id='word_1_633' title='bbox 2057 2043 2178 2112; x_wconf 82' lang='lat' dir='ltr'><strong>quia</strong></span> <span class='ocrx_word' id='word_1_634' title='bbox 2221 2044 2404 2098; x_wconf 88' lang='lat' dir='ltr'><strong>nescio</strong></span> <span class='ocrx_word' id='word_1_635' title='bbox 2444 2042 2569 2112; x_wconf 89' lang='lat' dir='ltr'><strong>quid</strong></span> <span class='ocrx_word' id='word_1_636' title='bbox 2618 2044 2905 2099; x_wconf 70' lang='lat' dir='ltr'><strong>adversum</strong></span> <span class='ocrx_word' id='word_1_637' title='bbox 2950 2058 3045 2097; x_wconf 90' lang='lat' dir='ltr'><strong>eos</strong></span> <span class='ocrx_word' id='word_1_638' title='bbox 3092 2030 3353 2099; x_wconf 83' lang='lat' dir='ltr'><strong>habebam</strong></span> <span class='ocrx_word' id='word_1_639' title='bbox 3400 2045 3654 2100; x_wconf 65' lang='lat' dir='ltr'><strong>tristitiie.</strong></span> 
     </span>
    </p>
   </div>
   <div class='ocr_carea' id='block_1_90' title="bbox 2058 2120 3650 2201">
    <p class='ocr_par' dir='ltr' id='par_1_90' title="bbox 2058 2120 3650 2201">
     <span class='ocr_line' id='line_1_92' title="bbox 2058 2120 3650 2201; baseline 0.001 -15"><span class='ocrx_word' id='word_1_640' title='bbox 2058 2133 2191 2186; x_wconf 86' lang='lat' dir='ltr'><strong>Cum</strong></span> <span class='ocrx_word' id='word_1_641' title='bbox 2236 2133 2397 2201; x_wconf 77' lang='lat' dir='ltr'><strong>igitur</strong></span> <span class='ocrx_word' id='word_1_642' title='bbox 2445 2120 2814 2186; x_wconf 84' lang='lat' dir='ltr'><strong>celebraretur</strong></span> <span class='ocrx_word' id='word_1_643' title='bbox 2858 2124 3094 2187; x_wconf 88' lang='lat' dir='ltr'><strong>Collecta</strong></span> <span class='ocrx_word' id='word_1_644' title='bbox 3132 2133 3182 2186; x_wconf 84' lang='lat' dir='ltr'><strong>in</strong></span> <span class='ocrx_word' id='word_1_645' title='bbox 3227 2127 3451 2188; x_wconf 81' lang='lat' dir='ltr'><strong>ecclesia</strong></span> <span class='ocrx_word' id='word_1_646' title='bbox 3487 2127 3650 2200; x_wconf 62' lang='lat' dir='ltr'><strong>villa),</strong></span> 
     </span>
    </p>
   </div>
   <div class='ocr_carea' id='block_1_91' title="bbox 2057 2221 3648 2292">
    <p class='ocr_par' dir='ltr' id='par_1_91' title="bbox 2057 2221 3648 2292">
     <span class='ocr_line' id='line_1_93' title="bbox 2057 2221 3648 2292; baseline 0.001 -15"><span class='ocrx_word' id='word_1_647' title='bbox 2057 2238 2177 2292; x_wconf 73' lang='lat' dir='ltr'><strong>quae</strong></span> <span class='ocrx_word' id='word_1_648' title='bbox 2221 2234 2302 2277; x_wconf 82' lang='lat' dir='ltr'><strong>est</strong></span> <span class='ocrx_word' id='word_1_649' title='bbox 2344 2222 2494 2291; x_wconf 79' lang='lat' dir='ltr'><strong>juxta</strong></span> <span class='ocrx_word' id='word_1_650' title='bbox 2546 2221 2931 2276; x_wconf 87' lang='lat' dir='ltr'><strong>monasterium</strong></span> <span class='ocrx_word' id='word_1_651' title='bbox 2978 2230 3224 2276; x_wconf 85' lang='lat' dir='ltr'><strong>nostrum</strong></span> <span class='ocrx_word' id='word_1_652' title='bbox 3254 2263 3269 2289; x_wconf 94' lang='lat'><strong>,</strong></span> <span class='ocrx_word' id='word_1_653' title='bbox 3314 2223 3648 2292; x_wconf 81' lang='lat' dir='ltr'><strong>ignorantem</strong></span> 
     </span>
    </p>
   </div>
   <div class='ocr_carea' id='block_1_92' title="bbox 2058 2311 3649 2383">
    <p class='ocr_par' dir='ltr' id='par_1_92' title="bbox 2058 2311 3649 2383">
     <span class='ocr_line' id='line_1_94' title="bbox 2058 2311 3649 2383; baseline -0.002 -13"><span class='ocrx_word' id='word_1_654' title='bbox 2058 2330 2220 2378; x_wconf 88' lang='lat' dir='ltr'><strong>eum,</strong></span> <span class='ocrx_word' id='word_1_655' title='bbox 2264 2323 2319 2369; x_wconf 87' lang='lat' dir='ltr'><strong>et</strong></span> <span class='ocrx_word' id='word_1_656' title='bbox 2374 2313 2576 2368; x_wconf 81' lang='lat' dir='ltr'><strong>nullam</strong></span> <span class='ocrx_word' id='word_1_657' title='bbox 2634 2311 2846 2381; x_wconf 85' lang='lat' dir='ltr'><strong>penitus</strong></span> <span class='ocrx_word' id='word_1_658' title='bbox 2906 2312 3190 2367; x_wconf 88' lang='lat' dir='ltr'><strong>habentem</strong></span> <span class='ocrx_word' id='word_1_659' title='bbox 3253 2313 3649 2383; x_wconf 72' lang='lat' dir='ltr'><strong>snSpicioncm,</strong></span> 
     </span>
    </p>
   </div>
   <div class='ocr_carea' id='block_1_93' title="bbox 2061 2388 3671 2483">
    <p class='ocr_par' dir='ltr' id='par_1_93' title="bbox 2061 2388 3671 2483">
     <span class='ocr_line' id='line_1_95' title="bbox 2061 2388 3671 2483; baseline 0 -24"><span class='ocrx_word' id='word_1_660' title='bbox 2061 2419 2156 2474; x_wconf 90' lang='lat' dir='ltr'><strong>per</strong></span> <span class='ocrx_word' id='word_1_661' title='bbox 2184 2403 2391 2483; x_wconf 88' lang='lat' dir='ltr'><strong>multos</strong></span> <span class='ocrx_word' id='word_1_662' title='bbox 2415 2403 2679 2457; x_wconf 79' lang='lat' dir='ltr'><strong>DiaConos</strong></span> <span class='ocrx_word' id='word_1_663' title='bbox 2704 2398 3036 2483; x_wconf 81' lang='lat' dir='ltr'><strong>apprehendi</strong></span> <span class='ocrx_word' id='word_1_664' title='bbox 3061 2401 3323 2471; x_wconf 90' lang='lat' dir='ltr'><strong>jussimus</strong></span> <span class='ocrx_word' id='word_1_665' title='bbox 3347 2444 3362 2470; x_wconf 91' lang='lat'><strong>,</strong></span> <span class='ocrx_word' id='word_1_666' title='bbox 3392 2411 3449 2458; x_wconf 91' lang='lat' dir='ltr'><strong>et</strong></span> <span class='ocrx_word' id='word_1_667' title='bbox 3479 2388 3671 2459; x_wconf 21' lang='lat' dir='ltr'><strong>teneri.</strong></span> 
     </span>
    </p>
   </div>
   <div class='ocr_carea' id='block_1_94' title="bbox 2058 2478 3649 2576">
    <p class='ocr_par' dir='ltr' id='par_1_94' title="bbox 2058 2478 3649 2576">
     <span class='ocr_line' id='line_1_96' title="bbox 2058 2478 3649 2576; baseline -0.002 -23"><span class='ocrx_word' id='word_1_668' title='bbox 2058 2512 2119 2553; x_wconf 90' lang='lat' dir='ltr'><strong>os</strong></span> <span class='ocrx_word' id='word_1_669' title='bbox 2140 2497 2279 2567; x_wconf 83' lang='lat' dir='ltr'><strong>ejus,</strong></span> <span class='ocrx_word' id='word_1_670' title='bbox 2301 2511 2369 2576; x_wconf 85' lang='lat' dir='ltr'><strong>nc</strong></span> <span class='ocrx_word' id='word_1_671' title='bbox 2386 2480 2523 2550; x_wconf 83' lang='lat' dir='ltr'><strong>forte</strong></span> <span class='ocrx_word' id='word_1_672' title='bbox 2550 2478 2770 2549; x_wconf 86' lang='lat' dir='ltr'><strong>liberari</strong></span> <span class='ocrx_word' id='word_1_673' title='bbox 2795 2507 2854 2549; x_wconf 91' lang='lat' dir='ltr'><strong>se</strong></span> <span class='ocrx_word' id='word_1_674' title='bbox 2875 2484 3119 2576; x_wconf 78' lang='lat' dir='ltr'><strong>cupiens,</strong></span> <span class='ocrx_word' id='word_1_675' title='bbox 3138 2479 3529 2564; x_wconf 78' lang='lat' dir='ltr'><strong>adjttraret-nos</strong></span> <span class='ocrx_word' id='word_1_676' title='bbox 3549 2502 3649 2566; x_wconf 83' lang='lat' dir='ltr'><strong>per</strong></span> 
     </span>
    </p>
   </div>
   <div class='ocr_carea' id='block_1_95' title="bbox 2059 2574 3645 2656">
    <p class='ocr_par' dir='ltr' id='par_1_95' title="bbox 2059 2574 3645 2656">
     <span class='ocr_line' id='line_1_97' title="bbox 2059 2574 3645 2656; baseline -0.003 -12"><span class='ocrx_word' id='word_1_677' title='bbox 2059 2604 2252 2644; x_wconf 89' lang='lat' dir='ltr'><strong>nomen</strong></span> <span class='ocrx_word' id='word_1_678' title='bbox 2288 2574 2489 2643; x_wconf 85' lang='lat' dir='ltr'><strong>Christi</strong></span> <span class='ocrx_word' id='word_1_679' title='bbox 2524 2604 2538 2639; x_wconf 89' lang='lat'><strong>:</strong></span> <span class='ocrx_word' id='word_1_680' title='bbox 2570 2587 2625 2641; x_wconf 80' lang='lat' dir='ltr'><strong>et</strong></span> <span class='ocrx_word' id='word_1_681' title='bbox 2670 2586 2899 2656; x_wconf 74' lang='lat' dir='ltr'><strong>primurn</strong></span> <span class='ocrx_word' id='word_1_682' title='bbox 2933 2574 3227 2640; x_wconf 80' lang='lat' dir='ltr'><strong>DiaConum</strong></span> <span class='ocrx_word' id='word_1_683' title='bbox 3257 2578 3645 2650; x_wconf 80' lang='lat' dir='ltr'><strong>ordinavitnus,</strong></span> 
     </span>
    </p>
   </div>
   <div class='ocr_carea' id='block_1_96' title="bbox 2059 2663 3647 2760">
    <p class='ocr_par' dir='ltr' id='par_1_96' title="bbox 2059 2663 3647 2760">
     <span class='ocr_line' id='line_1_98' title="bbox 2059 2663 3647 2760; baseline -0.003 -24"><span class='ocrx_word' id='word_1_684' title='bbox 2059 2684 2421 2752; x_wconf 82' lang='lat' dir='ltr'><strong>propenenlcs</strong></span> <span class='ocrx_word' id='word_1_685' title='bbox 2442 2679 2487 2760; x_wconf 81' lang='lat' dir='ltr'><strong>ei</strong></span> <span class='ocrx_word' id='word_1_686' title='bbox 2522 2679 2768 2733; x_wconf 89' lang='lat' dir='ltr'><strong>timorem</strong></span> <span class='ocrx_word' id='word_1_687' title='bbox 2800 2663 2914 2759; x_wconf 82' lang='lat' dir='ltr'><strong>Dei,</strong></span> <span class='ocrx_word' id='word_1_688' title='bbox 2943 2685 2997 2731; x_wconf 89' lang='lat' dir='ltr'><strong>et</strong></span> <span class='ocrx_word' id='word_1_689' title='bbox 3020 2664 3426 2746; x_wconf 70' lang='lat' dir='ltr'><strong>compellantes,</strong></span> <span class='ocrx_word' id='word_1_690' title='bbox 3454 2682 3514 2730; x_wconf 77' lang='lat' dir='ltr'><strong>‘t‘tt</strong></span> <span class='ocrx_word' id='word_1_691' title='bbox 3539 2678 3647 2731; x_wconf 82' lang='lat' dir='ltr'><strong>mi-</strong></span> 
     </span>
    </p>
   </div>
   <div class='ocr_carea' id='block_1_97' title="bbox 2058 2756 3648 2839">
    <p class='ocr_par' dir='ltr' id='par_1_97' title="bbox 2058 2756 3648 2839">
     <span class='ocr_line' id='line_1_99' title="bbox 2058 2756 3648 2839; baseline -0.004 -11"><span class='ocrx_word' id='word_1_692' title='bbox 2058 2774 2344 2837; x_wconf 88' lang='lat' dir='ltr'><strong>nistraret;</strong></span> <span class='ocrx_word' id='word_1_693' title='bbox 2393 2756 2547 2824; x_wconf 87' lang='lat' dir='ltr'><strong>valde</strong></span> <span class='ocrx_word' id='word_1_694' title='bbox 2595 2767 2791 2839; x_wconf 84' lang='lat' dir='ltr'><strong>quippe</strong></span> <span class='ocrx_word' id='word_1_695' title='bbox 2836 2756 3217 2832; x_wconf 81' lang='lat' dir='ltr'><strong>obnitcbatur,</strong></span> <span class='ocrx_word' id='word_1_696' title='bbox 3264 2765 3537 2837; x_wconf 82' lang='lat' dir='ltr'><strong>indignum</strong></span> <span class='ocrx_word' id='word_1_697' title='bbox 3586 2781 3648 2822; x_wconf 82' lang='lat' dir='ltr'><strong>se</strong></span> 
     </span>
    </p>
   </div>
   <div class='ocr_carea' id='block_1_98' title="bbox 2060 2856 3648 2935">
    <p class='ocr_par' dir='ltr' id='par_1_98' title="bbox 2060 2856 3648 2935">
     <span class='ocr_line' id='line_1_100' title="bbox 2060 2856 3648 2935; baseline -0.004 -15"><span class='ocrx_word' id='word_1_698' title='bbox 2060 2877 2180 2920; x_wconf 90' lang='lat' dir='ltr'><strong>esse</strong></span> <span class='ocrx_word' id='word_1_699' title='bbox 2208 2861 2616 2935; x_wconf 3' lang='lat' dir='ltr'><strong>(g)pelamit.nns,</strong></span> <span class='ocrx_word' id='word_1_700' title='bbox 2641 2868 2695 2914; x_wconf 91' lang='lat' dir='ltr'><strong>et</strong></span> <span class='ocrx_word' id='word_1_701' title='bbox 2714 2872 2876 2929; x_wconf 81' lang='lat' dir='ltr'><strong>grave</strong></span> <span class='ocrx_word' id='word_1_702' title='bbox 2905 2872 3040 2911; x_wconf 92' lang='lat' dir='ltr'><strong>onus</strong></span> <span class='ocrx_word' id='word_1_703' title='bbox 3062 2856 3197 2911; x_wconf 88' lang='lat' dir='ltr'><strong>ultra</strong></span> <span class='ocrx_word' id='word_1_704' title='bbox 3226 2856 3365 2912; x_wconf 89' lang='lat' dir='ltr'><strong>vires</strong></span> <span class='ocrx_word' id='word_1_705' title='bbox 3383 2872 3506 2912; x_wconf 89' lang='lat' dir='ltr'><strong>suas</strong></span> <span class='ocrx_word' id='word_1_706' title='bbox 3523 2871 3648 2913; x_wconf 86' lang='lat' dir='ltr'><strong>esse</strong></span> 
     </span>
    </p>
   </div>
   <div class='ocr_carea' id='block_1_99' title="bbox 2059 2948 3646 3022">
    <p class='ocr_par' dir='ltr' id='par_1_99' title="bbox 2059 2948 3646 3022">
     <span class='ocr_line' id='line_1_101' title="bbox 2059 2948 3646 3022; baseline -0.006 -9"><span class='ocrx_word' id='word_1_707' title='bbox 2059 2963 2387 3014; x_wconf 81' lang='lat' dir='ltr'><strong>centestans.</strong></span> <span class='ocrx_word' id='word_1_708' title='bbox 2416 2953 2516 3009; x_wconf 81' lang='lat' dir='ltr'><strong>Vix</strong></span> <span class='ocrx_word' id='word_1_709' title='bbox 2543 2966 2671 3022; x_wconf 79' lang='lat' dir='ltr'><strong>ergo</strong></span> <span class='ocrx_word' id='word_1_710' title='bbox 2697 2950 3053 3021; x_wconf 89' lang='lat' dir='ltr'><strong>compulimus</strong></span> <span class='ocrx_word' id='word_1_711' title='bbox 3082 2950 3228 3017; x_wconf 86' lang='lat' dir='ltr'><strong>cum,</strong></span> <span class='ocrx_word' id='word_1_712' title='bbox 3247 2960 3300 3005; x_wconf 91' lang='lat' dir='ltr'><strong>et</strong></span> <span class='ocrx_word' id='word_1_713' title='bbox 3323 2948 3646 3020; x_wconf 87' lang='lat' dir='ltr'><strong>persuadere</strong></span> 
     </span>
    </p>
   </div>
   <div class='ocr_carea' id='block_1_100' title="bbox 2062 3036 3645 3120">
    <p class='ocr_par' dir='ltr' id='par_1_100' title="bbox 2062 3036 3645 3120">
     <span class='ocr_line' id='line_1_102' title="bbox 2062 3036 3645 3120; baseline -0.006 -15"><span class='ocrx_word' id='word_1_714' title='bbox 2062 3048 2329 3120; x_wconf 89' lang='lat' dir='ltr'><strong>potuimus</strong></span> <span class='ocrx_word' id='word_1_715' title='bbox 2361 3044 2682 3100; x_wconf 85' lang='lat' dir='ltr'><strong>testimoniis</strong></span> <span class='ocrx_word' id='word_1_716' title='bbox 2723 3036 3119 3111; x_wconf 86' lang='lat' dir='ltr'><strong>Scripturarum</strong></span> <span class='ocrx_word' id='word_1_717' title='bbox 3141 3082 3156 3107; x_wconf 92' lang='lat'><strong>,</strong></span> <span class='ocrx_word' id='word_1_718' title='bbox 3198 3050 3248 3094; x_wconf 90' lang='lat' dir='ltr'><strong>et</strong></span> <span class='ocrx_word' id='word_1_719' title='bbox 3278 3039 3645 3110; x_wconf 82' lang='lat' dir='ltr'><strong>propositione</strong></span> 
     </span>
    </p>
   </div>
   <div class='ocr_carea' id='block_1_101' title="bbox 2061 3127 3647 3203">
    <p class='ocr_par' dir='ltr' id='par_1_101' title="bbox 2061 3127 3647 3203">
     <span class='ocr_line' id='line_1_103' title="bbox 2061 3127 3647 3203; baseline -0.009 -9"><span class='ocrx_word' id='word_1_720' title='bbox 2061 3137 2432 3194; x_wconf 89' lang='lat' dir='ltr'><strong>mandatorum</strong></span> <span class='ocrx_word' id='word_1_721' title='bbox 2464 3136 2578 3190; x_wconf 90' lang='lat' dir='ltr'><strong>Dei.</strong></span> <span class='ocrx_word' id='word_1_722' title='bbox 2614 3134 2680 3188; x_wconf 86' lang='lat' dir='ltr'><strong>Et</strong></span> <span class='ocrx_word' id='word_1_723' title='bbox 2707 3148 2828 3188; x_wconf 89' lang='lat' dir='ltr'><strong>cum</strong></span> <span class='ocrx_word' id='word_1_724' title='bbox 2858 3127 3219 3195; x_wconf 82' lang='lat' dir='ltr'><strong>ministrasset</strong></span> <span class='ocrx_word' id='word_1_725' title='bbox 3248 3129 3357 3203; x_wconf 82' lang='lat' dir='ltr'><strong>[aL</strong></span> <span class='ocrx_word' id='word_1_726' title='bbox 3389 3130 3647 3184; x_wconf 75' lang='lat' dir='ltr'><strong>ministra.</strong></span> 
     </span>
    </p>
   </div>
   <div class='ocr_carea' id='block_1_102' title="bbox 2060 3212 3650 3302">
    <p class='ocr_par' dir='ltr' id='par_1_102' title="bbox 2060 3212 3650 3302">
     <span class='ocr_line' id='line_1_104' title="bbox 2060 3212 3650 3302; baseline -0.006 -16"><span class='ocrx_word' id='word_1_727' title='bbox 2060 3229 2159 3302; x_wconf 70' lang='lat' dir='ltr'><strong>reti</strong></span> <span class='ocrx_word' id='word_1_728' title='bbox 2181 3230 2234 3285; x_wconf 90' lang='lat' dir='ltr'><strong>in</strong></span> <span class='ocrx_word' id='word_1_729' title='bbox 2256 3228 2454 3283; x_wconf 79' lang='lat' dir='ltr'><strong>sanctis</strong></span> <span class='ocrx_word' id='word_1_730' title='bbox 2498 3212 2797 3290; x_wconf 83' lang='lat' dir='ltr'><strong>sacrificiis,</strong></span> <span class='ocrx_word' id='word_1_731' title='bbox 2830 3237 3015 3278; x_wconf 89' lang='lat' dir='ltr'><strong>rursus</strong></span> <span class='ocrx_word' id='word_1_732' title='bbox 3038 3238 3160 3278; x_wconf 92' lang='lat' dir='ltr'><strong>cum</strong></span> <span class='ocrx_word' id='word_1_733' title='bbox 3190 3222 3388 3293; x_wconf 64' lang='lat' dir='ltr'><strong>ingenti</strong></span> <span class='ocrx_word' id='word_1_734' title='bbox 3417 3216 3650 3278; x_wconf 85' lang='lat' dir='ltr'><strong>difficul-</strong></span> 
     </span>
    </p>
   </div>
   <div class='ocr_carea' id='block_1_103' title="bbox 2063 3302 3649 3390">
    <p class='ocr_par' dir='ltr' id='par_1_103' title="bbox 2063 3302 3649 3390">
     <span class='ocr_line' id='line_1_105' title="bbox 2063 3302 3649 3390; baseline -0.003 -12"><span class='ocrx_word' id='word_1_735' title='bbox 2063 3332 2172 3379; x_wconf 86' lang='lat' dir='ltr'><strong>tate</strong></span> <span class='ocrx_word' id='word_1_736' title='bbox 2210 3330 2356 3377; x_wconf 89' lang='lat' dir='ltr'><strong>tento</strong></span> <span class='ocrx_word' id='word_1_737' title='bbox 2395 3331 2489 3376; x_wconf 89' lang='lat' dir='ltr'><strong>ore</strong></span> <span class='ocrx_word' id='word_1_738' title='bbox 2527 3306 2680 3390; x_wconf 67' lang='lat' dir='ltr'><strong>ejus,</strong></span> <span class='ocrx_word' id='word_1_739' title='bbox 2722 3317 3086 3372; x_wconf 72' lang='lat' dir='ltr'><strong>ordinaVintus</strong></span> <span class='ocrx_word' id='word_1_740' title='bbox 3123 3302 3505 3385; x_wconf 78' lang='lat' dir='ltr'><strong>Presbyterum</strong></span> <span class='ocrx_word' id='word_1_741' title='bbox 3537 3333 3552 3370; x_wconf 89' lang='lat'><strong>:</strong></span> <span class='ocrx_word' id='word_1_742' title='bbox 3592 3318 3649 3373; x_wconf 65' lang='lat' dir='ltr'><strong>et</strong></span> 
     </span>
    </p>
   </div>
   <div class='ocr_carea' id='block_1_104' title="bbox 2052 3404 3647 3489">
    <p class='ocr_par' dir='ltr' id='par_1_104' title="bbox 2052 3404 3647 3489">
     <span class='ocr_line' id='line_1_106' title="bbox 2052 3404 3647 3489; baseline -0.004 -19"><span class='ocrx_word' id='word_1_743' title='bbox 2052 3415 2254 3489; x_wconf 22' lang='lat' dir='ltr'><strong>[iisdem</strong></span> <span class='ocrx_word' id='word_1_744' title='bbox 2284 3404 2481 3475; x_wconf 87' lang='lat' dir='ltr'><strong>verbis,</strong></span> <span class='ocrx_word' id='word_1_745' title='bbox 2511 3409 2704 3481; x_wconf 87' lang='lat' dir='ltr'><strong>quibus</strong></span> <span class='ocrx_word' id='word_1_746' title='bbox 2733 3418 2890 3463; x_wconf 89' lang='lat' dir='ltr'><strong>antea</strong></span> <span class='ocrx_word' id='word_1_747' title='bbox 2924 3422 3268 3489; x_wconf 81' lang='lat' dir='ltr'><strong>suaserantus</strong></span> <span class='ocrx_word' id='word_1_748' title='bbox 3289 3448 3305 3475; x_wconf 95' lang='lat'><strong>,</strong></span> <span class='ocrx_word' id='word_1_749' title='bbox 3339 3406 3647 3478; x_wconf 87' lang='lat' dir='ltr'><strong>impulimns</strong></span> 
     </span>
    </p>
   </div>
   <div class='ocr_carea' id='block_1_105' title="bbox 2066 3484 3650 3571">
    <p class='ocr_par' dir='ltr' id='par_1_105' title="bbox 2066 3484 3650 3571">
     <span class='ocr_line' id='line_1_107' title="bbox 2066 3484 3650 3571; baseline -0.006 -10"><span class='ocrx_word' id='word_1_750' title='bbox 2066 3516 2124 3561; x_wconf 93' lang='lat' dir='ltr'><strong>ut</strong></span> <span class='ocrx_word' id='word_1_751' title='bbox 2149 3505 2362 3561; x_wconf 87' lang='lat' dir='ltr'><strong>sederet</strong></span> <span class='ocrx_word' id='word_1_752' title='bbox 2387 3503 2439 3556; x_wconf 89' lang='lat' dir='ltr'><strong>in</strong></span> <span class='ocrx_word' id='word_1_753' title='bbox 2464 3501 2654 3558; x_wconf 79' lang='lat' dir='ltr'><strong>Ordine</strong></span> <span class='ocrx_word' id='word_1_754' title='bbox 2674 3498 3019 3571; x_wconf 81' lang='lat' dir='ltr'><strong>Presbyterii.</strong></span> <span class='ocrx_word' id='word_1_755' title='bbox 3044 3484 3309 3554; x_wconf 74' lang='lat' dir='ltr'><strong>Post&#39;bmc</strong></span> <span class='ocrx_word' id='word_1_756' title='bbox 3335 3498 3650 3569; x_wconf 87' lang='lat' dir='ltr'><strong>scripsimus</strong></span> 
     </span>
    </p>
   </div>
   <div class='ocr_carea' id='block_1_106' title="bbox 2064 3591 3652 3667">
    <p class='ocr_par' dir='ltr' id='par_1_106' title="bbox 2064 3591 3652 3667">
     <span class='ocr_line' id='line_1_108' title="bbox 2064 3591 3652 3667; baseline -0.008 -12"><span class='ocrx_word' id='word_1_757' title='bbox 2064 3600 2131 3655; x_wconf 91' lang='lat' dir='ltr'><strong>ad</strong></span> <span class='ocrx_word' id='word_1_758' title='bbox 2164 3608 2378 3654; x_wconf 89' lang='lat' dir='ltr'><strong>sanctos</strong></span> <span class='ocrx_word' id='word_1_759' title='bbox 2404 3597 2759 3667; x_wconf 77' lang='lat' dir='ltr'><strong>Presbyteros</strong></span> <span class='ocrx_word' id='word_1_760' title='bbox 2804 3593 3153 3660; x_wconf 89' lang='lat' dir='ltr'><strong>monasterii,</strong></span> <span class='ocrx_word' id='word_1_761' title='bbox 3195 3600 3251 3648; x_wconf 89' lang='lat' dir='ltr'><strong>et</strong></span> <span class='ocrx_word' id='word_1_762' title='bbox 3290 3601 3516 3648; x_wconf 71' lang='lat' dir='ltr'><strong>caeteros</strong></span> <span class='ocrx_word' id='word_1_763' title='bbox 3544 3591 3652 3645; x_wconf 85' lang='lat' dir='ltr'><strong>fra-</strong></span> 
     </span>
    </p>
   </div>
   <div class='ocr_carea' id='block_1_107' title="bbox 2069 3685 3653 3759">
    <p class='ocr_par' dir='ltr' id='par_1_107' title="bbox 2069 3685 3653 3759">
     <span class='ocr_line' id='line_1_109' title="bbox 2069 3685 3653 3759; baseline -0.006 -11"><span class='ocrx_word' id='word_1_764' title='bbox 2069 3701 2181 3748; x_wconf 90' lang='lat' dir='ltr'><strong>tres</strong></span> <span class='ocrx_word' id='word_1_765' title='bbox 2213 3709 2227 3745; x_wconf 93' lang='lat'><strong>:</strong></span> <span class='ocrx_word' id='word_1_766' title='bbox 2260 3702 2313 3745; x_wconf 88' lang='lat' dir='ltr'><strong>et</strong></span> <span class='ocrx_word' id='word_1_767' title='bbox 2351 3689 2744 3759; x_wconf 89' lang='lat' dir='ltr'><strong>increpavimus</strong></span> <span class='ocrx_word' id='word_1_768' title='bbox 2772 3700 2868 3743; x_wconf 90' lang='lat' dir='ltr'><strong>eos</strong></span> <span class='ocrx_word' id='word_1_769' title='bbox 2892 3726 2907 3752; x_wconf 93' lang='lat'><strong>,</strong></span> <span class='ocrx_word' id='word_1_770' title='bbox 2951 3700 3120 3756; x_wconf 86' lang='lat' dir='ltr'><strong>quare</strong></span> <span class='ocrx_word' id='word_1_771' title='bbox 3162 3693 3267 3741; x_wconf 80' lang='lat' dir='ltr'><strong>neu</strong></span> <span class='ocrx_word' id='word_1_772' title='bbox 3311 3685 3653 3756; x_wconf 88' lang='lat' dir='ltr'><strong>scripsissent</strong></span> 
     </span>
    </p>
   </div>
   <div class='ocr_carea' id='block_1_108' title="bbox 2069 3774 3651 3852">
    <p class='ocr_par' dir='ltr' id='par_1_108' title="bbox 2069 3774 3651 3852">
     <span class='ocr_line' id='line_1_110' title="bbox 2069 3774 3651 3852; baseline -0.007 -13"><span class='ocrx_word' id='word_1_773' title='bbox 2069 3796 2230 3852; x_wconf 74' lang='lat' dir='ltr'><strong>Super</strong></span> <span class='ocrx_word' id='word_1_774' title='bbox 2254 3795 2321 3837; x_wconf 89' lang='lat' dir='ltr'><strong>co</strong></span> <span class='ocrx_word' id='word_1_775' title='bbox 2348 3819 2361 3844; x_wconf 89' lang='lat'><strong>,</strong></span> <span class='ocrx_word' id='word_1_776' title='bbox 2398 3794 2518 3835; x_wconf 89' lang='lat' dir='ltr'><strong>cum</strong></span> <span class='ocrx_word' id='word_1_777' title='bbox 2548 3787 2676 3833; x_wconf 90' lang='lat' dir='ltr'><strong>ante</strong></span> <span class='ocrx_word' id='word_1_778' title='bbox 2701 3790 2902 3832; x_wconf 86' lang='lat' dir='ltr'><strong>annum</strong></span> <span class='ocrx_word' id='word_1_779' title='bbox 2932 3776 3130 3831; x_wconf 89' lang='lat' dir='ltr'><strong>multos</strong></span> <span class='ocrx_word' id='word_1_780' title='bbox 3156 3790 3343 3832; x_wconf 91' lang='lat' dir='ltr'><strong>eorum</strong></span> <span class='ocrx_word' id='word_1_781' title='bbox 3368 3774 3522 3845; x_wconf 89' lang='lat' dir='ltr'><strong>queri</strong></span> <span class='ocrx_word' id='word_1_782' title='bbox 3551 3786 3651 3829; x_wconf 87' lang='lat' dir='ltr'><strong>au-</strong></span> 
     </span>
    </p>
   </div>
   <div class='ocr_carea' id='block_1_109' title="bbox 2069 3865 3655 3939">
    <p class='ocr_par' dir='ltr' id='par_1_109' title="bbox 2069 3865 3655 3939">
     <span class='ocr_line' id='line_1_111' title="bbox 2069 3865 3655 3939; baseline -0.006 -11"><span class='ocrx_word' id='word_1_783' title='bbox 2069 3873 2305 3939; x_wconf 75' lang='lat' dir='ltr'><strong>dissem,</strong></span> <span class='ocrx_word' id='word_1_784' title='bbox 2345 3886 2441 3926; x_wconf 92' lang='lat' dir='ltr'><strong>cur</strong></span> <span class='ocrx_word' id='word_1_785' title='bbox 2472 3884 2578 3924; x_wconf 90' lang='lat' dir='ltr'><strong>non</strong></span> <span class='ocrx_word' id='word_1_786' title='bbox 2621 3868 2917 3930; x_wconf 89' lang='lat' dir='ltr'><strong>haberent.</strong></span> <span class='ocrx_word' id='word_1_787' title='bbox 2958 3867 3047 3937; x_wconf 90' lang='lat' dir='ltr'><strong>qui</strong></span> <span class='ocrx_word' id='word_1_788' title='bbox 3090 3866 3191 3922; x_wconf 89' lang='lat' dir='ltr'><strong>sibi</strong></span> <span class='ocrx_word' id='word_1_789' title='bbox 3229 3865 3439 3921; x_wconf 86' lang='lat' dir='ltr'><strong>D‘omini</strong></span> <span class='ocrx_word' id='word_1_790' title='bbox 3473 3879 3655 3921; x_wconf 82' lang='lat' dir='ltr'><strong>sarra-</strong></span> 
     </span>
    </p>
   </div>
   <div class='ocr_carea' id='block_1_110' title="bbox 2071 3945 3658 4027">
    <p class='ocr_par' dir='ltr' id='par_1_110' title="bbox 2071 3945 3658 4027">
     <span class='ocr_line' id='line_1_112' title="bbox 2071 3945 3658 4027; baseline -0.006 -7"><span class='ocrx_word' id='word_1_791' title='bbox 2071 3974 2252 4021; x_wconf 90' lang='lat' dir='ltr'><strong>mcnta</strong></span> <span class='ocrx_word' id='word_1_792' title='bbox 2298 3961 2629 4017; x_wconf 81' lang='lat' dir='ltr'><strong>conficerent</strong></span> <span class='ocrx_word' id='word_1_793' title='bbox 2655 3999 2671 4027; x_wconf 93' lang='lat'><strong>,</strong></span> <span class='ocrx_word' id='word_1_794' title='bbox 2722 3957 2777 4013; x_wconf 86' lang='lat' dir='ltr'><strong>et</strong></span> <span class='ocrx_word' id='word_1_795' title='bbox 2817 3945 2969 4013; x_wconf 88' lang='lat' dir='ltr'><strong>illum</strong></span> <span class='ocrx_word' id='word_1_796' title='bbox 3011 3970 3201 4013; x_wconf 88' lang='lat' dir='ltr'><strong>omnes</strong></span> <span class='ocrx_word' id='word_1_797' title='bbox 3239 3970 3338 4013; x_wconf 90' lang='lat' dir='ltr'><strong>suo</strong></span> <span class='ocrx_word' id='word_1_798' title='bbox 3370 3966 3658 4027; x_wconf 86' lang='lat' dir='ltr'><strong>poscerent</strong></span> 
     </span>
    </p>
   </div>
   <div class='ocr_carea' id='block_1_111' title="bbox 2073 4049 3659 4121">
    <p class='ocr_par' dir='ltr' id='par_1_111' title="bbox 2073 4049 3659 4121">
     <span class='ocr_line' id='line_1_113' title="bbox 2073 4049 3659 4121; baseline -0.006 -8"><span class='ocrx_word' id='word_1_799' title='bbox 2073 4055 2382 4113; x_wconf 89' lang='lat' dir='ltr'><strong>testimonio</strong></span> <span class='ocrx_word' id='word_1_800' title='bbox 2403 4095 2419 4119; x_wconf 95' lang='lat'><strong>,</strong></span> <span class='ocrx_word' id='word_1_801' title='bbox 2454 4061 2511 4108; x_wconf 91' lang='lat' dir='ltr'><strong>et</strong></span> <span class='ocrx_word' id='word_1_802' title='bbox 2547 4050 2806 4121; x_wconf 78' lang='lat' dir='ltr'><strong>grandem</strong></span> <span class='ocrx_word' id='word_1_803' title='bbox 2837 4049 3117 4106; x_wconf 89' lang='lat' dir='ltr'><strong>utilitatem</strong></span> <span class='ocrx_word' id='word_1_804' title='bbox 3151 4050 3204 4103; x_wconf 92' lang='lat' dir='ltr'><strong>in</strong></span> <span class='ocrx_word' id='word_1_805' title='bbox 3230 4063 3518 4105; x_wconf 87' lang='lat' dir='ltr'><strong>commune</strong></span> <span class='ocrx_word' id='word_1_806' title='bbox 3544 4064 3659 4103; x_wconf 80' lang='lat' dir='ltr'><strong>mo-</strong></span> 
     </span>
    </p>
   </div>
   <div class='ocr_carea' id='block_1_112' title="bbox 2075 4132 3661 4213">
    <p class='ocr_par' dir='ltr' id='par_1_112' title="bbox 2075 4132 3661 4213">
     <span class='ocr_line' id='line_1_114' title="bbox 2075 4132 3661 4213; baseline -0.008 -7"><span class='ocrx_word' id='word_1_807' title='bbox 2075 4149 2296 4207; x_wconf 88' lang='lat' dir='ltr'><strong>nasterii</strong></span> <span class='ocrx_word' id='word_1_808' title='bbox 2337 4152 2665 4202; x_wconf 87' lang='lat' dir='ltr'><strong>testarentur</strong></span> <span class='ocrx_word' id='word_1_809' title='bbox 2692 4158 2707 4195; x_wconf 88' lang='lat'><strong>:</strong></span> <span class='ocrx_word' id='word_1_810' title='bbox 2738 4156 2909 4213; x_wconf 87' lang='lat' dir='ltr'><strong>quare</strong></span> <span class='ocrx_word' id='word_1_811' title='bbox 2940 4149 3065 4197; x_wconf 90' lang='lat' dir='ltr'><strong>tunc</strong></span> <span class='ocrx_word' id='word_1_812' title='bbox 3101 4150 3315 4210; x_wconf 88' lang='lat' dir='ltr'><strong>reperta</strong></span> <span class='ocrx_word' id='word_1_813' title='bbox 3343 4132 3661 4212; x_wconf 85' lang='lat' dir='ltr'><strong>opportuni-</strong></span> 
     </span>
    </p>
   </div>
   <div class='ocr_carea' id='block_1_113' title="bbox 2078 4230 3660 4308">
    <p class='ocr_par' dir='ltr' id='par_1_113' title="bbox 2078 4230 3660 4308">
     <span class='ocr_line' id='line_1_115' title="bbox 2078 4230 3660 4308; baseline -0.006 -10"><span class='ocrx_word' id='word_1_814' title='bbox 2078 4253 2187 4303; x_wconf 88' lang='lat' dir='ltr'><strong>tate</strong></span> <span class='ocrx_word' id='word_1_815' title='bbox 2218 4257 2324 4297; x_wconf 91' lang='lat' dir='ltr'><strong>uou</strong></span> <span class='ocrx_word' id='word_1_816' title='bbox 2345 4238 2687 4308; x_wconf 88' lang='lat' dir='ltr'><strong>scripsissent</strong></span> <span class='ocrx_word' id='word_1_817' title='bbox 2714 4233 2900 4301; x_wconf 89' lang='lat' dir='ltr'><strong>nobis,</strong></span> <span class='ocrx_word' id='word_1_818' title='bbox 2936 4247 3111 4304; x_wconf 82' lang='lat' dir='ltr'><strong>neque</strong></span> <span class='ocrx_word' id='word_1_819' title='bbox 3136 4246 3300 4304; x_wconf 88' lang='lat' dir='ltr'><strong>super</strong></span> <span class='ocrx_word' id='word_1_820' title='bbox 3323 4230 3660 4288; x_wconf 89' lang='lat' dir='ltr'><strong>ordinatione</strong></span> 
     </span>
    </p>
   </div>
   <div class='ocr_carea' id='block_1_114' title="bbox 2077 4329 2841 4406">
    <p class='ocr_par' dir='ltr' id='par_1_114' title="bbox 2077 4329 2841 4406">
     <span class='ocr_line' id='line_1_116' title="bbox 2077 4329 2841 4406; baseline -0.017 -14"><span class='ocrx_word' id='word_1_821' title='bbox 2077 4335 2192 4406; x_wconf 85' lang='lat' dir='ltr'><strong>ejus</strong></span> <span class='ocrx_word' id='word_1_822' title='bbox 2220 4332 2417 4403; x_wconf 84' lang='lat' dir='ltr'><strong>aliquid</strong></span> <span class='ocrx_word' id='word_1_823' title='bbox 2455 4329 2841 4400; x_wconf 83' lang='lat' dir='ltr'><strong>poposcissent.</strong></span> 
     </span>
    </p>
   </div>
   <div class='ocr_carea' id='block_1_115' title="bbox 2148 4408 3656 4482">
    <p class='ocr_par' dir='ltr' id='par_1_115' title="bbox 2148 4408 3656 4482">
     <span class='ocr_line' id='line_1_117' title="bbox 2148 4408 3656 4482; baseline -0.007 -2"><span class='ocrx_word' id='word_1_824' title='bbox 2148 4425 2204 4481; x_wconf 73' lang='grc'><strong>2.</strong></span> <span class='ocrx_word' id='word_1_825' title='bbox 2234 4424 2360 4479; x_wconf 77' lang='lat' dir='ltr'><strong>llazc</strong></span> <span class='ocrx_word' id='word_1_826' title='bbox 2388 4422 2461 4477; x_wconf 91' lang='lat' dir='ltr'><strong>ita</strong></span> <span class='ocrx_word' id='word_1_827' title='bbox 2487 4428 2604 4475; x_wconf 89' lang='lat' dir='ltr'><strong>acta</strong></span> <span class='ocrx_word' id='word_1_828' title='bbox 2633 4426 2792 4482; x_wconf 86' lang='lat' dir='ltr'><strong>sunt,</strong></span> <span class='ocrx_word' id='word_1_829' title='bbox 2828 4418 2886 4471; x_wconf 90' lang='lat' dir='ltr'><strong>ut</strong></span> <span class='ocrx_word' id='word_1_830' title='bbox 2931 4416 3143 4472; x_wconf 85' lang='lat' dir='ltr'><strong>locutus</strong></span> <span class='ocrx_word' id='word_1_831' title='bbox 3169 4424 3286 4470; x_wconf 84' lang='lat' dir='ltr'><strong>sum</strong></span> <span class='ocrx_word' id='word_1_832' title='bbox 3309 4455 3324 4479; x_wconf 93' lang='lat'><strong>,</strong></span> <span class='ocrx_word' id='word_1_833' title='bbox 3353 4408 3407 4468; x_wconf 89' lang='lat' dir='ltr'><strong>in</strong></span> <span class='ocrx_word' id='word_1_834' title='bbox 3430 4412 3656 4469; x_wconf 85' lang='lat' dir='ltr'><strong>caritate</strong></span> 
     </span>
    </p>
   </div>
   <div class='ocr_carea' id='block_1_116' title="bbox 2079 4500 3656 4585">
    <p class='ocr_par' dir='ltr' id='par_1_116' title="bbox 2079 4500 3656 4585">
     <span class='ocr_line' id='line_1_118' title="bbox 2079 4500 3656 4585; baseline -0.008 -13"><span class='ocrx_word' id='word_1_835' title='bbox 2079 4515 2314 4583; x_wconf 87' lang='lat' dir='ltr'><strong>Christi,</strong></span> <span class='ocrx_word' id='word_1_836' title='bbox 2359 4528 2519 4585; x_wconf 87' lang='lat' dir='ltr'><strong>quam</strong></span> <span class='ocrx_word' id='word_1_837' title='bbox 2566 4521 2619 4567; x_wconf 90' lang='lat' dir='ltr'><strong>te</strong></span> <span class='ocrx_word' id='word_1_838' title='bbox 2655 4524 2781 4581; x_wconf 75' lang='lat' dir='ltr'><strong>erga</strong></span> <span class='ocrx_word' id='word_1_839' title='bbox 2826 4507 3140 4578; x_wconf 85' lang='lat' dir='ltr'><strong>parvitatem</strong></span> <span class='ocrx_word' id='word_1_840' title='bbox 3183 4514 3421 4560; x_wconf 88' lang='lat' dir='ltr'><strong>nostram</strong></span> <span class='ocrx_word' id='word_1_841' title='bbox 3466 4500 3656 4560; x_wconf 71' lang='lat' dir='ltr'><strong>lubere</strong></span> 
     </span>
    </p>
   </div>
   <div class='ocr_carea' id='block_1_117' title="bbox 2081 4596 3664 4676">
    <p class='ocr_par' dir='ltr' id='par_1_117' title="bbox 2081 4596 3664 4676">
     <span class='ocr_line' id='line_1_119' title="bbox 2081 4596 3664 4676; baseline -0.009 -10"><span class='ocrx_word' id='word_1_842' title='bbox 2081 4609 2365 4666; x_wconf 88' lang='lat' dir='ltr'><strong>credebam</strong></span> <span class='ocrx_word' id='word_1_843' title='bbox 2398 4625 2411 4663; x_wconf 92' lang='lat'><strong>:</strong></span> <span class='ocrx_word' id='word_1_844' title='bbox 2440 4618 2742 4676; x_wconf 89' lang='lat' dir='ltr'><strong>quanquam</strong></span> <span class='ocrx_word' id='word_1_845' title='bbox 2771 4603 2821 4656; x_wconf 91' lang='lat' dir='ltr'><strong>in</strong></span> <span class='ocrx_word' id='word_1_846' title='bbox 2851 4599 3179 4657; x_wconf 87' lang='lat' dir='ltr'><strong>monasterio</strong></span> <span class='ocrx_word' id='word_1_847' title='bbox 3205 4596 3588 4662; x_wconf 83' lang='lat' dir='ltr'><strong>&#39;ordinaverint,</strong></span> <span class='ocrx_word' id='word_1_848' title='bbox 3613 4603 3664 4652; x_wconf 78' lang='lat' dir='ltr'><strong>ct</strong></span> 
     </span>
    </p>
   </div>
   <div class='ocr_carea' id='block_1_118' title="bbox 2086 4684 3666 4769">
    <p class='ocr_par' dir='ltr' id='par_1_118' title="bbox 2086 4684 3666 4769">
     <span class='ocr_line' id='line_1_120' title="bbox 2086 4684 3666 4769; baseline -0.009 -13"><span class='ocrx_word' id='word_1_849' title='bbox 2086 4716 2191 4756; x_wconf 88' lang='lat' dir='ltr'><strong>non</strong></span> <span class='ocrx_word' id='word_1_850' title='bbox 2216 4701 2266 4755; x_wconf 91' lang='lat' dir='ltr'><strong>in</strong></span> <span class='ocrx_word' id='word_1_851' title='bbox 2291 4699 2549 4769; x_wconf 77' lang='lat' dir='ltr'><strong>parmcia,</strong></span> <span class='ocrx_word' id='word_1_852' title='bbox 2580 4709 2701 4765; x_wconf 69' lang='lat' dir='ltr'><strong>qua:</strong></span> <span class='ocrx_word' id='word_1_853' title='bbox 2743 4692 2837 4747; x_wconf 84' lang='lat' dir='ltr'><strong>tibi</strong></span> <span class='ocrx_word' id='word_1_854' title='bbox 2865 4690 3106 4761; x_wconf 80' lang='lat' dir='ltr'><strong>subjecta</strong></span> <span class='ocrx_word' id='word_1_855' title='bbox 3140 4689 3230 4745; x_wconf 78' lang='lat' dir='ltr'><strong>sit.</strong></span> <span class='ocrx_word' id='word_1_856' title='bbox 3266 4684 3311 4744; x_wconf 83' lang='grc' dir='ltr'><strong>Ο</strong></span> <span class='ocrx_word' id='word_1_857' title='bbox 3340 4702 3466 4743; x_wconf 88' lang='lat' dir='ltr'><strong>vere</strong></span> <span class='ocrx_word' id='word_1_858' title='bbox 3500 4686 3666 4742; x_wconf 86' lang='lat' dir='ltr'><strong>henc-</strong></span> 
     </span>
    </p>
   </div>
   <div class='ocr_carea' id='block_1_119' title="bbox 2085 4774 3666 4862">
    <p class='ocr_par' dir='ltr' id='par_1_119' title="bbox 2085 4774 3666 4862">
     <span class='ocr_line' id='line_1_121' title="bbox 2085 4774 3666 4862; baseline -0.009 -13"><span class='ocrx_word' id='word_1_859' title='bbox 2085 4794 2226 4849; x_wconf 86' lang='lat' dir='ltr'><strong>dicta</strong></span> <span class='ocrx_word' id='word_1_860' title='bbox 2255 4792 2640 4862; x_wconf 83' lang='lat' dir='ltr'><strong>EpiscOporum</strong></span> <span class='ocrx_word' id='word_1_861' title='bbox 2684 4784 2847 4857; x_wconf 85' lang='lat' dir='ltr'><strong>Cypri</strong></span> <span class='ocrx_word' id='word_1_862' title='bbox 2879 4781 3231 4841; x_wconf 84' lang='lat' dir='ltr'><strong>mansuetudo</strong></span> <span class='ocrx_word' id='word_1_863' title='bbox 3262 4785 3317 4836; x_wconf 81' lang='lat' dir='ltr'><strong>et</strong></span> <span class='ocrx_word' id='word_1_864' title='bbox 3351 4774 3582 4845; x_wconf 87' lang='lat' dir='ltr'><strong>bonitas,</strong></span> <span class='ocrx_word' id='word_1_865' title='bbox 3614 4788 3666 4835; x_wconf 89' lang='lat' dir='ltr'><strong>et</strong></span> 
     </span>
    </p>
   </div>
   <div class='ocr_carea' id='block_1_120' title="bbox 2090 4868 3674 4944">
    <p class='ocr_par' dir='ltr' id='par_1_120' title="bbox 2090 4868 3674 4944">
     <span class='ocr_line' id='line_1_122' title="bbox 2090 4868 3674 4944; baseline -0.008 -6"><span class='ocrx_word' id='word_1_866' title='bbox 2090 4893 2271 4939; x_wconf 89' lang='lat' dir='ltr'><strong>nostra</strong></span> <span class='ocrx_word' id='word_1_867' title='bbox 2299 4880 2570 4938; x_wconf 72' lang='lat' dir='ltr'><strong>rusticitas</strong></span> <span class='ocrx_word' id='word_1_868' title='bbox 2597 4894 2758 4933; x_wconf 89' lang='lat' dir='ltr'><strong>sensu</strong></span> <span class='ocrx_word' id='word_1_869' title='bbox 2790 4882 2880 4931; x_wconf 84' lang='lat' dir='ltr'><strong>tuo</strong></span> <span class='ocrx_word' id='word_1_870' title='bbox 2907 4885 2960 4931; x_wconf 90' lang='lat' dir='ltr'><strong>et</strong></span> <span class='ocrx_word' id='word_1_871' title='bbox 2982 4868 3244 4930; x_wconf 83' lang='lat' dir='ltr'><strong>arbitratu</strong></span> <span class='ocrx_word' id='word_1_872' title='bbox 3274 4873 3431 4944; x_wconf 76' lang='lat' dir='ltr'><strong>digna</strong></span> <span class='ocrx_word' id='word_1_873' title='bbox 3462 4871 3674 4927; x_wconf 87' lang='lat' dir='ltr'><strong>miscri-</strong></span> 
     </span>
    </p>
   </div>
   <div class='ocr_carea' id='block_1_121' title="bbox 2088 4956 3675 5047">
    <p class='ocr_par' dir='ltr' id='par_1_121' title="bbox 2088 4956 3675 5047">
     <span class='ocr_line' id='line_1_123' title="bbox 2088 4956 3675 5047; baseline -0.011 -14"><span class='ocrx_word' id='word_1_874' title='bbox 2088 4976 2271 5034; x_wconf 89' lang='lat' dir='ltr'><strong>cordia</strong></span> <span class='ocrx_word' id='word_1_875' title='bbox 2298 4973 2414 5029; x_wconf 92' lang='lat' dir='ltr'><strong>Dei.</strong></span> <span class='ocrx_word' id='word_1_876' title='bbox 2445 4971 2577 5026; x_wconf 81' lang='lat' dir='ltr'><strong>Nam</strong></span> <span class='ocrx_word' id='word_1_877' title='bbox 2605 4968 2756 5047; x_wconf 80' lang='lat' dir='ltr'><strong>multi</strong></span> <span class='ocrx_word' id='word_1_878' title='bbox 2788 4956 3035 5038; x_wconf 80' lang='lat' dir='ltr'><strong>EpiscOpi</strong></span> <span class='ocrx_word' id='word_1_879' title='bbox 3060 4963 3452 5020; x_wconf 89' lang='lat' dir='ltr'><strong>communionis</strong></span> <span class='ocrx_word' id='word_1_880' title='bbox 3476 4969 3675 5017; x_wconf 76' lang='lat' dir='ltr'><strong>nostra:</strong></span> 
     </span>
    </p>
   </div>
   <div class='ocr_carea' id='block_1_122' title="bbox 2091 5053 3677 5137">
    <p class='ocr_par' dir='ltr' id='par_1_122' title="bbox 2091 5053 3677 5137">
     <span class='ocr_line' id='line_1_124' title="bbox 2091 5053 3677 5137; baseline -0.011 -12"><span class='ocrx_word' id='word_1_881' title='bbox 2091 5079 2145 5125; x_wconf 91' lang='lat' dir='ltr'><strong>et</strong></span> <span class='ocrx_word' id='word_1_882' title='bbox 2166 5066 2515 5137; x_wconf 86' lang='lat' dir='ltr'><strong>Presbyteros</strong></span> <span class='ocrx_word' id='word_1_883' title='bbox 2542 5062 2593 5116; x_wconf 91' lang='lat' dir='ltr'><strong>in</strong></span> <span class='ocrx_word' id='word_1_884' title='bbox 2621 5070 2803 5116; x_wconf 90' lang='lat' dir='ltr'><strong>nostra</strong></span> <span class='ocrx_word' id='word_1_885' title='bbox 2820 5057 3205 5137; x_wconf 82' lang='lat' dir='ltr'><strong>ordinaverunt</strong></span> <span class='ocrx_word' id='word_1_886' title='bbox 3227 5053 3519 5126; x_wconf 87' lang='lat' dir='ltr'><strong>provincia,</strong></span> <span class='ocrx_word' id='word_1_887' title='bbox 3540 5066 3677 5125; x_wconf 87' lang='lat' dir='ltr'><strong>quos</strong></span> 
     </span>
    </p>
   </div>
   <div class='ocr_carea' id='block_1_123' title="bbox 2160 5212 3675 5309">
    <p class='ocr_par' dir='ltr' id='par_1_123' title="bbox 2160 5212 3675 5309">
     <span class='ocr_line' id='line_1_125' title="bbox 2160 5212 3675 5309; baseline -0.015 -12"><span class='ocrx_word' id='word_1_888' title='bbox 2160 5212 2572 5309; x_wconf 19' lang='lat' dir='ltr'><strong>(e)»?ra‘postero</strong></span> <span class='ocrx_word' id='word_1_889' title='bbox 2593 5237 2765 5309; x_wconf 74' lang='lat' dir='ltr'><strong>ordine</strong></span> <span class='ocrx_word' id='word_1_890' title='bbox 2807 5235 3064 5309; x_wconf 71' lang='lat' dir='ltr'><strong>vetustiss.</strong></span> <span class='ocrx_word' id='word_1_891' title='bbox 3090 5232 3248 5309; x_wconf 60' lang='lat' dir='ltr'><strong>Yatie.</strong></span> <span class='ocrx_word' id='word_1_892' title='bbox 3277 5222 3675 5309; x_wconf 47' lang='lat' dir='ltr'><strong>cntempla:</strong></span> 
     </span>
    </p>
   </div>
   <div class='ocr_carea' id='block_1_124' title="bbox 2095 5290 3678 5375">
    <p class='ocr_par' dir='ltr' id='par_1_124' title="bbox 2095 5290 3678 5375">
     <span class='ocr_line' id='line_1_126' title="bbox 2095 5290 3678 5375; baseline -0.001 1"><span class='ocrx_word' id='word_1_893' title='bbox 2095 5290 2549 5375; x_wconf 55' lang='grc' dir='ltr'><strong>δίιῑᾰῦιᾱξὲὅεὶέέέεε</strong></span> <span class='ocrx_word' id='word_1_894' title='bbox 2571 5299 2917 5375; x_wconf 31' lang='grc' dir='ltr'><strong>ερίεςορρτρςιηε</strong></span> <span class='ocrx_word' id='word_1_895' title='bbox 2933 5290 3678 5375; x_wconf 51' lang='grc' dir='ltr'><strong>(εαρὲζιὲιὲεὲίὶἳῗωεέίὲηξῖἶὲ</strong></span> 
     </span>
    </p>
   </div>
   <div class='ocr_carea' id='block_1_125' title="bbox 2098 5353 3681 5426">
    <p class='ocr_par' dir='ltr' id='par_1_125' title="bbox 2098 5353 3681 5426">
     <span class='ocr_line' id='line_1_127' title="bbox 2098 5353 3681 5426; baseline -0.015 -5"><span class='ocrx_word' id='word_1_896' title='bbox 2098 5353 2351 5421; x_wconf 59' lang='lat' dir='ltr'><strong>é‘iiziii&#39;iu’</strong></span> <span class='ocrx_word' id='word_1_897' title='bbox 2366 5353 2525 5417; x_wconf 74' lang='lat' dir='ltr'><strong>veteri</strong></span> <span class='ocrx_word' id='word_1_898' title='bbox 2557 5353 2711 5426; x_wconf 77' lang='lat' dir='ltr'><strong>prima</strong></span> <span class='ocrx_word' id='word_1_899' title='bbox 2741 5353 2981 5421; x_wconf 68' lang='lat' dir='ltr'><strong>editione</strong></span> <span class='ocrx_word' id='word_1_900' title='bbox 3000 5353 3266 5420; x_wconf 80' lang='lat' dir='ltr'><strong>legendum</strong></span> <span class='ocrx_word' id='word_1_901' title='bbox 3290 5353 3386 5406; x_wconf 79' lang='lat' dir='ltr'><strong>est.</strong></span> <span class='ocrx_word' id='word_1_902' title='bbox 3415 5353 3525 5404; x_wconf 73' lang='lat' dir='ltr'><strong>Mox</strong></span> <span class='ocrx_word' id='word_1_903' title='bbox 3565 5353 3681 5400; x_wconf 59' lang='lat' dir='ltr'><strong>Amt-</strong></span> 
     </span>
    </p>
   </div>
   <div class='ocr_carea' id='block_1_126' title="bbox 2097 5434 2873 5485">
    <p class='ocr_par' dir='ltr' id='par_1_126' title="bbox 2097 5434 2873 5485">
     <span class='ocr_line' id='line_1_128' title="bbox 2097 5434 2873 5485; baseline -0.023 -2"><span class='ocrx_word' id='word_1_904' title='bbox 2097 5434 2231 5482; x_wconf 86' lang='lat' dir='ltr'><strong>bros.</strong></span> <span class='ocrx_word' id='word_1_905' title='bbox 2256 5441 2399 5485; x_wconf 79' lang='lat' dir='ltr'><strong>super</strong></span> <span class='ocrx_word' id='word_1_906' title='bbox 2419 5438 2565 5476; x_wconf 85' lang='lat' dir='ltr'><strong>unam</strong></span> <span class='ocrx_word' id='word_1_907' title='bbox 2584 5434 2873 5474; x_wconf 78' lang='lat' dir='ltr'><strong>mensuram.</strong></span> 
     </span>
    </p>
   </div>
   <div class='ocr_carea' id='block_1_127' title="bbox 2160 5475 3678 5556">
    <p class='ocr_par' dir='ltr' id='par_1_127' title="bbox 2160 5475 3678 5556">
     <span class='ocr_line' id='line_1_129' title="bbox 2160 5475 3678 5556; baseline -0.017 -2"><span class='ocrx_word' id='word_1_908' title='bbox 2258 5475 2469 5556; x_wconf 37' lang='lat' dir='ltr'><strong>gestias</strong></span> <span class='ocrx_word' id='word_1_909' title='bbox 2504 5486 2630 5537; x_wconf 78' lang='lat' dir='ltr'><strong>forte</strong></span> <span class='ocrx_word' id='word_1_910' title='bbox 2653 5484 2958 5534; x_wconf 80' lang='lat' dir='ltr'><strong>Ambrosian.</strong></span> <span class='ocrx_word' id='word_1_911' title='bbox 2987 5478 3241 5543; x_wconf 76' lang='lat' dir='ltr'><strong>exemplar</strong></span> <span class='ocrx_word' id='word_1_912' title='bbox 3264 5485 3307 5529; x_wconf 90' lang='lat' dir='ltr'><strong>te</strong></span> <span class='ocrx_word' id='word_1_913' title='bbox 3332 5475 3551 5528; x_wconf 83' lang='lat' dir='ltr'><strong>voculatn</strong></span> <span class='ocrx_word' id='word_1_914' title='bbox 3585 5479 3678 5525; x_wconf 79' lang='lat' dir='ltr'><strong>nol</strong></span> 
     </span>
    </p>
   </div>
   <div class='ocr_carea' id='block_1_128' title="bbox 2100 5560 3682 5686">
    <p class='ocr_par' dir='ltr' id='par_1_128' title="bbox 2100 5560 3682 5686">
     <span class='ocr_line' id='line_1_130' title="bbox 2100 5560 3682 5686; baseline -0.015 -19"><span class='ocrx_word' id='word_1_915' title='bbox 2100 5560 2431 5686; x_wconf 34' lang='lat' dir='ltr'><strong>ﬂigi/terna</strong></span> <span class='ocrx_word' id='word_1_916' title='bbox 2455 5607 2790 5686; x_wconf 51' lang='lat' dir='ltr'><strong>clamitans,“</strong></span> <span class='ocrx_word' id='word_1_917' title='bbox 2810 5617 2955 5686; x_wconf 58' lang='lat' dir='ltr'><strong>grave</strong></span> <span class='ocrx_word' id='word_1_918' title='bbox 2978 5615 3097 5686; x_wconf 62' lang='lat' dir='ltr'><strong>unus</strong></span> <span class='ocrx_word' id='word_1_919' title='bbox 3119 5598 3249 5686; x_wconf 59' lang='lat' dir='ltr'><strong>ultr‘a</strong></span> <span class='ocrx_word' id='word_1_920' title='bbox 3273 5598 3397 5672; x_wconf 57' lang='lat' dir='ltr'><strong>uires</strong></span> <span class='ocrx_word' id='word_1_921' title='bbox 3417 5596 3528 5648; x_wconf 78' lang='lat' dir='ltr'><strong>suas</strong></span> <span class='ocrx_word' id='word_1_922' title='bbox 3546 5607 3682 5686; x_wconf 57' lang='lat' dir='ltr'><strong>esse,</strong></span> 
     </span>
    </p>
   </div>
   <div class='ocr_carea' id='block_1_129' title="bbox 2101 5661 3683 5789">
    <p class='ocr_par' dir='ltr' id='par_1_129' title="bbox 2101 5661 3683 5789">
     <span class='ocr_line' id='line_1_131' title="bbox 2101 5661 3683 5788; baseline -0.013 -63"><span class='ocrx_word' id='word_1_923' title='bbox 2101 5661 2311 5788; x_wconf 48' lang='lat' dir='ltr'><strong>Eulalia</strong></span> <span class='ocrx_word' id='word_1_924' title='bbox 2338 5676 2588 5736; x_wconf 80' lang='lat' dir='ltr'><strong>hucusque</strong></span> <span class='ocrx_word' id='word_1_925' title='bbox 2622 5661 2768 5720; x_wconf 78' lang='lat' dir='ltr'><strong>editis</strong></span> <span class='ocrx_word' id='word_1_926' title='bbox 2805 5661 3047 5725; x_wconf 73' lang='lat' dir='ltr'><strong>deerant,</strong></span> <span class='ocrx_word' id='word_1_927' title='bbox 3083 5661 3420 5735; x_wconf 75' lang='lat' dir='ltr'><strong>supplevimus</strong></span> <span class='ocrx_word' id='word_1_928' title='bbox 3457 5673 3519 5709; x_wconf 74' lang='lat' dir='ltr'><strong>ex</strong></span> <span class='ocrx_word' id='word_1_929' title='bbox 3565 5661 3683 5708; x_wconf 60' lang='lat' dir='ltr'><strong>Ain.</strong></span> 
     </span>
     <span class='ocr_line' id='line_1_132' title="bbox 2138 5748 2355 5789; baseline -0.032 0"><span class='ocrx_word' id='word_1_930' title='bbox 2138 5748 2237 5789; x_wconf 65' lang='grc' dir='ltr'><strong>τοι.</strong></span> <span class='ocrx_word' id='word_1_931' title='bbox 2316 5751 2355 5785; x_wconf 83' lang='lat' dir='ltr'><strong>S.</strong></span> 
     </span>
    </p>
   </div>
   <div class='ocr_carea' id='block_1_130' title="bbox 2138 5751 2355 5789">
    <p class='ocr_par' dir='ltr' id='par_1_130' title="bbox 2138 5751 2355 5789">
     <span class='ocr_line' id='line_1_133' title="bbox 2138 5751 2355 5789; baseline -0.037 1"><span class='ocrx_word' id='word_1_932' title='bbox 2138 5751 2237 5789; x_wconf 72' lang='grc' dir='ltr'><strong>τοο.</strong></span> <span class='ocrx_word' id='word_1_933' title='bbox 2266 5751 2355 5785; x_wconf 75' lang='lat' dir='ltr'><strong>MS.</strong></span> 
     </span>
    </p>
   </div>
   <div class='ocr_carea' id='block_1_131' title="bbox 2946 5790 3329 5883">
    <p class='ocr_par' dir='ltr' id='par_1_131' title="bbox 2946 5790 3329 5883">
     <span class='ocr_line' id='line_1_134' title="bbox 2946 5790 3329 5883; baseline -0.008 -17"><span class='ocrx_word' id='word_1_934' title='bbox 2946 5790 3329 5883; x_wconf 58' lang='lat' dir='ltr'><strong>(Dim-sapt.)</strong></span> 
     </span>
    </p>
   </div>
  </div>
