4146 6336
546 330 648 386 ὔίθ

544 463 641 502 nos
664 441 1117 514 comprehendere
1158 457 1260 495 non
1304 453 1608 509 poteramus
1635 485 1649 508 ,
1692 452 1745 497 et
1770 441 2030 495 miserunt
2052 438 2118 493 ad

545 551 642 591 nos
671 535 933 590 Diaconos
958 541 1012 589 et
1036 532 1465 604 llypodiaconos,
1487 547 1624 604 quos
1645 532 1978 601 suscepimus
1997 544 2118 586 cum

541 626 730 696 gratia.
761 624 828 679 Et
860 624 973 693 ipse
997 623 1304 678 cohortatus
1331 639 1449 678 stitit
1481 624 1648 679 beata:
1678 624 1951 679 memoria:
1992 622 2118 677 Phi-

544 717 719 771 lonem
741 713 1085 784 Episcomim,
1113 726 1167 769 et
1193 724 1433 769 sanctum
1459 716 1536 786 (α)
1557 715 1958 784 'l‘heoprepmn,
1978 724 2036 769 ut
2066 714 2117 768 in

541 805 784 861 ecclesiis
808 806 990 877 Cypri,
1013 820 1132 875 quae
1154 806 1301 875 juxta
1329 819 1388 861 sc
1415 817 1587 871 erant,
1611 805 1678 859 ad
1752 803 1915 877 244
1988 820 2120 860 mete

542 906 721 954 autem
753 897 998 967 parotcire
1044 895 1357 952 videbantur
1396 895 1677 951 ecclesiam
1723 896 1987 965 pertinere
2010 937 2025 960 ,
2054 909 2119 950 eo

543 988 685 1057 quod
711 988 926 1057 grandis
956 996 1119 1052 esset,
1150 996 1204 1041 et
1244 987 1347 1040 late
1381 995 1567 1054 patens
1597 984 1887 1054 provincia,
1933 984 2119 1038 ordina

545 1090 664 1138 rent
681 1081 1046 1151 Presbyteros,
1067 1088 1123 1134 et
1136 1076 1331 1132 Christi
1346 1075 1595 1131 Ecclesia:
1613 1072 2120 1144 providerent.Nun-

542 1189 700 1243 quam
728 1183 904 1227 autem
934 1186 1037 1241 ego
1065 1167 1305 1223 ordinavi
1339 1167 1675 1222 Diaconissas
1697 1207 1712 1233 ,
1738 1173 1794 1221 et
1820 1165 1887 1221 ad
1915 1165 2122 1221 alienas

544 1266 661 1320 misi
709 1262 1044 1335 provincias,
1082 1275 1255 1331 neque
1292 1258 1391 1316 feci
1420 1259 1704 1330 quicquam
1744 1265 1801 1313 ut
1841 1256 2121 1314 ecclesiam

540 1357 868 1411 seinderem.
898 1352 1032 1420 Quid
1063 1365 1193 1423 ergo
1219 1349 1314 1406 tibi
1341 1351 1511 1405 visum
1540 1360 1644 1414 est,
1668 1349 1748 1404 sic
1776 1346 2009 1420 graviter
2043 1347 2123 1400 in-

542 1457 840 1502 tumescere
867 1452 922 1500 et
944 1443 1133 1513 jactari
1157 1449 1343 1496 contra
1375 1454 1473 1495 nos
1499 1455 1597 1510 pro
1621 1454 1785 1509 opere
1817 1438 1909 1493 Dei
1934 1479 1947 1504 ,
1980 1435 2120 1507 quod

541 1543 593 1594 in
626 1536 1028 1594 aedificationem
1052 1577 1067 1599 ,
1104 1543 1160 1590 et
1201 1548 1306 1587 non
1347 1533 1399 1587 in
1439 1531 1859 1587 destructionem
1896 1528 2120 1584 fratrum

541 1631 738 1687 factum
767 1630 882 1688 est?
905 1629 1007 1686 Sed
1035 1638 1089 1684 et
1115 1626 1241 1682 illud
1272 1625 1620 1681 vehementer
1643 1622 1935 1678 admiratus
1959 1636 2077 1675 sum
2104 1663 2117 1687 ,

541 1725 681 1795 quod
710 1723 844 1779 meis
888 1723 1097 1777 locutus
1122 1732 1183 1774 es
1226 1718 1448 1775 Clericis
1472 1758 1486 1784 ,
1516 1730 1766 1771 asserens
1796 1723 1848 1769 te
1879 1728 1973 1784 per
1999 1728 2121 1767 san-

541 1826 683 1872 ctttm
713 1814 1087 1886 Presbyterum
1117 1821 1172 1867 et
1208 1810 1468 1866 Abbalcm
1497 1806 1881 1863 monachorum
1912 1804 2116 1875 Grego-

520 1908 677 1962 ‘rium
711 1904 992 1960 mandasse
1020 1902 1151 1958 mihi
1178 1941 1193 1967 ,
1227 1915 1294 1956 ne
1328 1912 1649 1970 quemquam
1689 1896 1991 1951 ordinarcm
2022 1914 2033 1949 :
2065 1904 2120 1951 ct

540 2015 641 2071 ego
671 1998 773 2054 hoc
796 1997 1061 2069 pollicitus
1088 1996 1212 2062 sim,
1232 1993 1449 2048 dicens:
1471 1990 1717 2059 Nunquid
1748 1988 1957 2059 juvenis
1980 2002 2118 2052 sum,

534 2100 633 2147 aut
665 2103 901 2146 canones
935 2087 1162 2159 ignoro?
1208 2084 1345 2140 Audi
1392 2083 1549 2153 igitur
1593 2081 1870 2136 veritatem
1915 2079 1969 2133 in
2010 2093 2122 2133 ser-

543 2198 699 2237 mone
724 2182 837 2247 Dei,
868 2195 953 2234 me
984 2179 1086 2234 hoc
1112 2192 1210 2233 nec
1238 2176 1470 2236 audisse.
1503 2188 1601 2229 nec
1630 2187 1811 2239 nosse,
1846 2185 1944 2227 uec
1970 2170 2121 2226 istius

540 2273 807 2330 sermonis
833 2272 1044 2343 penitus
1081 2268 1371 2324 recordari.
1416 2265 1728 2335 Suspicatus
1756 2272 1935 2317 autem
1978 2276 2118 2324 smn,

524 2381 609 2422 ‘ne
644 2364 863 2420 forsitan
892 2363 1033 2416 inter
1070 2360 1233 2414 multa
1255 2398 1271 2424 ,
1308 2356 1457 2426 quasi
1488 2355 1650 2435 homo
1677 2352 1875 2408 oblitus
1904 2365 2078 2407 essem
2105 2366 2117 2403 :

518 2465 594 2512 νει
637 2454 708 2510 ob
749 2453 889 2508 hanc
926 2464 1144 2508 causam
1182 2458 1425 2504 sanctum
1465 2445 1781 2517 Gregorium
1823 2441 2123 2499 sciscitatus

539 2561 681 2611 sum,
711 2553 767 2600 ct
793 2543 1066 2599 Zenonem
1094 2540 1514 2610 Presbyterum,
1558 2538 1646 2606 qui
1682 2549 1806 2591 cum
1839 2548 1907 2591 eo
1944 2543 2047 2590 est.
2078 2532 2121 2587 Ε

542 2637 733 2707 quibus
778 2634 956 2689 Abbas
989 2633 1278 2703 Gregorius
1320 2629 1595 2700 respondit
1621 2670 1634 2693 ,
1680 2641 1739 2684 se
1779 2627 1881 2682 hoc
1910 2627 2122 2696 penitus

543 2730 807 2797 ignorare.
852 2724 1033 2780 Zenon
1059 2733 1236 2778 autem
1265 2721 1428 2786 dixit,
1456 2720 1576 2791 quia
1601 2735 1722 2775 cum
1752 2719 1803 2775 ei
1836 2718 2123 2787 Presbyter

522 2818 785 2873 sRnffinus
810 2817 993 2872 nescio
1013 2832 1132 2887 quas
1156 2814 1258 2869 alia
1281 2812 1583 2869 transitorie
1603 2811 1934 2883 loqueretur,
1960 2809 2120 2866 etiam

543 2911 643 2964 hoc
671 2908 866 2964 dixerit
896 2926 908 2962 :
941 2908 1171 2963 Putasne
1195 2905 1400 2975 aliquos
1422 2902 1766 2958 ordinaturus
1796 2909 1879 2957 est
1903 2908 2123 2957 sanctus

544 3002 839 3073 Episcopus
861 3000 968 3075 [ιιι.
1001 2983 1376 3072 ΕνὶρΙιαηιιὶΠ
1396 3006 1449 3052 et
1470 2996 1743 3067 hucusque
1762 2994 1978 3051 stetisse
2003 3008 2119 3049 ser-

541 3110 775 3150 monem.
809 3093 919 3162 Ego
939 3101 1116 3148 autem
1136 3088 1466 3159 Epiphanius
1485 3101 1584 3143 nec
1608 3084 1785 3142 audivi
1810 3085 2119 3156 quicquam,

522 3201 643 3241 ~ncc
668 3183 942 3256 respondi.
972 3182 1149 3248 Unde,
1177 3180 1522 3236 dilectissime
1543 3220 1559 3244 ,
1594 3192 1705 3235 non
1744 3187 1796 3234 te
1831 3175 2123 3248 prteveniat

522 3277 710 3343 furor,
743 3289 840 3331 nec
868 3281 1093 3344 occupet
1120 3271 1433 3342 indignatio,
1460 3285 1557 3325 nec
1583 3268 1778 3324 frustra
1804 3266 2071 3323 movearis
2103 3282 2116 3319 :

540 3374 596 3421 et
620 3365 763 3421 aliud
787 3364 1000 3432 dolens,
1033 3370 1085 3418 te
1122 3370 1299 3417 vertas
1321 3359 1388 3415 ad
1415 3360 1517 3415 alia
1542 3401 1556 3425 ,
1601 3369 1656 3414 ut
1681 3357 1940 3430 peccandi
1965 3372 2122 3413 occa-

522 3457 750 3511 sionem
782 3454 1051 3511 invenisse
1076 3452 1327 3508 videaris.
1366 3450 1518 3520 Quod
1559 3450 1820 3521 Propheta
1856 3449 2115 3514 devitans,

548 3545 829 3603 hominum
852 3551 1119 3616 precatur,
1142 3542 1325 3598 dicens
1352 3558 1367 3597 :
1395 3559 1416 3594 ι
1439 3540 1555 3597 Νοη
1574 3540 1812 3598 declines
1829 3556 1926 3596 cor
1945 3554 2120 3595 mcum

544 3639 594 3692 in
637 3635 803 3692 verba
840 3632 1059 3690 malitia:
1086 3647 1105 3686 :
1148 3633 1215 3689 ad
1257 3631 1627 3690 excusaudans
1666 3631 2037 3688 excusationes
2067 3630 2121 3685 in

523 3727 773 3798 peccatis
800 3744 821 3780 ι
856 3724 979 3800 (Ps.
1002 3724 1125 3782 tto.
1154 3724 1233 3797 4).

610 3821 666 3876 3.
699 3818 830 3875 llud
856 3832 1069 3891 quoque
1086 3816 1310 3874 audiens
1332 3817 1628 3873 admiratus
1657 3831 1797 3880 sum,
1831 3816 1973 3885 quod
2002 3816 2122 3884 qui-

520 3913 661 3967 ~dam
686 3951 704 3978 ,
731 3911 821 3984 qui
859 3912 1033 3968 solent
1071 3912 1212 3968 ultro
1237 3910 1479 3983 citroque
1507 3920 1719 3981 portare
1763 3908 2118 3974 rumusculos,

525 4013 598 4062 ~et
626 4004 709 4060 his
736 4018 854 4075 quae
883 4002 1168 4059 audierunt
1196 4017 1408 4074 semper
1444 4001 1641 4071 aliquid
1679 4000 1877 4057 addere
1900 4043 1913 4065 ,
1946 4010 1999 4055 ut
2027 3999 2122 4054 tri-

536 4096 716 4153 stitias
743 4104 798 4152 et.
821 4096 964 4151 rixas
993 4095 1132 4150 inter
1155 4093 1346 4150 fratres
1374 4093 1659 4159 concitent,
1687 4100 1751 4148 te
1779 4106 1989 4162 quoque
2011 4101 2121 4147 tur-

538 4191 840 4253 baverunt.
893 4196 949 4245 et
997 4189 1283 4255 dixerunt,
1343 4189 1484 4257 quod
1524 4189 1575 4241 in
1614 4187 1856 4243 oratione
1906 4200 2053 4257 quan
2071 4186 2121 4240 lo

535 4279 819 4338 offerimus
857 4279 1117 4335 sacrificia
1159 4279 1266 4334 Deo
1292 4318 1308 4344 ,
1347 4279 1617 4334 soleamus
1657 4293 1753 4348 pro
1791 4287 1843 4333 te
1879 4278 2060 4334 dicere
2103 4295 2117 4329 :

545 4395 567 4429 ι
594 4374 846 4441 Domine,
870 4380 1066 4443 prmsta
1091 4371 1305 4439 Joanni,
1328 4380 1388 4425 ut
1415 4379 1561 4425 recte
1584 4369 1785 4425 credat.
1819 4389 1839 4423 ι
1866 4370 1981 4426 Noli
2023 4385 2122 4426 nos

540 4473 593 4527 in
622 4480 826 4527 tantum
874 4480 1061 4539 putare
1092 4466 1339 4528 rusticos,
1363 4471 1422 4519 ut
1456 4465 1557 4520 hoc
1588 4472 1697 4518 tam
1728 4472 1913 4533 aperte
1940 4464 2121 4521 dicere

543 4561 891 4631 potuerimus.
919 4557 1234 4628 Quanquam
1263 4554 1407 4611 enim
1432 4553 1539 4610 hoc
1566 4555 1618 4608 in
1648 4554 1810 4610 corde
1834 4569 1955 4609 meo
1980 4568 2121 4609 sem-

540 4668 637 4723 per
661 4666 809 4707 orem
837 4693 852 4718 ,
886 4658 1060 4705 tamen
1092 4644 1149 4705 ut
1190 4647 1506 4718 simpliciter
1535 4645 1732 4713 fatear,
1768 4647 2118 4717 nunquam'in

539 4747 744 4802 alienas
771 4758 927 4799 aures
949 4742 1166 4813 protuli,
1193 4757 1263 4796 ne
1290 4750 1342 4795 te
1367 4739 1579 4795 viderer
1604 4739 2010 4810 parvipendcre,
2038 4739 2118 4795 di-

541 4835 853 4894 lectissime.
882 4832 1105 4901 Quando
1179 4830 1339 4904 m
1411 4840 1589 4885 autem
1638 4831 1969 4901 complemus
1998 4848 2121 4886 ora-

545 4929 748 4985 tionem
771 4923 1062 4980 secundum
1081 4923 1240 4977 ritum
1263 4924 1662 4993 mysteriorum,
1678 4933 1734 4977 et
1760 4936 1857 4992 pro
1873 4924 2122 4979 omnibus

542 5029 598 5076 et
617 5032 715 5090 pro
738 5026 789 5073 te
810 5029 1022 5087 quoque
1048 5014 1277 5069 dicimus
1307 5030 1320 5067 :
1345 5031 1364 5064 ι
1391 5013 1609 5067 Custodi
1639 5013 1789 5069 illum
1819 5015 1907 5084 qui
1931 5014 2123 5083 pra-di-

544 5119 632 5166 cat
650 5109 966 5165 veritatem:
1005 5125 1025 5159 i
1054 5106 1139 5161 vel
1162 5114 1311 5162 certe
1336 5105 1410 5159 ita
1437 5121 1455 5164 :
1490 5124 1509 5157 t
1535 5104 1613 5160 Tu
1641 5107 2120 5175 prmsta,’Dominc,

542 5211 598 5258 et
626 5196 937 5265 custodi,ut
958 5196 1047 5252 ille
1076 5196 1296 5252 verbum
1328 5196 1587 5266 praedicet
1606 5197 1848 5252 veritatis
1880 5213 1894 5250 :
1935 5215 1954 5248 ι
1986 5196 2124 5254 sicut

542 5292 755 5349 occasio
779 5288 1045 5346 sermonis
1070 5301 1130 5344 se
1154 5286 1357 5354 tulerit,
1381 5296 1436 5343 et
1463 5287 1710 5344 habuerit
1735 5288 1907 5343 oratio
1928 5303 2123 5346 conse-

543 5384 836 5457 qumttiam.
865 5380 1204 5452 QuaprOpter
1246 5377 1472 5433 obsecro
1502 5386 1555 5433 te
1577 5418 1592 5443 ,
1636 5377 1981 5437 dilectissime
2011 5422 2025 5448 ,
2071 5389 2125 5437 et

599 5581 672 5648 (α)
706 5582 788 5632 Sic
814 5578 1177 5648 emendavimus
1211 5590 1272 5627 cx
1299 5578 1550 5648 antiquiss.
1577 5575 1886 5648 Via-ticano‘et
1921 5580 2125 5648 Anthro-

535 5638 675 5696 εἰςιῖιὸ
733 5642 1002 5705 eaeiiqiari
1028 5676 1042 5697 ,
1084 5653 1195 5689 cum
1236 5646 1380 5705 antea
1418 5638 1557 5705 esset
1604 5638 1924 5705 'I'Iteoprobum
1968 5641 2122 5705 latino

536 5709 711 5769 partim
732 5713 782 5755 et
822 5699 992 5768 partim
1015 5702 1411 5769 grarconomine.
1438 5699 1589 5751 Paulo
1614 5699 1757 5765 supra
1792 5715 1963 5753 vocem
2014 5702 2124 5752 nia-

539 5765 681 5818 ‘eonos
705 5765 894 5817 vetus-ta
921 5769 1037 5815 edit.
1066 5778 1160 5813 noti
1186 5765 1349 5813 habet.

1839 323 2080 382 SANCTI
2120 323 2497 383 IIIERONYMI

3701 317 3812 401 sse

2229 440 2507 497 advolutus
2537 444 2755 513 pedibus
2782 448 2885 502 tuis
2918 463 3124 518 precor,
3149 460 3344 520 prtesta
3368 452 3497 509 mihi
3525 461 3582 509 et
3608 452 3725 518 tibi,
3750 465 3809 510 ut

2225 532 2482 601 solveris,
2514 537 2668 592 sicuti
2707 538 2965 609 scriptum
3005 540 3130 609 est,
3178 561 3198 595 ‹
3225 558 3253 597 a
3293 544 3646 616 generatione
3688 562 3811 616 pcr-

2224 640 2411 692 versa;
2443 647 2461 680 i
2491 638 2547 684 et
2572 631 2761 686 recede
2790 632 2857 687 ab
2893 632 3083 689 haeresi
3126 635 3374 706 Origenis
3396 677 3414 703 ,
3455 646 3511 693 et
3539 654 3569 693 a
3598 640 3810 693 cunctis

2225 717 2558 785 harresibus,
2603 721 2969 793 dilectissime.
3016 727 3182 784 Video
3210 729 3353 783 enim
3395 730 3539 799 quod
3590 740 3810 801 prepter

2226 807 2362 864 hanc
2407 824 2622 866 causam
2660 814 2836 869 omnis
2876 824 3055 872 vestra
3096 815 3212 889 [aL
3254 818 3473 891 nostra]
3516 820 3814 890 indignatio

2225 900 2484 956 concitata
2515 902 2605 967 sit,
2638 903 2778 973 quod
2804 905 3031 962 dixerim
3065 908 3216 964 vobis
3238 908 3336 982 (ὁ),
3363 911 3473 966 Arii
3499 919 3730 981 patrem,
3763 924 3816 967 et

2225 992 2446 1048 aliarum
2480 995 2755 1052 Interescou
2786 999 3046 1067 radicem,
3075 1011 3130 1057 et
3156 1012 3431 1072 parentem
3452 1003 3671 1060 laudare
3706 1022 3813 1060 non

2224 1083 2449 1141 debetis.
2484 1085 2552 1143 Et
2578 1102 2699 1143 cum
2746 1104 2840 1145 vos
2870 1105 3113 1162 regarem
3137 1135 3151 1157 ,
3207 1109 3277 1148 nc
3309 1096 3379 1150 ita
3422 1096 3676 1152 erraretis
3704 1138 3720 1164 ,
3761 1110 3815 1152 et

2226 1193 2519 1247 monerem,
2551 1182 2977 1251 contradixistis,
3008 1194 3062 1239 et
3102 1184 3172 1256 (c)
3207 1202 3289 1241 me
3317 1187 3384 1242 ad
3412 1188 3685 1243 tristitiam
3732 1199 3811 1242 at-

2225 1286 2331 1342 que
2358 1272 2624 1343 lacrymas
2648 1274 2968 1331 adduxistis.
3001 1277 3116 1331 Non
3144 1278 3317 1333 solum
3350 1287 3530 1335 autem
3562 1295 3682 1347 me,
3720 1282 3814 1335 sed

2226 1368 2280 1416 et
2306 1361 2443 1416 alios
2472 1363 2732 1432 plurimos
2766 1364 3064 1420 catholicos
3088 1367 3177 1435 qui
3210 1367 3522 1423 intererant.
3555 1368 3682 1424 Inde
3705 1412 3722 1434 ,
3761 1381 3816 1422 nt

2227 1449 2485 1522 intelligo,
2519 1451 2635 1510 hrec
2657 1464 2738 1509 est
2768 1455 2945 1509 omnis
2971 1456 3264 1526 indignatio
3289 1499 3302 1522 ,
3330 1469 3384 1513 et
3414 1458 3516 1515 iste
3542 1459 3708 1516 furor.
3747 1460 3814 1513 lit

2171 1561 2182 1573 -
2227 1539 2426 1597 ideirco
2452 1544 2855 1599 comminamini
2880 1586 2895 1609 ,
2938 1545 3080 1615 quod
3131 1547 3356 1603 mittatis
3398 1547 3681 1605 adversum
3722 1566 3811 1606 mc

2193 1630 2500 1701 «epistolas,
2533 1642 2588 1688 ut
2617 1632 2721 1690 huc
2770 1635 3002 1706 illucque
3048 1652 3229 1693 sermo
3281 1650 3456 1695 vester
3506 1639 3805 1705 discurrat;

2222 1730 2282 1777 et
2321 1730 2538 1792 propter
2562 1722 2929 1779 defensionem
2963 1725 3232 1783 hmrescos
3260 1727 3542 1785 adversum
3570 1746 3654 1786 me
3686 1733 3809 1787 odia

2225 1815 2580 1882 suscitantes,
2609 1817 2856 1887 rumpitis
2878 1819 3159 1873 caritatem
3204 1834 3363 1890 quam
3403 1822 3455 1875 in
3487 1838 3581 1876 vos
3622 1823 3811 1877 habui-

2226 1919 2345 1961 mus
2385 1923 2400 1961 :
2432 1907 2711 1962 intautum
2756 1916 2814 1963 ut
2857 1908 3093 1964 feceritis
3116 1924 3221 1966 nos
3249 1911 3412 1966 etiam
3442 1913 3811 1981 paenitentiam

2224 2012 2404 2069 agere,
2437 2014 2603 2071 quare
2628 1999 2783 2057 vobis
2810 2002 3385 2059 communicaverimus
3406 2044 3420 2068 ,
3451 2002 3520 2059 ita
3560 2003 3811 2075 Origenis

2225 2102 2441 2145 errores
2470 2099 2525 2145 et
2551 2089 2799 2160 dogmata
2822 2090 2902 2161 (ά)
2929 2090 3306 2149 defendentes.

2295 2181 2349 2236 4.
2382 2180 2708 2250 Simpliciter
2747 2181 2937 2252 loquor
2965 2181 3058 2254 [aL
3092 2180 3292 2255 loquar]
3325 2201 3339 2236 :
3371 2198 3470 2240 nos
3506 2185 3800 2240 secundum

2226 2272 2369 2344 quod
2393 2274 2649 2343 scriptum
2671 2281 2776 2340 est,
2800 2287 2897 2329 nec
2921 2274 3079 2329 oculo
3105 2284 3293 2330 nostro
3310 2275 3598 2345 parcimus,
3620 2285 3677 2330 ut
3703 2293 3808 2331 non

2225 2365 2542 2423 effodiamus
2566 2382 2688 2423 eum
2716 2408 2730 2430 .
2755 2367 2802 2423 si
2831 2381 2930 2423 nos
2955 2367 3437 2424 scandalizavcrit:
3466 2384 3566 2425 nec
3592 2371 3769 2425 manui
3788 2412 3804 2436 ,

2225 2471 2397 2529 neque
2421 2457 2585 2528 pedi,
2614 2458 2660 2513 si
2689 2458 2844 2514 nobis
2882 2458 3194 2514 scandalum
3223 2459 3430 2516 fecerit.
3462 2460 3531 2515 Et
3557 2474 3654 2516 vos
3681 2475 3810 2530 ergo

2225 2549 2342 2605 sive
2376 2550 2518 2605 oculi
2556 2552 2767 2616 nostri,
2806 2551 2921 2606 sive
2961 2564 3185 2616 manus,
3226 2552 3341 2606 sive
3367 2553 3533 2622 pedes
3569 2552 3806 2615 fueritis.

2225 2640 2421 2696 similia
2466 2642 2818 2697 sustinebitis.
2858 2640 2988 2708 Quis
3027 2641 3173 2698 enim
3212 2641 3597 2699 catholicorum
3642 2644 3811 2713 possit

2227 2746 2381 2803 teque
2417 2734 2598 2788 animo
2640 2734 2951 2801 sustinere,
2998 2744 3052 2790 ct
3092 2750 3281 2792 eorum
3323 2736 3415 2806 qui
3456 2735 3617 2791 fidem
3656 2750 3808 2790 suam

2226 2825 2381 2880 bonis
2407 2825 2662 2895 operibus
2687 2835 2971 2893 exornant,
3004 2835 3060 2882 ut
3088 2826 3306 2883 audiant
3332 2826 3576 2897 Origenis
3648 2826 3811 2901 25.6

2226 2914 2523 2971 doctrinam
2552 2924 2712 2985 atque
2740 2917 3044 2984 consilium,
3075 2916 3299 2974 credant
3342 2918 3614 2990 praeclara:
3666 2920 3809 2974 illius

2226 3007 2591 3078 prmdicationi
2617 3026 2630 3064 :
2654 3008 2771 3065 Non
2796 3018 2971 3079 potest
2992 3010 3158 3066 Filius
3173 3010 3356 3068 videre
3380 3012 3613 3079 Patrem,
3637 3027 3811 3082 neque

2223 3098 2456 3169 Spiritus
2480 3108 2696 3155 sanctus
2726 3099 2909 3155 videre
2926 3100 3119 3155 Filium
3141 3100 3305 3157 illico
3330 3100 3385 3156 in
3416 3102 3564 3156 libris
3593 3111 3695 3174 περὶ
3716 3095 3810 3175 Ap-

2228 3203 2321 3260 χῶν
2346 3192 2656 3247 scribuntur
2680 3232 2693 3253 ,
2725 3192 2809 3248 his
2836 3192 3014 3248 verbis
3040 3193 3284 3263 legimus,
3311 3200 3367 3249 et
3393 3194 3465 3249 ita
3496 3194 3702 3251 locutus
3725 3207 3811 3252 cst

2226 3281 2504 3354 Origenes.
2541 3302 2561 3336 ί
2583 3283 2731 3339 Sicut
2757 3284 2903 3339 enim
2932 3284 3280 3355 incongruum
3309 3294 3391 3341 est
3420 3285 3598 3342 dicere
3620 3328 3633 3352 ,
3662 3288 3809 3359 quod

2226 3376 2395 3445 possit
2434 3374 2605 3431 Filius
2642 3376 2824 3432 videre
2868 3377 3080 3432 Patrem
3105 3418 3118 3443 ,
3170 3377 3248 3433 sic
3292 3377 3683 3450 inconsequens
3723 3390 3811 3437 est

2225 3466 2453 3536 opinari,
2477 3467 2620 3537 quod
2645 3466 2877 3536 Spiritus
2901 3477 3119 3523 sanctus
3147 3469 3316 3538 possit
3336 3468 3517 3525 videre
3538 3470 3748 3525 Filium.
3781 3491 3801 3525 ι

2227 3557 2359 3613 Illud
2392 3572 2605 3629 quoque
2629 3558 2747 3628 quis
2780 3558 3065 3629 Origenem
3095 3558 3361 3615 dicentem
3385 3559 3635 3633 patiatur,
3664 3562 3808 3631 quod

2226 3649 2419 3705 anima:
2445 3691 2462 3715 ,
2504 3649 2681 3719 angeli
2708 3648 2909 3705 fuerint
2941 3651 2993 3705 in
3023 3650 3171 3706 ca-lis
3196 3668 3208 3704 :
3232 3659 3287 3707 et
3314 3659 3592 3722 postquam
3620 3667 3809 3722 pecca.

2226 3744 2399 3800 verint
2426 3743 2479 3798 iu
2510 3744 2790 3814 supernis,
2817 3743 3053 3814 dejectas
3082 3757 3203 3800 esse
3234 3744 3286 3799 in
3313 3744 3473 3800 istum
3509 3744 3762 3799 mundum
3790 3786 3807 3813 ,

2225 3845 2281 3891 et
2308 3834 2458 3905 quasi
2500 3834 2552 3888 in
2598 3834 2831 3891 tumulos
2854 3843 2913 3889 et
2939 3834 3216 3905 sepulcra,
3250 3833 3329 3889 sic
3367 3833 3420 3889 in
3455 3848 3679 3905 corpora
3708 3836 3807 3892 ista

2225 3926 2493 3996 relegatae
2515 3966 2531 3993 ,
2562 3940 2754 3997 ptenas
2786 3926 3127 3996 antiquorum
3169 3925 3317 3981 luere
3339 3935 3683 3997 peccatorum
3703 3928 3729 3980 ?
3752 3936 3811 3984 et

2226 4032 2457 4090 corpora
2496 4017 2833 4074 credentium
2880 4031 2987 4072 non
3034 4017 3229 4087 templa
3272 4017 3472 4073 Christi
3516 4033 3671 4086 esse,
3714 4020 3807 4076 sed

2218 4123 2476 4167 carceres
2516 4107 2929 4165 damnatorum?
2973 4108 3178 4163 Eximlc
3217 4108 3494 4163 veritatem
3531 4109 3805 4176 historias,

2208 4199 2500 4271 allegoria:
2528 4197 2827 4268 depravans
2860 4198 3139 4253 mendacio
3162 4239 3175 4263 ,
3208 4197 3411 4253 infinita
3439 4199 3599 4257 verha
3628 4200 3819 4255 multi-’

2229 4292 2388 4362 plicat
2413 4311 2427 4346 :
2451 4300 2507 4346 et
2531 4291 2802 4358 simplices
2844 4304 3083 4360 quosque
3122 4289 3266 4344 varia
3309 4290 3655 4359 persuasione
3679 4306 3806 4359 sup-

2230 4383 2498 4453 plantans,
2533 4396 2674 4435 nunc
2698 4381 2889 4436 asserit
2911 4381 3141 4451 animas,
3162 4381 3312 4452 juxta
3335 4381 3577 4438 Grmcam
3604 4394 3809 4455 etymo-

2229 4473 2422 4544 logiam
2456 4471 2530 4542 (c)
2570 4479 2721 4540 ψυχὰς
2760 4473 2858 4527 ἀπὸ
2894 4481 2978 4527 τοῦ
3009 4478 3268 4541 ψύχεσθαι,
3297 4471 3494 4528 idcirco
3516 4473 3771 4528 vocitatas
3791 4514 3806 4537 ,

2227 4563 2349 4633 quia
2390 4563 2458 4619 de
2497 4562 2808 4618 caelestibus
2850 4562 2918 4618 ad
2955 4562 3210 4620 inferiora
3239 4566 3550 4632 venientes,
3577 4566 3808 4620 calorem

2231 4653 2515 4724 pristinum
2547 4653 2866 4709 amiserint:
2892 4667 3037 4709 nunc
3063 4668 3262 4724 corpus
3288 4653 3391 4710 hoc
3413 4696 3428 4721 ,
3459 4656 3530 4710 ob
3569 4655 3621 4709 id
3661 4656 3809 4725 juxta

2229 4743 2447 4799 Grtccos
2473 4748 2638 4810 δέμας,
2670 4743 2720 4799 id
2748 4754 2852 4812 (νει,
2879 4745 3156 4811 vinculum,
3188 4745 3301 4801 sive
3327 4745 3476 4817 juxta
3502 4747 3659 4801 aliam
3690 4762 3810 4817 pro.

2231 4834 2531 4907 prietatem,
2558 4833 2631 4908 (Ῑ)
2655 4836 2882 4891 cadaver
2902 4835 3009 4891 dici
3034 4854 3049 4892 :
3073 4836 3196 4907 quia
3221 4837 3414 4892 anima:
3435 4836 3504 4893 de
3526 4838 3666 4893 cmlo
3690 4853 3812 4895 ruc-

2290 4966 2365 5032 (b)
2398 4967 2681 5032 Duoverha
2703 4966 2959 5032 Origenem
2979 4966 3191 5032 scilicet,
3217 4975 3328 5031 post
3368 4967 3469 5018 .m'i
3504 4974 3708 5032 patrem,
3734 4970 3814 5019 hic

2230 5030 2453 5081 inserunt
2475 5030 2596 5080 editi
2616 5069 2631 5089 ,
2655 5042 2768 5092 quae
2792 5030 2971 5079 tamen
3006 5030 3127 5093 nulli
3150 5030 3266 5080 Mss.
3290 5030 3588 5093 agnoscunt,
3629 5039 3681 5080 et
3724 5045 3814 5080 nos

2229 5104 2399 5141 eorum
2413 5090 2702 5142 auctoritate
2722 5098 2948 5153 tanquam
2970 5103 3001 5140 e
3017 5090 3297 5154 glossatoris
3317 5090 3459 5142 utanu
3482 5093 3701 5154 profecta
3723 5107 3811 5143 ex-

2230 5157 2585 5338 pugwiimt
2605 5225 2634 5262 a
2656 5212 2814 5262 Vatic.
2840 5211 3026 5263 vocula:
3046 5225 3124 5263 me
3145 5214 3211 5263 ad
3228 5247 3244 5272 ,
3270 5220 3323 5263 et
3344 5212 3488 5277 paulo
3525 5221 3636 5285 post
3678 5214 3803 5265 inde.

2244 5337 2254 5340 _
2351 5277 2371 5340 )
2408 5275 2531 5324 Illud
2568 5274 2877 5338 defendentes
2913 5274 2972 5340 ad
3001 5287 3089 5325 nos
3125 5277 3379 5340 commode
3394 5279 3592 5340 rei’errr
3602 5284 3767 5340 potest
3796 5292 3803 5328 :

2408 5275 2531 5324 illud
2568 5274 2877 5338 defendentes
2913 5274 2972 5338 ad
3001 5287 3089 5325 nos
3125 5274 3379 5338 commode
3400 5274 3592 5338 referri
3604 5284 3767 5338 potest
3796 5292 3812 5328 :

2229 5334 2559 5447 ἓξὲξ.ὺῶωέῧᾶ
2558 5334 2723 5386 tamen
2747 5334 3002 5398 exemplar
3024 5349 3134 5386 cum
3157 5335 3293 5400 legat
3314 5334 3701 5400 defendentibus,
3727 5351 3810 5387 ω-

2248 5404 2326 5448 'ert
2348 5404 2406 5446 ad
2429 5404 2575 5447 vobis.

2292 5459 2362 5523 (ς)
2382 5459 2691 5523 Vetustiores
2711 5458 2829 5523 editi
2850 5469 2923 5523 aut
2940 5474 3006 5509 me
3028 5469 3257 5523 ψιχριξιςωι
3280 5457 3422 5523 idest
3439 5472 3472 5508 a
3490 5458 3810 5523 frigesemdo,

2238 5518 2250 5530 .
2292 5484 2362 5530 με)
2393 5484 2412 5508 v
2427 5484 2620 5509 ῦιιιδιιυι
2633 5484 2691 5507 ω
2711 5484 2829 5508 ωηι
2850 5484 2923 5509 utro
2940 5484 3006 5509 τω
3028 5484 3064 5522 ψ·
3090 5484 3153 5521 ⁴(ης
3245 5484 3257 5508 ι
3280 5484 3330 5509 ιιι
3349 5484 3420 5509 cu
3439 5484 3471 5508 υ
3490 5484 3525 5522 ιι
3539 5484 3810 5523 ιςμςδσιπαυ,

2230 5520 2449 5584 idcirco,
2470 5526 2568 5569 etc.
2586 5516 2662 5567 Al.
2688 5519 2749 5568 ab
2769 5484 3117 5584 mammia
3131 5484 3272 5581 .733.
3296 5519 3601 5584 algam-uda.
3622 5522 3812 5571 Vitiose

2232 5581 2387 5669 \Lgttic.
2403 5582 2552 5669 facta
2582 5592 2794 5669 grtnt'cu‘m
2816 5580 3167 5669 ctynwlogidm,
3348 5580 3558 5669 corpora
3590 5595 3814 5669 carceres

2234 5641 2388 5707 dicas,
2406 5641 2615 5707 idcirco.
2628 5650 2721 5690 etc.
2741 5641 2892 5707 Porro
2913 5641 3205 5707 sententiam
3230 5642 3353 5692 hanc
3369 5656 3396 5689 a
3416 5641 3686 5707 Pythagora
3707 5653 3816 5707 post

2237 5703 2509 5765 Platonem,
2535 5706 2805 5764 Origenem
2828 5704 3067 5759 hausisse,
3089 5710 3167 5752 est
3192 5703 3339 5765 longe
3357 5703 3684 5754 notissimum.

2304 5762 2370 5826 (1)
2406 5765 2596 5814 Mallem
2620 5762 2773 5827 ipsum
2799 5767 2944 5812 etiam
2980 5779 3190 5826 grtrcum
3228 5762 3405 5814 nemen
3429 5768 3609 5829 inseri,
3638 5776 3689 5817 et
3713 5767 3811 5830 leg‘
