4146 6336
372 422 470 481 321

373 538 480 590 rint
504 556 515 587 ι
540 548 571 586 a
598 530 860 600 plerisque
889 533 1063 579 autem
1094 521 1386 577 secundum
1410 520 1610 575 variam
1634 519 1802 575 (ἰτέηρί
1831 535 1941 575 scr-

374 626 545 681 monis
569 620 948 692 supellcctilem
976 619 1132 685 sapa,
1157 616 1206 669 id
1233 624 1335 681 est,
1359 630 1566 683 corpus,
1592 628 1743 679 σῆμα,
1774 612 1825 667 id
1848 621 1948 677 est,

373 723 747 772 monimentum
779 709 1115 778 interpretari
1143 725 1157 761 :
1181 722 1247 762 eo
1271 706 1415 776 quod
1458 705 1531 759 ita
1555 705 1785 759 animam
1810 703 1864 757 in
1892 717 1951 758 se

368 810 603 867 clausam
646 804 841 857 habent
861 845 875 869 ,
907 798 1180 869 quomodo
1219 797 1467 867 sepulcra
1491 804 1548 851 et
1574 794 1760 850 tumuli
1790 793 1950 848 cada-

372 915 497 953 vera
526 905 880 950 mortuorum.
910 891 976 945 Et
1020 889 1065 944 si
1097 889 1198 944 hoc
1224 903 1409 943 verum
1437 893 1521 941 est
1542 927 1558 953 ,
1589 884 1678 940 ubi
1708 893 1790 940 est
1819 882 1952 939 lides

370 987 592 1045 nostra?
616 985 703 1040 ubi
723 983 1051 1054 pra-ennium
1073 977 1523 1035 resurrectionis?
1546 975 1951 1045 ubiApostolica

366 1078 634 1143 doctrina,
663 1091 782 1147 qua)
802 1074 857 1129 in
878 1073 1122 1128 ccclesiis
1137 1069 1337 1126 Christi
1361 1068 1639 1138 hucusque
1662 1065 1951 1137 perdurat?

369 1177 457 1232 ubi
488 1175 578 1230 illa
608 1171 912 1229 benedictio
938 1168 1007 1225 ad
1030 1170 1225 1234 Adam,
1251 1175 1309 1222 et
1335 1163 1403 1220 ad
1430 1178 1615 1219 semen
1645 1161 1783 1231 ejus,
1809 1171 1863 1216 et
1884 1159 1950 1214 ad

368 1267 499 1331 Noe,
519 1275 575 1322 et
599 1264 667 1320 ad
697 1263 834 1317 lilios
861 1262 1013 1329 ejus:
1036 1258 1254 1315 Crescite
1272 1253 1769 1325 etmuttiplicamini,
1797 1261 1840 1305 et
1871 1267 1952 1305 re-

368 1358 499 1427 plete
525 1354 747 1411 terram?
765 1352 967 1424 (Cenes.
993 1351 1155 1416 1.18,
1173 1358 1218 1404 et
1239 1348 1294 1404 9.
1316 1348 1400 1418 7.)
1419 1345 1536 1401 Jam
1554 1346 1695 1400 enim
1718 1358 1822 1398 non
1849 1343 1952 1397 erit

366 1450 693 1515 benedictio,
771 1445 929 1520 247
1003 1445 1097 1502 sed
1125 1440 1614 1510 maledictio,juxta
1643 1437 1947 1507 Origenem,

364 1545 454 1612 qui
472 1541 693 1612 angelos
710 1541 866 1595 vertit
894 1541 943 1592 in
967 1537 1172 1592 animas
1195 1553 1210 1589 :
1232 1533 1378 1590 etde
1400 1531 1611 1589 sublimi
1637 1527 1842 1599 fastigio
1865 1528 1948 1581 di-

362 1632 583 1703 gnitatis
612 1630 738 1687 facit
764 1631 830 1685 ad
860 1628 1113 1683 inferiora
1138 1624 1489 1687 descendere,
1513 1622 1662 1694 quasi
1689 1621 1829 1675 Deus
1857 1633 1948 1688 ge-

366 1724 483 1780 neri
528 1723 761 1778 humano
810 1736 917 1777 non
947 1720 1113 1791 possit
1161 1717 1367 1771 animas
1398 1731 1493 1786 per
1518 1713 1947 1770 benedictionem

362 1815 517 1880 dare,
549 1812 652 1868 nisi
673 1812 845 1882 angeli
870 1809 1207 1881 peccaverint
1233 1826 1246 1862 :
1273 1817 1327 1862 et
1359 1815 1436 1861 tot
1459 1806 1511 1860 in
1539 1804 1680 1860 cmlo
1707 1803 1815 1857 sint
1842 1800 1951 1857 rui-

362 1920 472 1967 nte,
503 1912 634 1975 quot
671 1902 727 1958 in
755 1913 894 1956 terra
933 1899 1256 1954 nativitates.
1289 1894 1607 1952 Dimittenda
1636 1909 1766 1965 ergo
1795 1892 1948 1946 nobis

366 1990 707 2049 cstdoetrina
735 1992 1112 2062 Apostolorum
1137 2000 1191 2046 et
1211 1988 1617 2059 Prophetarum,
1636 1997 1691 2040 et
1720 1984 1874 2054 chis
1895 1991 1950 2038 et

366 2086 533 2156 ipsius
582 2084 796 2139 Domini
827 2083 1123 2139 Salvatoris
1169 2082 1222 2136 in
1263 2081 1551 2151 Evangelia
1595 2078 1946 2149 pertonantis.

364 2176 685 2233 Econtrario
714 2176 973 2246 Origenes
1006 2173 1245 2244 praecipit
1268 2213 1284 2239 ,
1315 2182 1370 2226 et
1408 2172 1578 2242 legem
1604 2170 1726 2232 dat,
1755 2177 1814 2223 ut
1841 2182 1946 2221 non

358 2268 536 2323 dicam
577 2266 903 2336 constringit
942 2265 1238 2333 discipulos
1281 2276 1444 2328 suos,
1492 2276 1559 2315 nc
1585 2259 1703 2329 quis
1737 2266 1854 2313 oret
1893 2258 1945 2312 in

360 2358 557 2412 etclam
599 2355 928 2419 ascendere,
960 2369 1025 2407 ne
1058 2352 1206 2422 pejus
1234 2352 1426 2406 iterum
1455 2364 1682 2419 peccans
1707 2364 1865 2419 quam
1893 2348 1947 2402 in

356 2449 520 2503 terris
568 2456 693 2502 ante
748 2452 1100 2516 peccaverat,
1152 2442 1511 2510 prmcipitetnr
1561 2439 1614 2492 in
1665 2437 1943 2492 mundum.

356 2541 680 2611 Quanquam
727 2536 1026 2593 istiusmodi
1072 2549 1240 2605 nugas
1275 2543 1329 2589 et
1366 2533 1719 2589 deliramenta
1767 2533 1939 2586 soleat

354 2634 452 2689 ille
497 2633 893 2702 Scripturarum
942 2628 1379 2699 interpretatione
1421 2641 1668 2698 perversa
1708 2634 1763 2681 et
1801 2624 1944 2679 aliud

352 2727 722 2797 significante,
744 2739 908 2795 quam
932 2722 1074 2794 quod
1101 2737 1281 2777 rerum
1304 2731 1385 2775 cst
1405 2720 1695 2779 afﬁrmare,
1718 2717 1901 2772 dicens
1926 2734 1940 2774 ε

360 2816 675 2887 Priusquam
704 2832 735 2868 a
765 2814 962 2868 malatia
991 2811 1309 2878 Immitiarer,
1332 2826 1422 2882 ego
1462 2810 1650 2880 deliqui
1674 2808 1790 2879 (Ps.
1817 2809 1939 2863 118.

356 2908 477 2980 Π).
504 2907 575 2962 Et
602 2906 733 2961 illud
760 2923 773 2959 :
798 2904 1065 2959 Revertere
1101 2901 1274 2956 anima
1303 2917 1412 2954 mea
1450 2900 1500 2954 in
1541 2899 1760 2970 requiem
1803 2909 1942 2951 luant

361 3000 483 3072 (Ps.
527 3000 649 3055 114.
685 2998 765 3070 7).
795 2996 1011 3052 Necnon
1035 3005 1096 3052 et
1124 2993 1289 3050 illud:
1316 2993 1461 3050 Educ
1496 2993 1558 3048 de
1586 3007 1785 3046 carcere
1824 2990 1940 3044 aui-

358 3108 497 3145 mam
524 3106 688 3145 meam
731 3088 850 3161 (Ps.
880 3089 1002 3144 Ml.
1034 3088 1116 3158 8).
1144 3086 1210 3142 Ει
1240 3087 1292 3141 in
1321 3085 1428 3140 alio
1458 3084 1578 3139 loco
1608 3101 1623 3139 :
1655 3081 1942 3151 Conﬁtcbor

359 3185 582 3240 Domino
627 3185 682 3238 in
709 3184 913 3254 regione
939 3182 1165 3236 vivorum
1198 3179 1314 3250 (Ps.
1359 3178 1480 3234 114.
1513 3176 1569 3246 8)
1602 3193 1616 3231 :
1646 3190 1768 3233 cum
1806 3173 1940 3229 alius

362 3275 550 3345 procul
579 3274 743 3330 dubio
771 3288 968 3329 sensus
994 3271 1285 3341 Scripturze
1317 3270 1513 3326 divinae
1540 3269 1634 3336 sit,
1663 3282 1821 3334 quam
1853 3268 1940 3323 ille

361 3370 414 3423 in
440 3367 688 3424 haeresim
722 3381 872 3421 suam
904 3365 1132 3435 maligna
1165 3361 1609 3432 interpretatione
1633 3360 1936 3435 detorquet.

357 3459 512 3526 Quod
530 3458 740 3514 'faciunt
769 3468 821 3513 et
842 3455 1139 3522 Maniclnni,
1168 3466 1220 3510 ct
1245 3452 1504 3518 Gnostici,
1534 3460 1589 3507 et
1617 3449 1936 3514 llebionitae,

352 3562 413 3608 et
440 3552 724 3608 Marcionis
747 3558 1041 3607 sectatores
1064 3590 1080 3616 ,
1113 3556 1166 3603 et
1190 3547 1311 3601 alia:
1342 3546 1576 3601 ltmreses
1607 3560 1830 3599 numero
1860 3542 1938 3612 (a)

332 3645 651 3715 _octoginla,
682 3660 803 3715 quae
827 3643 896 3700 de
922 3641 1211 3713 purissimo
1242 3639 1639 3708 Scripturarum
1671 3636 1818 3692 fonte
1846 3651 1937 3691 as-

357 3744 632 3792 sumentes
649 3735 974 3798 testimonia,
996 3748 1100 3788 non
1119 3733 1188 3787 ita
1207 3732 1649 3800 interpretantur,
1670 3740 1725 3780 ut
1739 3727 1937 3796 scripta

354 3837 506 3888 sunt.
534 3827 630 3884 sed
659 3826 1057 3898 simplicitatem
1088 3824 1353 3880 sermonis
1379 3822 1731 3880 ecclesiastici
1764 3821 1814 3874 id
1848 3834 1940 3875 r0-

356 3919 476 3973 lunt
503 3920 826 3990 signiﬁcare,
855 3917 997 3988 quod
1031 3916 1132 3988 ipsi
1162 3917 1420 3972 sentiunt.

425 4013 484 4067 5.
515 4012 645 4067 lllud
689 4027 903 4082 quoque
946 4010 1087 4080 quod
1130 4022 1373 4064 asserere
1406 4007 1590 4061 nititur
1610 4047 1624 4072 ,
1651 4004 1939 4060 doleamne

352 4251 499 4316 furta
516 4251 663 4302 aliam
683 4253 1023 4317 proprietatem
1036 4270 1181 4317 71:16:91
1207 4250 1260 4301 id
1282 4255 1351 4301 est
1370 4248 1734 4317 cadaver,_na_m
1773 4259 1937 4317 grzece

359 4310 536 4379 corpus
559 4310 785 4379 examine
806 4332 935 4379 ςτᾳμ
954 4310 1138 4379 dicitur
1148 4327 1220 4379 ἀπρ
1241 4329 1307 4363 na
1322 4327 1483 4379 gntum,
1506 4319 1563 4379 ut
1605 4311 1755 4361 latine
1786 4310 1941 4359 rada-

361 4374 722 4438 t'er'deducitur
746 4390 772 4424 a
794 4374 1030 4435 cadendo,
1056 4376 1293 4438 siquidem
1321 4376 1475 4438 ipsam
1500 4374 1719 4438 Graecam
1745 4381 1935 4438 etymo-

364 4437 535 4500 logiam
551 4473 565 4497 ,
589 4451 732 4500 quam
756 4438 815 4486 ad
839 4433 1065 4486 hzcresim
1108 4433 1244 4486 Suam
1288 4433 1545 4500 torquebat
1568 4433 1831 4500 Origenes,
1859 4434 1940 4482 hic

362 4496 557 4561 alien-re
586 4496 736 4549 satius
757 4507 864 4548 erat
882 4534 896 4558 ,
920 4506 974 4550 ut
1008 4511 1153 4561 supra
1174 4500 1270 4561 sit,
1300 4496 1449 4560 atque
1474 4497 1632 4561 intra:
1658 4496 1743 4561 ubi
1777 4504 1939 4544 tznuen

363 4560 516 4610 Vatic.
539 4568 592 4610 et
612 4561 836 4610 Ambros.
859 4562 974 4610 Mss.
990 4557 1230 4611 vocabulo
1251 4557 1383 4621 tam;
1407 4566 1459 4608 et
1482 4557 1727 4621 voculakitt
1751 4564 1821 4621 est
1847 4572 1937 4606 ex-

364 4622 581 4686 punetis,
605 4625 832 4686 continuo
856 4623 1053 4686 legunt,
1086 4639 1109 4667 α
1131 4618 1399 4686 secundum
1431 4618 1793 4686 variamGrzeci
1830 4632 1937 4667 scr-

364 4679 521 4732 inonis
550 4679 1108 4746 Supellectilem'corpus
1131 4701 1228 4745 σῆμα.
1254 4684 1300 4731 id
1326 4690 1401 4746 est
1422 4679 1813 4746 memoriamjal.
1841 4692 1940 4729 mo-

364 4741 660 4808 numentum)
684 4741 1037 4808 interpretarii
1056 4741 1193 4808 Plato
1211 4758 1273 4808 ex
1293 4745 1430 4805 cujus
1443 4741 1940 4808 sententiaOrigencs

366 4804 553 4878 locutus
576 4804 671 4879 est,
696 4808 744 4856 in
769 4804 975 4879 Ci‘atylo,
1001 4814 1053 4879 et
1077 4805 1253 4879 (iurgia
1272 4843 1284 4863 ,
1318 4804 1541 4874 corpora.
1558 4804 1729 4852 animis
1764 4804 1938 4851 deser-

368 4869 470 4918 vire
494 4864 829 4930 sepulcrorum
855 4864 980 4927 vice,
1004 4867 1155 4925 dixit,
1180 4864 1236 4915 et
1258 4885 1385 4927 σῶμα,
1404 4864 1544 4927 quasi
1569 4880 1669 4924 σῆμα
1691 4875 1939 4925 nuncupa-

366 4939 483 4979 tum.
511 4943 584 4982 Καὶ
601 4944 667 4994 γὰρ
688 4948 789 4992 σῆμα
809 4944 901 4989 τινες
918 4944 1022 4995 ᾳίσιν
1051 4941 1140 4995 ξὺτᾷ
1165 4942 1253 4979 aut
1284 4945 1347 4986 τῆς
1370 4940 1482 4990 ψυχῆς
1503 4936 1809 4995 ὡς-ξιοραμμίῃς
1834 4938 1941 4995 lio-rd

365 5008 422 5040 vs.
447 4985 621 5053 παρόντιζ
648 4985 701 5042 et
722 4985 903 5042 caetera
924 4985 1035 5054 quae
1056 4990 1207 5054 latine
1251 4985 1447 5052 prtesla't
1479 4985 1727 5054 audire._'«_
1746 4985 1940 5054 Etenim

366 5070 468 5113 σῶμα
493 5047 710 5103 nonmtlli
750 5055 889 5103 aiunt
912 5047 1026 5102 esse
1060 5052 1205 5101 animi
1230 5047 1355 5112 σῇμα,
1383 5047 1691 5113 ta_uquam_ad
1717 5047 1808 5096 hoc
1829 5049 1940 5113 qui-

364 5108 477 5163 dem
496 5121 692 5178 tempus
713 5117 869 5165 anima
890 5116 955 5164 sit
977 5115 1025 5162 in
1041 5126 1252 5178 corpore
1267 5108 1287 5172 ξ
1301 5108 1493 5178 sepulta
1508 5148 1521 5168 ,
1560 5109 1639 5159 vel
1659 5116 1803 5178 recte
1819 5109 1942 5178 ideo

367 5184 444 5225 est
467 5171 1087 5239 quuoniamcorporis
1110 5171 1383 5239 ministerio
1413 5172 1752 5239 utituranima
1774 5171 1832 5219 ad
1857 5182 1943 5220 eas

367 5249 466 5300 ges,
494 5231 615 5300 quas
631 5231 726 5288 'sibi
750 5231 1022 5300 obsignartt
1054 5236 1419 5298 signiticandas,
1456 5231 1888 5297 explicandasque.
1911 5249 1934 5277 uo

368 5296 426 5347 El
452 5300 501 5348 in
514 5296 704 5363 ‘Gorgia
727 5336 743 5361 ι,
763 5313 835 5351 Καὶ
855 5296 956 5359 ’ζμ-ας
977 5317 1029 5349 τῶ
1051 5296 1129 5349 an}
1142 5310 1229 5355 ἴσως
1250 5309 1443 5358 summa.
1462 5307 1548 5358 ὅτιᾳ
1568 5303 1709 5355 {dum
1725 5334 1736 5353 ,
1757 5304 1863 5357 ἶτυγι
1885 5307 1945 5345 uni.

374 5367 1942 5425 ἔξιουσιτδνσοφῦνῦςνῦνὲμιῖςτίὲριηϊκαὶτὸμινσενβισῖινἦιιῦνσξίξα;

522 5383 593 5412 τῶν
619 5383 1679 5425 σοφῦνᾱκνῦνήμαςτιυυαμινιαιτομινσῡμαιστιν
1706 5383 1942 5419 woman.

367 5383 556 5472 ﬁnes
590 5436 769 5473 revera
806 5423 1056 5472 morimur.
1082 5421 1205 5470 Illud
1243 5420 1374 5470 enim
1398 5432 1426 5468 a
1447 5420 1750 5483 sapientilms
1784 5419 1944 5466 audiri

373 5495 459 5593 ne?
502 5497 631 5535 nunc
673 5485 822 5543 mori,
870 5491 924 5534 et
972 5491 1191 5533 nostrum
1224 5499 1329 5543 σῶμα
1368 5492 1693 5544 corpus,esse
1716 5496 1842 5543 σῆρα,
1867 5493 1946 5529 sc-

373 5558 432 5593 nu
454 5559 607 5593 crum.

372 5558 607 5605 pulcrum.

435 5627 508 5692 (a)
541 5628 843 5679 Ambrosiam
869 5626 1068 5692 triginta
1086 5633 1329 5692 numerat,
1349 5625 1426 5674 alii
1450 5624 1566 5675 Mss.
1592 5625 1947 5692 quadraginta;

372 5688 604 5753 sedquod
626 5692 809 5754 optime
833 5688 954 5754 ante
978 5702 1068 5738 nos
1089 5689 1338 5754 Victorius
1367 5700 1565 5754 quoque
1588 5688 1947 5754 animadverte-

374 5758 462 5815 rat,
480 5748 741 5815 propterea
763 5749 1000 5815 octoginta
1021 5752 1235 5815 nominat
1260 5748 1572 5815 Epiphanius,
1592 5751 1730 5815 cujus
1749 5748 1853 5797 haec
1874 5755 1953 5815 est

376 5824 419 5871 ei
439 5810 610 5871 istola',
637 5814 763 5875 quod
791 5810 955 5862 eorum
982 5814 1180 5875 totidem
1209 5810 1423 5861 incursus
1460 5812 1571 5871 seril
1588 5812 1868 5873 serit,qu'.c
1893 5810 1952 5858 ad

376 5884 456 5922 sua
482 5889 636 5925 usuue
662 5874 881 5935 tempora
906 5874 1214 5936 pullularunt.

1772 404 2094 463 EPISTULA
2137 405 2221 465 LI.

3532 415 3636 472 522

2063 533 2128 573 an
2159 519 2362 576 rideam
2394 522 2596 577 nescio.
2625 523 2818 580 Doctor
2844 530 3087 600 egregius
3116 532 3189 606 (b)
3221 537 3381 594 audet
3404 540 3602 599 docere
3624 585 3638 604 .

2060 610 2331 667 diabolum
2363 612 2414 667 id
2441 629 2658 668 rursum
2686 613 2920 673 futurum
2951 637 3071 678 esse
3097 626 3238 694 quod
3270 627 3460 697 fuerat,
3489 644 3545 689 et
3571 636 3637 688 ad

2059 701 2302 758 eamdem
2334 704 2631 760 rediturum
2659 705 2994 777 dignitatem,
3022 720 3079 767 et
3102 727 3522 777 conscensurum
3549 738 3640 778 rc-

2057 811 2158 866 gna
2198 796 2480 853 caelorum.
2511 798 2653 853 Proh
2682 797 2835 854 nefas
2854 841 2869 867 ,
2904 801 3023 872 quis
3054 813 3159 860 tam
3191 820 3378 866 vecors
3400 820 3457 869 et
3483 815 3640 870 stoli-

2057 889 2180 955 dus,
2212 901 2269 945 ut
2296 890 2395 945 hoc
2422 891 2665 961 recipiat,
2692 891 2836 963 quod
2867 904 3085 951 sanctus
3114 898 3350 958 Joannes
3377 903 3637 975 Baptista,

2058 992 2113 1037 et
2144 981 2354 1047 Petrus,
2379 990 2434 1037 et
2452 981 2689 1039 Joannes
2711 984 3002 1055 Apostolus
3023 998 3077 1042 et
3093 988 3451 1060 Evangelista,
3477 994 3638 1052 lsaias

2057 1087 2291 1142 quoque,
2322 1080 2379 1128 et
2404 1072 2688 1142 Jeremias,
2719 1085 2772 1131 et
2800 1076 2990 1148 reliqui
3021 1078 3303 1149 Propheta:
3326 1084 3638 1144 colueredes

2060 1162 2188 1217 ﬁant
2207 1163 2404 1218 diaboli
2423 1164 2475 1219 in
2496 1180 2661 1236 regno
2674 1166 2966 1223 calorum?
2983 1169 3252 1227 Praetereo
3268 1170 3509 1233 frivolam
3523 1178 3640 1247 ejus

2057 1254 2447 1324 expositionem
2476 1270 2640 1327 super
2660 1257 2856 1313 tunicis
2877 1259 3113 1329 pelliceis
3134 1301 3150 1327 ,
3180 1272 3382 1333 quanto
3406 1275 3599 1322 conatu
3620 1307 3638 1330 .

2056 1348 2376 1418 quantisque
2397 1349 2568 1420 egerit
2582 1353 2932 1420 argumentis,
2951 1362 3005 1407 ut
3025 1355 3228 1410 tunicas
3250 1358 3506 1427 pelliceas
3536 1359 3639 1416 hu-

2060 1453 2213 1493 mana
2245 1452 2367 1495 esse
2398 1455 2625 1511 corpora
2647 1441 3009 1500 crederemus.
3033 1446 3133 1513 Qui
3167 1447 3308 1504 inter
3331 1450 3496 1506 multa
3525 1452 3636 1508 ait:

2057 1527 2220 1601 248
2262 1547 2281 1581 ι
2299 1528 2545 1599 Nunquid
2564 1531 2825 1588 coriarius
2851 1543 2942 1588 aut
2968 1536 3324 1594 sordiscarius
3339 1536 3435 1612 [al.
3460 1543 3641 1596 uorti-

2054 1619 2239 1693 san’us]
2249 1628 2366 1676 erat
2382 1622 2541 1689 Dens,
2553 1632 2607 1678 ut
2618 1623 2902 1680 conficeret
2923 1627 3089 1696 pelles
3101 1630 3431 1701 animalium,
3441 1643 3498 1690 et
3512 1650 3644 1690 cou-

2053 1721 2234 1768 sueret
2257 1729 2322 1768 ex
2352 1713 2432 1769 eis
2457 1715 2662 1771 tunicas
2690 1716 2939 1785 pelliceas
2969 1717 3138 1773 Adam
3155 1730 3209 1776 et
3229 1721 3395 1778 Erae?
3418 1723 3642 1783 Manife-

2052 1811 2192 1859 stum
2210 1813 2290 1859 cst
2308 1818 2460 1876 ergo,
2471 1805 2661 1876 inquit,
2674 1808 2815 1878 quod
2828 1808 2895 1863 de
2909 1811 3224 1880 corporibus
3240 1814 3439 1870 nostris
3453 1815 3641 1887 loqua~

2053 1903 2162 1950 tur.
2177 1914 2197 1949 ι
2220 1894 2285 1951 Ει
2308 1894 2351 1950 si
2377 1896 2478 1951 hoc
2499 1896 2570 1953 ita
2590 1906 2694 1966 est,
2713 1899 2984 1968 quomodo
2999 1901 3220 1972 legimus
3242 1912 3369 1960 ante
3384 1905 3642 1975 pelliceas

2055 1986 2282 2052 tunicas,
2304 1995 2358 2043 et
2381 1996 2505 2044 ante
2527 1988 2964 2060 inobedientiam,
2989 1993 3133 2049 etde
3154 1996 3402 2064 paradiso
3422 1998 3634 2053 ruinam

2051 2076 2223 2132 Adam
2247 2077 2550 2149 loquentem
2575 2095 2682 2135 non
2700 2081 2993 2137 secundum
3015 2083 3345 2155 allegorian,
3363 2087 3458 2143 sed
3477 2104 3635 2144 vere:

2058 2186 2079 2219 ι
2101 2168 2211 2224 [loc
2231 2184 2372 2223 nunc
2390 2183 2452 2225 os
2479 2184 2548 2226 ex
2568 2171 2779 2227 ossibus
2801 2173 2954 2239 meis,
2971 2182 3026 2229 et
3043 2188 3171 2230 caro
3190 2175 3259 2232 dc
3280 2190 3445 2233 carne
3468 2194 3584 2234 mea
3610 2200 3631 2232 ο

2054 2255 2379 2329 (Gen.2.23)
2407 2261 2669 2317 Autunde
2684 2271 3014 2333 assumptum
3033 2274 3117 2320 est
3152 2264 3460 2338 illud.quod
3495 2268 3633 2323 diri-

2052 2362 2151 2403 nus
2162 2364 2341 2406 sermo
2358 2359 2607 2407 tcStatur:
2629 2371 2647 2404 ι
2669 2352 2737 2408 Et
2755 2352 2935 2423 injecit
2952 2354 3092 2411 Deus
3107 2370 3357 2426 soporem
3372 2358 3424 2413 in
3440 2359 3634 2422 Adam.

2050 2447 2103 2494 et
2125 2438 2378 2497 dormivit
2398 2457 2411 2495 :
2436 2451 2490 2497 et
2510 2444 2739 2513 sumpsit
2759 2459 2916 2500 unam
2936 2444 3005 2500 de
3023 2446 3189 2501 costis
3208 2446 3327 2517 ejus
3348 2462 3365 2514 ;
3387 2457 3443 2504 et
3460 2449 3633 2504 adim-

2051 2529 2216 2599 plcvit
2255 2547 2352 2602 pro
2395 2547 2457 2588 ea
2503 2549 2720 2590 carnem
2747 2577 2762 2599 ,
2794 2545 2848 2592 et
2876 2535 3161 2592 aediﬁcavit
3197 2547 3403 2594 costam
3426 2580 3443 2606 ,
3476 2557 3633 2611 quam

2052 2621 2247 2677 tulerat
2274 2638 2338 2678 ex
2369 2637 2457 2688 eo,
2489 2624 2563 2680 illi
2607 2626 2657 2679 in
2709 2627 2971 2682 uxorem?
3005 2645 3025 2680 ι
3062 2626 3226 2698 (Ibid.
3259 2629 3351 2699 2|)
3381 2629 3488 2685 Aut
3516 2647 3634 2700 qlia:

2048 2727 2274 2783 corpora
2301 2716 2621 2785 contegebat
2651 2715 2825 2771 Adam
2855 2725 2911 2773 et
2947 2717 3058 2773 Eva
3103 2718 3245 2775 foliis
3284 2721 3418 2776 licus
3438 2762 3454 2787 ,
3488 2732 3636 2791 post-

2047 2817 2205 2874 quam
2233 2804 2582 2860 comederunt
2614 2805 2682 2861 de
2710 2807 2907 2863 arbore
2928 2807 3138 2864 vetita?
3166 2809 3299 2878 Quis
3325 2818 3503 2866 autem
3534 2826 3631 2881 pa-

2048 2892 2242 2949 tienter
2279 2893 2415 2949 lerat
2461 2896 2747 2965 Urigcnem
2801 2896 3022 2954 lubricis
3076 2900 3632 2970 argumentationibus

2047 2984 2497 3040 resurrectionem
2516 2986 2695 3041 carnis
2721 2986 2879 3057 hujus
2900 2998 3187 3058 negantem
3204 3005 3219 3043 :
3237 2989 3376 3045 sicut
3394 2989 3632 3046 declarat

2047 3075 2486 3135 manifestissime
2531 3079 2584 3134 in
2636 3080 2913 3136 volumine
2968 3081 3417 3152 Explanationum
3470 3084 3631 3152 primi

2047 3170 2275 3239 psalmi,
2315 3180 2371 3227 et
2416 3171 2470 3228 in
2501 3171 2622 3227 aliis
2652 3172 2836 3228 multis
2874 3172 3047 3230 locis?
3075 3174 3184 3231 Aut
3218 3176 3343 3246 quis
3365 3175 3548 3235 audiat
3573 3178 3630 3232 in

2044 3260 2206 3317 tertio
2232 3263 2374 3318 ctelo
2402 3263 2693 3319 donantem
2719 3265 2874 3320 nobis
2898 3265 3187 3337 Origenem
3217 3267 3541 3338 paradisum,
3572 3279 3627 3325 et

2045 3351 2192 3406 illum
2219 3367 2377 3423 quem
2406 3354 2681 3424 Scriptura
2705 3366 3091 3414 commemorat
3108 3400 3123 3425 ,
3154 3357 3222 3415 de
3252 3368 3395 3416 terra
3422 3361 3490 3415 ad
3512 3374 3628 3416 coe-

2044 3444 2197 3500 lestia
2227 3445 2637 3503 transferentem
2662 3465 2675 3502 :
2696 3457 2754 3504 et
2779 3464 2968 3505 omnes
2983 3448 3210 3505 arbores
3233 3466 3353 3521 quae
3373 3450 3626 3507 scribun-

2046 3544 2134 3591 tur
2176 3537 2228 3591 in
2277 3537 2510 3606 Genesi,
2560 3539 2639 3595 sic
2685 3540 2975 3611 allegorice
3023 3542 3409 3613 intelligentem
3441 3560 3456 3599 :
3484 3544 3629 3613 quod

2044 3629 2245 3685 scilicet
2272 3629 2525 3695 arbores,
2560 3631 2817 3702 angelicae
2843 3631 3205 3688 Fortitudines
3231 3633 3359 3699 sint,
3380 3646 3503 3689 eum
3522 3632 3629 3689 hoc

2045 3721 2245 3775 veritas
2288 3736 2394 3776 non
2439 3722 2717 3792 recipiat?
2755 3723 2940 3794 Neque
2987 3725 3132 3779 enim
3170 3724 3309 3781 dixit
3346 3725 3629 3795 Scriptura

2043 3808 2223 3865 divina
2243 3827 2257 3866 :
2278 3811 2536 3881 Deposuit
2550 3813 2694 3869 Deus
2715 3812 2886 3868 Adam
2907 3821 2964 3869 et
2987 3814 3149 3869 Evam
3174 3816 3226 3870 in
3249 3822 3446 3871 terram
3472 3816 3626 3877 :sed.

2044 3902 2188 3971 eiecit
2225 3917 2309 3958 eos
2351 3905 2414 3958 de
2447 3904 2719 3973 paradiso,
2748 3914 2796 3959 et
2827 3906 3151 3977 habitarem
3183 3908 3302 3978 fecit
3328 3923 3412 3963 eos
3442 3918 3627 3963 contra

2044 3996 2358 4062 paradisum.
2393 3995 2509 4051 Non
2555 3997 2667 4056 ait.
2705 3997 2804 4050 sub
2852 3998 3119 4066 paradiso.
3164 3997 3232 4054 Et
3282 3999 3451 4069 posuit
3494 4017 3635 4054 rom-

2046 4087 2245 4157 plm‘am
2287 4089 2575 4158 ﬂammeam
2600 4128 2617 4153 ,
2662 4100 2710 4142 et
2748 4087 3020 4145 Cherubin:
3060 4091 3325 4147 custodire
3365 4091 3636 4147 introitum

2047 4179 2172 4248 ligni
2198 4179 2313 4233 vitta
2341 4177 2548 4249 (Cenes.
2578 4179 2656 4251 5).
2688 4179 2803 4234 Non
2833 4180 2986 4245 dixit,
3011 4196 3319 4238 ascensum.
3355 4179 3421 4237 Et
3449 4182 3638 4253 ﬂuvius

2045 4269 2393 4341 egrediebatur
2424 4288 2487 4325 ea:
2519 4271 2662 4326 Eden
2688 4288 2707 4326 :
2728 4287 2834 4326 non
2865 4273 3022 4335 dixit.
3054 4274 3336 4330 descendit
3363 4289 3427 4329 ex
3461 4274 3636 4331 Edon.

2048 4361 2153 4417 Iste
2172 4361 2413 4416 dividitur
2444 4364 2495 4416 in
2525 4374 2742 4433 quatuor
2767 4364 3019 4435 principia
3048 4380 3067 4417 :
3088 4381 3271 4421 nomen
3297 4365 3387 4420 uni
3410 4363 3630 4432 Phison,

2046 4464 2093 4509 et
2119 4471 2297 4519 nomen
2328 4457 2538 4509 secundi
2566 4454 2707 4509 Geon
2737 4454 2895 4525 (Ibid.
2934 4454 2987 4509 2.
3035 4454 3143 4525 10).
3181 4456 3289 4525 Ego
3320 4456 3422 4511 vidi
3464 4472 3631 4527 aquas

2045 4545 2195 4602 Gron
2222 4586 2237 4610 ,
2269 4562 2434 4616 aquas
2463 4561 2598 4616 quas
2628 4545 2710 4599 his
2741 4545 2950 4600 carneis
2978 4544 3151 4599 oculis
3179 4546 3380 4613 aspexi.
3412 4543 3518 4601 iste
3546 4558 3632 4602 cst

2044 4636 2215 4702 Gcon,
2242 4654 2401 4708 queui
2430 4637 2693 4692 Jeremias
2718 4637 3050 4691 demonStrat
3079 4636 3265 4692 dicens
3288 4653 3300 4687 :
3326 4637 3462 4702 Quid
3487 4642 3628 4694 vobis

2045 4740 2092 4783 et
2108 4731 2202 4783 vite
2219 4727 2457 4798 Aigypti,
2478 4738 2530 4781 ut
2544 4727 2722 4780 bibatis
2740 4731 2924 4795 aqua'm
2944 4724 3082 4779 Geon
3102 4727 3352 4783 turbidam
3364 4729 3391 4780 Ρ
3411 4727 3600 4797 (Jercm
3612 4771 3627 4785 .

2044 4821 2100 4875 2.
2135 4819 2245 4891 10.)
2278 4819 2391 4874 Bibi
2421 4828 2476 4872 et
2496 4818 2566 4873 de
2591 4816 2671 4887 (ά)
2698 4831 2890 4887 magno
2929 4815 3146 4872 flumine
3168 4816 3441 4888 Euphrate
3465 4835 3632 4889 aquas

2046 4911 2361 4981 simpliciter
2387 4954 2398 4973 ,
2432 4923 2565 4979 quas
2594 4923 2752 4962 manu
2786 4917 2939 4977 potes
2962 4915 3182 4978 tangere
3207 4951 3223 4976 ,
3251 4924 3347 4966 ore
3372 4910 3591 4964 sorbere
3612 4952 3630 4975 ,

2049 5023 2154 5060 non
2170 5020 2334 5075 aquas
2352 5003 2639 5072 spiritales.
2654 5001 2754 5058 Ubi
2771 5010 2948 5058 autem
2970 5000 3188 5058 llutnina
3207 5010 3482 5073 suul,quac
3496 5011 3550 5058 et
3567 5003 3638 5057 vi-

2047 5097 2240 5153 dentur
2260 5105 2311 5149 rt
2334 5094 2605 5159 bibuntur,
2625 5092 2694 5148 ibi
2709 5106 3045 5161 consequens
3068 5100 3152 5147 est
3173 5091 3315 5163 quod
3345 5102 3400 5148 et
3422 5091 3552 5147 licus
3572 5102 3636 5147 et

2048 5188 2152 5243 alia
2168 5189 2306 5258 ligna
2331 5187 2441 5242 sint
2463 5203 2476 5239 :
2499 5183 2567 5240 de
2586 5184 2776 5256 quibus
2837 5182 3001 5258 25.9
3062 5181 3475 5241 dicitDeuszEx
3495 5185 3636 5239 omni

2049 5282 2191 5352 ligno
2217 5280 2352 5351 quod
2381 5289 2454 5334 est
2479 5278 2535 5333 in
2559 5278 2800 5348 paradiso
2827 5276 3055 5345 comedes
3090 5274 3298 5348 (Genet.
3321 5273 3378 5331 2.
3402 5274 3498 5345 16)
3520 5272 3632 5348 :(e)

2114 5438 2188 5502 (b)
2220 5439 2348 5489 Hinc
2368 5435 2591 5502 priqmis
2611 5449 2827 5502 nomen,
2843 5436 2972 5499 quod
2994 5446 3160 5499 neque
3184 5433 3302 5485 Mss.
3327 5441 3493 5492 neque
3516 5428 3636 5477 editi

2053 5500 2349 5553 vetustiores
2370 5500 2572 5558 habent,
2599 5500 2944 5561 eripimximus.
3090 5558 3106 5561 _
3159 5555 3171 5561 _
3332 5557 3341 5561 _
3585 5548 3617 5561 μ

2116 5549 2377 5628 (éj’vanc.
2405 5549 2625 5629 etvetus
2827 5558 3045 5629 habitare
3077 5555 3191 5621 fecit
3232 5557 3402 5605 contra
3438 5549 3641 5613 paradi-

2054 5619 2181 5682 sum;
2200 5631 2248 5675 et
2269 5636 2364 5674 non
2384 5620 2568 5678 adiecit
2587 5634 2667 5672 eos
2688 5621 2774 5671 sub
2797 5619 3046 5682 paradiso.

2118 5669 2222 5749 (tl)
2231 5669 2574 5746 Xﬁiéa'jiéiie's
2591 5669 2821 5732 Martium.
2839 5679 3056 5786 aliusque
3074 5712 3089 5735 ,
3114 5675 3175 5727 de
3199 5673 3288 5723 hoc
3304 5682 3495 5743 magno.
3510 5669 3639 5719 Mox

2118 5761 2167 5786 im
2208 5749 2399 5786 mam-ns
2436 5744 2719 5786 Etlitinnos-
2762 5756 2818 5786 ac
2864 5748 2950 5786 toti
2991 5752 3068 5786 em
3109 5737 3220 5786 Mss.
3247 5733 3445 5786 ﬂamma
3469 5739 3576 5783 sunt
3595 5737 3639 5782 et

2057 5733 2399 5811 duin'priorcs
2417 5733 2719 5811 'Editioucs,
2762 5756 2818 5791 ac
2864 5733 3083 5811 totidem
3109 5737 3220 5786 Mss.
3245 5733 3445 5801 ﬂumina
3469 5739 3576 5783 sunt
3595 5737 3642 5782 et

2060 5800 3118 5873 aqme'bibuuturctvideutur;rgctissiine.
3163 5859 3173 5869 Ι
3478 5855 3533 5873 m

2134 5871 2203 5931 (υ)
2229 5856 2372 5918 Duos
2396 5880 2570 5917 versus
2591 5869 2727 5926 istos,
2746 5861 2918 5913 similia
2937 5866 3040 5910 sunt
3058 5859 3197 5918 liquis
3220 5857 3329 5910 alits
3342 5892 3357 5917 ,
3375 5856 3637 5907 etc.\'iclo-
