4146 6336
510 410 618 469 523

508 528 700 587 similia
739 529 859 578 sunt
894 515 1049 589 lignis
1076 510 1196 566 aliis
1238 516 1291 563 et
1328 490 1609 579 arboribus
1634 540 1645 561 ,
1691 496 1827 549 sicut
1868 490 2083 546 ﬂittnina

509 618 705 674 similia
733 620 857 669 sunt
890 605 1198 666 ﬂuminibus
1225 608 1278 660 et
1305 596 1475 667 aquis.
1507 593 1563 647 Si
1593 598 1770 643 autem
1799 598 1934 655 aqua
1968 597 2084 672 qum

508 708 749 765 cernitur
770 743 785 769 ,
817 715 943 756 vere
967 708 1103 768 aqua
1128 701 1212 749 est
1231 733 1245 757 ,
1276 701 1498 754 necesse
1524 690 1608 749 est
1636 689 1693 734 ιιι
1720 687 1774 734 et
1804 679 1934 731 licus
1963 664 2083 727 vera

508 801 616 865 sit,
646 805 709 852 et
726 763 827 850 alia
857 792 998 862 ligna
1018 763 1043 842 -ε
1077 778 1143 845 et'
1161 782 1331 839 Adam
1372 789 1532 834 verus
1557 771 1737 837 statim
1763 783 1794 823 a
1826 763 2086 836 principio

510 856 801 964 plasmatus
830 885 882 939 in
899 856 1155 951 corpore,
1183 875 1321 957 sicut
1351 879 1406 928 et
1448 869 1578 933 Eva,
1604 872 1659 922 et
1687 875 1792 919 non
1821 860 1874 914 in
1913 856 2084 928 phan-

509 952 769 1048 iasmate,
807 986 862 1032 et
891 982 1011 1045 post
1032 954 1248 1027 ruinam
1279 964 1362 1037 (ut
1392 960 1503 1015 vult
1538 952 1817 1028 Origenes)
1869 957 2086 1021 preptcr

812 1038 1000 1137 postea
1042 1073 1240 1130 corpus
1283 1050 1568 1123 acceperit.
1594 1045 1707 1103 Sed
1733 1043 1866 1099 dicis
1889 1058 1902 1095 :
1925 1038 2086 1109 Legi-

513 1132 634 1224 mus
655 1160 800 1236 quod
819 1132 1039 1215 sanctus
1058 1151 1257 1212 Paulus
1278 1155 1470 1217 raptus
1496 1144 1567 1199 sit
1582 1151 1753 1209 usque
1777 1134 1844 1189 ad
1874 1132 2086 1188 tertium

507 1223 738 1321 coelum,
769 1262 825 1311 et
871 1263 1039 1319 usque
1080 1246 1134 1301 in
1184 1237 1487 1311 paradisum
1520 1232 1610 1305 (2.
1640 1228 1761 1285 Cor.
1794 1225 1909 1295 l2).
1941 1223 2088 1321 [itane

665 1367 680 1405 :
701 1312 928 1418 ριιιιικὶο
953 1312 1104 1413 ponit
1133 1333 1348 1394 tertium
1378 1327 1597 1389 ccelum,
1614 1328 1683 1376 -et
1707 1327 1889 1391 postea
1916 1312 2084 1375 addit,

504 1454 561 1501 et
586 1403 642 1502 in
668 1403 973 1511 paradisum
991 1473 1006 1499 ,
1037 1425 1273 1485 ostendit
1310 1419 1439 1476 alibi
1468 1430 1589 1473 esse
1614 1412 1809 1469 caelum
1832 1447 1847 1475 ,
1879 1416 1934 1463 et
1962 1403 2087 1460 alibi

508 1494 839 1606 paradisum.
882 1494 1008 1580 lllas
1059 1531 1191 1574 vero
1240 1508 1542 1584 prmstigias
1586 1504 1705 1575 quis
1751 1514 1857 1555 non
1907 1494 2087 1551 statim

504 1586 722 1697 abjiciat
763 1627 926 1689 atque
955 1613 1268 1670 contemnat
1291 1620 1306 1658 :
1329 1602 1545 1658 dicente
1584 1594 1816 1666 Origene
1843 1590 1910 1645 de
1936 1586 2089 1697 aquis

504 1674 623 1788 quin
651 1725 812 1785 super
853 1709 1246 1762 lirmamentum
1276 1704 1402 1751 sunt
1421 1733 1437 1761 ,
1468 1705 1573 1747 non
1600 1701 1721 1744 esse
1759 1696 1924 1752 aquas
1945 1720 1960 1743 ,
1991 1674 2087 1732 sed

505 1778 870 1863 Portitudines
894 1795 1150 1869 quasdam
1175 1788 1431 1860 angelicze
1459 1778 1763 1854 potestatis,
1789 1782 1845 1829 et
1873 1782 2086 1837 rursum

504 1914 672 1972 aquas
706 1910 826 1967 qua:
869 1863 1033 1959 super
1071 1896 1270 1942 terram
1313 1886 1438 1934 sunt
1462 1915 1477 1941 ,
1506 1874 1611 1929 hoc
1635 1880 1747 1934 est,
1782 1865 1882 1921 sub
1908 1863 2088 1917 lirma-

507 2002 692 2050 mento
717 2031 730 2056 ,
762 2000 885 2044 esse
913 1983 1151 2037 Virtutes
1181 1971 1481 2033 contrarias
1501 2010 1516 2035 ,
1549 1967 1601 2022 id
1630 1973 1747 2028 est,
1779 1953 2088 2017 diemones?

507 2087 574 2141 Et
619 2077 890 2155 quemodo
932 2074 1195 2145 legimus,
1228 2068 1280 2122 in
1307 2063 1509 2121 diluvio
1538 2066 1751 2128 apertas
1792 2058 2087 2109 cataractas

505 2143 665 2244 «νωιίζ
708 2181 766 2231 et
809 2143 1311 2249 aquas—inundasse
1347 2152 1569 2211 diluvii?
1599 2148 1739 2204 unde
1765 2143 1934 2216 aperti
1965 2148 2089 2197 sunt

506 2229 686 2325 fontes
710 2229 915 2335 abyssi,
940 2267 994 2314 et
1015 2246 1408 2323 totustnutnlus
1436 2248 1653 2312 opertus
1677 2243 1762 2292 est
1787 2233 1939 2305 aquis
1965 2229 2089 2303 (Ge-

505 2379 613 2419 ues.
639 2361 721 2427 7).

576 2454 630 2507 6.
744 2447 885 2502 furor
913 2439 1187 2497 hominum
1211 2436 1425 2505 junctus
1450 2424 1709 2489 stultitiae,
1738 2418 1829 2490 qui
1859 2416 2088 2485 relique-

499 2503 631 2599 runt
674 2503 805 2595 illud
850 2532 991 2605 quod
1036 2530 1087 2586 in
1134 2503 1435 2582 Proverbiis
1478 2516 1672 2571 dicitur
1716 2530 1729 2567 :
1779 2530 1796 2561 ι
1836 2505 1972 2563 Audi
2019 2503 2089 2558 ﬁli

504 2643 814 2690 sermonem
859 2625 1022 2697 patris
1067 2621 1162 2686 tui,
1213 2625 1269 2673 et
1314 2628 1382 2668 ne
1426 2608 1646 2679 abjicias
1688 2605 1859 2673 legem
1905 2596 2091 2653 matris

510 2739 614 2781 tua:
649 2741 669 2777 ι
703 2694 884 2793 (Prae.
917 2718 970 2773 6.
996 2714 1115 2785 ‘20),
1144 2720 1199 2768 et
1226 2702 1470 2774 conversi
1498 2706 1623 2754 sunt
1652 2694 1717 2749 ad
1745 2704 2009 2755 errorem,
2037 2695 2091 2741 et

506 2787 919 2874 dicunt-stulto,
952 2816 1011 2864 ut
1049 2805 1301 2877 princeps
1340 2797 1421 2853 sui
1465 2795 1568 2856 sit;
1602 2803 1703 2844 nec
1744 2787 2092 2841 contemnunt

509 2925 596 2965 res
623 2908 868 2968 fatuatas,
907 2916 1025 2972 quae
1053 2875 1317 2953 dicuntur
1363 2904 1391 2941 a
1439 2885 1605 2947 fatuo,
1641 2880 1778 2935 sicut
1815 2875 2088 2943 Scriptura

509 3010 735 3057 testatur
763 3014 777 3050 :
809 3013 827 3047 ι
864 2960 1064 3047 Fatuus
1100 2972 1278 3042 autem
1316 2980 1454 3034 fulua
1484 2973 1741 3043 loquitur,
1768 2976 1822 3022 ct
1851 2979 1946 3020 cor
1973 2960 2093 3031 ejus

510 3052 917 3156 iulia'iuiunigii
949 3101 967 3135 ι
1000 3078 1152 3153 (nui.
1183 3074 1271 3130 ss.
1310 3070 1387 3138 ii).
1416 3065 1565 3124 Unde
1593 3062 1817 3119 obsecro
1848 3064 1919 3122 te,
1951 3052 2091 3108 dile-

509 3183 766 3247 ctissime,
793 3186 848 3233 et
866 3174 1022 3246 quasi
1046 3167 1305 3225 membris
1333 3161 1465 3217 meis
1488 3170 1732 3229 parcens,
1760 3157 1979 3223 prepter
2002 3159 2092 3202 ca-

514 3278 723 3329 rilalcm
752 3284 909 3341 quam
939 3267 989 3320 in
1008 3274 1072 3319 te
1101 3261 1295 3323 habeo,
1326 3266 1515 3324 precor
1544 3249 1785 3305 scribens
1820 3253 1878 3299 et
1903 3253 2089 3304 orans,

513 3378 569 3421 nt
599 3336 822 3431 impleas
863 3358 992 3414 illud
1024 3352 1166 3423 quod
1196 3349 1392 3405 dicitur
1426 3363 1439 3398 :
1476 3362 1495 3395 ι
1533 3342 1723 3417 Nonne
1742 3336 1985 3393 odientes
2015 3340 2087 3397 te,

517 3456 760 3520 Domine,
790 3452 953 3515 odivi,
984 3459 1037 3503 et
1061 3460 1221 3514 super
1246 3439 1491 3496 inimicos
1523 3444 1641 3489 tuos
1665 3426 2037 3487 tabescebam?
2068 3442 2086 3476 ο

517 3548 687 3621 (Paul.
741 3516 861 3600 iss.
912 3541 1033 3609 si.)
1088 3534 1303 3590 Inimica
1355 3540 1409 3586 et
1470 3528 1629 3597 digna
1678 3522 1803 3577 odio
1847 3516 2097 3588 Origcnis

514 3609 672 3697 verba
699 3646 843 3704 sunt,
878 3643 932 3690 et
960 3631 1073 3688 Deo
1104 3621 1471 3698 repugnantia,
1517 3628 1572 3674 et
1616 3612 1816 3672 sanctis
1861 3609 1999 3679 ejus,
2040 3614 2093 3660 et

515 3748 621 3789 non
653 3733 751 3786 ista
782 3697 894 3783 sola
908 3738 1036 3796 qua:
1060 3697 1192 3784 dixi,
1221 3715 1392 3771 sed-et
1412 3712 1512 3768 alia
1541 3702 1968 3764 innumerabilia.
1993 3697 2068 3752 Ne

515 3841 621 3898 que
648 3824 792 3880 enim
820 3832 963 3876 nunc
989 3812 1120 3872 mihi
1150 3808 1483 3882 propositum
1522 3799 1888 3859 est'atlversus
1917 3792 2091 3847 omnia

515 3885 759 3989 Drigenis
805 3912 1053 3982 dogmata
1106 3905 1403 3975 disputare.
1462 3895 1604 3952 Nihil
1651 3890 1782 3947 mihi
1832 3885 2094 3956 subripuit

508 3987 794 4080 Origenes,
821 4017 921 4060 nec
959 4003 1011 4058 in
1044 4013 1160 4056 mea
1197 3992 1546 4067 generatione
1574 3987 1672 4042 fuit
1707 4003 1720 4037 :
1750 3998 1851 4038 nec
1882 3989 2093 4052 propter

518 4076 725 4170 aliquas
755 4110 840 4153 res
868 4092 1051 4151 mundi
1079 4099 1134 4147 et
1163 4086 1555 4151 haereditatem,
1587 4080 1770 4135 odium
1813 4076 2094 4131 adversum

516 4164 689 4257 illum,
722 4196 1031 4260 pugnasque
1059 4179 1271 4250 suscepi
1298 4195 1311 4231 :
1343 4176 1439 4234 sed
1467 4175 1549 4244 (ut
1569 4170 1882 4240 simpliciter
1904 4164 2096 4232 fatear)

520 4253 699 4347 doleo,
712 4253 770 4336 et
784 4253 867 4334 val
885 4253 1137 4339 dedoleo,
1152 4270 1342 4325 videns
1364 4265 1625 4338 plurimos
1637 4260 1882 4323 fratrum,
1937 4253 2098 4325 250

520 4386 575 4434 et
587 4369 1081 4444 eorumpratcipue,
1098 4364 1185 4435 qui
1207 4362 1595 4434 professionem
1610 4354 1808 4410 habent
1822 4367 1928 4406 non
1950 4350 2099 4404 mini-

520 4485 687 4538 mam,
714 4466 845 4524 etin
875 4461 1099 4535 gradum
1122 4469 1339 4528 quoque
1359 4448 1643 4510 sacerdotii
1666 4447 1957 4503 maximum
1981 4459 2099 4515 per-

521 4568 803 4625 venerunt,
837 4556 956 4626 ejus
993 4544 1428 4623 persuasionibus
1471 4541 1748 4609 deceptos,
1789 4546 1844 4592 et
1887 4550 2102 4604 perver-

523 4654 736 4711 sissima
765 4648 1006 4706 doctrina
1036 4644 1185 4700 cibos
1215 4639 1382 4695 laetos
1404 4649 1527 4693 esse
1553 4631 1750 4688 diaboli
1782 4648 1795 4684 :
1830 4631 1882 4684 in
1910 4628 2103 4699 quibus

523 4742 849 4813 completum
876 4746 960 4793 est
989 4733 1139 4799 illud,
1180 4729 1321 4801 quod
1366 4728 1560 4783 dicitur
1588 4742 1607 4779 :
1638 4741 1656 4775 ι
1688 4722 1861 4791 Super
1888 4733 2100 4776 onmem

527 4810 876 4890 munitionem
901 4826 1054 4891 ludit,
1079 4834 1132 4879 et
1157 4834 1295 4877 esca:
1318 4820 1434 4890 ejus
1457 4819 1662 4883 electir,
1689 4824 1743 4871 et
1763 4810 2106 4885 congregavit

527 4928 663 4982 sicut
688 4932 907 4977 arenam
954 4916 1317 4986 captivitatem
1368 4932 1385 4965 ι
1430 4912 1606 4981 (Abac.
1658 4908 1736 4979 1).
1778 4907 1853 4962 Te
1898 4915 2101 4971 autem,

530 5016 715 5077 frater,
749 5012 940 5067 liberet
959 5008 1119 5072 Deus,
1149 5015 1205 5061 et
1224 5012 1468 5060 sanctum
1494 5001 1751 5072 populum
1772 4997 1990 5062 Christi,
2017 4997 2106 5065 qni

530 5106 626 5163 tibi
653 5100 891 5161 creditus
915 5105 1020 5163 est,
1049 5105 1104 5152 et
1128 5109 1317 5151 omnes
1345 5093 1539 5148 fratres
1563 5092 1651 5161 qui
1682 5099 1857 5145 tecum
1883 5098 2028 5153 sunt,
2056 5096 2111 5143 et

533 5198 772 5256 maxime
804 5190 1071 5248 Bullinum
1097 5186 1480 5257 Presbyterum
1513 5182 1582 5237 ab
1621 5180 1813 5235 haeresi
1838 5177 2104 5250 Origenis,

533 5301 589 5346 et
615 5288 685 5346 ab
724 5286 845 5342 aliis
890 5278 1189 5337 hteresibus
1215 5287 1270 5333 et
1297 5273 1596 5347 perditione
1632 5285 1840 5327 earum.
1873 5270 1931 5327 Si
1961 5270 2107 5326 enim

535 5388 757 5455 propter
777 5388 942 5430 unum
973 5370 1217 5435 verbum,
1263 5375 1355 5423 aut
1381 5364 1488 5420 duo
1525 5377 1645 5434 quae
1687 5365 1954 5418 Contraria
1985 5361 2110 5418 tidei

536 5483 680 5544 sunt,
702 5468 891 5528 multa!
905 5467 1141 5523 haereses
1158 5461 1376 5532 abjectze
1398 5467 1522 5515 sunt
1544 5456 1614 5513 ab
1634 5455 1892 5522 Ecclesia,
1914 5464 2112 5524 quanto

539 5650 643 5721 rius
676 5646 920 5721 .exmnxit
935 5631 1845 5721 .seminasse;senatus:
1861 5642 2116 5721 τείνειιπμξός

538 5693 1059 5770 ιίεδείξῐᾶνέέιίειίηι
1092 5700 1388 5770 perturbare
1427 5697 1521 5746 sibi
1564 5693 1862 5768 viderentur.
1888 5693 2047 5742 Nobis
2070 5705 2115 5764 _e

542 5755 840 5820 mntra‘cum
857 5755 981 5818 satis
1004 5755 1156 5828 probe
1179 5773 1382 5813 sensum
1450 5758 1646 5821 ersequi
1674 5757 1763 5805 visi
1788 5758 1910 5815 sint,
1936 5770 1997 5805 ex
2027 5755 2113 5802 tri-

542 5834 639 5871 lum
662 5830 769 5871 ιιςς
800 5827 1143 5871 munitissimis
1159 5863 1172 5871 .
1198 5832 1343 5871 atoue
1370 5773 1514 5871 editis
1535 5820 1756 5870 omnibus
1790 5819 2111 5871 reposuimus.

541 5819 639 5881 bus
661 5819 771 5883 Mss.
800 5819 1143 5892 antiquissimis
1159 5863 1172 5887 ,
1198 5832 1343 5887 atque
1370 5819 1514 5873 editis
1535 5819 1756 5870 orhnilnis
1790 5819 2111 5882 reposuimus.

1813 366 2056 429 SANC'II
2101 365 2479 425 lllEllONYMl

3674 350 3778 410 69A

2198 484 2364 551 magis
2394 483 2475 534 hic
2507 482 2644 534 inlei‘
2676 479 2955 533 haereticos
2984 474 3288 541 habebitur,
3322 487 3410 544 qui
3446 476 3617 524 tantas
3659 482 3780 537 per-

2198 577 2501 638 versitales,
2535 582 2587 625 et
2621 582 2725 625 tam
2767 571 2904 625 mala
2935 570 3181 640 dogmata
3210 574 3399 622 contra
3437 563 3596 634 [idem
3626 560 3778 617 adin-

2196 666 2359 730 vcnit,
2396 664 2596 734 Deique
2618 675 2670 718 et
2703 662 2955 718 Ecclesiae
2988 661 3158 716 hostis
3184 658 3400 714 extitit!
3433 656 3585 711 inter
3610 654 3777 709 multa

2195 757 2337 813 enim
2367 757 2503 810 mala
2535 756 2696 839 etiam
2739 753 2870 810 illud
2915 768 3077 808 ausus
3114 760 3197 807 est
3239 750 3442 815 dicere,
3477 744 3781 817 perdidisse

2196 847 2482 918 imaginem
2519 847 2610 901 Dei
2640 837 2834 912 Adam,
2866 860 2989 900 cum
3017 844 3118 899 hoc
3150 843 3202 897 in
3236 837 3383 896 nullo
3408 843 3623 910 penitus
3659 837 3779 891 loco

2192 937 2472 1008 Scriptura
2524 934 2811 1007 signiﬁcet.
2863 936 2919 992 Si
2969 932 3113 991 enim
3165 934 3235 986 ita
3279 929 3457 994 esset,
3503 934 3779 994 nunquam

2192 1031 2373 1085 omnia
2397 1044 2518 1099 qua:
2548 1029 2601 1083 in
2643 1025 2844 1083 mundo
2871 1024 3311 1091 sunt,‘servirent
3349 1020 3542 1076 semini
3583 1013 3777 1084 Adam,

2194 1119 2243 1173 id
2271 1130 2375 1187 est,
2404 1120 2657 1176 universo
2688 1118 2871 1190 generi
2905 1117 3179 1172 hominum
3222 1131 3234 1166 :
3267 1114 3405 1169 sicut
3450 1120 3505 1167 et
3543 1108 3780 1165 Iacobus

2195 1213 2485 1283 Apostolus
2516 1212 2751 1283 loquitur
2783 1227 2797 1267 :
2838 1228 2857 1263 ι
2890 1209 3079 1265 Omnia
3117 1207 3424 1269 domantur,
3456 1211 3510 1258 et
3539 1201 3781 1271 subjecta

2192 1312 2319 1359 sunt
2343 1303 2590 1358 humanae
2620 1312 2823 1358 natura!
2852 1299 3054 1374 (Iacob.
3074 1300 3126 1354 5.
3149 1299 3227 1365 7).
3275 1315 3295 1348 ›
3320 1289 3779 1364 Nunquam‘enitn

2194 1398 2442 1452 universa
2468 1396 2706 1466 subjecta
2737 1403 2920 1452 essent
2947 1390 3274 1455 hominibus,
3307 1388 3353 1443 si
3382 1401 3491 1443 non
3521 1385 3780 1441 haberent

2193 1486 2440 1541 homines
2479 1486 2630 1555 juxta
2657 1482 2711 1541 id
2741 1480 2884 1555 quod
2914 1481 3183 1539 universis
3212 1481 3562 1550 imperarent,
3588 1474 3776 1545 imagi-

2194 1591 2315 1631 nem
2349 1575 2464 1630 Dei.
2494 1574 2838 1646 Conjungens
2864 1582 3045 1629 autem
3086 1572 3249 1641 atque
3291 1566 3610 1624 consocians
3634 1563 3779 1620 Scri-

2194 1675 2344 1736 ptura
2371 1665 2547 1720 divina
2576 1665 2801 1736 gratiam
2832 1660 3245 1724 benedictionis,
3287 1670 3445 1728 quam
3475 1655 3642 1710 Adam
3674 1652 3775 1708 du-

2193 1765 2432 1825 naverat,
2461 1764 2516 1813 et
2545 1754 2984 1827 generationibus
3009 1765 3128 1823 quae
3171 1764 3238 1808 ex
3269 1760 3336 1803 co
3366 1753 3543 1810 erant,
3590 1758 3659 1799 ne
3684 1742 3773 1813 qui

2192 1846 2414 1903 forsitan
2438 1847 2667 1917 maligna
2698 1843 3141 1916 interpretatione
3166 1839 3428 1895 auderent
3448 1835 3651 1901 dicere,
3683 1833 3775 1888 uni

2191 1941 2371 1997 datam
2408 1941 2633 2012 gratiam
2677 1935 2796 2005 Dei,
2826 1947 2880 1993 et
2923 1934 3072 2011 illum
3112 1933 3284 1991 solum
3332 1930 3532 1986 factum
3560 1941 3681 1983 esse
3707 1924 3775 1979 ad

2193 2033 2474 2104 imaginem
2506 2023 2637 2088 Dei:
2670 2028 2748 2102 (π)
2780 2030 2901 2100 quia
2924 2026 3216 2098 plasmatus
3245 2029 3389 2079 esset
3414 2028 3479 2076 ex
3507 2018 3692 2083 humo,
3720 2021 3777 2070 et

2192 2138 2413 2179 uxorem
2436 2124 2576 2193 ejus,
2607 2134 2767 2191 quam
2797 2124 3038 2174 creasset
3071 2115 3139 2171 de
3174 2123 3323 2170 costa
3351 2111 3451 2165 viri
3483 2128 3495 2165 :
3527 2123 3622 2164 eus
3647 2118 3776 2161 vero

2192 2215 2279 2284 qui
2307 2215 2721 2284 eoneiperentur
2771 2212 2821 2265 in
2858 2218 3037 2272 utero,
3069 2216 3125 2263 et
3163 2220 3269 2260 non
3303 2204 3375 2258 ita
3425 2205 3776 2256 nascerentur

2193 2315 2251 2361 ut
2278 2305 2474 2373 Adam,
2508 2305 2598 2360 Dei
2628 2319 2733 2359 non
2765 2302 2964 2357 habere
3006 2298 3313 2369 imaginem,
3343 2292 3522 2351 statim
3553 2304 3651 2361 per
3685 2303 3776 2343 or-

2192 2395 2372 2452 dinem
2412 2394 2611 2466 jnngit,
2655 2404 2710 2449 et
2738 2393 2908 2448 dicit:
2945 2408 2963 2443 ι
3001 2388 3069 2444 Ει
3117 2388 3248 2442 vixit
3294 2384 3460 2440 Adam
3512 2381 3773 2437 ducentos

2195 2484 2404 2555 triginta
2435 2500 2630 2551 annos,
2659 2494 2712 2539 et
2743 2481 2993 2553 cognovit
3036 2478 3201 2533 Evam
3247 2486 3469 2530 uxorem
3515 2472 3773 2534 διηφίει

2195 2577 2400 2646 peperit
2425 2576 2475 2631 ei
2511 2575 2677 2630 tilium
2716 2575 2868 2645 juxta
2917 2571 3151 2642 speciem
3191 2577 3245 2623 et
3290 2566 3439 2636 juxta
3486 2561 3771 2631 imaginem

2192 2668 2327 2735 ejus,
2371 2674 2426 2722 et
2465 2666 2676 2722 vocavit
2711 2679 2904 2721 nomen
2948 2662 3066 2732 ejus
3106 2658 3236 2715 Seth
3272 2675 3291 2710 ι
3339 2654 3543 2726 (Cenes.
3590 2654 3645 2709 5.
3688 2651 3769 2720 5).

2194 2758 2528 2829 Rursumque
2573 2758 2625 2813 in
2671 2757 2879 2813 decima
2924 2751 3269 2826 generatione
3319 2758 3437 2819 post
3481 2759 3655 2802 annos
3682 2743 3767 2798 bis

2194 2847 2338 2902 mille
2364 2847 2622 2903 ducentos
2656 2847 2728 2919 (ὁ)
2752 2844 3104 2917 quadraginta
3133 2841 3289 2907 duos,
3320 2838 3598 2894 vindicans
3624 2835 3767 2890 Deus

2194 2938 2478 3008 imaginem
2522 2950 2710 3004 suam,
2739 2941 2795 2992 et
2816 2934 3129 2999 ostendens,
3206 2931 3389 3003 251'
3438 2927 3576 2999 quod
3598 2924 3770 2996 gratia

2192 3040 2352 3098 quam
2380 3024 2616 3083 dedisset
2657 3025 2967 3082 hominibus
3009 3028 3385 3095 perseveraret
3425 3020 3477 3074 in
3508 3018 3616 3082 eis,
3646 3015 3722 3070 ait
3754 3033 3765 3067 :

2200 3136 2218 3168 ι
2245 3117 2323 3174 Ne
2350 3117 2691 3173 comederitis
2716 3128 2934 3173 carnem
2966 3116 3021 3170 in
3047 3113 3357 3184 sanguinem
3385 3110 3479 3183 [aL
3510 3123 3624 3163 cunt
3648 3121 3774 3161 smi-

2193 3205 2387 3279 gnt'ne],
2406 3215 2508 3278 ego
2527 3206 2669 3263 enim
2690 3207 2922 3261 ulciscar
2940 3204 3255 3274 sanguinem
3274 3208 3513 3256 vestrum
3531 3197 3596 3252 de
3613 3209 3772 3250 manu

2193 3300 2369 3355 omnis
2395 3299 2626 3355 hominis
2654 3297 2982 3355 ell'undentis
3011 3296 3160 3351 illum
3196 3313 3211 3349 ι
3244 3293 3365 3363 quia
3392 3291 3459 3346 ad
3490 3287 3773 3358 imaginem

2195 3393 2288 3450 Dei
2314 3392 2415 3448 feci
2448 3392 2722 3448 hominem
2758 3409 2777 3443 ι
2813 3389 3023 3458 (Cenes.
3048 3388 3129 3459 9).
3160 3387 3268 3442 Nec
3298 3399 3402 3439 non
3433 3389 3553 3453 post
3579 3380 3775 3434 alteras

2195 3486 2380 3542 decem
2407 3486 2785 3556 generationes
2816 3498 2986 3553 usque
3013 3481 3078 3535 ad
3109 3478 3402 3542 Abraham,
3429 3482 3485 3529 ct
3514 3473 3581 3527 ab
3607 3471 3778 3524 Abra-

2196 3577 2321 3632 ham
2353 3576 2617 3647 usque-ad
2662 3574 2828 3630 David
2874 3575 3009 3628 alias
3038 3569 3415 3643 generationes
3448 3560 3775 3634 quatuorde-

2196 3670 2321 3735 cim,
2349 3680 2469 3740 qua:
2505 3668 2688 3739 viginti
2715 3676 2947 3739 quatuor
2980 3663 3355 3736 generationes
3382 3654 3538 3712 simul
3568 3653 3777 3708 faciunt

2197 3777 2366 3818 annos
2407 3762 2485 3817 bis
2526 3762 2671 3816 inille
2704 3768 2919 3815 centum
2950 3757 3136 3813 decem
3178 3762 3233 3810 et
3259 3761 3465 3823 septem
3496 3764 3508 3799 :
3543 3745 3780 3817 Spiritus

2197 3851 2426 3909 Sanctus
2452 3851 2504 3905 in
2535 3851 2810 3906 tricesimo
2836 3856 3027 3904 octavo
3057 3847 3283 3917 psalmo,
3312 3857 3432 3899 cum
3462 3844 3780 3911 quereretur

2198 3943 2266 3999 de
2291 3942 2539 3998 omnibus
2566 3940 2896 4007 hominibus,
2915 3939 3059 4009 quod
3084 3940 3138 3992 in
3162 3936 3396 3991 vanitate
3415 3929 3777 3990 ambularent,

2198 4043 2254 4090 et
2283 4033 2518 4104 peccatis
2546 4041 2730 4088 essent
2755 4030 2994 4095 obnoxii,
3027 4029 3265 4098 loquitur
3296 4043 3309 4079 :
3346 4043 3366 4077 ι
3403 4022 3780 4078 Verumtamen:

2200 4122 2253 4177 in
2299 4122 2529 4192 imagine
2569 4120 2908 4192 perambulat
2946 4118 3121 4174 omnis
3164 4117 3329 4171 homo
3362 4131 3381 4165 ι
3417 4111 3536 4185 (Ps.
3566 4110 3655 4165 58.
3698 4109 3776 4178 7).
3834 4149 3846 4158 .

2199 4215 2308 4270 Nec
2336 4232 2439 4270 non
2467 4224 2593 4285 post
2620 4214 2807 4279 David,
2832 4213 2994 4269 etiam
3033 4210 3134 4267 sub
3162 4209 3451 4267 Salomone
3492 4204 3601 4258 lilio
3638 4201 3778 4271 ejus,

2202 4305 2427 4376 legimus
2448 4306 2551 4360 tale
2579 4305 2831 4374 quiddam
2859 4319 3022 4373 super
3048 4301 3138 4356 Dei
3167 4299 3396 4369 imagine
3423 4295 3780 4351 nominatum.

2203 4399 2339 4454 Dicit
2366 4399 2508 4454 enim
2543 4399 2593 4453 in
2623 4398 2917 4468 Sapientia,
2949 4411 3069 4465 ane
3100 4393 3256 4449 titulo
3283 4392 3400 4461 ejus
3422 4386 3731 4444 inscribitur
3761 4398 3774 4435 :

2208 4510 2228 4544 ι
2260 4492 2469 4548 Creavit
2501 4492 2642 4547 Deus
2686 4492 3051 4555 incorruptum
3083 4485 3374 4550 hominem,
3408 4490 3463 4539 et
3497 4478 3781 4549 imaginem

2268 4653 2528 4719 (n)_Aliter
2554 4660 2603 4701 et
2621 4652 2820 4700 brevius
2835 4649 3185 4719 Distercienscs
3207 4644 3404 4719 chartae,
3421 4638 3504 4719 qui
3519 4638 3783 4710 plasmata;

2205 4700 2571 4771 essetlltomoﬂt
2592 4700 2798 4762 uxorem
2816 4711 2938 4773 ejus,
2962 4723 3041 4761 eos
3059 4721 3189 4773 vero,
3216 4710 3312 4756 etc.
3339 4700 3671 4773 Ambrosia'riae
3697 4710 3783 4745 att-

2208 4788 2315 4853 tem
2327 4781 2407 4851 sit;
2426 4761 2573 4825 etiam
2600 4761 3004 4853 inﬁttpc‘r‘ieribus
3026 4761 3243 4853 'viariatit,I
3266 4786 3288 4812 ι
3308 4764 3549 4853 auderent
3581 4761 3750 4808 dicere
3768 4793 3783 4817 ,

2413 4846 2421 4853 .
2494 4852 2497 4853 ,
2552 4839 2745 4853 _A_n_a__.
2838 4848 2858 4853 Α-
2937 4839 2978 4853 AI
3008 4833 3020 4853 2
3064 4845 3142 4853 η...
3174 4844 3227 4853 ,Α
3251 4840 3329 4853 nm
3395 4831 3547 4853 nnlllnl
3583 4834 3694 4853 neco
3720 4833 3779 4853 ιη(

2210 4824 2509 4890 immintitam
2546 4824 2748 4898 gratiam
2786 4834 2906 4892 Del,
2934 4839 2986 4881 et
3008 4832 3143 4880 illum
3174 4824 3330 4879 solum
3373 4824 3547 4873 factum
3583 4834 3694 4870 esse
3720 4833 3783 4869 ex

2212 4903 2373 4958 humo,
2397 4905 2448 4948 et
2471 4897 2675 4948 usui-cm
2701 4897 2834 4960 ejus;
2854 4906 2944 4960 eos
2969 4903 3104 4960 vero,
3130 4901 3226 4960 etc.
3276 4951 3286 4960 _
3343 4948 3357 4960 .
3463 4946 3473 4957 .
3704 4904 3711 4911 λ

2202 4946 2594 5026 ·””(ῦ)ξ’ᾇιέ-ὸήιὲθ
2611 4946 2804 5026 strait?
2824 4946 2884 5005 'a‘d
2907 4946 3120 5026 ρθταίιοέ
3134 4951 3321 5026 dilexi?
3343 4946 3573 5026 “9mm”
3607 4955 3788 5026 S°E'""

2211 5009 2489 5074 όιιῖιίῙξΧΧζ
2508 5009 2589 5071 liis
2612 5019 2743 5069 mille
2766 5009 3002 5067 ducentos
3022 5012 3338 5077 quadraginta
3358 5009 3788 5077 (Ιιιοεέιιιιιοξβιιιη

2212 5092 2383 5150 putant
2405 5064 3058 5150 Eusebius:llierenynjusi
3260 5071 3453 5150 aliique.
3480 5067 3581 5116 Sed

2211 5125 2325 5198 ilem
2350 5160 2459 5196 cum
2484 5125 2843 5205 Augustin-ode
2854 5125 2996 5205 δίδη.
3017 5125 3132 5205 Dei.
3156 5125 3240 5205 lib'.
3270 5133 3345 5205 ιε’).
3359 5125 3630 5178 'numerant
3647 5125 3787 5174 2262.

2213 5195 2331 5282 Cum
2360 5195 2539 5282 itaque
2560 5195 2935 5282 Utle‘llipipbanii
2974 5204 3150 5282 mentel
3179 5195 3307 5282 haud
3340 5197 3587 5260 constaret
3597 5225 3611 5282 ἶ
3639 5195 3791 5282 atq|ne

2494 5281 2497 5282 ν
2555 5279 2568 5282 -
2647 5279 2655 5282 -
2697 5276 2739 5282 -~
2792 5272 2908 5282 ----
2936 5267 3078 5282 lum--
3155 5271 3206 5282 mn
3249 5266 3411 5282 “mlle
3450 5266 3589 5282 ennu-
3617 5263 3697 5282 ην,
3740 5262 3790 5282 μ-

2216 5248 2603 5334 ἱτηριθθδδίἶιηιεει
2621 5248 2911 5334 ιίὺῖέδῳξρβ
2935 5262 3080 5308 etiam
3104 5258 3414 5334 Martianzrus
3450 5251 3697 5334 sequitlur,
3722 5248 3790 5296 le-

2929 5327 2939 5334 .
3001 5323 3010 5332 ι
3179 5318 3210 5334 ιι
3227 5319 3238 5334 I
3255 5333 3264 5334 κ
3285 5318 3304 5334 1
3347 5330 3380 5334 ._
3422 5326 3595 5334 A...‘.-\.r.
3617 5312 3769 5334 ...δὴ-..η

2207 5311 2663 5436 ἐθῖὲῆξῖέοίιέάᾖὺιια
2683 5311 2822 5393 (tuba;
2835 5319 3076 5371 Victorius
3092 5334 3154 5369 ex
3179 5318 3274 5368 llde
3285 5317 3398 5365 Mss.
3416 5311 3789 5374 exemplarium,
3860 5326 3863 5329 ν

2218 5398 2370 5436 manu
2393 5396 2430 5436 ιι
2466 5387 2785 5436 anudrnmnta
2817 5383 2963 5436 duos,
2986 5383 3067 5431 cui
3091 5380 3288 5430 lectioni
3320 5377 3421 5425 duo
3457 5376 3602 5436 etiam
3640 5372 3793 5436 nostri

2217 5372 2785 5455 Firmium-qnt‘idrnrﬁnta
2808 5372 2963 5455 suos,
2986 5383 3067 5431 cui
3091 5380 3288 5430 lectioni
3317 5377 3421 5455 due
3457 5372 3793 5455 etianLunstri

2217 5434 2771 5518 Eodicessutl‘ragai'itur,
2796 5434 3083 5554 (“muscum
3118 5451 3171 5490 ct
3207 5453 3296 5488 nos
3317 5438 3535 5487 facimus.
3562 5434 3792 5483 Omnium

2218 5520 2381 5554 alitem
2421 5510 2693 5554 rectissime
2730 5505 2820 5554 Am
2910 5506 3075 5551 sianus
3112 5502 3198 5551 lib.
3238 5508 3494 5554 utramque
3526 5495 3792 5543 lectionem

2218 5495 2693 5562 aulem‘rectissime
2730 5495 3075 5554 Ambrosianus
3112 5502 3198 5551 lib.
3238 5508 3494 5562 utramque
3526 5495 3792 5543 lectionem

2218 5574 2316 5644 hoc
2333 5570 2473 5644 modo
2498 5569 2719 5639 exhibet,
2906 5577 3057 5613 annos
3080 5564 3157 5644 bis
3177 5561 3314 5644 mille
3336 5559 3793 5644 dueentoi‘septqp-

2546 5643 2557 5644 γ
2603 5641 2635 5644 ν-
2669 5635 2711 5644 --.
2740 5641 2777 5644 γ-
2810 5640 2828 5644 -
2872 5639 2909 5644 ,η
2939 5638 3105 5644 -..Α-μ-
3136 5625 3200 5644 -..ε
3241 5633 3297 5644 .-ἠ
3319 5621 3512 5644 nanis...
3607 5631 3629 5644 υ
3655 5618 3718 5644 nl:
3765 5632 3792 5644 ,ι

2257 5636 2356 5682 iuta
2373 5616 2517 5687 duos,
2536 5630 2642 5678 sive
2667 5616 2719 5675 ut
2739 5616 2792 5675 in'
2808 5625 2913 5674 aliis
2935 5622 3300 5687 exemplaribus
3319 5621 3532 5687 ponitur,
3555 5618 3632 5666 bis
3655 5616 3792 5665 mille

2220 5678 2457 5745 ducentos
2494 5678 2808 5753 quadraginta
2827 5687 2976 5742 duos,
3003 5701 3026 5731 ι
3056 5678 3119 5735 εἰς
3142 5697 3240 5746 quo
3262 5678 3414 5753 facilis
3436 5678 3640 5728 aliorum
3664 5690 3791 5726 ama-

2222 5744 2477 5804 nuensinni
2504 5744 2763 5801 I'ansnf'cx
2794 5760 2961 5798 vocum
3001 5761 3130 5809 pene
3162 5744 3445 5795 earumdem
3477 5752 3680 5790 occursu
3705 5753 3793 5797 ap-

2224 5824 2381 5879 paret.
