4146 6336
393 352 498 411 525
961 378 995 391 ν

348 467 354 473 ’
393 486 502 531 sua}
529 463 870 540 proprietatis
900 460 1047 518 dedit
1082 459 1130 516 ci
1163 478 1180 510 ι
1215 457 1368 528 (Sap.
1411 457 1464 510 9..
1508 457 1626 524 9.5).
1663 455 1724 510 Et
1758 471 1969 509 rursum

393 570 512 635 post
538 572 705 615 annos
729 554 808 628 (a)
837 553 1084 610 millenos
1117 560 1377 606 centenos
1423 547 1666 602 undenos
1706 547 1823 615 plus
1867 546 1969 597 mi-

396 634 514 720 nus,
545 651 600 706 in
633 662 772 704 novo
797 645 1027 716 legimus
1051 642 1420 705 Testamento,
1465 637 1608 708 quod
1647 651 1751 690 non
1798 634 1972 702 perdi-

393 747 584 802 derunt
616 740 861 796 homines
901 735 1186 806 imaginem
1216 731 1350 787 'Dei.
1385 729 1618 786 Jacobus
1649 727 1790 782 enim
1832 727 1974 792 Apo-

393 834 560 892 stolus
586 839 640 886 et
679 830 842 885 frater
876 825 1108 892 Domini,
1131 838 1287 892 cujus
1329 830 1380 875 et
1412 829 1571 890 supra
1609 817 1966 878 meminimus,

393 925 606 982 instruit
639 938 758 988 nos,
804 937 870 976 ne
900 917 1146 990 Origenis
1184 913 1392 985 laqueis
1437 913 1729 982 capiamur,
1775 909 1974 964 habere

390 1018 664 1072 hominem
699 1013 981 1082 imaginem
1013 1017 1068 1065 et
1093 1005 1494 1063 similitudinem
1529 1003 1644 1061 Dei.
1680 1002 1810 1056 Nam
1853 1016 1972 1055 cum

387 1108 452 1162 de
484 1107 658 1175 lingua
687 1103 918 1157 hominis
947 1100 1107 1155 latius
1127 1097 1470 1167 diSpntasset,
1495 1093 1688 1163 adjecit
1716 1112 1727 1147 :
1758 1083 1775 1142 ι
1806 1091 1976 1146 1ηειιιο

392 1202 505 1256 bile
542 1198 761 1263 malum,
798 1195 848 1248 in
891 1193 1004 1261 ipsa
1046 1191 1243 1260 quippe
1275 1185 1642 1242 benedicimns
1681 1184 1848 1238 Deum
1881 1197 1975 1253 pa-

394 1299 552 1353 trem,
585 1297 638 1343 et
667 1287 719 1342 in
749 1287 858 1354 ipsa
889 1282 1257 1338 maledicimus
1285 1279 1546 1338 homines,
1593 1276 1682 1346 qui
1725 1275 1790 1329 ad
1819 1275 1972 1328 simi-

395 1383 668 1438 litudinem
717 1379 812 1434 Dei
861 1375 1061 1430 conditi
1115 1381 1239 1428 sunt
1275 1391 1293 1424 ι
1349 1369 1551 1439 (Jacob.
1610 1370 1660 1422 ὃ.
1711 1367 1766 1422 8-.
1817 1376 1864 1419 et
1895 1365 1970 1435 9).

394 1475 586 1529 l‘aulus
609 1485 820 1542 quoque
841 1484 936 1524 vas
961 1466 1263 1531 electionis,
1289 1473 1342 1519 et
1363 1464 1452 1533 qui
1479 1462 1776 1517 doctrinam
1802 1460 1976 1514 Evan-

393 1565 614 1634 gelicam
641 1578 735 1616 sua
765 1560 1146 1630 prmdicatione
1172 1554 1480 1624 complevit,
1505 1553 1662 1608 docet
1686 1568 1803 1616 nos,
1832 1551 1974 1622 quod

397 1656 557 1710 homo
583 1653 648 1708 ad
690 1651 994 1721 imaginem,
1042 1657 1096 1703 et
1143 1644 1547 1700 similitudinem
1591 1642 1684 1698 Dei
1729 1642 1975 1697 conditus

396 1752 485 1814 sit,
538 1749 763 1802 dicens:
801 1762 820 1796 ι
857 1743 950 1796 Vir
990 1757 1096 1796 non
1145 1740 1304 1795 debet
1345 1737 1549 1793 nutrire
1591 1750 1824 1798 comam,
1854 1751 1972 1788 cum

394 1840 560 1911 gloria
612 1848 664 1892 et
695 1839 870 1906 imago
898 1835 990 1888 Dei
1017 1833 1086 1887 sit
1125 1851 1146 1883 ι
1183 1831 1258 1902 (2.
1288 1829 1405 1884 Cor.
1443 1829 1526 1882 ll.
1557 1828 1612 1898 7)
1645 1844 1656 1881 :
1690 1827 1973 1894 imaginem

396 1926 1014 2001 simpliciter'appellans
1051 1939 1149 1978 suo
1177 1922 1413 1983 nomine,
1441 1918 1844 1974 similitudinem
1879 1933 1972 1971 au-

398 2026 506 2078 tein
531 2022 714 2092 gloria:
743 2017 1103 2087 appellatione
1124 2011 1455 2084 significans.

466 2116 519 2168 7.
549 2111 867 2166 ²Ρινο·ιι·ἰί)ιις
902 2109 1061 2178 igitur
1103 2103 1441 2167 testimoniis,
1493 2116 1612 2170 qua:
1655 2100 1746 2155 tibi
1771 2141 1784 2164 ,
1827 2100 1870 2154 si
1911 2099 1977 2153 de

397 2207 666 2277 Scriptura
695 2191 878 2259 sancta
905 2201 1216 2270 reperirem,
1255 2195 1472 2250 dicebas
1504 2207 1660 2263 posse
1687 2193 1934 2247 sufﬁcere
1961 2210 1970 2243 :

395 2305 756 2365 ecce-septem
785 2291 1084 2349 testimonia
1105 2287 1369 2343 dedimus.
1387 2285 1519 2352 Quis
1544 2299 1672 2353 ergo
1695 2282 1979 2337 sustinebit

395 2388 639 2458 Origcnis
697 2385 858 2455 252
920 2381 1146 2450 ineptias
1169 2381 1192 2430 ‘2
1219 2385 1274 2430 ut
1304 2390 1410 2431 non
1437 2375 1651 2445 gravius
1680 2373 1880 2442 aliquid
1901 2372 1979 2427 lo-

394 2493 548 2547 quar,
565 2486 618 2531 et
642 2474 833 2530 similis
854 2471 1055 2527 efficiar
1084 2470 1170 2523 vel
1193 2468 1292 2537 ipsi
1319 2467 1402 2522 vel
1421 2465 1700 2535 discipulis
1726 2465 1865 2533 ejus,
1889 2465 1976 2532 qui

393 2569 592 2623 audent
620 2567 670 2620 in
691 2563 929 2634 periculo
954 2563 1146 2616 anima:
1171 2575 1284 2616 sua:
1313 2572 1579 2625 asserere,
1602 2557 1978 2627 quodcumque

392 2657 555 2712 eisin
582 2658 802 2711 buccam
833 2653 1061 2714 venerit,
1095 2661 1150 2706 et
1191 2650 1360 2719 magis
1388 2649 1580 2719 jubere
1623 2648 1754 2714 Deo,
1789 2655 1841 2701 cl
1873 2663 1976 2700 non

391 2748 460 2802 ab
488 2762 554 2802 eo
581 2745 664 2800 vel
688 2759 854 2798 orare.
872 2743 952 2796 vel
981 2741 1190 2795 discere
1214 2741 1532 2794 veritatem.
1563 2736 1790 2804 Quidam
1830 2737 1973 2790 eriim

393 2847 579 2892 eorum
607 2835 812 2900 dicunt,
841 2831 984 2902 quod
1015 2831 1190 2897 imago
1228 2830 1343 2897 Dei,
1374 2843 1532 2899 quam
1580 2826 1730 2896 prius
1772 2828 1980 2894 accepit

393 2916 583 2993 Adam,
619 2925 710 2979 illo
739 2931 1016 2994 peccante,
1059 2921 1300 2992 perierit.
1337 2919 1438 2974 Alii
1469 2919 1813 2986 suspicantur
1853 2931 1974 2970 cor-

394 3022 512 3088 pus;
545 3016 684 3087 quod
713 3014 880 3070 Filius
902 3014 994 3069 Dei
1023 3012 1302 3067 habiturus
1331 3019 1475 3066 esset
1501 3025 1566 3064 ex
1589 3008 1774 3072 Maria,
1805 3008 1975 3077 ipsum

393 3123 513 3164 esse
541 3107 823 3178 imaginem
849 3107 928 3176 (ιι)
957 3103 1274 3159 conditoris.
1300 3101 1554 3156 Nonnulli
1594 3099 1828 3154 animam
1857 3111 1978 3153 esse

395 3199 700 3268 imaginem,
728 3197 816 3251 alii
845 3211 1083 3261 sensum,
1113 3194 1200 3248 alii
1229 3194 1480 3248 virtutem
1514 3210 1526 3245 :
1553 3192 1643 3246 isti
1670 3191 1933 3260 baptisma
1960 3209 1972 3243 :

395 3291 470 3356 bi,
503 3289 640 3360 quod
673 3289 833 3343 homo
860 3287 925 3340 ad
955 3287 1236 3356 imaginem
1263 3284 1354 3339 Dei
1372 3283 1678 3338 dominetur
1703 3283 1973 3344 omnibus,

395 3381 664 3436 chriarum
686 3394 846 3446 rmore
872 3379 986 3432 haec
1015 3377 1214 3432 vel-illa
1253 3384 1546 3440 ructantes,
1590 3388 1723 3444 quos
1758 3381 1977 3442 oporte-

397 3472 485 3527 bat
517 3461 718 3526 iantum
749 3470 1002 3539 effugere,
1038 3469 1349 3530 discrimen,
1389 3482 1487 3522 nec
1518 3481 1714 3536 negare
1749 3482 1867 3534 qua:
1898 3465 1979 3519 lo-

397 3563 574 3632 quitur
614 3563 771 3626 Dens,
819 3571 870 3615 et
915 3560 1200 3615 credentes
1251 3558 1566 3627 simpliciter
1607 3557 1785 3612 salvos
1836 3557 1974 3619 fieri,

399 3653 611 3723 Dcoque
638 3651 934 3706 concedere
964 3649 1270 3704 donationis
1299 3664 1408 3702 suae
1453 3647 1522 3719 (c)
1555 3657 1758 3703 certam
1799 3656 1854 3701 et
1885 3661 1976 3701 ve-

400 3759 509 3797 ram
556 3734 855 3807 scientiam,
899 3741 950 3794 in
1001 3756 1102 3809 qua
1153 3739 1487 3808 potissimum
1536 3747 1684 3806 parte
1730 3737 1976 3792 homines

400 3836 692 3890 condiderit
718 3835 782 3888 ad
818 3834 1101 3904 imaginem
1141 3842 1196 3886 et
1240 3830 1650 3886 similitudinem
1677 3845 1852 3884 suam.
1877 3830 1978 3897 Qui

403 3928 513 3981 lucc
557 3928 940 3996 relinquentes,
991 3925 1169 3980 multis
1200 3939 1259 3978 se
1305 3923 1690 3993 qumstionibns
1733 3924 1976 3990 implica-

401 4027 603 4080 caruut,
635 4026 690 4072 et
728 4033 820 4081 per
846 4001 942 4069 has
971 4017 1021 4068 in
1061 4029 1272 4070 C(Bnnm
1304 4013 1537 4068 demersi
1567 4023 1690 4066 sunt
1728 4024 1974 4081 peccato-

404 4124 535 4160 rum.
570 4107 676 4163 Nos
698 4117 896 4173 autem,
928 4105 1292 4170 dilectissime,
1323 4104 1593 4171 credimus
1622 4103 1722 4169 his,
1756 4119 1875 4172 qua:
1904 4105 1980 4157 lo-

402 4197 551 4252 cutus
601 4207 684 4254 est
730 4199 1021 4264 Dominus,
1077 4206 1131 4252 et
1180 4199 1416 4260 scimus,
1468 4195 1608 4264 quod
1667 4195 1718 4248 in
1772 4196 1981 4250 cunctis

405 4290 702 4344 hominibus
727 4290 900 4361 imago
928 4290 1017 4344 Dei
1047 4297 1376 4359 permaneat,
1408 4287 1613 4357 ipsique
1638 4287 1981 4342 concedimus

405 4399 577 4450 nosse,
610 4385 660 4438 in
689 4400 789 4455 qua
818 4395 966 4454 parte
1003 4385 1161 4439 homo
1188 4384 1255 4440 ad
1298 4383 1580 4453 imaginem
1619 4384 1709 4438 Dei
1736 4382 1982 4439 conditus

381 4465 490 4528 ‘sit.
512 4476 613 4531 Sed
641 4492 812 4548 neque
839 4477 987 4541 illud,
1016 4477 1156 4547 quod
1197 4477 1409 4548 quidam
1438 4476 1490 4530 in
1514 4475 1737 4544 epistola
1759 4475 1982 4532 Joannis

405 4571 637 4639 legentes
658 4588 761 4625 non
791 4571 1106 4640 intelligunt,
1136 4584 1454 4638 queinquam
1496 4569 1746 4637 decipiat,
1780 4568 1867 4623 ubi
1897 4568 1979 4622 lo-

405 4663 578 4727 quitur
610 4681 622 4716 :
658 4681 676 4715 ι
712 4662 862 4717 Nunc
891 4663 981 4714 lilii
1015 4662 1102 4714 Dei
1132 4675 1314 4714 sumus
1343 4661 1443 4730 (d),
1479 4671 1533 4714 et
1565 4660 1830 4714 nescimus
1860 4675 1980 4728 qua-

435 4796 536 4861 ”(a)
570 4796 651 4861 Sic
690 4797 992 4861 vetustiores
1022 4794 1273 4861 editiones
1292 4794 1417 4861 dum
1451 4802 1564 4861 ante
1605 4806 1682 4841 an.
1717 4795 1849 4861 liiOQ.
1879 4803 1979 4843 tum

407 4855 644 4906 Victorius
663 4872 692 4905 e
715 4857 828 4906 Mss.
855 4864 906 4905 et
926 4857 1204 4905 Vaticanum
1219 4855 1614 4916 ac(‘.istereiense
1640 4856 1891 4916 exemplar
1914 4870 1976 4904 ex

409 4918 497 4980 illis
519 4933 627 4980 qua:
652 4933 739 4968 nos
762 4917 1084 4976 contulimus;
1111 4917 1309 4980 reliqui
1330 4930 1502 4963 omnes
1538 4914 1678 4968 libri.
1703 4914 1888 4980 Ei'asm.
1923 4924 1973 4980 et

408 4976 704 5028 .‘larti'anzens
724 4981 894 5041 supino
918 4992 1086 5041 errore
1110 4992 1207 5028 non
1221 4976 1312 5041 nisi
1337 4989 1484 5041 (mnos
1505 4984 1735 5041 trecentos
1759 4976 1982 5041 undecim

409 5050 689 5098 munerant,
731 5037 841 5090 cum
879 5040 1030 5102 palam
1063 5041 1124 5088 sit
1166 5053 1228 5089 ex
1265 5039 1462 5102 historia
1485 5050 1513 5086 a
1536 5037 1794 5087 Salomone
1809 5040 1978 5102 Lunde

410 5103 688 5152 numeramli
724 5099 911 5151 initium
941 5101 1020 5150 hic
1054 5103 1259 5150 sumitur
1285 5135 1298 5156 ,
1323 5099 1381 5148 ad
1423 5113 1596 5160 novum
1622 5111 1778 5160 usque
1809 5099 1978 5148 Testa-

410 5170 622 5224 mentum
640 5198 655 5223 ,
683 5173 735 5214 et
756 5163 985 5212 Jacobum
1011 5161 1231 5212 Fratrem
1253 5161 1445 5213 Domini
1481 5159 1750 5224 plusquam"
1767 5160 1903 5211 mille
1930 5169 1980 5211 et

411 5233 601 5273 centum
627 5237 778 5274 annos
801 5225 1156 5273 intercessisse.

469 5283 538 5345 (ιι)
574 5285 792 5335 Deerant
815 5286 919 5353 haec
942 5283 1116 5352 inOaliis
1135 5284 1282 5333 editis
1299 5297 1355 5333 ac
1375 5283 1490 5353 Mss.
1521 5285 1671 5353 verba
1687 5323 1698 5340 ,
1720 5297 1830 5346 quae
1853 5285 1981 5333 inter

413 5351 662 5407 utramque
675 5360 842 5396 vocem
856 5346 1129 5406 imaginem,
1142 5359 1250 5406 quin
1261 5346 1664 5407 repetitur,modo
1681 5353 1979 5406 sunt,eaqne

414 5406 882 5474 iuitpote’necessaria
898 5441 910 5465 ,
939 5415 1120 5474 etquae
1145 5413 1370 5474 veterum
1396 5406 1700 5474 librariorum
1723 5408 1977 5474 oscitantia

412 5466 548 5516 facile
573 5468 881 5524 exciderint,
908 5479 969 5514 cx
992 5466 1302 5529 Ambrosiano
1337 5467 1604 5529 exemplari
1630 5483 1734 5529 sup;
1753 5469 1977 5517 levimus.

473 5529 557 5590 (c).
575 5531 725 5591 'I‘nrpi
752 5539 920 5591 errore
947 5529 992 5574 in
1020 5527 1269 5591 hucusque
1296 5527 1438 5591 editis
1461 5527 1565 5576 erat
1598 5527 1867 5588 certamen,
1894 5543 1980 5591 pro

415 5586 591 5639 certam
613 5599 657 5640 et
679 5586 873 5639 duabus
897 5586 1095 5642 voculis,
1119 5596 1167 5636 ut
1192 5586 1537 5645 castigavimus
1563 5605 1590 5637 e.
1618 5591 1732 5640 Mss.

476 5653 552 5711 ((1)
585 5653 742 5700 Antea
767 5657 871 5697 erat
894 5663 1000 5711 eum
1029 5648 1460 5711 vulgataquidem,
1489 5657 1536 5711 et
1561 5652 1729 5700 (inero
1754 5659 1910 5710 textu,
1938 5659 1980 5700 cl

414 5707 617 5762 manium
641 5719 841 5773 uppm'rt
865 5709 990 5770 quod
1011 5707 1205 5758 crinitis.
1229 5709 1337 5773 Sed,
1358 5707 1468 5755 Mss.
1499 5709 1796 5759 Ambrosian.
1827 5707 1976 5760 Vatie.

416 5769 722 5826 L'isterCitns.
750 5769 926 5834 aliique
951 5786 1056 5820 eum
1083 5772 1235 5818 veleri
1267 5769 1496 5832 editione,
1525 5778 1570 5821 ιιι
1601 5773 1859 5834 edidimus;
1887 5789 1976 5822 stc-

1780 335 2107 392 EPISTOLA
2157 332 2240 390 LI.

2055 5346 2058 5348 ’
2088 5343 2176 5403 hac
2201 5347 2432 5408 epistola,
2458 5345 2541 5408 qui
2565 5359 2672 5394 cum
2700 5343 2946 5394 hodieruis
2983 5343 3353 5404 exemplaribus

3564 349 3668 405 526

2083 456 2160 509 les
2188 455 2344 510 futuri
2374 472 2574 513 sumus.
2603 458 2856 517 Novimus
2887 471 3084 531 autem,
3115 465 3236 534 quia
3264 481 3384 522 cum
3415 467 3501 522 ille
3525 455 3670 524 reve-

2082 546 2215 602 latus
2256 547 2432 613 fuerit,
2467 550 2668 607 similes
2697 553 2744 607 ei
2786 555 3004 610 erimus.
3037 557 3347 614 Videbimus
3374 559 3514 613 enim
3545 573 3666 613 cum

2079 638 2233 691 sicuti
2261 648 2341 693 est
2378 658 2398 691 ι
2447 641 2524 708 (l.
2562 640 2721 696 Joan.
2767 644 2818 698 5'.
2851 644 2931 714 2).
2963 646 3075 700 lloc
3122 649 3264 702 enim
3296 659 3513 717 propter
3551 649 3666 718 glo-

2080 729 2235 795 riam,
2265 746 2385 800 qna:
2406 731 2475 786 ibi
2508 732 2790 788 revelanda
2816 743 2897 788 est
2924 738 3123 794 sanctis
3146 737 3284 807 ejtts,
3319 736 3518 793 dictum
3543 748 3622 794 est
3655 757 3665 790 :

2081 818 2222 874 sicut
2242 831 2295 875 et
2324 821 2376 876 in
2403 822 2509 877 alio
2528 824 2645 878 loco
2674 825 2898 896 legimus
2933 845 2943 880 :
2981 846 2996 877 ι
3031 828 3070 880 Α
3109 827 3276 897 gloria
3317 831 3366 884 in
3389 830 3612 901 gloriam
3649 850 3666 881 ι

2080 909 2157 970 (2.
2201 909 2318 965 Cor.
2361 912 2415 982 5)
2459 931 2472 967 :
2530 914 2680 984 cujus
2711 917 2892 986 gloriae
2915 917 3026 986 jam
3058 916 3108 971 in
3139 917 3241 972 isto
3267 921 3463 976 smculo
3498 909 3671 977 sancti

2082 1000 2399 1056 arrabonem
2429 1013 2478 1057 et
2511 1005 2897 1072 portiunculam
2931 1017 3300 1076 Susceperunt.
3333 1009 3541 1064 l‘rimns
3576 1026 3668 1066 co-

2081 1105 2196 1144 rum
2230 1092 2457 1163 Moyses,
2486 1096 2638 1164 cujus
2666 1096 2811 1152 fulsit
2831 1098 3002 1152 facies
3029 1098 3203 1166 valde,
3233 1109 3284 1153 ct
3315 1100 3551 1156 radiabat
3584 1119 3671 1157 vc-

2082 1181 2175 1235 luti
2199 1182 2373 1253 fulgor
2397 1195 2452 1239 et
2479 1186 2580 1239 sol.
2607 1187 2888 1243 Secundus
2911 1188 3073 1251 Elias,
3110 1190 3265 1258 igneo
3291 1205 3450 1245 curru
3487 1203 3671 1261 raptus

2084 1275 2376 1343 incmlnm,
2395 1287 2448 1332 et
2470 1278 2606 1348 ignis
2627 1279 2949 1335 detrimenta
2971 1295 3075 1334 non
3098 1283 3354 1337 sentiens.
3369 1282 3670 1352 Stephanus

2082 1365 2240 1437 253
2314 1367 2667 1438 lapidabatur,
2693 1379 2745 1425 et
2767 1371 2954 1426 faciem
2977 1373 3206 1427 habebat
3231 1374 3433 1444 angeli,
3457 1390 3575 1444 qua:
3604 1375 3671 1428 ab

2081 1459 2328 1513 omnibus
2355 1461 2693 1517 cernebatur.
2723 1461 2834 1517 Iloc
2861 1473 3039 1519 autem
3065 1465 3204 1534 quod
3237 1465 3289 1519 in
3321 1468 3504 1535 paucis
3529 1465 3667 1521 dixi.

2082 1563 2219 1614 mus,
2265 1549 2332 1604 de
2384 1552 2631 1607 omnibus
2686 1554 3086 1624 intelligendum
3136 1567 3237 1620 est,
3297 1565 3353 1610 ut
3389 1556 3671 1626 impleatur

2083 1639 2209 1694 illud
2233 1641 2371 1710 quod
2399 1643 2654 1713 scriptmn
2685 1653 2765 1699 est
2795 1664 2806 1698 :
2843 1665 2860 1698 ι
2893 1645 3090 1700 Οιηιιίεη
3119 1648 3208 1716 qui
3254 1647 3554 1703 sanetilicat
3579 1661 3669 1702 se-

2082 1733 2400 1805 metipsum,
2461 1737 2598 1792 inter
2650 1736 2838 1793 beatos
2889 1739 3278 1794 numerabitur.
3328 1741 3473 1794 Beati
3525 1742 3666 1795 enim

2082 1827 2281 1880 mundo
2308 1827 2487 1895 corde,
2521 1828 2772 1900 quoniam
2806 1829 2904 1899 ipsi
2924 1829 3090 1890 Deum
3118 1830 3412 1886 videbunt:
3449 1832 3664 1901 (.lluult.

2081 1919 2132 1973 δ.
2163 1921 2240 1987 si.

2152 2010 2204 2063 8.
2235 2010 2364 2064 Cum
2411 2009 2524 2066 haec
2571 2012 2638 2066 ita
2673 2027 2729 2068 sc
2777 2013 3022 2078 habeant,
3057 2012 3428 2082 d'ilcctissiuie,
3460 2015 3666 2068 custodi

2081 2100 2312 2154 animam
2347 2113 2514 2168 tuam,
2542 2112 2596 2158 et
2622 2103 2810 2159 desine
2857 2116 3044 2160 contra
3079 2104 3168 2176 [ιιι.
3203 2104 3360 2176 circa]
3405 2119 3500 2160 nos
3527 2121 3669 2159 niur-

2085 2209 2317 2274 morare.
2363 2195 2494 2249 Dicit
2525 2197 2665 2250 enim
2697 2195 2970 2266 Scriptura
3001 2181 3220 2252 divina:
3263 2218 3278 2248 ι
3319 2197 3491 2274 Nolite
3522 2214 3667 2250 niur-

2086 2301 2298 2340 murarc
2324 2287 2622 2353 adinviccm
2642 2328 2656 2354 ,
2687 2288 2824 2342 sicut
2852 2288 3068 2357 quidam
3098 2269 3585 2350 murimuraverunr,
3617 2299 3671 2342 et

2082 2396 2110 2434 a
2138 2380 2762 2449 serpentibusperierunt
2801 2400 2819 2432 ι
2857 2381 3070 2452 (1.ϐοι·.
3107 2382 3186 2436 10.
3219 2381 3269 2435 9.
3308 2393 3350 2434 et
3386 2380 3473 2449 l0)
3509 2399 3522 2435 :
3552 2396 3664 2434 tua-

2082 2473 2165 2543 gis
2205 2473 2487 2540 acquiesco
2517 2472 2748 2541 veritati,
2778 2461 2833 2529 ei.
2869 2472 3030 2544 dilige
3073 2488 3168 2527 nos
3200 2473 3480 2543 diligentes
3512 2481 3584 2536 tc,
3617 2483 3669 2526 et

2084 2564 2382 2618 veritatem.
2415 2563 2752 2632 Densautcm
2774 2563 2918 2632 pacis
2938 2573 3150 2630 praestet
3177 2562 3331 2616 nobis
3351 2562 3496 2630 juxta
3518 2577 3667 2615 suam

2083 2656 2444 2720 clementiam,
2478 2666 2529 2710 ut
2554 2664 2866 2710 conteratur
2887 2655 3111 2710 Satanas
3138 2654 3236 2708 sub
3269 2655 3490 2724 pedibus
3514 2652 3672 2706 Chri-

2083 2748 2399 2812 stianorum,
2433 2756 2489 2802 et
2533 2747 2812 2815 abjiciatur
2840 2746 3013 2800 omnis
3038 2746 3248 2799 occasio
3291 2756 3562 2814 perversa,
3605 2758 3672 2798 ne

2083 2837 2358 2895 scindatur
2405 2838 2455 2891 in
2500 2835 2657 2893 nobis
2697 2835 2968 2893 vinculum
3011 2835 3248 2892 caritatis
3294 2846 3342 2889 ct
3390 2833 3570 2905 pacis,
3618 2840 3677 2888 et-

2083 2935 2244 2984 recta:
2277 2927 2396 2982 ﬁdei
2425 2927 2764 2998 prredicatio.
3014 2980 3024 2987 ,
3311 2919 3313 2921 ’

2078 3024 2080 3026 ’
2154 3023 2205 3077 9.
2246 3020 2488 3076 Nolanda
2520 3022 2804 3076 historiola.
2829 3053 2898 3063 --
2923 3022 2992 3094 (ε)
3017 3025 3280 3078 Praeterea
3307 3019 3483 3076 audivi
3512 3017 3673 3091 quos-

2082 3117 2204 3172 dam
2237 3131 2574 3171 murmurare
2601 3125 2786 3171 contra
2821 3131 2928 3182 me,
2959 3115 3079 3187 quia
3113 3114 3328 3185 quando
3362 3114 3520 3170 simul
3545 3129 3672 3184 pcr-

2082 3208 2337 3278 gcbaiuus
2367 3205 2432 3261 ad
2481 3216 2724 3261 sanctum
2758 3207 2933 3261 locum
2979 3206 3069 3277 qui
3115 3215 3338 3262 vocatur
3365 3206 3588 3271 Bcthel,
3616 3216 3678 3262 ut

2082 3299 2152 3354 ibi
2181 3283 2475 3353 Collectam
2509 3307 2680 3352 tecum
2711 3312 2780 3352 ex
2823 3313 2972 3354 more
3000 3297 3366 3355 ecclesiastico
3399 3298 3672 3364 facerem,

2083 3399 2135 3444 ct
2167 3390 2433 3444 venissem
2462 3389 2527 3442 ad
2559 3389 2736 3442 villam
2785 3404 2904 3458 qua:
2929 3389 3124 3444 dicitur
3148 3389 3468 3457 Anablatha,
3509 3389 3674 3447 vidis-

2083 3497 2304 3552 scmqne
2334 3481 2402 3536 ibi
2450 3481 2764 3550 pra-tericns
2797 3480 3069 3544 lucernam
3101 3482 3400 3549 ardentem,
3429 3495 3478 3539 et
3511 3483 3675 3537 inter-

2084 3589 2376 3644 rogasscm,
2403 3575 2523 3642 quis
2555 3573 2703 3628 locus
2729 3582 2892 3642 esset,
2918 3572 3334 3644 didicissemque
3350 3589 3468 3630 esse
3495 3576 3670 3630 cccle-

2083 3666 2250 3729 siam,
2302 3676 2355 3719 et
2402 3666 2685 3723 intrassem
2739 3675 2795 3719 ut
2842 3681 3101 3721 orarem:
3146 3668 3321 3722 inveni
3373 3667 3445 3722 ibi
3494 3669 3692 3722 vclmn.

2085 3758 2322 3826 pendens
2355 3757 2406 3811 in
2455 3757 2657 3812 foribus
2686 3757 2925 3828 ejusdem
2973 3757 3214 3812 ecclesia:
3259 3757 3480 3812 tinctum
3512 3767 3680 3826 atque

2083 3849 2371 3918 depictum,
2403 3857 2458 3902 et
2480 3849 2681 3903 habens
2711 3847 2994 3918 imaginem
3018 3849 3169 3916 quasi
3192 3847 3411 3915 Christi,
3437 3849 3519 3903 vcl
3544 3863 3670 3909 san-

2084 3945 2151 3999 cti
2199 3943 2511 4012 cujusdam;
2546 3958 2648 3995 non
2682 3941 2825 3994 enim
2873 3941 3003 3994 satis
3034 3941 3276 4006 memini,
3304 3941 3458 4010 cujus
3498 3941 3672 4011 imago

2087 4034 2264 4089 fuerit.
2285 4032 2416 4088 Cum
2441 4047 2571 4101 ergo
2592 4033 2690 4085 hoc
2725 4032 2790 4102 (f)
2813 4030 3089 4098 vidissem,
3114 4041 3165 4086 et
3186 4032 3478 4087 detestatus
3495 4047 3668 4088 essem

2086 4131 2136 4184 in
2164 4127 2386 4186 ecclesia
2416 4126 2612 4180 Christi
2646 4133 2827 4179 contra
2868 4125 3240 4180 auctoritatem
3276 4125 3705 4197 Scripturaru.m..

2086 4219 2322 4276 hominis
2351 4217 2585 4288 pendere
2613 4217 2920 4287 imaginem,
2951 4216 3082 4272 seidi
3113 4217 3263 4285 illud,
3288 4225 3341 4273 et
3360 4219 3528 4289 magis
3550 4219 3706 4273 dedi...

2085 4311 2372 4368 consilium
2394 4309 2705 4369 custodibus
2723 4307 2965 4379 ejusdem
2985 4308 3106 4376 loci,
3136 4318 3194 4363 ut
3213 4323 3500 4380 pauperem
3525 4325 3670 4364 mar-

2086 4416 2342 4461 tuum-eo
2384 4403 2738 4461 obvolvcrent
2776 4411 2830 4458 et
2879 4401 3154 4461 efferrent.
3193 4421 3212 4456 ι
3259 4401 3444 4472 llliqne
3486 4409 3682 4458 eontra.-

2085 4507 2479 4556 murmurantes
2499 4496 2758 4558 dixerunt
2787 4513 2800 4549 :
2830 4493 2888 4550 Si
2909 4494 3156 4554 scindere
3181 4493 3444 4559 voluerat,
3467 4493 3668 4563 justum

2085 4599 2223 4658 crat,
2268 4598 2324 4642 ut
2371 4587 2515 4642 aliud
2556 4587 2710 4641 daret
2751 4585 2924 4639 velum
2969 4592 3422 4654 atque-mutaret.
3465 4604 3483 4637 ι
3519 4585 3670 4654 Quod

2085 4701 2205 4740 cum
2234 4684 2526 4746 audissem,
2575 4697 2662 4737 me
2703 4680 2952 4736 daturum
2982 4693 3102 4735 esse
3135 4679 3404 4749 pollicitus
3448 4695 3588 4746 sum,
3620 4690 3676 4736 ct
3713 4712 3717 4716 -

2087 4779 2227 4832 illico
2251 4791 2372 4830 csse
2401 4775 2711 4828 missurum.
2757 4773 3035 4827 Paululum
3061 4780 3238 4828 autem
3267 4788 3540 4830 morarum
3579 4775 3678 4832 fuit.

2086 4873 2136 4925 in
2162 4869 2357 4932 medio,
2385 4868 2511 4922 dum
2535 4881 2717 4936 qner
2742 4867 3000 4935 optimum
3020 4865 3204 4928 velum
3223 4882 3316 4936 pro
3337 4881 3402 4922 eo
3426 4867 3670 4931 mittere;

2086 4963 2382 5024 arbitrabar
2413 4961 2556 5016 enim
2579 4960 2646 5014 de
2671 4960 2848 5031 Cypro
2871 4959 3001 5014 mihi
3022 4959 3502 5014 esse-mittendum.
3523 4959 3672 5014 Nune

2086 5064 2263 5110 autem
2283 5051 2400 5108 misi
2423 5051 2565 5122 quod
2586 5052 2730 5122 potui
2751 5051 3006 5119 reperire,
3030 5061 3083 5105 ct
3106 5065 3296 5121 precor
3313 5061 3365 5106 ut
3388 5051 3578 5121 jnbeas
3592 5050 3669 5119 (ῃ)

2086 5148 2398 5222 presbytero
2429 5130 2669 5218 ejusdem
2743 5144 2928 5228 254¹
2977 5146 3078 5202 loci
3115 5147 3389 5217 suspicere
3434 5144 3678 5202 veluima.

2087 5287 2192 5348 pius
2217 5291 2382 5336 autem
2417 5283 2534 5333 locis
2558 5296 2587 5332 c
2612 5282 2879 5344 Scriptura.
2901 5284 3068 5344 petitis
3109 5281 3261 5330 utitur
3293 5280 3594 5390 Epiphanius
3619 5279 3668 5326 in

2089 5349 2176 5390 hac.
2201 5347 2431 5390 epistola.
2458 5345 2541 5390 nui
2565 5359 2672 5390 cum
2700 5344 2946 5390 hodiernis
2983 5343 3353 5390 exemplaribus
3413 5341 3518 5390 laud
3553 5341 3668 5388 satis

2088 5341 2176 5403 hac
2201 5347 2432 5418 epistola,
2458 5345 2672 5408 quicum
2700 5341 2946 5394 hodieruis
2983 5341 3353 5404 exeinplarilms
3391 5341 3518 5390 haud
3553 5341 3672 5388 satis

2087 5415 2393 5459 conveniant.

2149 5471 2218 5531 (c)
2239 5469 2422 5531 Vitiose
2448 5468 2758 5531 Martianrens
2779 5480 2885 5531 cum
2910 5465 3015 5531 aliis
3037 5464 3326 5531 quibusdam
3349 5462 3509 5531 editis,
3541 5468 3668 5531 [frm-

2088 5525 2216 5580 lcrcd
2253 5529 2380 5592 quod
2415 5528 2580 5579 audivi
2609 5542 2624 5587 ;
2651 5529 2740 5577 nisi
2776 5527 2900 5577 forte
2948 5526 3212 5588 legendum
3249 5525 3360 5572 heic
3408 5530 3510 5577 est,
3541 5530 3681 5572 Prw-

2121 5608 2129 5622 ν
2187 5606 2214 5637 τι

2088 5601 2217 5715 ΠΤ(ρο
2249 5652 2408 5701 Verba
2446 5658 2490 5715 rt
2533 5651 2789 5715 detestatus
2823 5661 2999 5714 essem,
3027 5660 3134 5708 qna‘.
3170 5646 3304 5707 prius
3343 5643 3582 5699 deerant,
3611 5655 3666 5692 ex

2090 5708 2252 5777 probae
2277 5722 2402 5777 nota»
2438 5714 2551 5777 Mss.
2576 5708 2870 5758 siile‘iinns.

2154 5777 2227 5840 (υ)
2270 5773 2473 5838 Vulgati'
2500 5774 2706 5836 plurium
2733 5785 2963 5827 numero,
2992 5772 3306 5832 presbyteros,
3339 5773 3390 5816 ct
3414 5778 3530 5818 mox
3549 5781 3577 5815 (ι
3604 5765 3651 5813 la
