4146 6336
511 321 617 382 ειη

510 435 761 501 Lectore,
789 430 935 504 quod
960 445 991 484 a
1018 429 1173 486 nobis
1202 429 1427 486 missum
1456 441 1561 499 est,
1588 443 1643 488 et
1672 433 1927 504 deinceps
1958 448 2092 503 pra:-

509 524 712 594 cipere,
733 523 785 578 in
806 520 1035 577 ecclesia
1050 520 1250 577 Christi
1272 520 1572 578 istiusmodi
1600 524 1739 591 vela,
1764 541 1882 593 qua:
1907 533 2093 581 contra

507 614 823 685 rel'gionem
847 622 1085 669 nostram
1107 612 1348 681 veniunt,
1368 629 1474 669 non
1497 616 1744 685 appendi.
1771 616 1933 673 Decet
1951 617 2094 672 enim

506 705 847 760 honestatem
881 713 1024 760 tuam
1054 703 1191 760 hanc
1217 703 1387 777 magis
1427 704 1628 761 habere
1660 706 1737 777 (a)
1776 706 2092 762 sollicitudi-

505 810 657 861 nem,
688 804 746 849 nt
772 795 1241 865 scrupulositatcm
1272 797 1450 864 tollat,
1479 812 1603 867 quat
1645 797 1859 868 indigna
1884 809 1967 854 cst
2007 814 2095 856 ec-

504 887 672 943 clesm
707 886 928 952 Christi,
955 895 1011 942 et
1039 888 1251 958 pupulis
1275 889 1367 958 qui
1398 888 1493 943 tibi
1520 887 1711 944 crediti
1751 898 1894 944 sunt.
1923 889 2093 944 Palla-

503 981 651 1036 dium
677 995 803 1035 vere
830 981 1092 1046 (inlatam,
1123 982 1212 1050 qui
1239 981 1510 1051 quondam
1538 981 1693 1038 nobis
1717 998 1873 1039 carus
1898 982 2018 1049 fuit,
2039 992 2094 1040 et

500 1086 646 1128 nunc
691 1071 1055 1127 misericordia
1101 1072 1191 1127 Dei
1245 1071 1465 1143 indiget,
1514 1086 1665 1139 cave,
1699 1073 1820 1143 quia
1847 1074 2090 1145 Origcnis

498 1162 753 1221 haeresim
782 1163 1037 1234 praedicat
1057 1172 1111 1218 et
1126 1163 1303 1231 docet,
1324 1178 1393 1219 nc
1421 1162 1561 1220 forte
1584 1165 1792 1235 aliquos
1807 1165 1873 1221 de
1896 1168 2090 1237 popqu

500 1254 596 1311 tibi
640 1254 847 1311 credito
874 1254 941 1310 ad
972 1255 1375 1321 perversitatem
1405 1256 1485 1311 sui
1514 1255 1725 1313 inducat
1765 1259 1985 1315 erroris.
2013 1258 2085 1330 (ιι)

501 1346 642 1419 Opto
674 1358 728 1405 ut
760 1349 986 1405 valeatis
1006 1347 1060 1403 in
1099 1348 1340 1404 Domino.

998 1478 1327 1535 EPISTOLA
1368 1479 1456 1536 ιιι
1497 1481 1587 1553 (ε).

1070 1629 1136 1668 AD
1166 1629 1520 1670 NEPOTIANUII.

753 1726 833 1783 De
869 1727 981 1781 Vita
1024 1726 1333 1782 Ctericorum
1370 1738 1415 1782 et
1446 1727 1833 1783 Monacharum.

502 1840 791 1911 Nepotiane
810 1882 825 1907 ,
856 1838 1120 1894 Heliodori
1162 1856 1225 1894 ea:
1250 1847 1423 1895 sorore
1462 1840 1667 1910 nepoti,
1701 1840 1976 1909 praescribit
2008 1842 2083 1893 vi-

567 1933 716 1987 vendi
727 1935 968 2005 formam,
985 1949 1135 2001 quam
1148 1932 1345 1995 Clerici,
1366 1948 1425 1986 ac
1446 1931 1685 1987 Monaclti
1699 1934 1838 2003 sequi
1853 1933 2082 2000 debeant,

566 2025 901 2080 saluberrima
932 2040 1019 2094 per
1057 2024 1284 2094 singulas
1314 2024 1546 2091 virtutes,
1576 2040 1688 2094 qua:
1716 2027 1783 2079 ad
1804 2041 1976 2079 eorum
2014 2028 2085 2080 vi-

570 2127 675 2171 tant
700 2117 968 2187 pertinent,
1000 2126 1251 2185 precepta
1280 2116 1573 2185 parmuitice
1601 2132 1877 2187 exponens.

568 2254 622 2308 1.
646 2249 725 2325 (ά)
746 2250 889 2307 Petis
903 2266 931 2304 a
951 2265 1058 2318 me,
1076 2250 1371 2320 Nepotiane
1386 2249 1682 2317 carissime,
1706 2250 1901 2305 litteris
1922 2260 2086 2307 trans-

496 2342 744 2410 marinis,
787 2353 842 2398 ct
868 2342 1062 2398 crebro
1095 2344 1263 2412 petis,
1299 2351 1356 2395 ut
1385 2341 1478 2395 tibi
1525 2340 1673 2396 brevi
1701 2342 1973 2398 volumine
1998 2342 2081 2397 di-

494 2450 676 2505 geram
699 2445 964 2506 pneccpta
997 2434 1233 2501 vivendi,
1258 2442 1313 2490 et
1338 2449 1440 2503 qua
1470 2434 1679 2489 ratione
1703 2433 1767 2497 is,
1792 2434 1882 2505 qui
1902 2436 2081 2490 saeculi

494 2526 683 2582 militia
726 2525 1016 2589 derelicta,
1063 2527 1147 2581 vel
1194 2526 1487 2581 Monachus
1538 2527 1760 2598 cmperit
1806 2542 1948 2594 esse,
2000 2529 2080 2584 vel

495 2618 756 2685 Clericus,
802 2628 1009 2674 rectum
1055 2620 1254 2675 Christi
1288 2619 1554 2674 tramitem
1585 2628 1782 2684 teneat,
1812 2637 1878 2676 ne
1907 2622 1972 2676 ad
1998 2622 2082 2677 di-

497 2723 655 2764 versa
684 2709 938 2765 vitiorum
984 2709 1307 2765 diverticula
1338 2710 1596 2778 rapiatur.
1628 2710 1703 2782 (e)
1733 2710 1866 2764 Dum
1905 2727 2081 2766 essent

495 2801 831 2865 adolescens,
863 2801 972 2856 imo
1003 2815 1143 2871 pene
1168 2816 1320 2871 Puer,
1339 2810 1395 2858 et
1422 2801 1624 2871 primos
1661 2803 1897 2872 impetus
1926 2805 2053 2858 lasei

494 2890 689 2947 vientis
730 2890 908 2946 astatis
951 2890 1120 2946 eremi
1168 2890 1362 2946 duritia
1410 2889 1771 2960 refrenarem,
1801 2894 1986 2962 scripsi
2015 2896 2079 2949 ad

492 2980 815 3036 avunculum
847 2990 993 3036 tuum
1017 2990 1262 3037 sanetum
1290 2981 1633 3038 Heliodorum
1658 2983 2080 3040 exhortatoriam

493 3073 806 3144 Epistolam,
837 3073 1046 3143 plenam
1079 3073 1332 3145 laerymis
1365 3075 1856 3145 qttmrimoniisquc,
1881 3085 1935 3130 et
1962 3093 2080 3147 qua:

491 3164 690 3220 deserti
707 3163 917 3219 sodalis
946 3172 1273 3221 monstraret
1297 3162 1571 3219 affectum.
1594 3164 1698 3221 Sed
1722 3164 1774 3219 in
1802 3166 1895 3220 illo
1918 3182 2079 3237 apere

493 3270 593 3324 pro
619 3264 777 3310 attate
806 3263 931 3309 tunc
972 3256 1222 3319 lusimus,
1254 3264 1309 3311 et
1336 3256 1636 3311 calentibus
1672 3255 1845 3312 adhuc
1876 3256 2078 3312 [theto-

492 3360 610 3400 rum
633 3345 823 3401 studiis
843 3356 1003 3416 atque
1029 3345 1314 3412 doctrinis,
1336 3347 1582 3418 quaedam
1602 3348 1922 3403 scholastico
1946 3348 2078 3405 flore

492 3435 846 3506 depinximus.
879 3435 1032 3492 Nunc
1074 3436 1185 3506 jam
1236 3451 1372 3492 cano
1402 3437 1596 3505 capite,
1648 3447 1698 3493 et
1744 3448 1887 3491 arata
1933 3441 2077 3510 rugis

494 3529 670 3584 fronte
689 3569 705 3592 ,
738 3540 793 3584 ct
821 3528 885 3583 ad
921 3529 1088 3584 instar
1116 3531 1311 3585 bovum
1344 3530 1697 3600 pendentibus
1725 3547 1754 3585 a
1785 3541 1963 3588 mento
1989 3551 2079 3604 pa.-

492 3620 746 3685 learibus,

636 3710 878 3785 Frigidus
910 3715 1106 3769 obsistit
1145 3716 1337 3768 circum
1368 3715 1649 3784 pra'cordia
1685 3718 1891 3786 sanguis

1159 3807 1376 3877 (Virgil.
1396 3807 1580 3878 Georg.
1603 3809 1691 3863 lib.
1711 3810 1789 3880 2).

458 3894 462 3901 ’
500 3894 651 3952 l‘ndc
678 3905 734 3950 et
761 3897 812 3950 in
843 3898 947 3952 alio
971 3900 1091 3954 loco
1120 3898 1261 3954 idem
1308 3898 1468 3953 Poeta
1499 3901 1642 3954 cauit
1669 3918 1682 3953 :

674 3989 855 4044 Omnia
880 3995 977 4061 [ert
1014 4001 1167 4058 tetas,
1195 3991 1421 4044 animum
1458 4008 1669 4064 quoque.

493 4078 557 4134 Et
588 4092 705 4149 post
745 4083 1013 4138 modicum
1048 4101 1061 4138 :

490 4172 653 4244 9‘55
696 4171 815 4227 Nan
833 4173 1018 4228 coblita
1046 4175 1169 4228 mihi
1187 4183 1258 4227 tot
1284 4175 1531 4241 carmina,
1553 4190 1648 4228 rex
1667 4191 1865 4245 quoque
1894 4174 2074 4230 erin

631 4262 751 4315 Jnm
781 4262 911 4334 [agit
932 4264 1065 4333 ipsa.

1167 4353 1255 4423 (In
1275 4351 1455 4406 Bucol.
1485 4351 1664 4424 Eclog.
1692 4354 1725 4409 8
1752 4355 1792 4425 ).

562 4445 615 4501 Ξ.
647 4443 800 4514 Quod
830 4459 896 4500 nc
921 4443 989 4500 de
1015 4442 1213 4501 Gentili
1257 4453 1464 4501 tantum
1506 4445 1805 4499 litteratura
1839 4446 2076 4514 proferre

493 4538 786 4600 videamur,
814 4537 1118 4592 divinorum
1142 4535 1473 4591 voluminum
1516 4546 1851 4589 sacramenta
1882 4551 2077 4606 cogno-

495 4643 610 4684 sce.
644 4629 807 4685 David
833 4645 1003 4686 annos
1032 4639 1189 4685 natus
1219 4628 1574 4699 septuaginta,
1600 4629 1884 4683 bellicosus
1909 4645 2075 4700 quon‘

492 4770 596 4813 tore
619 4775 706 4825 pro
728 4771 934 4813 lectore.
960 4763 1263 4815 Probabilior
1287 4764 1429 4813 nobis
1463 4770 1517 4813 et
1539 4765 1819 4825 germauior
1864 4766 1964 4816 visa
2001 4775 2077 4816 est

495 4825 609 4874 Mss.
633 4825 849 4873 codicum
873 4825 1036 4873 lectio.

559 4886 631 4946 ((ι)
664 4885 818 4935 Vatic.
863 4888 941 4951 cui
979 4887 1292 4951 vetus_e_ditio
1311 4887 1677 4951 concinit,_«ut
1698 4888 2076 4951 scrupulositate

494 4954 701 5012 remota,
723 4960 839 5012 quas
856 4948 1003 5012 digna
1025 4955 1102 5012 est
1127 4948 1145 5010 (
1166 4947 1265 5012 leg.
1292 4950 1437 5009 sunt)
1464 4947 1680 5012 Ecclesia
1703 4947 1897 5010 CbriSti,
1924 4959 1977 4999 et
2002 4966 2079 5012 po-

495 5007 637 5073 pulis,
653 5007 846 5073 quiitibi
869 5007 1039 5073 crediti
1057 5007 1188 5062 sunt.
1214 5007 1482 5057 intumetur
1504 5027 1524 5052 »
1559 5009 1681 5073 (leg.
1708 5007 1969 5073 intuentur)
1997 5007 2079 5061 aut

494 5068 607 5131 quid
626 5068 801 5118 siiuile.
823 5069 1121 5131 Aml)r0sian.
1141 5084 1261 5119 vero
1283 5068 1576 5127 re:-ti5si:ne,
1597 5068 1773 5123 habere
1796 5068 2079 5123 sollicitudi-

495 5129 604 5180 nem
627 5137 672 5195 et
694 5129 1108 5195 sempttloaitatem
1126 5169 1139 5191 ,
1165 5144 1274 5194 qm:
1297 5133 1442 5195 (ligno
1476 5140 1545 5183 ett
1572 5133 1780 5184 Ecclesia
1812 5133 2008 5194 Christi,
2034 5141 2079 5183 rt

495 5191 684 5258 populis
702 5191 841 5258 κριὲ.
881 5193 982 5258 Sed
1008 5194 1055 5240 in
1080 5191 1211 5242 tanta
1238 5191 1588 5258 exemplarium
1614 5196 1848 5244 varietate
1873 5191 2078 5258 impres-

496 5252 600 5319 sam
616 5252 880 5319 lectionem
903 5256 1161 5319 immutare
1185 5267 1279 5319 non
1305 5252 1501 5319 ptui-uitj

561 5314 632 5378 (b)
671 5314 1177 5380 salutationcmrltauc
1208 5314 1439 5380 plerique
1465 5318 1577 5365 Mss.
1618 5325 1767 5380 atque
1792 5318 1912 5380 editi
1937 5325 2078 5380 vctu-

498 5375 677 5442 stioifes
697 5375 937 5442 libri_non
965 5377 1163 5442 habent.
1191 5375 1291 5442 A'lii
1314 5375 1470 5442 pateas
1495 5375 1699 5440 habent;
1722 5392 1810 5442 pro
1831 5379 2044 5429 valeatis.

562 5439 632 5499 (ε)
659 5436 785 5488 Alias
806 5439 854 5489 2.
890 5438 1077 5499 Scripta
1101 5452 1225 5488 anno
1241 5440 1352 5489 594.

560 5500 638 5562 (ri)
673 5500 955 5564 llujusmodi
975 5500 1294 5564 epigralhcn,
1321 5500 1632 5564 nierum/mus
1656 5500 1905 5564 Presbyter
1930 5509 2079 5561 Nepo-

501 5560 629 5627 ti.th
654 5560 941 5627 Presbytero
961 5560 1190 5627 salutem,
1206 5560 1681 5627 quamMurtiautens
1704 5560 1817 5627 post
1832 5560 2081 5610 Erasnuun

504 5639 514 5681 ι
535 5624 716 5686 tut-fert,
741 5621 855 5674 Ms's.
881 5622 1059 5686 aliique
1082 5621 1403 5686 liln'ifnescio
1423 5636 1482 5686 an
1511 5623 1954 5686 verius,_ignorant.

510 5733 521 5747 τ
567 5684 636 5743 (e)
681 5685 731 5734 In
767 5699 852 5744 ea,
877 5682 1022 5747 quain
1054 5698 1232 5733 recens
1253 5684 1589 5747 adornaviums
1612 5682 1662 5731 S.
1693 5682 1911 5732 vectoris
1953 5683 2077 5735 Vita.

503 5741 635 5793 hirtis
656 5747 749 5796 iste
772 5741 1043 5806 dis-tuimur,
1076 5753 1222 5808 atque
1247 5743 1527 5809 evplicatur.

1822 319 2065 378 SANCTI
2107 321 2478 384 lllERONYMI

3679 354 3785 416 528

2205 435 2326 490 dam
2354 442 2453 506 vir,
2483 453 2756 501 senectute
2782 446 3120 519 frigescentc,
3151 467 3256 510 non
3283 466 3492 525 poterat
3516 462 3779 523 caleﬁeri.

2204 526 2471 592 Qmeritur
2496 533 2671 604 itaque
2700 538 2876 606 puella
2905 540 2973 597 de
2999 543 3263 601 universis
3291 546 3359 619 (ι’)
3387 549 3581 608 ﬁnibus
3616 554 3779 615 Israel

2205 620 2400 691 Abisag
2427 621 2740 694 Sunamitis,
2767 632 2888 700 qua:
2914 647 3035 689 cum
3059 650 3187 707 rege
3211 637 3497 710 dormiret,
3524 655 3581 700 et
3607 649 3777 707 senile

2203 713 2756 805 corpuscolelacerct
2795 721 2871 791 (3.
2908 722 3035 795 Reg.
3084 727 3159 797 l).
3193 728 3380 788 Nonne
3407 731 3504 789 tibi
3532 734 3774 805 videtur,

2198 802 2245 893 si
2277 802 2606 861 occidentem
2650 814 2890 880 sequaris
2921 814 3175 883 litteram,
3207 820 3290 876 vel
3321 821 3635 893 ﬁgmentum

2200 892 2269 948 de
2298 894 2481 987 mimo,
2511 899 2594 953 vel
2623 898 2701 971 (g)
2730 904 3093 964 Atellanarum
3133 892 3380 968 ludicra?
3416 915 3664 987 Frigidus
3688 935 3779 978 se-

2202 998 2301 1039 nex
2330 986 2636 1046 obvolvitur
2662 995 3013 1065 vestimentis,
3054 1010 3108 1055 et
3154 1003 3258 1057 nisi
3284 986 3563 1075 complexu
3590 1010 3775 1068 adole-

2198 1078 2456 1133 scentulae
2483 1097 2588 1135 non
2616 1086 2857 1152 tepescit.
2894 1087 3114 1146 Vivebat
3138 1092 3313 1150 adhuc
3344 1096 3657 1164 Bethsabee,
3682 1116 3775 1157 su-

2200 1180 2412 1262 pererat
2434 1171 2664 1242 Abigail,
2688 1186 2741 1231 et
2764 1178 2981 1248 reliqua:
3000 1197 3196 1239 uxores
3211 1184 3348 1255 ejus,
3366 1196 3422 1243 et
3442 1193 3774 1262 concubium,

2198 1261 2648 1354 quasAScriptura
2697 1282 3102 1340 commemorat.
3135 1276 3333 1335 Onmes
3374 1283 3523 1350 quasi
3573 1261 3776 1354 frigidae

2199 1352 2567 1422 repudiantur,
2610 1367 2664 1413 ct
2687 1358 2739 1413 in
2774 1357 2928 1415 unius
2954 1371 3157 1419 tantum
3185 1368 3593 1427 adoleseentula:
3620 1352 3777 1445 grau-

2196 1441 2378 1500 dzevus
2421 1447 2639 1504 calescit
2685 1453 3039 1522 amplexibus.
3089 1456 3356 1514 Abraham
3400 1463 3569 1519 multo
3609 1441 3774 1523 David

2194 1536 2375 1592 senior
2393 1537 2516 1605 fuit,
2541 1550 2597 1597 et
2624 1551 2799 1599 tamen
2822 1545 3033 1602 vivente
3045 1547 3198 1615 Sara,
3220 1551 3376 1606 aliam
3406 1569 3510 1609 non
3532 1559 3775 1626 qumsivit

2194 1642 2438 1685 uxorem.
2472 1631 2617 1689 Isaac
2647 1634 2887 1705 duplices
2924 1637 3088 1705 David
3118 1655 3289 1697 annos
3315 1643 3492 1699 habuit
3517 1662 3532 1712 ;
3571 1658 3625 1702 et
3651 1664 3775 1706 cum

2192 1718 2431 1777 Rebecca
2453 1723 2564 1793 jam
2594 1727 2771 1781 vetula
2794 1744 3067 1799 nunquam
3108 1730 3307 1802 l'rignit.
3331 1735 3508 1791 Taceo
3532 1738 3598 1794 dc
3625 1740 3770 1808 prio-

2194 1810 2340 1867 ribus
2365 1821 2488 1869 ante
2514 1815 2783 1872 Diluvium
2807 1818 2959 1885 viris,
2994 1820 3082 1890 qui
3111 1834 3234 1891 post
3259 1839 3430 1879 armos
3452 1839 3770 1897 nongentos,

2196 1918 2302 1958 non
2350 1903 2474 1961 dico
2504 1908 2787 1977 senilibus,
2833 1910 2928 1967 sed
2958 1926 3095 1982 pene
3119 1914 3230 1983 jam
3261 1917 3486 1971 cariosis
3512 1922 3730 1975 artubus
3754 1963 3768 1985 ,

2194 2012 2528 2069 nequaquam
2559 2002 2824 2070 puellares
2845 2005 3106 2072 quaesiere
3125 2006 3423 2075 amplexus.
3450 2009 3606 2065 Certe
3619 2011 3769 2084 Moy-

2192 2105 2277 2145 ses
2319 2090 2424 2145 dux
2471 2091 2753 2148 lsraelitici
2800 2096 2999 2165 populi,
3032 2107 3245 2153 centum
3290 2108 3345 2155 et
3369 2100 3556 2172 viginti
3600 2118 3774 2160 annos

2187 2183 2442 2249 habebat,
2472 2196 2527 2241 et
2552 2186 2848 2256 Sephoram
2875 2202 2983 2243 non
3012 2191 3236 2246 mutavit
3259 2190 3367 2263 (It).

2261 2277 2315 2331 5.
2344 2278 2474 2344 Qum
2504 2289 2588 2334 cst
2615 2280 2772 2349 igitur
2792 2280 2893 2335 ista
2919 2279 3216 2339 Sunamitis
3236 2299 3371 2340 uxor
3385 2294 3440 2339 et
3465 2286 3636 2356 virgo,
3662 2295 3772 2342 tam

2191 2368 2424 2434 fervens,
2457 2379 2513 2424 ut
2544 2368 2795 2438 frigidum
2832 2370 3176 2441 calefaceret,
3224 2384 3332 2431 tam
3361 2384 3570 2444 sancta,
3600 2384 3658 2432 ut
3680 2391 3768 2432 ca-

2188 2462 2388 2517 lentem
2404 2463 2469 2518 ad
2489 2463 2759 2520 libidinem
2788 2481 2895 2519 non
2919 2467 3271 2535 provocaret?
3294 2468 3535 2537 Exponat
3555 2469 3768 2537 sapien-

2189 2553 2427 2608 tissimus
2472 2554 2727 2610 Salomon
2769 2557 2940 2626 patris
2987 2557 3071 2611 sui
3118 2556 3375 2625 delicias,
3419 2568 3474 2613 ct
3519 2558 3772 2628 paciﬁcus

2188 2645 2461 2701 bellatoris
2480 2647 2576 2702 viri
2599 2658 2782 2704 narret
2807 2649 3106 2717 amplexus.
3133 2666 3154 2699 α
3184 2648 3405 2704 Posside
3430 2650 3765 2719 sapientiam,

2188 2739 2402 2810 posside
2446 2740 2875 2812 intelligentiam.
2906 2740 2984 2796 Ne
3028 2741 3381 2808 obliviscaris,
3414 2750 3470 2797 ct
3507 2758 3575 2798 ne
3600 2742 3766 2798 decli-

2187 2833 2398 2887 naveris
2419 2847 2448 2885 a
2471 2833 2652 2887 verbis
2671 2834 2781 2889 oris
2802 2833 2927 2888 mei.
2955 2832 3035 2903 (l)
3060 2833 3244 2903 Neque
3259 2832 3599 2903 derelinquas
3619 2835 3769 2891 illam

2186 2933 2241 2978 et
2267 2926 2638 2994 apprehendet
2668 2937 2749 2981 te:
2778 2940 2895 2980 ama
2929 2927 3093 2993 illam,
3122 2936 3176 2980 et
3198 2928 3431 2983 servabit
3459 2938 3527 2984 te.
3560 2928 3765 2983 Princi-

2185 3015 2329 3085 pium
2352 3015 2648 3086 sapientiae,
2674 3017 2888 3086 posside
2928 3018 3265 3086 sapientiam,
3289 3027 3342 3073 et
3384 3019 3435 3071 in
3461 3019 3605 3073 oumi
3636 3033 3766 3089 pos-

2184 3106 2427 3162 sessione
2458 3117 2542 3161 tua
2571 3107 2785 3177 posside
2814 3108 3217 3178 intelligentiam
3252 3127 3267 3163 :
3295 3108 3565 3164 circumda
3595 3109 3763 3177 illam,

2184 3208 2239 3253 et
2266 3200 2518 3254 cialtalnt
2550 3210 2640 3255 te:
2674 3200 2875 3256 honora
2901 3200 3069 3267 illam,
3095 3209 3151 3256 et
3172 3200 3560 3271 amplexabitur
3592 3211 3680 3265 te;
3708 3211 3767 3256 ut

2182 3292 2274 3347 det
2315 3293 2476 3362 capiti
2523 3303 2614 3348 tuo
2659 3308 2913 3347 coronam
2962 3293 3273 3363 gratiarum.
3323 3292 3531 3348 Corona
3606 3292 3771 3364 256

2183 3397 2395 3453 quoque
2423 3382 2731 3437 deliciarum
2764 3391 3004 3453 protegat
3032 3393 3083 3439 te
3114 3403 3135 3436 ι
3184 3383 3376 3453 (Prov.
3404 3385 3458 3439 4.
3505 3384 3558 3438 5.
3589 3400 3696 3452 sqq.
3720 3384 3761 3453 ).

2181 3477 2384 3532 Otnnes
2410 3489 2545 3545 pene
2577 3475 2801 3530 virtutes
2829 3476 3074 3545 corporis
3113 3484 3383 3531 mutantur
3422 3475 3475 3528 in
3500 3474 3714 3529 senibus
3744 3515 3762 3539 ,

2180 3577 2233 3624 et
2279 3578 2559 3622 crescente
2588 3567 2702 3623 sola
2750 3567 3045 3636 sapientia,
3077 3568 3143 3640 (i)
3172 3568 3479 3622 decrescunt
3520 3577 3708 3620 cetera
3745 3585 3760 3621 :

2176 3657 2400 3726 jejunio,
2454 3657 2684 3727 vigilite,
2730 3666 2786 3713 et
2830 3658 3219 3728 elecmosynte,
3263 3656 3608 3719 chameuniae,
3656 3656 3763 3711 huc

2184 3748 2416 3818 illucque
2442 3747 2739 3813 discursus,
2774 3748 3176 3817 peregrinorum
3205 3746 3491 3815 susceptio,
3520 3744 3763 3801 defensio

2184 3854 2498 3909 pauperum,
2524 3838 2778 3893 instantia
2799 3839 3123 3899 orationum,
3148 3837 3560 3906 perseverantia,
3582 3836 3762 3890 visita-

2183 3933 2258 3984 tio
2291 3932 2683 3999 languentium,
2729 3929 2881 3984 labor
2922 3943 3195 3992 manuum,
3248 3927 3391 3983 unde
3430 3926 3764 3997 praebeantur

2181 4025 2542 4094 eleemosyna:
2570 4041 2583 4077 :
2615 4032 2692 4090 et,
2721 4037 2789 4076 ne
2809 4036 3113 4077 sermonem
3141 4020 3351 4091 longius
3377 4021 3604 4086 traham;
3635 4032 3765 4073 cun-

2181 4128 2263 4172 cta
2312 4132 2432 4187 qua:
2463 4132 2558 4186 per
2600 4130 2796 4186 corpus
2840 4124 3189 4179 exercentur,
3236 4112 3404 4169 fracto
3444 4126 3668 4181 corpore
3694 4111 3765 4183 (ᾔ)

2188 4212 2396 4265 minora
2430 4210 2583 4263 ﬁunt.
2615 4208 2727 4263 Nec
2752 4209 2855 4263 hoc
2876 4208 3018 4274 dico,
3046 4208 3188 4279 quod
3211 4208 3264 4262 in
3287 4206 3569 4278 juvenibus
3593 4212 3648 4260 et
3670 4203 3763 4258 ad-

2185 4303 2288 4355 huc
2314 4302 2587 4356 solidioris
2613 4300 2809 4367 artatis,
2839 4299 2922 4353 his
2960 4299 3232 4355 dumtaxat
3257 4301 3346 4369 qui
3376 4299 3577 4364 labore,
3603 4305 3658 4353 et
3675 4310 3763 4350 ar-

2181 4394 2502 4448 dentissimo
2530 4391 2726 4458 studio,
2758 4392 2882 4447 vitae
2909 4407 3120 4462 quoque
3148 4392 3497 4448 sanctimonia
3516 4432 3531 4457 ,
3563 4400 3620 4444 et
3640 4404 3768 4445 ora-

2185 4486 2342 4540 tionis
2366 4484 2434 4540 ad
2463 4485 2747 4540 Dominum
2772 4484 2957 4540 Iesum
2989 4484 3304 4555 frequentia,
3332 4484 3607 4538 scientiam
3628 4496 3760 4537 con-

2183 4579 2350 4633 secuti
2401 4586 2566 4641 suut,
2632 4578 2822 4647 frigeat
2891 4577 3173 4647 sapientia,
3224 4592 3341 4643 qua:
3397 4576 3449 4629 in
3498 4574 3763 4643 plerisque

2182 4669 2402 4723 senibus
2426 4676 2583 4722 tetatc
2608 4668 2924 4721 marcescit:
2947 4667 3041 4723 sed
3057 4667 3199 4737 quod
3219 4666 3574 4721 adolescentia
3598 4664 3761 4718 multa

2183 4761 2423 4830 corporis
2440 4759 2701 4814 sustineat
2720 4758 2879 4826 bella,
2898 4767 2952 4811 et
2969 4757 3108 4812 inter
3131 4757 3396 4811 incentiva
3414 4756 3687 4818 vitiorum,
3710 4763 3764 4807 et

2246 4893 2310 4953 (Γ)
2348 4890 2639 4953 Falsoediti
2666 4891 2962 4953 vetustiores
2979 4923 2994 4948 ,
3019 4894 3072 4938 et
3094 4888 3378 4941 Vaticanum
3405 4895 3680 4949 exemplar,
3708 4884 3763 4934 de

2186 4949 2416 5015 uniuersis
2438 4950 2645 5015 ﬁliabus,
2670 4951 2743 5015 rei
2765 4949 2898 5015 ﬁliis.

2248 5016 2319 5079 (g)
2351 5008 2661 5079 Notissimnm
2685 5008 2943 5079 Εοῂιαλῶω
2966 5011 3209 5079 genusal)
3246 5010 3394 5079 Atella
3418 5008 3652 5079 Uscanam
3682 5020 3767 5079 (3,3.

2185 5068 2474 5139 [adopt-ope
2491 5075 2725 5139 Aversa‘m
2749 5072 2799 5120 in
2823 5068 3076 5132 Campania
3101 5074 3171 5121 sic
3192 5070 3508 5135 appellatum.
3535 5069 3660 5118 Vide
3689 5068 3770 5117 Li-

2187 5132 2421 5200 vium'lil);
2444 5137 2492 5184 7.
2529 5148 2633 5196 cap.
2660 5132 2717 5200 2.7
2786 5190 2797 5200 .

2268 5197 2323 5261 Ii)
2344 5198 2486 5261 ⁸ῼΙίιῐι
2508 5208 2601 5244 ηοη
2621 5197 3054 5261 maturuerunt-em.

2268 5202 2323 5261 h)
2361 5202 2486 5247 Ulim
2508 5208 2601 5244 non
2621 5202 2816 5244 mutavit
2839 5204 3054 5240 na'orem.
3365 5253 3376 5263 .

2247 5202 2307 5320 li)
2343 5259 2786 5324 Martiangeuspost
2817 5252 3084 5324 lirastuum,
3119 5260 3311 5324 creterra
3330 5258 3548 5324 uirtutes,
3587 5265 3695 5324 per!
3714 5264 3768 5300 c-

2186 5314 2322 5377 mm,
2360 5332 2416 5368 ac
2449 5314 2778 5377 renitentibus
2809 5316 2983 5377 [pistris
3014 5316 3239 5363 omnibus
3263 5323 3314 5364 et
3339 5314 3629 5377 Victor-iunia
3652 5314 3768 5377 Mss.

2186 5396 2214 5429 a
2236 5374 2390 5438 iisqite
2417 5377 2641 5438 vulgatis.
2666 5376 2789 5424 'I‘um
2812 5375 3140 5424 Cisterciense
3161 5375 3431 5438 exemplar,
3456 5374 3765 5435 rrebrajejn-

2187 5441 2286 5501 uia,
2308 5437 2595 5501 Vaticanum
2613 5445 2794 5501 autem,
2822 5441 2873 5483 et
2897 5442 3040 5501 vetus
3063 5438 3212 5485 editio
3234 5437 3766 5501 eleemosymcvoealnt-

2189 5495 2287 5549 Iuni
2330 5514 2427 5551 non
2472 5495 3025 5560 ltahent._(‘lunnet_mia,
3060 5510 3126 5547 ne
3163 5499 3281 5560 quid
3322 5495 3768 5560 pi‘wt’errrtittatnus,

2190 5564 2365 5624 Graece
2383 5571 2569 5624 lapwvig,
2595 5559 2659 5607 sit
2679 5556 2812 5624 Itumi
2835 5555 3039 5624 caluitio.

2249 5625 2316 5682 (j)
2349 5614 2484 5686 idem
2507 5621 2796 5686 Cistercieu.
2824 5616 3009 5669 minora
3030 5616 3148 5686 ﬁant
3170 5631 3358 5686 necesse
3379 5624 3485 5686 est._
3579 5677 3606 5686 η
3738 5676 3747 5685 .

2254 5678 2325 5745 (ἶ)
2361 5684 2466 5731 Alia
2506 5680 2834 5745 exemplaria,
2876 5678 3074 5730 notante
3117 5681 3321 5740 Gravia,
3360 5693 3417 5728 ne
3453 5678 3781 5741 dereliquens

2190 5742 2315 5803 C‘itlll,
2346 5746 2484 5806 juxta
2508 5742 2745 5792 Graecum.
