4146 6336
315 422 416 479 52ξ)

315 534 491 591 carnis
515 531 861 596 titillationes,
881 528 1030 603 quasi
1048 527 1184 600 ignis
1204 525 1256 580 in
1278 522 1434 594 lignis
1454 518 1711 576 viridibus
1732 515 1892 572 suffo-

316 636 485 688 cetur,
502 632 558 679 et
577 636 730 678 suum
747 635 852 677 non
874 619 1041 688 possit
1055 616 1320 686 explicare
1338 613 1617 683 fulgorem.
1636 608 1894 665 Senectus

316 728 446 770 vero
471 727 680 777 eorum,
701 710 793 780 qui
821 707 1235 766 adolescentiam
1263 719 1412 760 suam
1442 700 1678 758 honestis
1692 696 1895 753 artibus

320 805 709 868 instruxerunt,
738 808 794 856 et
821 800 872 854 in
900 799 1017 869 lege
1056 795 1264 853 Domini
1296 792 1532 850 meditati
1562 798 1688 846 sunt
1719 787 1805 842 die
1834 799 1896 840 ac

320 901 498 955 nocte,
531 899 689 945 aetate
715 889 775 944 fit
799 887 1157 953 doctior,.usu
1185 883 1381 949 tritior,
1410 894 1666 953 processu
1693 885 1898 944 tempo-

320 983 397 1037 ris
444 980 777 1051 sapientior,
823 987 878 1034 et
924 986 1166 1032 veterum
1212 973 1509 1030 studiorum
1561 967 1895 1027 dulcissimos

320 1071 525 1126 fructus
549 1070 701 1124 metit
730 1067 956 1139 (Confer.
988 1067 1205 1139 Prefat.
1243 1065 1332 1121 tib.
1352 1064 1410 1118 Ξ.
1436 1065 1490 1117 in
1515 1062 1713 1132 Amos).
1744 1057 1896 1115 Unde

321 1172 375 1219 et
421 1162 640 1232 sapiens
688 1160 775 1216 ille
816 1161 896 1215 vir
939 1158 1159 1218 Graeciaa
1195 1155 1274 1233 (α)
1317 1154 1743 1218 Themistocles,
1775 1165 1894 1207 cum

321 1252 547 1322 expletis
583 1258 798 1307 centum
827 1258 881 1305 et
905 1260 1108 1318 septem
1138 1248 1316 1313 annis,
1348 1260 1406 1302 se
1434 1245 1567 1302 mori
1588 1249 1852 1302 acernerct
1878 1282 1894 1309 ,

321 1344 520 1399 dixisse
538 1343 724 1406 fertur,
747 1356 807 1396 se
827 1341 1034 1405 dolere,
1052 1339 1193 1410 quod
1217 1349 1341 1395 tunc
1362 1336 1706 1407 egrederetur
1721 1349 1751 1386 c
1767 1332 1894 1397 vita,

322 1432 534 1504 quando
555 1447 745 1502 sapere
764 1432 1035 1501 erupisset.
1061 1431 1212 1485 Plato
1231 1430 1559 1500 octogesimo
1574 1426 1743 1496 primo
1758 1438 1899 1478 anno

323 1524 583 1586 scribens,
611 1531 855 1577 mortuus
883 1530 982 1576 est.
1018 1520 1078 1575 Et
1108 1517 1184 1591 (b)
1220 1519 1505 1584 Isocrates,
1538 1514 1822 1585 nonaginta
1846 1520 1900 1567 et

324 1628 513 1668 novem
544 1626 715 1666 annos
761 1611 813 1664 in
852 1609 1078 1665 docendi
1106 1606 1477 1677 scribendique
1520 1605 1705 1660 labore
1746 1617 1895 1660 com-

324 1702 505 1772 plevit.
553 1700 729 1757 Taceo
777 1709 1003 1754 emteros
1056 1696 1451 1767 Philosophos,
1503 1696 1855 1767 Pythagoram
1883 1734 1897 1757 ,

328 1794 709 1860 Democritum,
748 1792 1131 1857 Xenocratem,
1184 1790 1480 1854 Zenonem,
1522 1796 1577 1843 et
1603 1785 1897 1850 Cleantem,

325 1886 411 1955 qui
464 1886 572 1953 jam
620 1892 778 1940 aelate
824 1884 1062 1953 longmva
1120 1882 1173 1935 iu
1232 1880 1509 1950 sapientiai
1557 1878 1746 1934 studiis
1802 1876 1901 1930 llo-

328 1985 569 2030 ruerunt.
622 1974 704 2030 Ad
744 1974 936 2029 Poctas
983 1973 1176 2038 venio,
1217 1971 1537 2036 llonierum,
1573 1967 1859 2025 Hesiodum
1885 2008 1901 2033 ,

328 2067 679 2133 Simonidem,
698 2065 1084 2128 Stesichorum,
1109 2064 1197 2133 qui
1223 2062 1453 2133 grandes
1478 2071 1626 2127 natu,
1645 2073 1902 2130 cygneum

330 2160 511 2213 nescio
544 2156 694 2228 quid,
724 2165 780 2212 et
806 2154 964 2210 solito
1002 2152 1229 2218 dulcius,
1262 2151 1435 2205 vicina
1473 2158 1664 2210 morte.
1692 2148 1906 2203 cecine-

331 2258 474 2303 runt.
503 2246 799 2317 Sophocles
825 2259 947 2301 cum
992 2254 1210 2315 propter
1238 2241 1456 2295 nimiam
1498 2246 1827 2295 senectutem
1855 2245 1909 2291 et

331 2339 406 2392 rei
438 2336 714 2392 familiaris
740 2335 1138 2406 negligentiam,
1165 2348 1194 2386 a
1221 2333 1344 2388 liliis
1368 2339 1709 2387 accusaretur
1726 2344 1908 2383 amen-

330 2428 649 2498 ti:n,(]§dipi
721 2426 878 2497 257
955 2424 1207 2489 fabulam,
1225 2438 1383 2494 quam
1407 2436 1574 2491 nuper
1597 2420 1905 2489 scripserat,

332 2508 579 2576 recitavit
599 2517 909 2588 iudicibus;
939 2523 995 2570 et
1012 2522 1216 2569 tantum
1247 2513 1593 2583 sapientizeiu
1612 2520 1779 2569 relate
1799 2512 1907 2580 jam

330 2608 497 2664 fracta
529 2606 800 2677 specimen
824 2603 993 2669 dedit,
1024 2611 1085 2659 ut
1121 2602 1461 2658 severitatem
1490 2601 1829 2656 tribunalium
1858 2600 1909 2655 in

332 2696 528 2753 theatri
552 2696 786 2751 favorem
811 2702 1062 2749 verteret.
1078 2692 1187 2749 Nec
1211 2693 1426 2757 mirum,
1444 2707 1563 2747 cum
1594 2693 1751 2748 etiam
1778 2691 1911 2746 Cato

329 2786 643 2853 Censorius,
661 2785 882 2840 Romani
895 2784 1105 2854 generis
1122 2783 1513 2839 disertissimus
1522 2783 1633 2854 jam
1651 2792 1704 2839 et
1724 2797 1910 2848 senex,

334 2880 548 2936 Cra-eas
577 2878 783 2933 litteras
809 2875 1041 2943 discere,
1069 2890 1170 2931 nec
1193 2875 1489 2942 erubuerit,
1533 2889 1633 2931 nec
1656 2875 1909 2944 despera-

336 2971 492 3024 verit.
520 2968 682 3024 Certe
706 2967 967 3022 Homerus
985 2965 1173 3034 refert,
1203 2965 1343 3037 quod
1365 2966 1432 3022 de
1458 2966 1633 3037 lingua
1649 2965 1909 3028 Nestoris,

343 3060 446 3123 iam
488 3057 651 3114 vetuli
697 3067 750 3112 et
794 3071 931 3127 pene
970 3055 1248 3126 decrepiti,
1295 3056 1505 3112 dulcior
1538 3057 1695 3113 melle
1741 3058 1916 3113 oratio

341 3151 569 3204 nuxerit.
598 3146 705 3203 Sed
730 3155 787 3203 et
820 3147 986 3216 ipsius
1014 3147 1242 3219 nominis
1269 3146 1454 3219 Abisag
1484 3155 1906 3213 sacrameuttnn,

346 3321 352 3337 ,.
401 3261 473 3337 (α)
505 3253 1913 3337 $§E-9“i"99‘-9§‘i§.£‘1‘29§.293‘Ei32ﬁ3i’39h.990W“

342 3320 656 3386 inspeximus”.
683 3320 783 3369 Sed
812 3333 922 3370 eum
943 3320 1322 3370 Themistoclem
1348 3321 1576 3385 inclytum
1600 3320 1735 3371 illum
1756 3320 1912 3372 Athe-

343 3385 578 3455 niensitmt
602 3381 796 3455 Ducem
814 3381 915 3455 “hic.
944 3380 1227 3453 intelligere
1260 3381 1385 3455 haud
1419 3384 1582 3455 lioeat,
1605 3395 1796 3455 .ueque
1816 3384 1913 3434 duo

343 3445 422 3492 alii
443 3441 795 3505 Themistocles
814 3441 985 3505 Stoici,
1007 3441 1221 3505 quorum,
1235 3442 1440 3505 alterum
1463 3441 1912 3505 Longinus'memo-

250 3503 254 3506 ⁴
343 3456 422 3492 ant
444 3456 795 3493 Inemtswctes
815 3456 985 3502 monet,
1007 3456 1213 3551 quorum
1235 3456 1440 3493 alterum
1464 3456 1713 3505 Longinus
1726 3457 1910 3518 memo-

341 3512 445 3576 rat,
470 3504 674 3576 alterum
706 3503 1004 3576 flutarchus
1039 3504 1104 3551 ib.
1131 3504 1186 3575 1.⁸
1202 3504 1365 3576 Symp.
1393 3504 1673 3576 loquentem
1712 3505 1910 3576 ind‘ucrt,

345 3563 438 3629 huc
454 3563 624 3629 referri
648 3565 767 3629 satis
788 3564 1038 3629 commode
1062 3563 1263 3629 possint,
1290 3563 1702 3629 verosir'nillimum
1728 3573 1804 3615 est
1825 3563 1914 3629 pro

351 3576 436 3617 nuc
454 3576 624 3614 reterrt
648 3576 767 3614 satis
788 3576 1038 3614 commune
1056 3576 1263 3674 ppssmt,
1290 3576 1702 3623 verommmtmum
1728 3576 1804 3615 est
1825 3580 1914 3629 pro

351 3625 677 3688 ﬂrentistogtes
716 3624 983 3688 legendum
1024 3634 1059 3675 T
1116 3624 1369 3688 ophrastus
1386 3662 1402 3686 ,
1438 3628 1521 3688 qui
1559 3625 1915 3679 celeberrimus

347 3685 541 3735 Gracia:
573 3685 926 3747 Philosophus,
951 3692 1006 3735 ut
1029 3699 1094 3735 ex
1124 3685 1323 3736 Laertio
1354 3685 1557 3744 constat,
1590 3700 1701 3736 cum
1737 3688 1913 3738 diutis-
1951 3695 1958 3701 '

347 3748 467 3795 sime
505 3748 737 3805 vixisset,
762 3746 967 3795 necdum
999 3748 1118 3796 satis
1161 3748 1339 3795 vixisse
1361 3748 1453 3797 sibi
1479 3750 1608 3796 visus
1631 3754 1724 3797 est.
1749 3749 1915 3798 Annos

347 3807 541 3878 quidem
562 3807 676 3878 vitae
699 3808 807 3869 ejus
830 3814 1087 3878 enumerat
1110 3806 1241 3878 idem
1267 3807 1491 3878 Laertius
1508 3808 1587 3878 ἓξ,
1627 3809 1715 3857 sed
1748 3810 1815 3857 ibi
1840 3812 1912 3858 vi-

347 3868 489 3929 tiatus
510 3876 589 3917 est
609 3868 840 3929 numerus
863 3880 951 3929 pro
990 3868 1099 3917 105.
1124 3869 1228 3917 sive
1252 3874 1305 3917 ut
1326 3870 1509 3917 rectius
1524 3869 1661 3918 Hier.
1686 3878 1915 3929 supputat

349 3884 489 3915 ιιτιιιιε
510 3884 589 3917 651.
609 3884 840 3917 numerus
863 3884 951 3929 ι)Γο
990 3884 1099 3917 Ίυὶ).
1124 3884 1228 3917 SHB
1252 3884 1305 3917 ιιι
1326 3884 1509 3917 τροιιιιε
1527 3884 1661 3918 nter.
1686 3884 1743 3918 Sll
1811 3884 1891 3919 Illa

349 3928 453 3976 107.
477 3940 587 3977 nam
618 3929 724 3989 ipse
761 3927 1122 3989 'l‘heOphrastus
1152 3940 1209 3977 se
1231 3940 1462 3976 annorum
1483 3930 1563 3978 99.
1591 3942 1699 3979 cum
1738 3884 1891 3981 Etiam

347 3985 789 4050 etcresoscriberet,
811 3985 964 4038 fuisse
986 3987 1238 4050 profitetur
1255 3989 1304 4037 in
1325 3988 1630 4040 Przefatione.

409 4048 481 4110 (b)
513 4048 700 4113 vitiose
721 4053 958 4113 Socratem
973 4048 1060 4113 pro
1081 4056 1285 4113 Isocrate
1298 4050 1559 4099 obtrudunt
1582 4052 1772 4113 quidam
1796 4052 1909 4102 Mss.

349 4108 638 4171 atqueediti
670 4108 989 4163 vetustiores:
1016 4108 1240 4160 Isocratis
1276 4108 1620 4171 autemannos
1642 4113 1841 4162 totidem
1866 4115 1914 4163 in

350 4168 858 4237 MzicrobiisoLucianus
882 4178 1152 4237 enumerat,
1178 4177 1232 4220 ut
1251 4170 1497 4237 scias_falli
1521 4171 1913 4237 Vietorium,qui

350 4238 543 4280 centum
568 4235 619 4279 et
638 4242 786 4293 unum
809 4243 873 4279 ex
898 4230 1070 4280 eodem
1093 4238 1337 4293 supputat.
1363 4231 1487 4293 Sunt
1509 4240 1669 4281 autem
1690 4247 1751 4283 ex
1774 4230 1913 4286 Cie'e-

348 4303 467 4353 rone
504 4297 692 4353 sumpta
730 4290 836 4339 haec
874 4294 1071 4353 omnia,
1096 4290 1291 4353 Dialog.
1342 4292 1403 4343 de
1441 4299 1683 4342 Senectute
1711 4307 1729 4344 :
1773 4313 1796 4342 ι
1827 4295 1915 4346 Est

350 4352 476 4416 enim
512 4352 684 4413 quiete
708 4357 761 4401 et
792 4363 911 4416 pure
949 4358 999 4401 et
1030 4352 1283 4416 eleganter
1315 4355 1470 4416 aetatis
1489 4361 1608 4403 actae
1641 4355 1823 4416 placida
1857 4368 1915 4407 ac

348 4408 473 4479 leuis
505 4408 737 4479 senectus
763 4408 992 4479 :qualem
1027 4408 1301 4475 aecépimus
1338 4414 1580 4479 Platonis,
1615 4408 1696 4479 qui
1735 4430 1831 4466 uno
1862 4424 1916 4468 et

346 4472 640 4540 octogesimo
661 4472 1071 4540 anno_'scril_>ens,
1089 4472 1424 4540 mortuusest.
1447 4472 1648 4534 Qualem
1667 4477 1911 4540 Isocratis,

349 4532 449 4598 qui
464 4532 639 4580 librum
661 4534 745 4595 qui
776 4532 1161 4598 Panathenaicus
1181 4532 1667 4598 instaibltumquarto
1689 4547 1742 4589 et
1762 4532 1912 4590 noua;

349 4594 946 4662 gesimohanno's‘cripsisse
969 4595 1160 4654 dicitur,
1186 4597 1401 4657 vixitque
1422 4594 1804 4662 (leniqueutiiutn
1829 4613 1914 4662 po-

347 4652 864 4723 stea...Sopboeles:ad
886 4666 1119 4704 summam
1148 4652 1455 4723 Senectutem
1479 4652 1758 4723 Tragmdias
1777 4652 1914 4723 fecit,
1940 4680 1947 4685 υ

347 4716 427 4782 qui
462 4714 903 4782 propterstudiuur
927 4728 1036 4782 eum
1055 4729 1164 4764 rem
1193 4714 1475 4766 familiarem
1499 4714 1756 4782 negligere
1778 4714 1914 4772 videi

347 4773 503 4849 rem
533 4773 565 4849 ξ
592 4773 1387 4849 ﬁliisieiudiciueﬁocaweﬁstz
1426 4786 1482 4849 ut.
1512 4773 1916 4849 ειιῖςιῡεεςιωαιυω

348 4840 511 4903 nostr-9
532 4847 671 4884 more
693 4835 821 4903 male
842 4838 1129 4903 regentibus
1142 4839 1511 4903 patribpslpnis
1528 4835 1747 4891 interdici
1768 4842 1915 4903 solet,

346 4895 418 4965 sic
438 4894 572 4965 illurn
597 4897 736 4956 quasi
767 4894 1102 4965 dissipatmem
1124 4894 1157 4948 ά
1186 4910 1244 4965 re
1260 4894 1484 4965 familiari
1505 4909 1819 4965 removerent
1836 4894 1915 4965 Ῑιιι-ἰ

346 4909 418 4943 διο
438 4909 572 4943 tuum
597 4909 736 4956 quasr
767 4909 1102 5005 otsszpatorem
1124 4911 1153 4948 a
1186 4910 1244 4946 re
1266 4909 1484 4948 tamtttari
1505 4909 1819 4951 removerent
1836 4909 1915 4965 ju-

345 4954 495 5022 dioes:
519 4955 641 5005 Tum
663 4969 839 5022 senex,
895 4958 1038 5022 icitur
1071 4971 1179 5007 eam
1215 4957 1422 5022 fabulam
1453 4971 1596 5022 quam
1626 4963 1673 5009 in
1696 4964 1919 5013 manibus

347 5014 656 5081 habebat__e_t_
680 5017 897 5079 proxime
912 5019 1187 5081 scripserat
1209 5014 1486 5081 OEdipum'
1501 5020 1764 5072 Coloneum
1787 5026 1916 5074 reci-

347 5081 475 5142 tasse
493 5076 750 5142 judicibus,
773 5076 1154 5142 quasivisseque
1177 5094 1291 5129 num
1316 5076 1429 5128 illud
1453 5094 1648 5130 carmen
1669 5083 1916 5142 desipien-

345 5137 408 5204 tis
430 5137 827 5204 videretur,_quo.
847 5137 1350 5204 recitaw,'se_ntenti_is
1381 5142 1597 5201 judieum
1631 5152 1709 5194 est
1740 5137 1917 5195 libera-

478 5196 605 5270 lium.
639 5196 790 5270 igitur
813 5199 960 5258 hunc,
991 5196 1106 5248 num
1134 5196 1417 5270 Hesiodum,
1448 5216 1562 5253 num
1595 5205 1912 5270 Simonidem,

346 5268 458 5304 num
475 5257 827 5329 Stesichorum,
850 5257 963 5329 nunt
983 5274 1107 5329 quos
1123 5269 1238 5329 ante
1258 5262 1361 5311 dixi
1378 5257 1916 5329 ΔΙὲιιιεηςιιεξιηκ(ἔοι-εἰθιῐὶ

346 5329 460 5391 num
475 5317 756 5391 Homerum,
776 5317 895 5391 nunt
906 5317 1301 5391 Philosophorum
1316 5324 1564 5387 principes
1582 5317 1915 5391 Pythagoram,

344 5375 694 5449 Democritnm,
716 5393 830 5449 num
840 5375 1236 5449 l’latonem,'num
1247 5375 1515 5449 Socratem,
1526 5375 1643 5449 num
1654 5375 1917 5449 ‘po’s‘iéiiél

347 5448 540 5503 nonem,
562 5437 831 5503 Cleantcm,
853 5446 1070 5503 autenm
1087 5437 1341 5503 quemvos
1363 5437 1513 5495 etiam
1526 5437 1690 5498 Romae
1712 5437 1898 5501 vidistis

346 5490 619 5563 Diogenem
628 5490 843 5563 Stoicum
853 5502 1016 5563 coegit
1026 5490 1128 5563 suis
1140 5490 1307 5552 studiis
1316 5490 1917 5563 abi-Tifes'c'éi'éEeh'EL-iiii

349 5555 597 5641 9.250933:
605 5561 920 5641 scaber;
931 5555 1192 5641 suum
1209 5565 1403 5641 agitatio
1414 5555 1532 5617 νίίεῑέ
1546 5555 1750 5641 auaui;
1762 5555 1908 5622 ῖιῖῐῐῑέ

347 5615 738 5695 ρμίξμοβιςεειῃξι
776 5622 925 5695 verba
939 5630 1185 5695 exegerat
1218 5615 1915 5695 Hieremias‘p‘tg‘aigi‘éiih

347 5677 510 5765 mia
538 5680 657 5742 quid
678 5686 724 5730 et
756 5680 896 5765 solito
917 5677 1107 5765 dulcius
1316 5677 1466 5737 morte
1488 5677 1912 5765 εεςὶοιένέιῆῗζῆιιξέ

348 5741 511 5816 nescio
532 5741 591 5788 an
606 5754 753 5816 .vere,
773 5745 811 5790 si
836 5741 1084 5816 Sophoclis
1106 5743 1351 5806 singulare
1376 5750 1653 5811 exemplum
1678 5741 1907 5816 excipias,

347 5796 437 5849 dici
460 5800 522 5849 de
547 5796 748 5864 reliquis
771 5796 968 5869 possint.

1700 403 2023 461 EPISTOLA
2060 400 2167 457 Lll.

3468 397 3570 455 550

1998 514 2311 581 sapientiam
2355 526 2540 569 senum
2581 513 2778 569 indicat
2824 515 3155 584 ampliorem.
3192 513 3575 582 Interpretatur

1997 605 2163 667 enim,
2205 613 2348 674 pater
2376 621 2513 659 meus
2541 605 2849 675 superﬂuus,
2891 606 2979 660 vel
3022 607 3180 675 patris
3220 606 3316 660 mei
3358 606 3573 677 rugitus.

2002 693 2233 749 Verbum
2283 694 2560 765 superﬂui,
2601 692 2905 764 ambiguum
2950 703 3067 761 est;
3108 697 3202 750 sed
3235 696 3286 749 in
3329 698 3576 767 presenti

1999 785 2117 841 loco
2148 786 2397 841 virtutem
2425 794 2603 853 sonat,
2633 785 2773 856 quod
2796 768 3039 855 amplior
3064 786 3132 841 sit
3173 788 3226 842 in
3261 788 3501 855 senibus,
3525 797 3578 845 et

1998 874 2304 930 redundans
2333 890 2398 931 ac
2424 875 2570 948 larga
2596 874 2876 946 sapientia.
2904 873 2960 929 In
2990 873 3094 931 alio
3123 885 3298 933 autem
3338 878 3457 934 loco
3485 892 3572 934 su-

1998 965 2417 1037 perﬂuus,qu
2461 980 2567 1022 non
2603 966 2934 1022 necessarius
2975 965 3210 1036 ponitur.
3256 966 3455 1040 Abisag
3485 983 3580 1025 au-

2002 1065 2130 1120 tem,
2155 1055 2206 1112 id
2241 1066 2346 1123 est,
2367 1057 2586 1127 rugitus,
2613 1056 2828 1127 proprie
2872 1065 3225 1126 nuncupatur,
3253 1073 3371 1115 eum
3420 1061 3582 1116 maris

2000 1146 2190 1202 fluetus
2218 1157 2452 1215 resonat,
2503 1157 2562 1204 ct
2599 1156 2658 1203 ut
2700 1148 2770 1203 ita
2815 1148 3012 1217 dicam,
3042 1148 3110 1205 de
3140 1150 3326 1221 pelago
3367 1152 3584 1208 veniens

2000 1238 2245 1295 fremitus
2290 1239 2521 1295 auditur.
2574 1239 2651 1295 Ex
2696 1256 2802 1312 quo
2849 1242 3152 1298 ostenditur
3193 1243 3586 1301 abundantissi-

2005 1347 2172 1396 mum,
2201 1340 2254 1386 et
2294 1333 2428 1386 ultra
2463 1333 2748 1407 humanam
2789 1350 2974 1390 vocem
3020 1335 3184 1392 divini
3228 1338 3491 1392 sermonis
3535 1340 3584 1391 in

2001 1424 2217 1478 senibus
2266 1424 2558 1480 tonitruum
2606 1426 2950 1481 commorari.
2999 1426 3165 1482 Porro
3212 1427 3493 1484 Sunamitis
3532 1430 3584 1484 iu

2004 1514 2182 1584 lingua
2213 1523 2395 1571 nostra
2417 1518 2649 1572 coccinea
2674 1517 2869 1573 dicitur
2899 1535 2912 1574 :
2941 1527 2999 1574 ut
3022 1519 3283 1590 significet
3306 1521 3481 1577 calere
3505 1536 3588 1576 sa-

2005 1603 2256 1673 pientiam
2297 1615 2352 1660 et
2379 1605 2556 1661 divina
2592 1607 2822 1664 lectione
2868 1607 3070 1665 fervere
3102 1627 3114 1664 :
3145 1610 3288 1680 quod
3329 1610 3452 1668 licet
3482 1612 3587 1668 Do-

2005 1694 2182 1748 minici
2211 1694 2483 1764 sanguinis
2514 1694 2709 1751 indicet
2740 1706 3154 1763 sacramentum,
3186 1706 3363 1753 tamen
3402 1708 3458 1755 et
3484 1699 3588 1756 fero

2005 1798 2191 1839 vorem
2217 1784 2450 1839 ostendit
2504 1785 2800 1854 sapientire.
2846 1784 3000 1863 Unde
3039 1794 3093 1841 et
3137 1787 3396 1843 obstetrix
3423 1789 3510 1843 illa
3537 1791 3589 1844 in
3630 1852 3632 1855 λ

2006 1875 2203 1930 Genesi
2235 1872 2306 1947 (c.
2332 1874 2424 1945 '58)
2454 1874 2730 1931 coccinum
2761 1875 2886 1946 ligat
2909 1878 2961 1931 in
2984 1892 3141 1931 manu
3170 1877 3388 1945 Phares,
3417 1877 3593 1948 quiab

2007 1980 2074 2022 eo
2102 1965 2244 2035 quod
2283 1965 2543 2037 parietem
2573 1965 2850 2035 diviserat,
2878 1966 3012 2023 duos
3036 1976 3160 2027 ante
3189 1967 3411 2038 populos
3435 1982 3590 2039 sepa-

2008 2066 2237 2121 rantem,
2259 2057 2512 2125 divisoris,
2545 2057 2596 2114 id
2628 2068 2729 2124 est,
2764 2057 2983 2126 Phares,
3021 2061 3240 2116 sortitus
3264 2070 3590 2117 estnomen.

2012 2148 2078 2202 Et
2102 2148 2288 2202 Rahab
2318 2150 2568 2205 meretrix
2596 2149 2650 2203 in
2682 2157 2808 2222 typo
2841 2151 3095 2207 Ecclesia:
3122 2152 3459 2218 resticulam,
3479 2168 3594 2224 my-

2011 2237 2235 2292 sterium
2266 2238 2539 2308 sanguinis
2580 2239 2970 2306 continentem,
3000 2250 3057 2295 ut
3084 2239 3298 2295 Jericho
3341 2252 3593 2311 pereunte

2014 2325 2206 2381 domus
2234 2327 2351 2398 ejus
2380 2328 2696 2395 salvaretur,
2726 2331 2973 2400 appendit
3004 2329 3096 2402 [aL
3131 2330 3343 2386 additur
3369 2333 3421 2386 in
3451 2337 3593 2404 fene-

2012 2416 2164 2489 stra].
2198 2418 2348 2474 Unde
2389 2430 2442 2475 et
2472 2420 2523 2475 in
2550 2421 2656 2476 alio
2686 2421 2805 2477 loco
2830 2421 2897 2479 de
2925 2422 3056 2477 viris
3083 2423 3281 2478 sanctis
3321 2422 3591 2492 Scriptura

2014 2519 2405 2566 commemorat
2435 2528 2448 2564 :
2480 2510 2553 2565 Hi
2589 2522 2726 2581 sunt,
2754 2514 2844 2584 qui
2866 2524 3104 2569 venerunt
3132 2515 3194 2568 de
3220 2515 3388 2570 calore
3418 2516 3597 2570 domus

2014 2601 2175 2669 patris
2200 2598 2405 2654 Rechab
2427 2601 2505 2672 (1.
2533 2600 2712 2658 Paral.
2737 2603 2792 2659 2.
2825 2602 2939 2675 55).
2967 2604 3035 2659 Et
3064 2605 3319 2660 Dominus
3345 2615 3524 2660 noster
3544 2607 3594 2659 in

2015 2689 2346 2760 Evangelio:
2378 2691 2580 2763 Ignem,
2623 2693 2812 2764 inquit,
2852 2696 2961 2750 ueni
3003 2697 3197 2752 mittere
3232 2698 3286 2751 in
3316 2708 3522 2763 terram,
3552 2709 3597 2750 rt

2013 2795 2163 2849 quam
2177 2781 2289 2835 volo
2303 2790 2357 2835 ut
2372 2782 2544 2837 ardeat
2571 2782 2724 2854 (Luc.
2755 2785 2844 2841 12.
2868 2783 2981 2857 49).
3005 2786 3105 2854 Qui
3134 2787 3188 2843 in
3213 2788 3593 2859 discipulorum

2014 2869 2173 2925 corda
2198 2884 2508 2938 succensus,
2550 2873 2727 2945 258.
2759 2875 3095 2945 cogebateos
3121 2877 3302 2934 dicere
3323 2895 3335 2933 :
3355 2897 3373 2931 ι
3411 2878 3598 2934 Nonne

2014 2974 2110 3015 eor
2138 2972 2380 3016 nostrum
2405 2963 2602 3018 ardens
2629 2973 2748 3022 erat
2776 2966 2828 3020 in
2857 2967 3032 3036 nobis,
3064 2967 3191 3024 dum
3217 2969 3525 3040 loqueretur
3548 2972 3606 3025 in

2016 3054 2119 3120 via,
2143 3063 2199 3110 et
2222 3056 2455 3125 aperiret
2482 3056 2635 3112 nobis
2659 3056 3000 3128 Scriptores?
3033 3078 3052 3112 ι
3083 3059 3188 3129 (Ib.
3220 3061 3310 3116 24.
3340 3062 3457 3130 52.)

2086 3147 2139 3203 4.
2168 3147 2430 3217 Quorsum
2471 3147 2585 3204 hinc
2630 3158 2735 3205 tam
2760 3150 2919 3223 longo
2951 3152 3175 3223 repetita
3196 3153 3458 3223 principio
3477 3152 3502 3206 'i
3524 3152 3601 3208 Ne

2016 3252 2045 3290 a
2076 3252 2162 3292 me
2209 3253 2416 3308 quaeras
2462 3240 2695 3309 pueriles
2733 3241 3170 3311 declamationes,
3217 3245 3599 3301 sententiarum

2016 3330 2284 3393 ﬂosculos,
2318 3331 2602 3387 verborum
2644 3332 2928 3406 lenocinia,
2965 3342 3020 3389 et
3052 3348 3147 3406 per
3174 3335 3308 3392 fines
3336 3337 3595 3408 capitulo-

2015 3435 2131 3475 rum
2153 3420 2480 3491 singulorum
2510 3431 2661 3478 acuta
2685 3423 2928 3493 quietiam
2956 3424 3297 3495 breviterque
3327 3429 3599 3495 conclusa,

2014 3527 2136 3583 qua:
2174 3513 2390 3583 plausus
2424 3522 2478 3570 ct
2514 3514 2777 3572 clamores
2804 3517 3039 3573 excitent
3078 3518 3426 3575 audientium.
3473 3522 3598 3575 Am-

2017 3602 2260 3672 plexetur
2284 3617 2371 3659 me
2401 3604 2562 3659 modo
2589 3607 2868 3675 sapientia,
2897 3615 2953 3662 et
3005 3609 3199 3679 Abisag
3247 3619 3448 3674 nostra,
3482 3626 3600 3681 qua:

2016 3706 2284 3762 nunquam
2320 3694 2574 3758 senescit,
2607 3695 2657 3748 in
2686 3708 2808 3750 meo
2835 3696 3135 3765 requiescat
3157 3697 3294 3751 sinu.
3324 3698 3595 3768 lmpollu'a

2016 3782 2155 3836 enim
2177 3789 2279 3848 est,
2313 3776 2732 3853 virginitatisque
2762 3793 3063 3852 perpettue,
3084 3794 3141 3840 et
3177 3802 3298 3855 qua:
3323 3787 3375 3840 in
3412 3788 3594 3842 simili-

2018 3873 2252 3929 tudinem
2305 3873 2502 3939 Marite,
2554 3890 2674 3929 cum
2717 3876 2956 3946 quntidie
2995 3887 3235 3947 generet,
3285 3893 3601 3949 semperque
3678 3894 3687 3899 '

2017 3964 2297 4034 parturiat,
2330 3964 2635 4034 incorrupta
2663 3974 2764 4020 est.
2790 3965 2923 4022 lliuc
2947 3981 3071 4022 reor
3088 3967 3288 4023 dixisse
3302 3980 3353 4022 et
3374 3969 3605 4038 Apostm

2019 4057 2148 4123 lum,
2176 4058 2357 4128 spiritu
2383 4059 2627 4125 ferventes
2656 4057 2673 4129 (
2698 4058 2843 4114 Rom.
2866 4059 2953 4115 12.
2984 4062 3042 4116 11
3064 4063 3107 4131 ).
3142 4061 3209 4116 Et
3238 4063 3290 4117 in
3312 4062 3609 4134 Evangelia

2019 4146 2299 4201 Dominum
2342 4146 2696 4216 prmdicasse,
2747 4148 2887 4219 quod
2931 4151 2987 4206 in
3026 4152 3131 4207 line
3156 4152 3361 4218 mundi,
3389 4153 3603 4224 quando

2012 4236 2161 4306 juxta
2183 4235 2505 4306 Prophetam
2526 4236 2860 4306 Zachariam,
2877 4240 3070 4296 stultus
3091 4252 3271 4312 pastor
3282 4258 3403 4300 esse
3421 4258 3602 4314 crepo-

2017 4326 2106 4389 rit,
2136 4325 2397 4394 sapientia
2436 4325 2800 4397 decrescente,
2847 4330 3157 4403 refrigescet
3183 4332 3377 4391 caritas
3401 4335 3601 4393 multo.

2017 4429 2133 4470 rum
2161 4415 2378 4488 (Matth.
2409 4417 2501 4481 24;
2526 4416 2685 4474 Zach.
2714 4420 2772 4475 11
2799 4420 2840 4492 ).
2872 4422 3009 4478 Audi
3035 4423 3212 4493 igitur,
3235 4425 3501 4482 utBeatus
3522 4425 3607 4496 (α)

2017 4511 2315 4581 Cyprianus
2350 4513 2442 4577 ait,
2479 4528 2585 4568 non
2618 4513 2840 4582 diserta,
2870 4516 2964 4571 sed
2991 4516 3171 4571 fortia.
3214 4518 3353 4573 Audi
3378 4519 3599 4578 fratrem

2017 4603 2264 4675 collegio,
2288 4611 2492 4673 patrem
2531 4606 2702 4671 senio,
2731 4607 2820 4676 qui
2860 4616 2910 4663 te
2956 4608 3026 4664 ab
3069 4608 3401 4666 incunabulis
3443 4612 3597 4678 tidei,

2020 4707 2189 4762 usque
2238 4692 2306 4749 ad
2353 4692 2641 4762 perfectam
2683 4695 2843 4752 ducat
2884 4708 3114 4762 aetatem,
3144 4706 3199 4753 et
3227 4714 3322 4770 per
3359 4701 3601 4772 singulos

2017 4783 2213 4852 gradus
2254 4783 2465 4839 vivendi
2495 4794 2759 4855 praecepta
2803 4787 3153 4854 constituens,
3184 4790 3238 4845 in
3279 4800 3330 4847 te
3374 4803 3601 4849 cmterus
3626 4833 3647 4843 ιν

2019 4874 2246 4929 erudiat.
2274 4874 2398 4929 Seio
2443 4875 2656 4945 quidem
2702 4877 2770 4932 ab
2807 4881 3070 4938 avunculo
3106 4889 3197 4938 tuo
3224 4882 3381 4940 beato
3419 4883 3599 4942 Heliu-

2021 4965 2173 5030 doro,
2210 4966 2298 5035 qni
2350 4981 2487 5022 nunc
2512 4966 2759 5024 Pontifex.
2781 4970 2975 5026 Christi
3017 4985 3121 5040 est,
3154 4982 3204 5029 te
3233 4985 3287 5030 et
3312 4975 3596 5040 didicisse,

2019 5071 2138 5124 qua:
2191 5066 2373 5110 saneta
2413 5065 2559 5120 sunt,
2604 5067 2659 5112 et
2682 5060 2917 5127 quotidie
2958 5062 3166 5120 discere
3207 5079 3623 5136 “normamque-

2018 5148 2142 5202 vitae
2166 5146 2315 5216 ejus,
2351 5149 2651 5218 exemplum
2679 5150 2874 5207 habere
2900 5155 3171 5211 virtutum.
3199 5155 3300 5212 Sed
3336 5167 3391 5213 ct
3419 5168 3596 5213 nostra

2019 5239 2423 5309 qualiacumque
2450 5252 2574 5297 sunt
2594 5244 2827 5314 suscipe,
2857 5255 2912 5301 et
2939 5248 3179 5307 libellum
3207 5249 3383 5318 hunc,
3420 5251 3598 5306 libello
3655 5294 3658 5297 .

2047 5518 2058 5528 .
2085 5454 2156 5518 (c)
2196 5456 2249 5506 S.
2293 5456 2553 5528 Cyprianus
2573 5458 2729 5528 Epist.
2754 5463 2803 5528 1.
2838 5464 2898 5513 ad
3224 5484 3245 5511 α
3267 5466 3494 5528 Denique
3516 5478 3593 5515 ac-

2018 5519 2127 5588 cipe
2165 5532 2259 5588 non
2291 5519 2501 5588 diserta,
2534 5519 2630 5572 sed
2656 5523 2817 5588 fortia,
2860 5539 2954 5577 nec
2987 5527 3046 5576 ad
3069 5519 3596 5588 audientisepoiinlaris
3638 5566 3649 5574 .

2017 5576 2299 5645 illecebrae}
2322 5580 2453 5645 culto
2468 5576 2695 5633 sermone
2718 5576 2894 5644 fucata,
2916 5589 3006 5636 sed
3028 5587 3086 5635 ad
3108 5587 3316 5635 divinam
3340 5576 3593 5645 i'ud'ulgen-

2018 5639 2492 5710 tiatnprzedicandam
2503 5644 2850 5710 rudivcritate
2874 5639 3330 5710 simplicia.s__l_’aulo
3354 5639 3591 5710 post'eum
3617 5686 3619 5689 τ

2018 5698 2304 5766 ξ’ῳιιίίίςςῐιι
2339 5701 2515 5752 Christi
2542 5704 2856 5753 Heliodorum
2885 5698 3016 5764 dicit,
3050 5705 3270 5766 intellige
3295 5698 3409 5754 cu'm
3441 5705 3591 5766 Altini

2017 5758 2165 5829 fuisse
2205 5761 2488 5829 Enisooizunt
2506 5778 2637 5829 2_qua
2659 5773 2855 5829 ornatus
2882 5758 3115 5829 dignitate
3142 5758 3442 5829 Aqvuileicnsi
3466 5764 3591 5819 Con-

2021 5820 2130 5870 cilio
2152 5833 2227 5870 an.
2248 5820 2361 5871 581.
2379 5820 2480 5871 ‘sub
2503 5820 2742 5875 Dantuaso
2761 5820 2993 5877 interfuit.
