4146 6336
404 447 409 452 .
491 397 589 457 551

489 507 631 563 illius
669 506 943 575 copulate,
978 513 1035 559 ut
1064 520 1183 558 cum
1226 505 1315 559 ille
1357 513 1408 560 te
1438 503 1751 558 Monachum
1778 502 2052 569 erudierit,

488 594 574 650 hic
600 592 858 649 Clericum
900 593 1086 647 doceat
1112 609 1233 649 esse
1257 593 1565 663 perfectum.

489 696 495 705 '
558 689 609 741 5.
635 687 795 756 Igitur
821 686 1057 741 Clericus
1081 688 1167 757 qui
1195 688 1389 744 Christi
1417 689 1578 742 servit
1602 688 1874 751 Ecclesiae,
1898 687 2063 741 inter-

486 784 725 844 pretatur
750 776 919 844 primo
956 777 1269 831 vocabulum
1306 792 1480 841 suum,
1510 786 1564 831 et
1592 776 1822 831 nominis
1872 776 2064 830 defini-

488 866 632 918 tione
655 865 879 933 prolata,
912 866 1112 920 nitatur
1135 881 1256 921 esse
1285 866 1423 936 quod
1449 866 1663 921 dicitur.
1691 866 1748 920 Si
1781 866 1921 920 enim
1952 873 2067 927 κλῆ-

485 977 562 1028 ρος
605 954 813 1021 Grteee,
840 972 950 1011 sors
977 957 1162 1013 Latine
1188 958 1482 1027 appellatur
1507 977 1520 1012 :
1548 965 1825 1027 propterea
1870 970 2067 1010 vocan-

487 1053 576 1098 tur
594 1044 810 1113 Clerici,
830 1046 908 1101 vel
937 1048 1056 1116 quia
1076 1046 1142 1103 de
1158 1057 1301 1103 sorte
1320 1058 1447 1103 sunt
1468 1048 1695 1113 Domini,
1712 1048 1795 1103 vel
1815 1047 1937 1116 quia
1955 1047 2069 1116 ipse

488 1136 747 1191 Dominus
774 1151 914 1203 sors,
934 1137 987 1191 id
1012 1148 1112 1202 est,
1138 1153 1259 1207 pars
1284 1138 1607 1194 Clerieorum
1644 1150 1744 1195 est.
1767 1138 1865 1206 Qui
1890 1147 2066 1192 autem

488 1228 574 1281 vel
600 1227 714 1298 ipse
733 1241 856 1297 pars
885 1228 1207 1293 Deininiest,
1233 1231 1314 1285 vel
1335 1230 1610 1285 Dominum
1632 1239 1834 1299 partem
1910 1229 2072 1301 259

492 1316 670 1383 hibet,
693 1317 849 1372 talem
868 1331 925 1372 se
940 1317 1381 1384 esliibcredebet,
1401 1328 1456 1374 ut
1474 1329 1532 1375 et
1551 1320 1662 1388 ipse
1680 1319 1948 1389 possideat
1969 1310 2071 1372 Do-

491 1408 789 1471 minum,ct
812 1407 1188 1476 possideatura
1208 1408 1453 1464 Domino.
1486 1409 1585 1475 Qui
1622 1408 1897 1462 Dominum
1928 1408 2070 1477 posi-

492 1495 605 1563 det,
628 1506 820 1552 etcum
846 1496 1106 1566 Propheta
1129 1498 1274 1563 dicit,
1300 1497 1430 1552 Pars
1448 1515 1557 1551 mea
1570 1497 1816 1552 Dominus
1844 1496 1961 1567 (Ps.
1985 1498 2069 1553 i5.

494 1586 548 1641 5.
564 1597 609 1641 et
627 1587 713 1640 72.
730 1587 846 1659 26),
863 1587 992 1642 nihil
1016 1598 1163 1644 extra
1189 1590 1464 1644 Dominum
1491 1591 1686 1645 habere
1711 1599 1901 1659 potest.
1921 1588 2072 1658 Quod

495 1676 542 1731 si
587 1676 857 1748 quippiam
900 1679 1040 1733 aliud
1097 1679 1339 1734 habuerit
1388 1692 1579 1750 prmter
1610 1682 1919 1745 Dominum,
1953 1695 2074 1751 pars

495 1768 613 1835 ejus
643 1782 750 1823 non
791 1770 893 1824 erit
940 1770 1214 1824 Dominus.
1263 1770 1419 1827 Verbi
1448 1772 1612 1841 gratia
1648 1788 1660 1824 :
1703 1772 1746 1826 si
1777 1787 1993 1834 aurum,
2029 1771 2074 1825 si

496 1867 773 1928 argentum
794 1900 809 1927 ,
846 1860 889 1915 si
922 1862 1285 1930 possessiones
1306 1903 1319 1927 ,
1350 1863 1393 1917 si
1430 1864 1625 1917 variam
1654 1862 2033 1931 supellectilem
2059 1879 2072 1916 :

497 1965 618 2003 amt
646 1952 762 2007 istis
801 1954 1060 2021 partibus,
1091 1953 1347 2009 Dominus
1378 1969 1499 2023 pars
1525 1955 1641 2024 ejus
1682 1955 1793 2010 fieri
1838 1970 1943 2010 non
1992 1956 2076 2010 di.

498 2042 766 2108 gnabitur.
793 2039 848 2097 Si
869 2053 1045 2098 autem
1076 2059 1175 2115 ego
1202 2059 1322 2113 pars
1347 2046 1552 2100 Domini
1574 2061 1711 2110 sum,
1740 2056 1792 2101 et
1818 2046 2078 2113 funiculus

501 2129 825 2186 ltzercditatis
852 2134 968 2202 ejus
1010 2150 1023 2184 :
1057 2149 1159 2189 nee
1196 2135 1398 2205 accipio
1425 2145 1627 2206 partem
1682 2138 1816 2191 inter
1860 2148 2080 2191 caeteras

501 2222 686 2287 tribus,
715 2223 811 2277 sed
836 2224 989 2293 quasi
1019 2224 1196 2281 Levita
1223 2236 1278 2282 et
1302 2227 1563 2282 Sacerdos
1591 2229 1709 2282 vivo
1737 2229 1804 2283 de
1824 2227 2045 2283 decimis
2064 2269 2078 2291 ,

501 2322 556 2366 et
583 2312 734 2369 altari
753 2315 1015 2383 serviens,
1047 2318 1231 2372 altaris
1261 2318 1532 2375 oblatione
1560 2328 1853 2388 sustentor,
1881 2319 2082 2375 habens

501 2403 698 2459 vietum
755 2415 809 2459 et
859 2408 1143 2471 vestitum,
1204 2408 1289 2462 his
1339 2417 1621 2465 contentus
1647 2425 1775 2477 ero,
1808 2418 1863 2465 et
1887 2410 2081 2464 nudam

502 2507 718 2548 crucem
743 2493 916 2549 nudus
940 2510 1152 2565 sequar.
1182 2497 1417 2553 Obsecro
1444 2499 1619 2569 itaque
1641 2507 1691 2553 te
1711 2541 1725 2565 ,
1756 2509 1802 2553 et
1824 2510 2081 2569 repetens,

504 2583 684 2635 iterum
725 2585 1000 2655 iterumque
1029 2586 1255 2650 monebo,
1280 2602 1346 2643 ne
1362 2588 1590 2643 ofliciutn
1608 2589 1902 2646 Clericattts
1920 2605 2086 2662 genus

506 2672 736 2740 antiqua:
780 2663 1163 2743 militize'putes
1195 2693 1207 2727 :
1237 2677 1289 2731 id
1335 2688 1450 2741 est,
1500 2695 1569 2734 ne
1607 2695 1777 2736 LIIan
1805 2697 1998 2737 suum
2033 2684 2083 2736 in

506 2762 703 2817 Christi
730 2778 936 2832 quaeras
964 2766 1147 2820 militia
1175 2785 1189 2819 :
1219 2782 1286 2823 ne
1313 2769 1432 2837 plus
1460 2769 1657 2824 habeas
1690 2787 1847 2841 quam
1875 2773 2086 2843 quando

507 2853 745 2911 Clericus
787 2868 907 2908 esse
958 2857 1165 2925 cmpisti
1197 2867 1291 2913 :et
1317 2858 1527 2914 dicatur
1551 2860 1676 2926 tibi,
1729 2861 1863 2917 Cleri
1913 2881 2087 2919 eorum

509 2960 612 3000 non
662 2946 937 3015 proderunt
972 2948 1043 3001 eis
1080 2945 1309 3017 (larem.
1339 2948 1421 3003 η.
1470 2950 1557 3005 15.
1603 2953 1875 3007 secundum
1894 2954 2084 3025 LXX).

508 3036 588 3104 (ιι)
607 3035 896 3091 Mensulam
922 3045 1062 3090 tuam
1087 3051 1345 3107 pauperes
1370 3049 1425 3094 et
1449 3042 1732 3112 peregrini,
1757 3052 1955 3099 etcum
1983 3046 2087 3101 illis

508 3124 751 3181 Christus
775 3127 994 3181 conviva
1024 3128 1247 3182 noverit.
1276 3127 1691 3186 Necerurronsn
1715 3132 1981 3189 Clericum
1998 3176 2013 3200 ,
2035 3144 2089 3191 et

500 3230 578 3275 ex
601 3215 760 3285 inope
786 3216 1027 3283 divitem,
1057 3231 1121 3272 ex
1143 3217 1357 3287 ignobili
1384 3218 1872 3292 gloriosum,'quasi
1900 3240 2089 3294 quam-

511 3307 633 3361 dam
665 3314 865 3376 pestem
895 3307 1035 3377 fuge.
1067 3306 1401 3378 Corrumpunt
1439 3327 1603 3366 mores
1625 3313 1779 3367 bonos
1797 3316 2091 3383 confabula-

514 3400 672 3453 tiones
700 3400 926 3467 pessima:
948 3399 965 3467 (
986 3400 1034 3453 l.
1063 3397 1179 3453 Cor.
1211 3400 1296 3455 £5.
1318 3398 1441 3471 35).
1463 3401 1543 3456 Tu
1566 3417 1750 3458 aurum
1769 3407 2086 3473 contemnis,

515 3489 650 3551 alius
677 3486 848 3557 diligit
878 3505 890 3541 :
924 3496 979 3542 tu
1007 3488 1181 3543 calcas
1212 3504 1364 3559 epes,
1397 3490 1483 3545 ille
1515 3500 1746 3547 sectatur
1779 3511 1791 3546 :
1825 3494 1920 3549 tibi
1945 3495 2091 3550 cordi

515 3589 598 3638 est
640 3578 943 3638 silentium,
992 3579 1361 3643 mansuetudo,
1391 3589 1692 3646 secretum;
1736 3584 1810 3638 illi
1850 3585 2091 3640 verbosi-

516 3682 594 3730 tas
628 3671 700 3744 (b)
729 3672 907 3726 attrita
932 3669 1081 3727 frons
1099 3712 1113 3738 ,
1138 3670 1250 3726 fora
1276 3673 1485 3742 placent
1510 3682 1562 3729 et
1590 3674 1796 3744 platea,
1826 3692 1890 3732 ac
1920 3678 2091 3732 medi-

515 3778 700 3824 corum
745 3762 999 3817 tabernae.
1032 3763 1091 3817 ln
1135 3774 1277 3817 tanta
1306 3778 1511 3818 morum
1536 3764 1825 3834 discordia,
1854 3783 1973 3838 quae
2002 3785 2094 3838 pe—

402 3870 421 3885 °
516 3866 623 3911 test
660 3870 784 3911 esse
818 3855 1140 3911 concordia?
1166 3855 1245 3926 (l)
1274 3856 1624 3913 "OSPITIOLUI
1652 3866 1797 3914 tuum
1828 3866 1918 3915 aut
1948 3876 2087 3929 raro,

516 3957 605 4002 aut
633 3962 899 4016 nunquam
934 3947 1216 4001 mulierum
1248 3948 1411 4016 pedes
1433 3958 1626 4005 terant.
1670 3952 1870 4007 Omnes
1897 3953 2094 4021 puellas

515 4049 570 4095 ct
586 4040 813 4110 virgines
831 4037 1049 4105 Christi,
1072 4048 1164 4094 aut
1180 4041 1454 4110 :equalitcr
1478 4042 1681 4112 ignora,
1709 4054 1800 4100 aut
1825 4045 2095 4115 aequaliter

517 4129 695 4199 dilige.
724 4128 800 4183 Ne
825 4129 926 4183 sub
951 4129 1139 4185 eodem
1160 4139 1300 4185 tecto
1322 4132 1607 4189 mansitest
1632 4149 1729 4188 nec
1755 4135 1806 4189 in
1830 4138 2093 4205 prmterita

519 4220 760 4277 castitate
771 4219 1024 4275 confidas.
1041 4218 1149 4275 Nec
1166 4220 1331 4274 David
1343 4221 1574 4275 sanctior
1590 4220 1685 4294 (b):
1704 4238 1804 4280 nec
1814 4225 2096 4285 Salomone

581 4352 655 4424 (α)
680 4351 928 4424 Glossema
966 4353 1439 4424 bujusmodiaddunt
1463 4364 1667 4424 veteres
1686 4360 1800 4409 editi
1826 4374 1838 4409 :
1876 4360 2098 4424 Nonnulli

519 4415 651 4481 enim
684 4422 793 4481 sunt
826 4415 1043 4481 ditiores
1062 4415 1297 4474 Monac/ti,
1337 4429 1480 4481 quam
1517 4420 1706 4478 fuerant
1744 4419 2018 4481 swculores,
2052 4431 2097 4473 et

519 4474 698 4546 Clerici
719 4477 739 4537 (
753 4478 842 4546 sed
879 4474 1177 4546 Clerieorum
1197 4474 1371 4546 nomen
1394 4474 1533 4529 abest
1554 4494 1581 4527 a
1615 4484 1959 4546 vetustioribus
1978 4474 2098 4545 {qui

522 4537 779 4606 possident
795 4551 909 4606 opes
935 4538 1024 4587 sub
1061 4537 1249 4606 Christo
1283 4552 1512 4606 paupere,
1537 4554 1657 4606 quos
1678 4541 1768 4606 suo
1800 4537 2098 4606 locuptt'te'et

519 4598 694 4659 fauete
728 4598 1040 4667 diabolo”th
1075 4598 1355 4659 habuerunt,
1380 4598 1447 4667 "ut
1474 4598 1680 4667 suspiret
1704 4601 1788 4663 (al.
1813 4598 2096 4667 susciperet)

522 4658 604 4719 eos
642 4660 855 4719 Ecclesia
889 4658 1073 4716 (lutilos,
1113 4674 1230 4721 quos
1261 4658 1468 4711 mundus
1498 4658 1644 4712 tenuit
1675 4658 1785 4713 ante
1807 4663 2052 4714 mendicos
2077 4658 2097 4716 ἓ

525 4732 637 4780 qute
668 4733 1011 4785 perperamex
1035 4720 1287 4785 Epitaphio
1304 4722 1573 4785 Nepotiani
1597 4723 1690 4772 huc
1712 4724 1940 4774 translata
1963 4732 2095 4785 sunt,

525 4778 692 4840 neque
711 4778 882 4828 in'ullo
907 4780 1017 4828 Mss.
1046 4778 1311 4840 exemplari
1339 4778 1665 4832 inveniuntur.
1688 4785 1927 4835 Caeterum
1950 4788 1996 4834 in
2024 4778 2099 4836 bis

529 4853 640 4909 qua}
662 4841 826 4909 subdit
845 4840 1047 4909 Hieron.
1079 4844 1145 4909 de
1180 4840 1477 4909 Clericorum
1499 4845 1843 4909 hospitalitate,
1869 4856 1925 4909 et
1944 4861 2098 4908 nego-

527 4900 1051 4969 tiationeuConstantii
1086 4901 1485 4969 Constitutio‘an.
1525 4900 1635 4969 543.
1664 4900 1961 4969 conferenda
2003 4900 2096 4969 e'st,

528 4959 971 5037 (illailleClericos
1004 4962 1065 5031 ab
1078 4975 1239 5037 onere
1256 4964 1478 5037 hospites
1500 4968 1788 5037 suscipiendi
1815 4972 2020 5026 exemit,
2050 4959 2101 5019 et

530 5027 787 5091 Praeterea
810 5022 911 5091 bis.
936 5021 1279 5091 (ιιιίέιιὴηοηξιε
1478 5021 1845 5091 negotiatio!me
1872 5021 2103 5080 ewéere

532 5080 813 5145 i'oluissent,
838 5080 1180 5145 inmunit'tatem
1216 5080 1673 5145 largiebatuerua:
1712 5087 1808 5136 duo
1838 5090 1915 5143 hic
1959 5090 2100 5139 Hier.

530 5143 793 5213 improbat,
809 5142 996 5213 volens,
1024 5155 1264 5213 pauperes
1281 5142 1333 5193 ét
1353 5142 1639 5213 peregrinos
1661 5161 1688 5195 a
1711 5142 1910 5198 Clericis
1923 5153 2101 5212 suscipi

530 5201 757 5272 hostium,
784 5205 974 5272 tametsi
1000 5201 1223 5272 camirege
1245 5201 1792 5272 excusariyiderentur,
1815 5218 1866 5272 et
1883 5201 2104 5272 negotia-

530 5262 675 5334 tionis
695 5271 909 5334 quastus
941 5264 1039 5325 jam
1065 5262 1330 5334 illiberales
1350 5278 1447 5314 non
1478 5263 1649 5326 licere,
1674 5262 1795 5330 quos
1817 5270 1900 5320 alii
1926 5262 2102 5334 passim

529 5324 771 5375 Auctores
794 5333 846 5374 et
866 5324 1040 5374 Patres
1059 5324 1302 5374 damnant.

593 5387 671 5455 (ὑλ
704 5387 883 5455 Yocem
918 5391 1153 5455 secretum
1176 5384 1392 5455 quwdapt
1416 5398 1560 5448 manu
1584 5396 1781 5455 exarata
1803 5391 2103 5455 exemplaria

528 5444 627 5497 non
647 5444 868 5515 habent,
911 5454 970 5515 et
982 5446 1144 5515 statim
1176 5444 1435 5515 loquacitas
1456 5444 1545 5515 pro
1568 5444 1839 5515 verbositas.
1865 5447 1939 5504 Ex
1954 5444 2105 5505 cdiLis

532 5522 651 5573 vero
673 5509 899 5573 plerique
921 5513 1087 5573 attrita
1106 5505 1362 5573 ﬁ'orts,__cui
1382 5505 1611 5573 nundinae
1630 5516 1674 5559 et
1695 5510 1819 5573 fora,
1846 5521 1942 5564 etc.

589 5571 659 5632 (ε)
673 5568 1075 5632 Ἀιιάἰινίοιριοίυδ
1096 5581 1204 5615 eum
1221 5568 1333 5632 aliis
1351 5569 1635 5632 quibusdam
1659 5568 1854 5622 circusis
1874 5589 1959 5625 nec
1977 5584 2105 5624 sam-

690 5632 888 5703 fortior;
909 5631 993 5682 alii
1017 5636 1069 5679 et
1089 5629 1332 5691 praecipue
1356 5627 1468 5678 Mss.
1484 5627 1744 5695 libri,quos
1763 5638 1904 5698 sequi
1923 5635 2100 5699 placet,

527 5700 753 5742 omittunt
761 5730 771 5741 .

588 5753 662 5813 (1)
698 5754 918 5815 Gravius,
943 5753 1235 5816 suffragante
1261 5755 1541 5813 pervelusto
1568 5754 1855 5818 exemplari,
1896 5757 1993 5820 legi
2031 5760 2101 5819 ju-

529 5812 613 5873 bet
633 5814 866 5865 ostiolum.

567 5819 613 5873 et
633 5819 866 5865 ostiolum.

1814 350 2050 447 sanun
2092 381 2464 443 lllERONYMI

3640 392 3749 453 ὅδε

2172 508 2320 570 potes
2340 513 2459 554 esse
2478 500 2781 569 sapientior.
2810 499 3069 559 Mensam
3094 518 3324 573 semper,
3354 507 3491 576 quod
3519 514 3746 579 paradisi

2170 591 2436 653 colonum,
2454 589 2521 643 de
2537 591 2867 657 possessione
2885 608 2976 647 sua
3003 595 3189 648 mulier
3208 595 3427 665 cjecerit
3441 598 3641 666 (Gates.
3666 603 3746 671 3).

2172 680 2468 750 {Egrotanli
2482 680 2576 734 tibi
2592 681 3033 749 quilibetsanctus
3049 684 3215 738 frater
3282 686 3444 757 260
3486 702 3489 703 '
3513 692 3746 753 assistat,

2172 779 2227 824 et
2262 785 2534 840 germana,
2559 771 2644 826 vel
2685 782 2874 839 mater,
2916 783 3005 827 aut
3044 774 3278 842 probata:
3326 777 3575 845 quwlibct
3610 781 3753 850 apud

2173 877 2361 917 omnes
2375 862 2512 917 fidei.
2545 861 2699 929 Quod
2727 863 2770 917 si
2802 864 3162 933 hujuscemodi
3189 882 3292 920 non
3316 867 3755 925 fuerintconsau-

2174 952 2464 1021 gninitatis,
2484 953 2915 1022 castitnonizeque
2931 969 3193 1024 persona},
3215 950 3407 1012 multas
3435 973 3566 1013 anus
3588 964 3753 1016 nutrit

2179 1042 2428 1105 Ecclesia,
2442 1057 2560 1112 qua:
2580 1050 2634 1098 et
2649 1041 2878 1096 ofﬁcium
2905 1047 3194 1112 praebeant,
3212 1056 3265 1101 et
3280 1046 3590 1113 beneficium
3613 1053 3756 1104 acci-

2177 1135 2322 1204 piant
2339 1133 2708 1200 ministrando,
2724 1144 2779 1187 ut
2796 1134 3071 1189 infirmitas
3083 1151 3291 1205 quoque
3308 1146 3391 1191 tua
3413 1138 3639 1193 fructum
3662 1141 3758 1200 ha-

2180 1224 2300 1277 beat
2326 1222 2699 1294 elecmosynae.
2733 1224 2855 1278 Seio
2875 1225 3129 1294 quosdam
3152 1226 3483 1281 convaluisse
3507 1243 3755 1298 corpore,

2178 1325 2229 1368 ct
2247 1314 2423 1367 animo
2443 1323 2701 1383 :egrotare
2717 1315 2960 1382 cmpissc.
2980 1315 3311 1371 Psmcuwse
3331 1333 3431 1371 'rmt
3461 1319 3753 1385 ministrat,

2178 1404 2328 1474 cujus
2361 1404 2561 1458 vultum
2586 1402 2885 1473 frequenter
2908 1405 3155 1460 attendis.
3188 1407 3240 1460 Si
3275 1420 3490 1477 propter
3518 1409 3758 1468 ofticium

2180 1492 2488 1559 CleriCatus,
2537 1501 2629 1546 aut
2657 1492 2808 1545 vidua
2856 1509 2885 1547 a
2919 1503 2969 1548 te
2996 1494 3255 1557 visitatur,
3288 1506 3375 1548 aut
3422 1497 3587 1566 virgo,
3622 1516 3758 1552 ηιιη-

2180 1599 2336 1654 quam
2359 1583 2573 1638 domum
2618 1584 2768 1638 solus
2810 1584 3063 1639 introeas.
3122 1585 3277 1641 Tales
3332 1587 3525 1642 habeto
3556 1592 3751 1654 socias,

2181 1689 2403 1742 quorum
2446 1674 2794 1729 contubernio
2844 1691 2948 1729 non
3002 1675 3294 1730 infameris.
3352 1678 3404 1733 Si
3456 1678 3666 1744 Lector,
3713 1683 3757 1733 si

2183 1765 2454 1836 Acolytns,
2483 1765 2527 1818 si
2557 1765 2780 1832 Psaltcs,
2805 1774 2855 1820 te
2883 1767 3141 1835 sequitur,
3175 1783 3279 1821 non
3306 1779 3559 1823 ornentur
3588 1781 3757 1831 veste.

2182 1852 2275 1908 scd
2322 1853 2594 1908 moribus:
2624 1869 2724 1909 nec
2767 1855 3070 1909 calamistro
3113 1857 3347 1926 crispent
3390 1872 3608 1923 comas;
3664 1860 3763 1914 sed

2185 1945 2488 2015 pudicitiam
2528 1945 2706 2000 habitu
2748 1946 3111 2015 polliceantur.
3159 1947 3327 2004 Sows
3356 1965 3459 2004 cun
3500 1966 3645 2013 seu,
3675 1967 3761 2005 se-

2183 2048 2364 2101 creto,
2398 2048 2449 2092 ct
2478 2038 2678 2107 absque
2726 2038 2944 2100 arbitro,
2988 2039 3070 2092 vel
3117 2048 3281 2105 teste,
3317 2056 3419 2094 non
3468 2042 3672 2096 sedeas.
3702 2041 3761 2097 Si

2187 2127 2495 2182 familiarius
2546 2139 2627 2182 est
2672 2128 2869 2197 aliquid
2916 2128 3256 2197 loquendum,
3309 2130 3466 2186 habet
3503 2135 3760 2187 nutricem

2187 2220 2443 2288 majorem
2492 2220 2713 2284 domus,
2752 2221 3029 2290 virginem,
3068 2221 3301 2289 viduam,
3348 2223 3428 2277 vel
3470 2226 3709 2279 maritam
3744 2241 3761 2281 :

2190 2325 2293 2364 non
2323 2319 2533 2365 esttam
2567 2309 2873 2378 inhumana,
2906 2320 2964 2365 ut
2993 2312 3193 2365 nullum
3235 2321 3428 2383 prteter
3455 2322 3508 2368 tc‘
3533 2314 3761 2380 habeat,

2188 2402 2272 2460 cui
2300 2415 2357 2456 se
2382 2400 2571 2455 audeat
2593 2401 2832 2455 credere.
2880 2400 3076 2456 Caveto
3117 2416 3302 2457 omnes
3330 2405 3679 2472 suspiciones,
3710 2416 3765 2460 ct

2189 2491 2818 2561 quidquid-probabiliter
2863 2492 2984 2562 fingi
3032 2501 3221 2561 potest,
3256 2507 3321 2548 ne
3350 2493 3595 2563 fingatur,
3642 2505 3765 2548 ante

2187 2579 2383 2635 devita.
2414 2578 2628 2635 Cat-zona
2653 2580 2991 2645 Moauscuu,
3021 2591 3075 2635 et
3099 2581 3384 2646 sudariola,
3417 2593 3471 2638 et
3501 2583 3764 2651 fasciolas,

2192 2677 2244 2726 et
2269 2680 2446 2727 vestes
2484 2672 2564 2724 eri
2593 2670 2889 2741 applicitas,
2921 2681 2975 2725 et
3018 2670 3221 2724 oblatos
3250 2670 3328 2743 (d)
3359 2688 3419 2727 ac
3464 2675 3770 2744 degustatos

2190 2763 2367 2828 cibos,
2419 2760 2744 2830 blandasque
2782 2772 2835 2816 et
2862 2762 3042 2817 dulces
3068 2762 3328 2817 litterulas
3368 2772 3579 2819 sanctus
3614 2780 3772 2821 amor

2192 2867 2297 2906 non
2328 2852 2503 2908 habet.
2544 2873 2563 2904 ι
2597 2851 2704 2908 Mel
2732 2866 2905 2909 meum
2931 2894 2945 2915 ,
2980 2866 3155 2905 meum
3183 2851 3498 2907 desiderium
3531 2872 3544 2908 :
3577 2868 3768 2908 omnes

2191 2942 2441 3008 delicias,
2474 2952 2528 2998 ot
2551 2945 2760 3015 lepores
2780 2987 2793 3011 ,
2832 2964 2853 2997 ι
2896 2955 2948 3000 et
2981 2942 3300 3016 risudignas
3328 2943 3681 3011 urbanitates,
3713 2953 3769 3001 ct

2191 3044 2413 3091 catteras
2429 3035 2651 3106 ineptias
2670 3045 2985 3103 amatorum,
3008 3037 3060 3090 in
3078 3036 3365 3097 Comoediis
3381 3037 3763 3105 erubescimus,

2194 3127 2246 3181 in
2297 3126 2478 3181 saeculi
2532 3126 2833 3181 hominibus
2862 3128 3188 3182 detestamur
3219 3145 3233 3182 :
3263 3137 3459 3198 quanto
3507 3130 3670 3200 magis
3712 3131 3767 3185 in

2191 3218 2463 3275 Monacbis
2492 3226 2547 3274 et
2574 3218 2625 3272 in
2654 3217 2871 3274 Clerieis
2890 3259 2904 3284 ,
2935 3233 3159 3288 quorum
3186 3227 3242 3275 et
3263 3219 3623 3275 Sacerdotium
3648 3236 3771 3291 pre-

2195 3308 2398 3380 posito,
2427 3317 2481 3362 et
2510 3308 2836 3378 propositum
2877 3316 3097 3363 ornatur
3125 3308 3467 3365 Sacerdotie?
3507 3308 3615 3365 Nec
3666 3311 3769 3369 hoc

2194 3398 2489 3469 diee,qued
2509 3408 2598 3453 aut
2620 3399 2730 3453 inte
2753 3407 2843 3453 aut
2871 3401 2924 3452 in
2945 3400 3143 3453 sanctis
3171 3400 3297 3455 viris
3324 3402 3423 3455 ista
3451 3401 3728 3455 formidem
3751 3419 3766 3465 ;

2196 3493 2288 3548 sed
2305 3489 2444 3561 quod
2467 3490 2519 3545 in
2544 3491 2689 3545 omni
2716 3491 3009 3559 proposito,
3037 3490 3089 3544 in
3116 3491 3261 3545 omni
3289 3492 3451 3562 gradu
3472 3502 3526 3547 ct
3547 3508 3700 3556 sexu,
3716 3504 3773 3547 et

2195 3594 2250 3640 et
2265 3584 2386 3641 boui
2401 3593 2455 3638 et
2473 3581 2596 3638 mali
2616 3570 2948 3653 reperiantur
2966 3600 2979 3637 :
2999 3581 3357 3648 MALOBUIIQUE
3373 3584 3769 3652 condemnatio,

2198 3675 2312 3744 laus
2343 3674 2598 3729 bonorum
2621 3674 2712 3729 sit.

2269 3767 2323 3823 6.
2352 3767 2523 3845 Pudet
2559 3766 2760 3832 dicere,
2792 3766 3098 3845 sacerdotes
3150 3764 3627 3831 idokirum,'mimi
3650 3808 3663 3830 ,
3718 3778 3775 3820 et

2198 3837 2482 3928 aurigaz,ct
2510 3866 2707 3924 scorta,
2732 3837 3068 3912 litercdt'tates
3140 3857 3296 3927 261
3369 3857 3613 3925 capiunt:
3644 3858 3774 3913 solis

2198 3950 2416 4006 Clericis
2442 3958 2498 4003 et
2516 3948 2785 4003 Menaehis
2812 3947 2914 4003 hoc
2941 3947 3012 4018 (ε)
3040 3948 3180 4023 Lege
3202 3948 3542 4018 prohibetur:
3575 3959 3627 4003 et
3650 3966 3775 4018 pre-

2202 4042 2410 4111 hibetur
2433 4054 2537 4095 non
2566 4055 2592 4092 a
2624 4039 3070 4108 persecutoribus,
3098 4037 3192 4093 sed
3216 4054 3247 4092 a
3273 4038 3600 4108 Principibus
3627 4040 3775 4094 Chri-

2200 4132 2403 4187 stianis.
2420 4131 2527 4186 Nec
2543 4131 2609 4185 de
2626 4131 2742 4200 lege
2758 4144 3056 4199 conqueror
3075 4147 3089 4195 ;
3108 4130 3200 4183 sed
3229 4130 3383 4184 deice
3406 4116 3501 4184 cur
3520 4132 3777 4185 merueris

2200 4238 2318 4277 mus
2346 4223 2480 4284 hanc
2503 4221 2699 4289 legem.
2725 4218 3027 4276 Cauterium
3052 4219 3247 4273 bonum
3271 4229 3371 4285 est,
3391 4221 3484 4277 sed
3507 4236 3612 4291 quo
3642 4222 3773 4275 mihi

2200 4314 2410 4378 vulnus,
2435 4321 2488 4365 ut
2508 4312 2772 4382 indigeam
2792 4310 3066 4366 cauterio?
3085 4311 3309 4366 Provida
3330 4326 3616 4385 severaque
3642 4312 3777 4387 legis

2201 4404 2397 4467 cautio,
2425 4411 2474 4457 et
2507 4412 2678 4459 tamen
2721 4417 2820 4460 nec
2845 4402 2921 4461 sic
2947 4401 3244 4462 refrenatur
3289 4405 3528 4460 avaritia.
3561 4404 3662 4460 Per
3701 4406 3781 4474 (Γ)

2203 4494 2607 4551 fideicommissa
2662 4494 2865 4564 legibus
2917 4495 3218 4562 illudimus;
3270 4502 3324 4551 et
3372 4498 3521 4567 quasi
3573 4497 3782 4567 majora

2266 4606 2343 4668 (ά)
2377 4605 2598 4668 Deerant
2618 4605 2668 4653 in
2703 4605 2981 4668 Erasmiana
3004 4618 3062 4668 ac
3092 4606 3411 4668 Benedictina
3435 4607 3651 4657 editione
3691 4624 3775 4657 vo-

2203 4665 2605 4734 cuhe'etobfutos,
2627 4680 2747 4734 quas
2775 4679 2839 4734 ex
2861 4666 2968 4734 aliis
2990 4667 3142 4734 etiam
3156 4667 3268 4734 Mss.
3289 4667 3773 4734 _libris_repesuimus.

2265 4728 2334 4791 (ε)
2368 4727 2604 4776 Nimirum
2650 4727 3007 4799 Constitutiene
3053 4727 3381 4800 .Valentiniani
3431 4727 3657 4802 mperat.
3714 4735 3776 4781 ad

2203 4789 2463 4850 Damasum
2486 4789 2664 4850 Papam
2692 4802 2704 4835 :
2738 4806 2761 4833 ι
2781 4788 3110 4837 Ecclesiastict
3129 4824 3144 4847 ,
3180 4795 3264 4837 aut
3288 4802 3353 4838 ex
3385 4790 3776 4850 Ecclesmsticis,

2694 4825 2704 4835 ι
2739 4824 2761 4833 *ι
2782 4824 3110 4837 “VU-“1"”.le
3129 4824 3144 4847 ν
3180 4824 3264 4837 ιιι--
3289 4824 3353 4838 un
3385 4824 3776 4851 HVWWIGOIAVID'

2194 4849 2284 4898 vel
2307 4853 2390 4912 qui
2412 4849 2764 4912 continentium
2787 4850 2844 4896 Se
2867 4850 3034 4897 volunt
3059 4850 3256 4897 nomine
3278 4853 3549 4912 nuncupari
3565 4884 3579 4909 ,
3606 4849 3775 4901 vidua;

2205 4925 2312 4960 rum
2325 4908 2390 4959 'ac
2413 4908 2701 4971 pupillorum
2719 4911 2889 4971 domos
2911 4923 3003 4971 non
3027 4912 3219 4966 adeam,
3238 4926 3261 4955 ι
3293 4918 3387 4959 etc.
3414 4908 3493 4960 De
3516 4908 3607 4961 hac
3630 4915 3778 4962 etiam

2207 4972 2260 5034 _S.
2285 4970 2571 5034 Ambrosius
2588 4973 2731 5034 epist.
2746 4970 2833 5034 Δ18.
2863 4982 2912 5034 ιι.
2935 4970 3011 5018 15.
3037 4971 3097 5034 ad
3123 4970 3514 5019 Valentinianum
3530 4972 3778 5034 juniorem

2209 5032 2442 5095 loquens,
2474 5049 2498 5077 ι
2518 5031 2717 5095 Nobis,_
2744 5031 2950 5095 inquit,_
2974 5032 3175 5092 privata:
3216 5031 3546 5082 successionis
3583 5034 3775 5083 emolu-

2207 5091 2373 5143 menta
2393 5091 2683 5155 recentibus
2705 5091 2903 5155 legibus
2923 5091 3248 5155 denegantur,
3277 5100 3333 5155 et
3352 5106 3498 5143 nemo
3514 5099 3777 5155 conqueri-

2211 5160 2308 5214 tur,
2329 5161 2480 5214 sete.
2506 5152 2569 5203 Et
2600 5151 2682 5214 i_l|_a
2720 5151 2919 5214 quidem
2955 5152 3255 5210 postmodum
3284 5153 3525 5214 abrogata
3550 5151 3778 5204 est'Mar-

2208 5209 2331 5264 ciani
2362 5213 2590 5274 Imperat.
2616 5209 2852 5270 NovoElla,
2876 5209 3234 5274 quaeliahetur
3270 5212 3384 5263 Cod.
3410 5209 3597 5265 Theod.
3639 5216 3672 5263 Ι.
3704 5219 3776 5264 1ιί

2211 5277 2286 5338 tit.
2310 5278 2358 5325 5.
2384 5272 2487 5338 Sed
2522 5274 2718 5322 interim
2752 5279 2970 5338 uterque
3000 5272 3312 5338 Hieronymi,
3350 5280 3497 5338 atque
3538 5275 3781 5338 Ambrosii

2211 5289 2286 5335 ιιι.
2310 5289 2358 5325 e.
2384 5289 2487 5323 aeu
2522 5289 2718 5322 mternn
2754 5289 2970 5333 uterque
3000 5289 3312 5380 uteronf'mt,
3350 5289 3497 5337 atque
3538 5289 3781 5338 ambrosii

2210 5336 2345 5388 locus
2367 5336 2549 5383 utinam
2570 5331 2801 5394 exeutplo
2822 5332 2945 5389 sint,
2972 5341 3186 5394 tempora
3210 5337 3251 5381 ia
3277 5334 3407 5384 lucra
3429 5336 3652 5393 Clerieis,
3680 5338 3781 5385 Mo-

2211 5397 2476 5457 nachisque
2514 5407 2613 5457 non
2651 5406 2773 5457 (ese
2805 5394 3102 5457 qnzerenda,
3145 5396 3325 5457 quibus
3366 5397 3459 5446 soli
3503 5399 3778 5447 animarum

2210 5453 2427 5566 guliestu’s
2446 5455 2585 5513 cordi
2612 5468 2727 5507 esse
2746 5453 2934 5505 debent
2951 5490 2966 5516 ,
2992 5468 3091 5503 non
3128 5453 3322 5517 pietatis
3356 5457 3563 5506 obtentu
3603 5461 3783 5519 opibus

2212 5531 2261 5566 m
2297 5530 2419 5566 tare.
3212 5548 3219 5551 ν

2212 5530 2419 5566 mutare.
3212 5548 3219 5551 ν
3864 5570 3865 5573 η

2273 5580 2336 5641 (Ι)
2369 5577 2581 5641 Cautum
2608 5582 2715 5625 erat
2750 5573 2940 5626 laudata
2965 5574 3297 5641 Valentiniani
3304 5575 3701 5641 ‘Constitutiene,
3732 5588 3783 5630 ut

2210 5634 2361 5703 neque
2378 5652 2462 5703 per
2480 5637 2744 5703 subjectum
2762 5647 3014 5703 personam
3036 5634 3242 5703 valerent
3264 5636 3438 5703 Clerici
3459 5646 3543 5687 aut
3560 5639 3789 5703 Mottaehi

2212 5694 2395 5764 aliquid
2419 5699 2491 5749 vel
2512 5694 2865 5764 dormtiouc'vel.
2891 5702 3165 5764 testmyento
3202 5697 3452 5764 percipere
3469 5706 3577 5764 ,_ct
3616 5706 3785 5764 tamen

2212 5753 2367 5870 tltilliue
2385 5755 2397 5819 ζ
2418 5762 2548 5831 quod
2573 5764 2747 5809 mirum
2770 5763 2872 5817 cst,
2902 5770 2989 5818 per
3012 5753 3095 5819 βαι
3111 5753 3382 5810 ἰίοὴιιιῑίδὲα
3403 5753 3599 5821 legibus
3647 5759 3794 5821 illudi

2260 5835 2348 5870 ter.
2374 5832 2628 5870 tltttl'l‘lltll‘.

2260 5835 2348 5871 lCl‘.
2374 5832 2628 5883 llilil'l‘lllll‘.
