4146 6336
450 459 553 509 sint
585 456 707 522 lmpr
727 461 957 506 ratorum
977 451 1134 514 scita,
1165 462 1318 515 quam
1340 442 1550 506 Christi,
1581 444 1719 510 leges
1753 445 2016 506 timemus,

451 544 728 612 Evangelia
762 543 1165 596 contemninms.
1211 538 1290 590 Sit
1317 536 1509 602 lucres,
1559 537 1652 588 sed
1694 543 1859 587 mater
1883 533 2017 586 lilio-

448 652 586 700 rum,
613 635 662 689 id
684 644 791 696 cst,
821 633 994 703 gregis
1019 632 1097 684 sui
1125 631 1200 698 (ιι)
1221 628 1453 682 Ecclesia
1477 669 1489 693 ,
1521 641 1639 696 qua:
1661 627 1780 679 illos
1805 625 2018 694 genuit,

448 727 660 781 nutrivit
687 736 738 779 et
761 726 917 794 pavit.
943 723 1075 789 Quid
1102 736 1196 775 nos
1218 721 1524 782 inserimus,
1553 719 1691 772 inter
1714 727 1936 770 matrem
1968 724 2022 770 et

447 816 688 870 liberos?
755 815 954 868 Gtonttt
1019 811 1260 864 Ertscort
1307 823 1424 869 EST,
1487 821 1776 876 pauperum
1831 805 2020 874 inopia:

441 905 727 974 .LPlerique
755 905 875 958 Mss.
906 899 1122 972 opibus]
1147 898 1441 969 providere.
1470 896 1756 965 Ignominia
1785 896 2018 949 omnium

455 995 794 1050 Sacerdotuut
849 1003 965 1058 est,
1021 991 1246 1060 propriis
1290 988 1506 1043 studere
1535 988 1732 1041 divtiis.
1761 987 1923 1041 Natus
1969 985 2019 1040 in

447 1099 678 1153 paupere
714 1083 893 1146 domo,
932 1092 985 1136 et
1025 1082 1074 1134 iu
1109 1081 1315 1150 tugurio
1355 1081 1654 1143 rusticano;
1690 1079 1778 1147 qui
1808 1079 1890 1131 vix
1923 1077 2021 1131 nti-

449 1179 518 1230 lio
543 1185 595 1230 et
622 1175 821 1229 cibario
850 1189 1001 1242 pane.
1032 1173 1322 1242 rugientem
1349 1181 1588 1225 saturare
1614 1179 1845 1224 ventrem
1870 1180 2018 1238 pote-

447 1281 581 1330 ram,
629 1279 768 1318 nunc
793 1263 1019 1317 similam
1066 1273 1117 1315 et
1150 1262 1304 1315 mella
1337 1261 1564 1315 fastidio.
1595 1261 1723 1314 Novi
1749 1271 1799 1314 et
1827 1275 2016 1329 genera

443 1366 497 1409 et
551 1355 764 1408 nomina
820 1354 1042 1422 piscium
1065 1395 1078 1418 ,
1117 1354 1168 1405 itt
1219 1368 1323 1421 quo
1352 1353 1528 1406 littore
1559 1352 1630 1421 (ὁ)
1657 1351 1855 1405 concha
1888 1352 2018 1405 lecta

445 1447 513 1498 sit
541 1445 706 1498 calleo
733 1462 745 1496 :
778 1443 1054 1512 saporibus
1101 1445 1274 1495 avimn
1305 1441 1554 1496 discerno
1605 1441 1934 1508 provincias;
1969 1450 2021 1494 et

444 1537 682 1589 ciborum
715 1534 1064 1603 pretiosorum
1089 1550 1171 1586 tne
1193 1533 1401 1598 raritas,
1429 1549 1492 1588 ac
1515 1533 1802 1586 novissime
1827 1533 2019 1586 damna

446 1628 558 1694 ipsa
578 1625 861 1679 delectant.
885 1624 1057 1678 Audio
1075 1633 1326 1693 praetcrea
1351 1624 1398 1675 iit
1417 1636 1592 1688 senes,
1607 1631 1803 1675 etanus
1823 1623 2021 1691 absque

447 1718 644 1782 liberis,
703 1716 1054 1785 quorumdam
1104 1725 1257 1784 turpe
1287 1717 1580 1768 servitium.
1615 1715 1715 1784 lp'si
1746 1723 2022 1783 apponunt

447 1807 692 1866 matulam
719 1803 824 1876 [al.
860 1803 1210 1874 mappulam],
1241 1803 1489 1858 obsident
1516 1803 1708 1858 lectum
1727 1843 1741 1866 ,
1774 1804 2020 1871 purulen-

446 1897 569 1948 tiam
597 1879 875 1960 stomachi,
910 1905 963 1949 et
989 1895 1286 1964 phlegmata
1310 1893 1594 1962 pulmonis,
1626 1909 1782 1946 manu
1812 1894 2018 1960 propria

443 1985 754 2054 suscipiunt.
779 1986 979 2039 Pavent
1001 1985 1064 2039 ad
1098 1985 1370 2037 introitum
1398 1983 1611 2048 medici,
1644 1983 2019 2037 trementibus-

441 2091 545 2144 que
574 2076 743 2138 labiis,
773 2090 839 2128 an
881 2073 1212 2128 commodius
1242 2072 1470 2126 habeant
1494 2113 1506 2135 ,
1558 2073 1891 2126 sciscitantur
1921 2089 1934 2126 :
1968 2082 2019 2126 ct

441 2169 484 2220 si
516 2167 783 2236 paululum
814 2183 972 2221 senex
1025 2166 1254 2234 vegetior
1295 2165 1470 2228 ftterit,
1513 2164 1916 2232 periclitantur:
1949 2181 2018 2219 Sl-

440 2275 753 2322 III'LATAQUE
782 2260 957 2312 lmtitia
978 2300 991 2322 ,
1033 2273 1179 2310 mens
1204 2256 1520 2309 intrinsecus
1540 2269 1698 2307 avara
1722 2263 2014 2324 torquetur.

438 2350 652 2404 'l'itttent
700 2350 863 2413 enim,
920 2365 986 2402 ne
1016 2347 1238 2417 perdant
1269 2345 1619 2398 ministerium
1647 2362 1660 2401 :
1686 2354 1739 2399 et
1783 2346 2016 2401 vivacem

435 2455 654 2505 senem,
679 2438 986 2492 Mathusahe
1016 2438 1167 2490 anuis
1205 2444 1534 2504 comparant.
1567 2435 1612 2489 Ο
1638 2445 1831 2504 quanta
1877 2438 2014 2504 apud

437 2531 606 2583 Deunt
630 2543 835 2582 merces
855 2569 868 2590 ,
902 2529 945 2580 si
969 2527 1017 2580 in
1045 2526 1288 2594 ριίρεοιιιί
1319 2526 1542 2594 pretium
1573 2540 1676 2579 non
1705 2528 2011 2594 sperarent!

431 2619 654 2686 Quantis
691 2617 971 2672 sudoribus
1002 2616 1284 2670 ltmreditas
1314 2630 1465 2669 cassa
1495 2615 1796 2684 expetitur!
1828 2615 2013 2673 Minori

431 2711 618 2764 labore
637 2711 976 2778 margaritum
1004 2708 1197 2762 Christi
1227 2706 1332 2762 emi
1364 2715 1587 2774 poterat.

507 2802 560 2855 7.
590 2802 801 2854 Divinas
825 2800 1123 2868 Scripturas
1147 2799 1339 2868 smpius
1367 2798 1500 2866 lege,
1523 2799 1629 2852 imo
1655 2813 1919 2867 nunquam
1947 2799 2013 2854 de

434 2894 677 2948 manibus
705 2895 808 2947 tuis
851 2907 1000 2947 sacra
1044 2891 1200 2945 lectio
1272 2891 1432 2960 262
1505 2889 1824 2958 deponatur.
1861 2890 2012 2946 Disce

433 2983 573 3053 quod
622 2983 815 3037 doceas
848 3000 860 3036 :
893 2981 1074 3036 obtine
1116 2996 1235 3036 eum
1267 2983 1354 3050 qui
1399 2979 1690 3035 secundum
1715 2981 2009 3036 doctrinam

433 3085 534 3140 est,
553 3073 760 3129 fidelem
777 3087 1078 3129 sermonem
1103 3088 1115 3135 ;
1140 3081 1194 3125 ttt
1211 3071 1381 3140 possis
1404 3072 1672 3125 exhortari
1701 3072 1752 3125 in
1771 3071 2008 3126 doctrina

433 3182 582 3232 sana,
609 3176 661 3222 et
687 3165 1107 3220 contradicentes
1133 3165 1421 3219 revincere.
1446 3165 1703 3219 Permane
1721 3163 1772 3216 in
1792 3162 1876 3217 his
1893 3179 2010 3231 quae

434 3257 680 3320 didicisti,
712 3267 764 3309 et
793 3255 992 3309 credita
1021 3263 1143 3308 sunt
1185 3253 1274 3306 tibi
1302 3271 1314 3316 ;
1345 3254 1567 3307 scicnsa
1593 3269 1698 3322 quo
1719 3253 1968 3306 didiceris
1995 3275 2004 3308 :

436 3355 648 3414 paratus
693 3361 903 3414 semper
943 3345 1009 3398 ad
1051 3344 1458 3399 satisfactionem
1495 3344 1638 3397 ontni
1689 3344 1925 3412 poscenti
1959 3354 2010 3397 te

435 3439 714 3502 rationein,
741 3437 807 3491 de
836 3452 896 3492 ea
922 3452 1039 3505 qua)
1070 3437 1120 3490 in
1154 3446 1203 3490 te
1235 3444 1318 3489 cst
1342 3449 1436 3502 spe
1475 3444 1543 3490 et.
1565 3435 1689 3489 fide.
1717 3435 1830 3488 Non
1878 3451 2008 3488 con-

439 3529 658 3582 fundant
685 3543 843 3597 Opera
882 3536 966 3581 tua
995 3541 1294 3580 sermonem
1326 3535 1507 3579 tuum:
1543 3541 1611 3580 ne
1655 3541 1774 3580 cum
1831 3527 1878 3578 itt
1911 3526 2009 3578 Ec-

437 3619 596 3672 clesia
623 3605 874 3687 loqueris,
910 3618 1098 3670 tacitus
1118 3617 1336 3685 quilibet
1373 3616 1714 3681 respondeat,
1751 3617 1858 3670 Cur
1881 3633 2007 3682 ergo

439 3708 548 3761 lucc
576 3723 690 3776 qua:
720 3707 852 3762 dicis
878 3748 893 3773 ,
924 3708 1038 3776 ipse
1068 3723 1170 3759 tton
1212 3705 1380 3766 fat-is?
1410 3705 1702 3760 DELICATUS
1752 3721 2008 3760 Il.\ClSTl-‘.lt

439 3815 556 3862 Es'r,
583 3799 666 3867 qui
699 3799 857 3868 pleno
902 3807 1084 3852 ventre
1120 3796 1186 3850 de
1201 3796 1426 3864 {ejuuiis
1453 3796 1707 3864 disputat.
1745 3797 2008 3850 Accusare

438 3891 705 3944 avaritiam
732 3899 786 3944 et
805 3890 938 3942 latro
960 3898 1150 3956 potest.
1173 3878 1688 3942 Saccrdotis’Christi
1719 3903 1801 3951 os,
1833 3902 2004 3952 meus,

440 3999 730 4052 manusque
758 3982 1102 4036 concordent.
1138 3981 1264 4033 Esto
1291 3979 1564 4045 subjectus
1605 3979 1847 4032 Pontifici
1897 3989 2005 4042 ttto,

440 4085 492 4125 et
517 4075 663 4142 quasi
689 4073 878 4126 anima:
919 4080 1191 4140 parentem
1234 4071 1463 4138 suscipe.
1514 4070 1708 4124 Amare
1755 4067 2003 4132 filiorum,

442 4165 626 4217 timere
674 4178 950 4217 servorum
987 4171 1089 4215 est.
1125 4179 1143 4212 ι
1181 4161 1234 4214 Si
1278 4169 1425 4228 pater
1479 4174 1618 4223 sum,
1677 4159 1866 4228 ittqttit,
1921 4159 2006 4213 ubi

440 4265 519 4307 est
550 4254 715 4306 honor
743 4254 928 4306 meus?
954 4253 1006 4306 Si
1037 4252 1288 4304 Dominus
1319 4266 1418 4319 ego
1445 4265 1586 4315 sum,
1612 4249 1696 4302 ubi
1730 4259 1812 4302 est
1852 4249 2009 4302 timor

443 4345 630 4397 meus?
669 4364 688 4396 ο
725 4343 990 4412 (Malaclt.
1023 4343 1075 4396 1.
1102 4341 1175 4410 2)
1210 4341 1362 4393 Plura
1409 4340 1500 4392 tibi
1548 4341 1600 4392 itt
1657 4338 1843 4393 eodem
1894 4338 2008 4392 viro

441 4434 767 4488 observanda
793 4442 914 4486 sunt
940 4431 1182 4494 nomina;
1217 4428 1524 4492 Monachus,
1556 4429 1817 4492 Pontifex,
1845 4443 2010 4480 avun-

440 4527 588 4577 culus
618 4535 754 4588 tuus,
776 4524 864 4593 qtti
892 4533 940 4576 te
965 4523 1071 4591 jam
1097 4521 1146 4574 in
1187 4521 1430 4576 omnibus
1455 4561 1468 4579 ,
1498 4535 1615 4588 quae
1646 4529 1824 4573 sancta
1863 4528 2004 4578 sunt.

440 4616 634 4670 docuit.
655 4615 784 4668 lllud
812 4613 1123 4674 ctiamdico,
1153 4611 1291 4680 quod
1322 4612 1588 4681 Episcopi,
1609 4610 1926 4665 Sacerdotes
1949 4626 2008 4665 se

441 4721 558 4759 esse
585 4704 845 4768 noverint,
877 4719 979 4755 non
1008 4702 1250 4754 dominos
1281 4699 1438 4770 [Alibi
1471 4716 1522 4752 se
1565 4699 1746 4752 Patres
1774 4716 1879 4752 esse
1909 4716 2007 4752 uou

441 4794 690 4865 dominos]
723 4793 1023 4846 :ltouorent
1063 4790 1305 4849 Clericos
1352 4789 1498 4856 quasi
1545 4788 1804 4853 Clericos,
1859 4798 1913 4841 ut
1954 4798 2008 4842 ct

442 4887 565 4953 ipsis
587 4901 614 4936 a
641 4883 881 4941 Clericis.
903 4881 1050 4949 quasi
1081 4879 1357 4946 Episcopis
1378 4879 1546 4933 honor
1567 4877 1854 4930 deteratur.
1889 4880 2007 4929 Sci-

443 4987 549 5030 tum
579 4975 703 5028 illud
726 4982 808 5029 est
832 4974 1060 5028 oratoris
1087 4970 1162 5041 (c)
1187 4968 1396 5023 Domitii
1422 4985 1434 5032 ;
1463 4967 1570 5020 Cur
1592 4983 1688 5036 ego
1715 4977 1781 5028 te,
1817 4968 2004 5034 iuqttit,

497 5109 572 5168 tu)
609 5107 732 5155 llinc
757 5105 1009 5168 verissime
1043 5103 1324 5168 Ambrosius
1359 5102 1501 5168 citata
1527 5101 1679 5168 Epist.
1716 5105 1791 5168 16.
1826 5121 1846 5147 (ι
1867 5103 2001 5168 Quod

441 5162 781 5217 Sacerdotibus
813 5165 905 5213 faui
939 5163 1179 5222 legaverit
1201 5163 1477 5224 Christiana
1496 5163 1632 5224 vidua
1650 5198 1662 5218 ,
1692 5162 1851 5221 valet;
1877 5164 2003 5224 quod

440 5231 667 5278 ministris
690 5228 810 5286 Dei,
850 5240 943 5272 non
975 5225 1128 5286 valet.
1157 5224 1406 5286 Siquidem
1446 5223 1795 5286 Ecclesiasticis
1820 5223 2004 5272 tantum

441 5291 658 5398 personis
675 5327 686 5344 ,
710 5283 806 5337 non
831 5289 946 5335 item
971 5283 1200 5333 Eeclcsiis
1225 5283 1384 5344 legata
1409 5297 1592 5346 capere
1617 5298 1676 5333 ca
1702 5284 1837 5348 Lege
1859 5288 2004 5334 inter-

476 5351 618 5397 ietum
644 5355 767 5397 erat.

502 5411 572 5472 (b)
598 5410 908 5472 (Iisterciens.
935 5405 1127 5472 duoque
1162 5402 1240 5472 alii
1268 5403 1460 5472 Mssajn
1489 5419 1588 5472 quo
1613 5405 1768 5457 littore
1803 5407 2003 5456 collecta

438 5465 766 5529 sint,'vitiose.
793 5467 1056 5516 Petronius
1079 5466 1292 5525 Specim.
1315 5465 1431 5513 belli
1457 5465 1631 5526 civilis,

1420 5549 1557 5595 Lucri

1420 5561 1588 5596 Lucrm

595 5619 738 5664 Erum
764 5609 997 5662 littoribus
1021 5608 1224 5657 vendunt
1249 5605 1495 5668 conchylia
1519 5562 1695 5667 ccchsus,

603 5683 658 5721 (rt
683 5679 904 5725 renovent
925 5684 1008 5731 per
1034 5671 1212 5718 donum
1236 5670 1426 5727 ﬁrmem,
1456 5677 1554 5717 etc.

510 5758 579 5821 (ι’),
615 5757 699 5812 Est
724 5755 778 5807 L.
804 5753 975 5804 Licmii
1001 5752 1182 5812 Crassi,
1217 5753 1296 5812 qui
1322 5750 1403 5798 (In.
1432 5748 1624 5799 Domitii
1655 5751 1848 5800 :littobai
1867 5755 1912 5800 bi
1959 5756 2005 5800 io

1835 321 2154 381 lil“l:TUL.\
2200 321 2298 376 Lll.

3601 339 3703 392 554

2131 440 2350 493 habeant
2392 449 2446 493 ut
2511 442 2838 510 principem,
2868 461 2986 499 eum
3052 454 3103 500 tu
3155 464 3237 504 ute
3288 465 3390 504 non
3425 449 3617 506 habt-as
3649 461 3703 504 ut

2127 532 2479 586 Scuatorem?
2529 532 2678 598 Quod
2727 537 2904 588 Aaron
2948 548 2996 590 et
3047 539 3183 592 filios
3231 541 3365 610 ejus,
3429 543 3528 596 hoc
3583 557 3702 598 esse

2128 619 2446 690 Episcopum
2492 632 2544 676 ct
2587 623 2928 693 l‘rcsbytcros
2973 630 3270 684 noverimus
3302 648 3314 683 :
3348 631 3495 685 Unus
3526 632 3700 684 Domi-

2129 727 2250 778 nus,
2295 728 2456 767 unum
2505 715 2781 782 templum,
2814 731 2976 768 untun
3018 718 3085 772 sit
3116 720 3274 774 etiam
3320 723 3697 778 ministerium.

2127 802 2491 860 Recordemur
2519 820 2731 873 semper
2753 806 2879 874 quid
2910 807 3193 875 Apostolus
3223 812 3411 882 Petrus
3435 814 3700 882 prmcipiat

2126 889 2504 947 Sacerdotibus
2538 911 2549 946 :
2585 912 2602 944 ι
2638 895 2844 949 Pascite
2869 911 2988 949 eum
3011 898 3098 965 qui
3122 898 3172 951 itt
3209 901 3356 954 vobis
3380 909 3462 955 est
3485 918 3698 973 gregem

2127 981 2336 1036 Domini
2364 999 2378 1040 :
2412 984 2753 1052 providentes
2785 1001 2888 1038 non
2922 996 3138 1052 coacto,
3172 989 3264 1042 sed
3299 1000 3590 1059 spontanee
3616 1009 3699 1046 se-

2126 1071 2356 1128 cundum
2389 1075 2555 1128 Deum
2586 1094 2597 1129 :
2628 1092 2797 1144 neque
2831 1077 2995 1145 turpis
3023 1078 3154 1132 lucri
3179 1080 3366 1148 gratia,
3395 1081 3486 1134 sed
3515 1083 3699 1135 volun-

2127 1165 2260 1219 tarie
2307 1181 2320 1218 :
2380 1181 2552 1235 neque
2584 1177 2638 1220 ut
2665 1167 3003 1222 dominantes
3031 1170 3084 1223 in
3115 1171 3313 1224 clerum
3338 1212 3352 1238 ,
3399 1180 3491 1227 sed
3532 1173 3699 1228 forma

2128 1255 2246 1310 facti
2277 1257 2451 1325 gregis
2473 1272 2538 1310 ex
2573 1258 2750 1312 animo
2782 1277 2792 1311 :
2831 1268 2885 1312 ut
2935 1274 3056 1314 cum
3103 1263 3406 1328 apparuerit
3451 1262 3697 1331 princeps

2127 1356 2422 1416 pastorum,
2468 1349 2770 1416 percipiatis
2800 1350 3298 1405 immarceseibilem
3326 1351 3509 1420 gloriae
3539 1368 3690 1407 coro-

2128 1453 2246 1490 nam
2279 1457 2296 1488 ι
2330 1438 2405 1502 (1.
2436 1437 2573 1491 Petr.
2594 1439 2780 1494 5.2.“
2805 1439 2987 1510 δοίη).
3021 1440 3272 1494 Pessima:
3299 1443 3702 1497 consuetudinis

2125 1528 2278 1580 estin
2309 1527 2620 1595 quibusdam
2641 1529 2914 1594 Ecclesiis,
2937 1540 3111 1585 tacere
3177 1531 3334 1601 263
3372 1531 3699 1603 (d)Prcsby-

2129 1626 2289 1680 teros,
2318 1626 2371 1670 et
2403 1619 2754 1685 prtesentibus
2795 1620 3069 1688 Episcopis
3092 1636 3195 1675 non
3223 1623 3385 1689 loqui,
3432 1626 3580 1692 quasi
3612 1635 3703 1679 aut

2127 1709 2412 1772 invideant,
2455 1719 2546 1764 aut
2570 1725 2674 1762 non
2719 1709 3003 1779 dignentur
3051 1711 3255 1764 audire.
3316 1731 3333 1762 ι
3374 1713 3506 1766 Etsi
3536 1715 3644 1779 alii,
3677 1735 3694 1766 ι

2127 1798 2295 1865 inquit
2336 1798 2620 1865 Apostolus
2650 1798 2865 1863 Paulus,
2901 1818 2917 1849 ι
2951 1786 3116 1853 fuerit
3143 1801 3430 1854 revelatmn
3472 1802 3698 1866 sedenti,

2128 1887 2270 1955 prior
2303 1896 2491 1941 taceat.
2518 1888 2747 1943 l’oteStis
2774 1888 2916 1942 enim
2947 1903 3040 1956 per
3070 1889 3308 1958 singulos
3341 1893 3692 1958 prophetare,

2126 1987 2180 2031 ut
2205 1992 2391 2031 ontnes
2417 1978 2643 2043 discant,
2686 1989 2737 2033 et
2765 1995 2952 2034 omnes
2979 1982 3326 2035 consolentur
3363 2000 3372 2034 :
3404 1992 3457 2036 et
3487 1986 3701 2052 Spiritus

2127 2069 2506 2137 Prophetarum
2539 2069 2818 2138 Pmpbetis
2849 2072 3120 2138 subjectus
3151 2083 3249 2126 cst.
3286 2073 3397 2125 Non
3435 2074 3575 2128 enim
3617 2086 3699 2129 est

2123 2161 2467 2215 dissensionis
2497 2163 2653 2226 Deus,
2677 2163 2771 2216 sed
2791 2164 2962 2231 pacis»
2999 2164 3294 2234 (Lbet-ll.
3325 2166 3412 2220 30.
3442 2177 3486 2218 et
3513 2169 3696 2235 seqq.).

2131 2273 2147 2304 ι
2178 2254 2354 2308 Gloria
2384 2255 2549 2322 patris
2571 2263 2652 2308 est
2675 2255 2811 2308 filius
2833 2256 3046 2324 sapiens
3077 2275 3094 2308 ›
3123 2257 3301 2327 (Prov.
3328 2259 3415 2312 lt).
3450 2260 3472 2312 1
3497 2258 3538 2325 ).
3560 2259 3700 2313 ϐιιιμ

2123 2344 2244 2398 deat
2273 2345 2564 2413 Episcopus
2593 2344 2794 2413 judicio
2831 2360 2949 2411 suo,
2974 2361 3094 2401 cum
3125 2348 3254 2402 tales
3279 2347 3492 2403 Christo
3519 2349 3698 2418 elege-

2125 2435 2192 2487 rit
2220 2435 2551 2490 Sacerdotes.

2193 2530 2245 2582 8.
2279 2525 2553 2581 Conciones
2591 2528 2644 2580 in
2690 2526 2935 2581 Ecclesia.
2967 2559 3033 2568 -—
3062 2530 3295 2586 Doecute
3337 2541 3386 2587 te
3430 2533 3480 2586 in
3515 2533 3699 2588 Eccle-

2121 2623 2218 2682 sia,
2268 2635 2372 2673 non
2411 2619 2612 2673 clamor
2649 2619 2844 2688 populi,
2882 2620 2975 2674 sed
2997 2623 3225 2690 gemitus
3268 2623 3570 2677 suscitetur.
3597 2625 3697 2678 La-

2118 2727 2314 2782 eryma:
2342 2712 2663 2775 auditorum,
2691 2712 2872 2766 laudes
2891 2723 2992 2766 tua:
3009 2715 3132 2768 sint.
3152 2715 3342 2768 Sermo
3373 2715 3694 2785 Presbyteri,

2117 2804 2506 2871 Scripturarmn
2535 2804 2759 2859 lectione
2780 2804 3024 2860 conditus
3047 2808 3132 2860 sit.
3155 2806 3287 2861 Nolo
3316 2815 3365 2861 te
3385 2807 3702 2863 declamato-

2118 2913 2230 2952 rem
2249 2912 2367 2952 esse
2382 2905 2435 2951 et
2461 2897 2695 2950 rabulam
2708 2898 3083 2967 garrulumque
3100 2900 3211 2952 sine
3234 2900 3456 2966 ratione,
3477 2900 3570 2956 sed
3588 2915 3701 2970 my-

2117 2991 2400 3044 steriorum
2417 2987 2664 3056 peritum,
2683 2997 3200 3043 etsaeramentoruut
3221 2991 3311 3045 Dei
3333 2991 3404 3044 tui
3419 2991 3704 3046 eruditissi-

2118 3093 2281 3133 mum.
2292 3078 2464 3133 Verba
2479 3077 2713 3143 volvere,
2733 3089 2782 3132 et
2805 3079 3080 3134 celeritate
3095 3079 3304 3134 dicendi
3321 3081 3461 3150 apud
3485 3081 3674 3152 imperi
3686 3116 3702 3124 -

2118 3181 2228 3226 tum
2246 3171 2432 3240 vulgtts
2452 3169 2859 3224 admirationem
2883 3171 2962 3223 sui
2985 3170 3524 3235 facere,indoctorum
3539 3173 3701 3229 homi-

2116 3279 2241 3317 num
2255 3271 2354 3316 est.
2376 3263 2570 3316 Attrita
2595 3261 2744 3316 frons
2775 3263 3154 3332 interpretatur
3166 3279 3311 3333 Stulte
3332 3267 3471 3334 quod
3496 3269 3696 3323 nescit:

2115 3367 2168 3411 ct
2189 3373 2306 3411 cum
2321 3357 2437 3410 aliis
2454 3357 2795 3426 persuaserit,
2815 3356 2914 3410 sibi
2936 3372 3144 3425 quoque
3161 3369 3380 3427 usurpat
3397 3359 3693 3416 scientiam.

2115 3447 2417 3516 Prmccptor
2461 3448 2726 3516 quondam
2777 3462 2926 3502 meus
2974 3449 3263 3516 Gregorius
3293 3451 3692 3516 Nazianzenus,

2116 3546 2329 3606 rogatus
2373 3552 2400 3588 ι)
2431 3552 2514 3590 me
2546 3547 2603 3591 ιιι
2630 3547 2942 3605 exponeret,
2975 3538 3098 3606 quid
3131 3539 3228 3590 sibi
3270 3541 3429 3594 vellet
3464 3541 3514 3593 in
3555 3541 3694 3596 Luca

2115 3627 2391 3680 sabbatum
2419 3631 2800 3697 διυτερὸπρωτον,
2833 3628 2880 3681 id
2911 3637 3013 3691 est,
3047 3631 3510 3696 semiruto-primum
3539 3633 3688 3697 (Luc.

2115 3719 2167 3772 6.
2203 3719 2298 3787 1),
2328 3718 2600 3784 eleganter
2652 3720 2796 3782 lusit,
2853 3719 3063 3772 docebo
3096 3729 3146 3772 te
3172 3760 3184 3779 ,
3218 3721 3462 3788 inquiens
3487 3763 3500 3784 ,
3535 3735 3694 3788 super

2119 3812 2215 3863 hac
2236 3825 2293 3863 re
2323 3809 2372 3862 in
2407 3809 2643 3863 Ecclesia
2670 3827 2683 3862 ε
2716 3811 2764 3862 itt
2808 3825 2907 3878 qua
2939 3809 3066 3863 milti
3099 3812 3241 3864 omni
3291 3813 3485 3878 populo
3525 3814 3692 3866 aettla-

2117 3908 2312 3961 mante,
2343 3899 2548 3968 cogeris
2595 3899 2787 3952 invitus
2826 3903 2966 3952 scire
3000 3900 3140 3967 qttod
3189 3902 3382 3954 nescis.
3417 3903 3515 3954 Aut
3546 3913 3693 3955 certe.

2116 3991 2159 4042 si
2187 3989 2332 4042 solus
2356 3989 2602 4046 tacueris,
2635 3988 2781 4040 solus
2835 3987 2900 4040 ab
2929 3989 3175 4042 omnibus
3211 3990 3448 4042 stultitia:
3500 3991 3696 4043 conde-

2119 4081 2406 4136 tnnaberis.
2441 4079 2578 4134 Nihil
2608 4088 2711 4132 tam
2747 4079 2920 4144 facile,
2952 4095 3108 4148 quam
3153 4081 3308 4134 vilem
3367 4081 3692 4149 plebeculam

2116 4183 2171 4229 et
2200 4173 2464 4228 indoctam
2490 4173 2822 4236 concionem,
2848 4173 3040 4242 lingua:
3071 4173 3395 4226 volubilitate
3423 4173 3692 4240 decipere.

2117 4281 2236 4334 qua:
2257 4262 2510 4334 quidquid
2535 4278 2639 4316 non
2671 4262 2937 4331 intelligit,
2966 4262 3082 4330 plus
3110 4263 3352 4315 miratur.
3383 4262 3452 4315 lll.
3487 4263 3694 4316 Tullius

2117 4359 2203 4428 (in
2231 4371 2388 4426 quem
2419 4355 2836 4423 pulcherrimum
2859 4353 2982 4408 illud
3016 4353 3246 4421 elogium
3289 4362 3370 4405 est
3399 4369 3410 4404 :
3442 4371 3458 4401 ι
3497 4353 3689 4404 Demo-

2116 4451 2333 4505 sthenes
2364 4449 2454 4503 tibi
2485 4447 2780 4516 prmripuit,
2812 4462 2878 4499 tte
2911 4459 3059 4499 esses
3092 4446 3290 4512 primus
3316 4444 3507 4496 Orator
3538 4461 3548 4494 ε
3587 4463 3603 4492 ι
3640 4455 3692 4496 ιιι

2117 4541 2211 4606 illi,
2241 4555 2310 4594 tte
2337 4537 2511 4605 solus)
2543 4537 2593 4590 itt
2621 4536 2862 4590 oratione
2891 4549 2985 4603 pro
3003 4533 3204 4598 Quinto
3232 4532 3300 4601 (ε)
3331 4532 3526 4597 Gallio,
3557 4534 3684 4601 quid

2118 4719 2331 4766 Censura
2353 4715 2539 4768 collega
2565 4713 2682 4768 fuit,
2712 4721 2764 4760 ttt
2802 4716 3014 4765 notatum
3043 4717 3118 4758 est
3144 4711 3358 4759 Virtorio
3383 4750 3394 4768 ,
3439 4725 3498 4760 ex
3545 4714 3690 4760 tertio

2118 4749 2478 4766 ..μωιημυυηυ
2515 4749 2539 4762 ι.
2567 4749 2653 4763 η...
2714 4749 2764 4760 ..υ
3044 4749 3118 4758 νυ.
3440 4749 3498 4760 ν..
3663 4749 3684 4758 .,

2117 4779 2365 4827 Ciceronis
2385 4777 2449 4823 de
2473 4749 2693 4824 aratore’.
2719 4774 2775 4821 At
2801 4773 2884 4820 ille
2911 4774 3100 4820 v‘ttiatos
3140 4773 3334 4820 codices
3376 4750 3510 4832 putat
3527 4809 3538 4830 ,
3582 4773 3684 4820 eul-

2119 4852 2326 4906 pamqtte
2352 4839 2397 4906 in
2426 4837 2645 4884 librarios
2671 4833 2955 4906 conferens,
2980 4832 3142 4906 (russi
3184 4833 3448 4894 legeudtun
3474 4833 3574 4882 vult
3603 4848 3689 4894 pro

2121 4894 2329 4948 Domitii.
2357 4897 2454 4946 Nos
2489 4898 2737 4948 lllcmm‘iu)
2776 4894 2957 4957 lapsum
2985 4896 3030 4941 itt
3058 4895 3268 4942 Auctore
3306 4902 3469 4957 nostro
3491 4935 3502 4950 ,
3542 4909 3602 4942 ex
3632 4911 3691 4943 eo

2119 4959 2245 5022 quod
2271 4958 2474 5022 collegie
2498 4961 2642 5022 ambo
2663 4956 2876 5022 fuerint,
2904 4964 3127 5022 putamus
3155 4956 3494 5022 verositnilius‘.

2181 5021 2257 5080 (tl)
2291 4995 2599 5081 l’resltyteris
2622 4995 3115 5081 facultatem'quidem
3138 5018 3272 5081 verbi
3299 5017 3502 5081 faciendi
3532 5017 3578 5063 in
3607 5016 3691 5064 Ec-

2117 5077 2267 5131 clesia
2294 5077 2603 5130 concesserat
2624 5081 2784 5130 Catum
2801 5081 2880 5127 55.
2906 5077 3102 5127 (Ζοιιρίιίἰ
3129 5077 3407 5138 Cartltagin.
3444 5079 3481 5124 l.
3509 5085 3691 5125 tantum

2119 5159 2183 5192 ne
2208 5156 2366 5191 eorum
2387 5144 2627 5202 episcopis
2650 5143 3007 5189 Conciouarent.
3037 5140 3176 5187 Hum:
3203 5141 3462 5202 pessimum
3486 5151 3688 5202 rnorem,

2117 5206 2200 5268 qui
2225 5199 2489 5268 tatttett_ditt
2515 5199 2817 5263 titullumque
2843 5204 2886 5248 in
2904 5202 3190 5268 quibusdam
3217 5200 3446 5268 Ecclesiis
3461 5199 3690 5254 obtinuit,

2120 5260 2354 5326 iinprobat
2377 5265 2430 5326 S.
2457 5265 2654 5323 Doctor,
2681 5260 2893 5326 eumque
2919 5260 3133 5326 imitatus
3157 5262 3349 5326 l’S_(_3_lltl0
3366 5260 3692 5326 _]_lit'_-.rt_qty_ntus

2120 5319 2333 5389 Epistola
2355 5325 2418 5374 de
2443 5319 2895 5389 ερνιριηξΕριξΙορἱῳ
2913 5324 3181 5389 ordinibus.
3210 5321 3315 5389 V_id.
3335 5319 3473 5389 aliam
3502 5320 3691 5389 Episto~

2122 5377 2214 5436 lain
2238 5377 2576 5450 Attgttstin.'et
2596 5387 2753 5450 Alypii
2777 5387 2835 5434 ad
2861 5385 3111 5434 Aurelium
3131 5383 3352 5443 Carthag.
3368 5381 3530 5439 Episc.
3558 5377 3677 5425 alios

2120 5448 2756 5511 quepassintAuctores.__
3074 5505 3112 5511 _
3331 5501 3345 5511 ‘
3403 5500 3412 5508 ,
3503 5497 3632 5511 ΛΑ,

2184 5497 2257 5572 (εἳ
2293 5510 2393 5558 Una
2420 5509 2523 5572 hzec
2547 5497 2670 5568 apud
2702 5509 3050 5572 Hieronymum
3074 5504 3308 5553 Tullianae
3331 5500 3474 5572 huius
3499 5497 3689 5572 Oratio.

2121 5558 2357 5633 nis,'qu:e
2379 5571 2558 5633 jamdiu
2580 5558 2856 5633 intercidit,
2882 5558 3066 5633 mentio
3100 5572 3203 5633 est,
3229 5574 3322 5633 nec
3344 5561 3460 5607 satis
3489 5558 3690 5633 proinde

2120 5625 2323 5690 constat,
2353 5625 2502 5679 (fullio
2527 5645 2588 5679 ne
2609 5629 2822 5679 anGallo
2844 5626 3101 5690 legendum
3127 5625 3220 5678 sit,
3259 5628 3516 5690 utramque
3561 5625 3689 5690 cuitu

2123 5681 2384 5741 lectionem
2409 5691 2518 5740 Mss.
2535 5693 2738 5752 probant
2762 5681 2919 5752 atque"
2929 5687 3285 5752 etliti,_quorum
3301 5681 3597 5752 V_elgtsli0rtjs
3609 5681 3688 5728 ba-

2124 5755 2300 5804 bebattt
2325 5752 2458 5812 olim,
2484 5741 2571 5814 pr'o
2594 5761 2645 5812 ς).
2675 5741 2863 5814 Ligario
2886 5744 3032 5798 Callo.
3054 5741 3209 5793 l’i-tulo
3235 5750 3339 5803 post
3365 5741 3685 5790 llistercieuse
