4146 6336
548 346 610 387 7.5
1785 329 2027 387 SANCTI
2064 328 2436 386 IIIERONYMI

505 346 610 401 555

506 461 571 514 de
600 458 778 514 favore
811 455 947 524 vulgi
975 496 989 520 ,
1022 461 1074 508 et
1103 452 1168 506 de
1209 450 1465 520 imperitis
1506 446 1970 503 concinnatoribus
1996 444 2075 498 lo-

503 562 729 619 quatur,
772 547 1023 614 attende,
1057 562 1125 600 ue
1166 545 1248 599 his
1278 543 1552 598 fraudibus
1592 540 1810 596 ludaris.
1862 539 2076 608 Loquor

502 643 663 705 enim,
693 654 812 710 qtnc
840 653 956 694 sum
1009 638 1123 706 ipse
1159 650 1327 706 nuper
1365 643 1636 704 expertus.
1669 630 1819 686 Unus
1861 628 2075 700 quidam

503 732 662 787 Poeta
693 730 993 784 nominatus
1019 726 1203 792 homo,
1236 726 1617 794 pet-litteratus,
1647 721 1800 791 cujus
1829 728 1953 775 sunt
1980 719 2068 773 illa

499 819 758 888 colloquia
807 818 1093 873 Poetarum
1143 830 1207 870 ac
1258 814 1735 883 Philosophorum,
1790 826 1911 866 cum
1956 810 2079 864 facit

500 910 809 981 Euripidem
838 919 892 965 et
919 907 1261 963 Menandrum
1307 907 1447 958 inter
1471 918 1530 959 se
1557 943 1571 966 ,
1646 900 1810 973 265.
1881 909 1938 957 et
1970 901 2076 955 alio

500 1003 617 1057 loco
657 1001 932 1057 Socratem
958 1007 1117 1069 atque
1147 998 1436 1067 Epicurum
1477 994 1822 1058 disserentes,
1849 1007 2073 1061 quorum

502 1101 689 1149 aetates
711 1110 817 1148 non
840 1092 1015 1159 annis,
1038 1090 1132 1145 sed
1155 1088 1364 1144 satculis
1392 1086 1591 1155 scimus
1611 1099 1730 1140 esse
1756 1083 2074 1153 disjunctas,

499 1194 730 1257 quantos
762 1187 806 1241 is
837 1186 1052 1255 plausus
1080 1191 1135 1238 et
1169 1182 1433 1235 clamores
1459 1179 1680 1233 movet?
1704 1177 1895 1232 Multos
1933 1177 2074 1231 enim

498 1278 890 1346 condiscipulos
922 1275 1069 1330 habet
1107 1275 1157 1328 in
1191 1272 1418 1337 theatro,
1446 1270 1535 1340 qui
1554 1269 1713 1323 simul
1735 1268 1943 1323 litteras
1970 1282 2074 1321 non

499 1370 827 1425 didicerunt.

572 1464 627 1518 9.
685 1461 863 1517 Cultus
900 1459 1087 1531 qualis.
1131 1453 1342 1512 Diversa
1372 1456 1592 1510 membra
1645 1456 1698 1509 iu
1730 1453 1977 1509 Ecclesia.
2005 1486 2071 1494 —

502 1555 691 1609 Vestes
716 1554 883 1622 pullas
908 1568 1057 1621 a-qoc
1090 1549 1163 1622 (η)
1189 1550 1386 1614 devita,
1435 1559 1490 1602 ut
1528 1548 1800 1601 candidas.
1843 1547 2076 1602 Ornatus

501 1658 555 1699 ut
587 1645 772 1699 sordes
796 1645 905 1713 pari
934 1642 1093 1696 modo
1117 1640 1377 1711 fugiendae
1405 1648 1556 1700 sunt,
1588 1640 1709 1708 quia
1736 1639 1959 1692 alterum
1983 1638 2077 1692 dc-

505 1736 673 1798 licias,
705 1733 928 1786 alterum
972 1731 1194 1801 gloriam
1222 1731 1447 1786 redolet.
1481 1729 1593 1783 Non
1639 1728 1840 1797 alisque
1877 1729 2073 1783 amictu

500 1826 639 1878 lineo
697 1823 967 1885 incedere,
1012 1821 1106 1875 sed
1138 1821 1363 1890 pretium
1408 1820 1633 1873 vestium
1674 1819 1933 1872 linearum
1967 1833 2072 1872 non

500 1914 716 1977 habere,
758 1911 1025 1966 laudabile
1055 1921 1159 1965 est.
1196 1909 1408 1979 Alioqui
1437 1908 1719 1963 ridiculum
1762 1916 1815 1963 ct
1861 1908 2075 1977 plenum

432 2028 443 2035 κ
496 2005 776 2060 dedecoris
804 2013 905 2067 est,
938 2004 1135 2058 referto
1162 2002 1453 2071 marsupio,
1483 2002 1625 2070 quod
1650 2001 1923 2057 sudarium
1948 2018 2074 2057 ora-

499 2096 743 2165 riuntque
786 2111 890 2148 nntt
924 2093 1118 2148 habeas
1140 2137 1153 2157 ,
1184 2092 1424 2163 gloriari.
1457 2092 1593 2147 Sunt
1635 2093 1723 2163 qui
1754 2094 2074 2162 pauperibus

497 2186 708 2255 paulum
737 2186 992 2251 tribuunt,
1021 2191 1081 2238 ut
1119 2184 1346 2252 amplius
1375 2184 1673 2253 accipiant;
1701 2194 1757 2238 et
1802 2185 1903 2239 sub
1933 2201 2072 2253 pra:-

496 2286 641 2332 textu
670 2276 1025 2347 clecmosyna:
1046 2285 1293 2346 (jﬂthlllll
1311 2274 1542 2339 divitias,
1574 2291 1691 2345 qum
1716 2276 1883 2345 magis
1911 2292 2073 2330 vena-

498 2369 573 2421 tio
619 2367 939 2438 appellanda
983 2377 1085 2433 cst,
1131 2383 1291 2437 quam
1344 2367 1701 2438 cleemosyna:
1747 2382 1934 2436 genus.
1986 2369 2075 2423 Sic

493 2457 678 2510 bestia:
698 2498 714 2524 ,
742 2457 820 2510 sic
855 2471 986 2511 aves
1010 2498 1024 2521 ,
1055 2457 1133 2511 sic
1159 2457 1437 2525 capiuntur
1466 2466 1518 2512 et
1549 2459 1736 2525 pisces.
1778 2457 1976 2513 Modica
2017 2459 2069 2513 in

498 2546 659 2600 hamo
692 2560 817 2601 esca
860 2546 1094 2615 ponitur,
1140 2555 1197 2601 ut
1251 2555 1613 2600 matronarum
1662 2548 1714 2600 in
1760 2564 1825 2602 eo
1874 2550 2073 2604 saeculi

495 2637 894 2704 protrahantur.
948 2638 1095 2693 Sciat
1151 2638 1471 2706 EpiscOpus,
1531 2640 1614 2691 cui
1651 2640 1941 2694 commissa
1990 2651 2073 2696 est

496 2727 772 2792 Ecclesia,
828 2744 984 2798 quem
1039 2729 1418 2797 dispensationi
1471 2744 1759 2796 pauperum
1823 2746 2071 2799 cumque

496 2820 774 2889 praeficiat.
839 2821 1043 2879 Msuus
1082 2836 1176 2875 ss'r
1218 2836 1324 2875 non
1371 2821 1566 2875 habere
1609 2821 1747 2889 quod
1799 2822 2026 2876 tribuam
2053 2864 2068 2888 ,

490 2927 648 2980 quam
681 2912 1019 2981 impudenter
1044 2921 1225 2982 petere
1250 2913 1388 2981 quod
1429 2912 1734 2966 recondam.
1766 2913 1868 2968 Sed
1899 2923 1951 2968 et
1979 2929 2071 2984 ge-

491 3018 591 3056 nus
622 3005 941 3072 arrogantia!
983 3012 1085 3067 est,
1139 3003 1541 3059 clementiorem
1590 3012 1640 3057 te
1685 3004 1820 3059 velle
1878 3005 2066 3070 videri,

493 3106 652 3159 quam
676 3091 913 3146 Pontifex
945 3092 1141 3147 Christi
1160 3102 1263 3146 est.
1291 3091 1407 3147 Non
1437 3094 1613 3146 omnia
1648 3108 1932 3162 possumus
1954 3110 2069 3148 om-

491 3198 608 3236 nes.
641 3183 793 3236 Alius
818 3185 867 3236 in
903 3184 1140 3237 Ecclesia
1167 3183 1355 3236 oculus
1384 3195 1461 3236 cst
1492 3223 1505 3245 .
1540 3183 1675 3237 alius
1706 3183 1903 3254 lingua,
1932 3184 2068 3239 alius

495 3288 704 3339 manus,
726 3273 861 3327 alius
883 3290 995 3341 pes,
1018 3275 1185 3338 auris,
1215 3284 1420 3337 venter,
1448 3284 1727 3329 etc:ctcra.
1752 3274 1891 3345 Lege
1920 3275 2066 3331 Pauli

491 3363 781 3431 I'instolam
821 3365 887 3419 ad
913 3366 1218 3420 Corinthios
1254 3385 1265 3420 :
1294 3369 1563 3435 quomodo
1590 3368 1797 3422 diversa
1828 3369 2065 3424 membra

493 3468 654 3508 unum
682 3468 877 3524 corpus
910 3455 1148 3511 cfliciunt
1177 3457 1253 3527 (l.
1286 3456 1404 3512 Cor.
1456 3460 1563 3528 li).
1600 3458 1706 3513 Nec
1729 3459 1960 3515 rusticus
1988 3468 2067 3514 ta-

489 3563 611 3602 men
633 3558 687 3603 et
715 3550 939 3620 simplex
964 3549 1125 3604 frater
1153 3551 1275 3605 ideo
1295 3565 1353 3606 se
1380 3561 1622 3605 sanctum
1654 3560 1803 3621 putet
1820 3592 1836 3616 ,
1861 3554 1906 3607 si
1934 3552 2066 3608 nihil

489 3640 698 3694 noverit
742 3658 756 3692 :
807 3656 905 3695 nec
947 3640 1147 3710 peritus
1189 3650 1246 3696 ct
1293 3641 1570 3711 eloquens,
1612 3643 1787 3712 lingua
1836 3644 2065 3700 aestimet

487 3731 841 3786 sanctitatem.
872 3732 1166 3794 Μοιτορυε
1208 3747 1398 3788 IELIUS
1441 3748 1535 3788 ssr
1565 3749 1596 3789 c
1625 3734 1833 3789 duobus
1858 3733 2060 3804 imper—

489 3822 660 3888 fectis,
707 3824 1055 3879 rusticitatem
1088 3824 1286 3880 habere
1323 3834 1584 3889 sanctam,
1614 3839 1771 3895 quam
1804 3825 2063 3896 eloquen~

489 3914 612 3967 tiam
638 3916 1010 3983 peccatricem.

557 4005 645 4060 10.
674 4004 1000 4077 Temptarunt
1029 4017 1259 4061 ornatus.
1301 4038 1372 4048 -—-
1414 4007 1561 4062 Multi
1589 4007 1856 4063 mdillcant
1899 4009 2065 4078 parie-

488 4106 587 4160 tes,
641 4104 696 4151 et
746 4098 1024 4150 columnas
1075 4098 1318 4153 ecclesiae
1371 4098 1688 4153 substruont
1744 4116 1759 4152 :
1800 4113 2063 4155 marmora

487 4188 679 4251 nitent,
716 4202 849 4240 auro
875 4187 1156 4255 splendent
1178 4189 1470 4258 laquearia,
1501 4189 1731 4258 gemmis
1759 4189 1927 4244 altare
1954 4189 2065 4244 dis-

489 4276 782 4346 tinguitur,
819 4289 872 4331 et
918 4278 1282 4333 ministrorum
1328 4279 1527 4333 Christi
1567 4278 1710 4333 nulla
1740 4280 1932 4335 electio
1957 4290 2060 4337 est.

489 4368 668 4438 Neque
682 4384 811 4433 vero
830 4370 955 4423 mihi
979 4370 1172 4439 aliquis
1191 4379 1443 4441 opponat,
1462 4369 1612 4425 dives
1633 4369 1687 4423 in
1707 4369 1891 4425 .ludzea
1913 4371 2064 4427 Tem-

490 4460 656 4528 plum,
675 4476 934 4525 mensam,
959 4459 1222 4527 lucernas,
1244 4460 1529 4527 thuribula,
1553 4459 1795 4529 patellas,
1810 4461 2060 4531 scyphos,

490 4553 821 4617 mortariola,
875 4564 929 4608 et
974 4565 1166 4608 caucra
1208 4570 1272 4609 ex
1307 4569 1439 4609 auro
1480 4551 1766 4607 fabrefacta
1800 4553 1897 4621 (3.
1937 4553 2060 4625 (leg.

488 4643 543 4697 5.
585 4653 629 4695 ct
657 4646 734 4713 t5).
765 4647 807 4699 Τ
812 4662 914 4700 unc
944 4646 1057 4701 ha'e
1083 4647 1441 4716 probabantur
1489 4660 1519 4698 a
1552 4645 1797 4709 Domino,
1848 4646 2063 4714 quando

488 4736 806 4792 Sacerdotes
840 4737 1039 4791 hostias
1083 4738 1446 4804 immolabant,
1478 4746 1533 4792 et
1558 4736 1773 4805 sanguis
1803 4736 2062 4805 pecudum

488 4839 605 4881 erat
677 4826 836 4896 265
910 4828 1203 4895 redemptio
1223 4838 1580 4897 peccatorum.
1609 4828 1920 4898 Quanquam
1952 4827 2066 4880 ha:c

488 4918 665 4969 omnia
702 4916 1075 4986 praecesserint
1105 4920 1154 4973 in
1185 4920 1349 4989 figura
1375 4937 1388 4972 :
1427 4939 1445 4970 ι
1480 4920 1691 4989 Scripta
1731 4928 1855 4973 sunt
1881 4927 2059 4973 autem

492 5016 707 5073 propter
751 5022 867 5069 nos,
910 5006 963 5059 in
990 5023 1125 5074 quos
1154 5010 1284 5063 lines
1319 5010 1634 5063 seculorum
1656 5009 1994 5064 devenerunt
2037 5027 2056 5059 ι

491 5099 567 5166 (2.
599 5098 718 5152 Cor.
760 5097 847 5152 l0.
909 5096 1020 5167 11).
1063 5096 1214 5153 Nunc
1243 5114 1369 5153 vero
1402 5114 1519 5153 cum
1562 5107 1927 5168 paupertatem
1957 5098 2061 5153 do-

490 5247 743 5311 exemplar
768 5247 982 5312 convivia
1007 5247 1130 5310 legit
1152 5263 1239 5310 pro
1262 5249 1496 5312 colloquia
1515 5285 1528 5306 ,
1555 5258 1607 5299 et
1630 5250 1756 5300 forte
1780 5253 1964 5312 verius,
1993 5254 2063 5302 sic

489 5314 619 5361 enim
634 5309 831 5375 inscribi
846 5309 1077 5360 solebant
1092 5311 1359 5373 hujusmodi
1374 5309 1579 5373 Dialogi,
1602 5319 1653 5361 et
1675 5314 1845 5362 Graece
1868 5309 2065 5375 συιιτὲυσῑα,

486 5374 885 5435 compotationes.

553 5430 626 5498 (ιὶ)
663 5434 956 5498 Rectissime
988 5433 1166 5498 Petrus
1194 5430 1525 5498 Cluniacensis
1557 5432 1687 5498 hunc
1720 5433 1881 5483 locum
1900 5449 2061 5498 (expo-

488 5493 586 5554 nit,
609 5493 741 5560 quod
767 5503 952 5560 tantum
977 5494 1291 5544 admoneatur
1313 5493 1628 5560 Nepotianus,
1652 5495 1700 5543 in
1720 5498 1844 5560 nigri
1869 5493 2062 5560 aliaque

488 5555 669 5609 coloris
693 5574 781 5609 usu
808 5558 1179 5619 fastumcavere
1200 5566 1213 5613 ;
1237 5568 1329 5619 non
1362 5562 1415 5619 ut
1446 5555 1526 5603 alii
1552 5561 1604 5604 et
1634 5555 1879 5619 praecipue
1905 5555 2054 5607 Baro-

488 5622 599 5683 nius
615 5657 629 5679 ,
655 5629 709 5671 ut
732 5622 943 5683 probent
964 5617 1179 5683 Clericos
1202 5616 1463 5683 antiquitus
1500 5616 1663 5683 neque
1697 5616 1797 5667 atra
1823 5628 1963 5668 veste
1989 5621 2059 5666 iu~

487 5678 655 5744 diuos.
699 5678 862 5744 neque
901 5680 1039 5740 alba,
1078 5678 1165 5728 sed
1206 5679 1335 5740 ejus,
1380 5679 1459 5739 qui
1501 5678 1625 5729 inter
1666 5687 1922 5742 utrumque
1965 5687 2057 5736 est,

487 5743 680 5792 coloris.

3660 347 3763 403 536

2188 458 2306 498 mus
2332 457 2440 497 sum
2468 460 2664 514 pauper
2696 447 2946 506 Dominus
2969 450 3246 518 dedicarit,
3288 467 3595 511 ωσι-[ειυς
3632 469 3757 511 cru-

2186 547 2301 587 cem
2330 534 2465 603 ejus,
2519 545 2575 591 ct
2607 536 2815 593 divitias
2846 539 3010 594 lutum
3043 544 3366 610 putabimus.
3409 545 3547 613 Quid
3591 547 3756 603 mira-

2187 639 2327 688 mur,
2356 626 2495 694 quod
2523 626 2771 685 Christus
2793 641 2949 686 vocat
2970 633 3207 704 iniquum
3236 639 3579 693 mammona?
3603 639 3757 712 (Lac.

2187 716 2301 788 16.)
2351 717 2485 784 Quid
2531 721 2850 791 suspicimus
2892 724 2986 796 (al.
3037 727 3365 799 suscipimus]
3392 739 3447 785 ct
3489 746 3754 797 amamus,

2185 807 2326 875 quod
2348 808 2535 865 l‘ctrus
2554 824 2613 866 se
2632 826 2737 865 non
2763 812 2979 881 habere,
2992 816 3223 886 gloriose
3250 821 3505 875 testatur?
3525 820 3661 895 (Act.
3678 826 3758 896 ⁸5).

2186 897 2399 967 Alioqui
2416 900 2460 953 si
2490 903 2936 960 tantnmlittcram
2959 908 3254 977 sequimur,
3279 920 3335 965 et
3361 911 3411 966 in
3443 928 3577 968 auro
3600 922 3759 985 atque

2186 987 2384 1043 divitiis
2410 991 2634 1061 simplex
2662 1009 2760 1048 nos
2793 994 3025 1051 delectat
3053 997 3269 1054 historia
3287 1042 3302 1065 ,
3333 1016 3454 1056 cum
3499 1018 3632 1059 auro
3659 1006 3759 1061 ob-

2186 1092 2461 1135 servemus
2498 1093 2553 1137 ct
2576 1091 2791 1139 cattera.
2824 1085 3027 1142 Ducant
3071 1088 3357 1146 Pontiﬁces
3384 1093 3603 1160 Christi,
3627 1110 3759 1153 uxo-

2187 1186 2273 1226 res
2289 1174 2521 1244 virgines
2543 1192 2557 1230 :
2579 1178 2825 1245 quamvis
2851 1179 3003 1235 bonae
3029 1182 3222 1238 mentis
3243 1184 3423 1253 sitqui
3450 1187 3755 1243 cicatricem

2187 1263 2453 1334 habuerit,
2482 1277 2536 1323 et
2562 1266 2821 1325 deformis
2844 1281 2947 1336 est,
2975 1274 3213 1342 privetur
3238 1274 3551 1333 Sacerdotio
3574 1295 3588 1332 :
3608 1279 3752 1350 lepra

2184 1360 2463 1427 corporis,
2512 1362 2707 1417 anima:
2760 1363 2904 1418 vitiis
2965 1364 3299 1434 praeferatur.
3349 1369 3668 1425 Creseamus
3704 1380 3760 1427 et

2185 1448 2598 1518 multiplicemur
2620 1492 2636 1518 ,
2661 1461 2713 1507 et
2732 1454 3032 1523 repleamus
3062 1464 3287 1512 terram:
3315 1459 3759 1516 necimmo'lemus

2184 1551 2397 1607 agnitio,
2427 1555 2526 1596 nec
2569 1543 2852 1613 mysticum
2900 1544 3102 1601 Pascha
3141 1547 3473 1604 celebremus
3496 1591 3511 1615 ,
3540 1549 3613 1622 (b)
3637 1552 3786 1622 quia-

2185 1627 2300 1684 lucc
2321 1630 2519 1700 absque
2538 1633 2762 1703 Temple
2806 1635 2921 1690 fieri
2960 1636 3076 1706 lege
3107 1637 3477 1707 prohibentur.
3507 1640 3757 1711 Figamus

2185 1720 2412 1788 septimo
2432 1737 2618 1779 mense
2652 1724 3072 1793 tabernaculum,
3122 1736 3180 1783 et
3207 1729 3448 1785 solemne
3493 1730 3753 1800 jejunium

2185 1809 2403 1865 buccina
2446 1826 2852 1883 concrepemus.
2879 1815 3034 1882 Quod
3062 1817 3107 1872 si
3136 1817 3251 1873 haec
3279 1821 3459 1874 omnia
3502 1822 3757 1890 spiritua-

2184 1901 2323 1956 libus
2343 1903 2637 1972 spiritualia
2657 1917 3049 1976 comparantes,
3067 1909 3404 1981 scientesque
3418 1927 3538 1967 eum
3561 1913 3756 1981 Paulo,

2184 1993 2323 2063 quod
2347 1994 2434 2049 lex
2456 1996 2750 2066 spiritualis
2774 2007 2857 2052 est
2877 1996 3055 2068 (Rom.
3083 1999 3161 2070 7),
3185 2010 3241 2056 et
3265 2001 3427 2057 David
3449 2004 3609 2059 verba
3628 2019 3757 2058 can-

2183 2084 2344 2137 tantis
2370 2082 2463 2157 [aL
2490 2086 2771 2158 cantantes]
2807 2106 2820 2141 :
2851 2104 2870 2140 α
2906 2087 3104 2144 Revela
3132 2090 3317 2146 oculos
3345 2107 3515 2159 meos,
3546 2103 3603 2148 ct
3628 2109 3757 2149 con—
3800 2090 3805 2095 ’

2181 2173 2698 2232 sidcrabomirabilia
2715 2177 2782 2233 de
2811 2178 2924 2249 lege
2949 2189 3039 2234 tua
3085 2197 3106 2233 ι
3136 2178 3254 2253 (Ps.
3286 2182 3408 2237 118.
3437 2182 3550 2254 18),
3576 2185 3653 2240 sic
3674 2185 3756 2239 iu-

2184 2264 2502 2335 telligimus,
2544 2276 2603 2322 ut
2633 2267 2888 2324 Dominus
2926 2285 3138 2341 quoque
3172 2281 3358 2328 noster
3380 2273 3661 2342 intellexit,
3702 2288 3756 2332 et

2181 2354 2556 2425 interpretatus
2590 2365 2675 2413 est
2715 2359 2994 2415 sabbatum
3024 2378 3039 2416 :
3064 2370 3156 2418 aut
3177 2377 3367 2419 aurum
3409 2366 3749 2436 repudiemus

2178 2462 2300 2501 eum
2328 2448 2538 2505 cmtcris
2562 2451 3033 2518 superstitionibus
3050 2452 3355 2510 Judzeorum
3388 2473 3403 2511 :
3431 2466 3555 2524 aut,
3586 2457 3632 2512 si
3660 2474 3753 2513 au-

2177 2554 2294 2593 rum
2326 2540 2500 2610 placet
2525 2580 2542 2606 ,
2570 2543 2815 2611 placeant
2836 2554 2893 2599 et
2918 2544 3125 2612 Iudici,
3162 2562 3300 2618 quos
3324 2563 3445 2604 cum
3482 2564 3633 2618 auro,
3663 2560 3757 2607 aut

2179 2630 2406 2698 probare
2424 2632 2579 2687 nobis
2606 2648 2827 2689 necesse
2846 2644 2951 2700 est,
2975 2646 3067 2691 aut
3086 2637 3361 2695 damnare.

2249 2723 2335 2778 11.
2366 2724 2601 2779 Convivia
2631 2727 2890 2796 fugienda.
2915 2755 2978 2769 -—-
2995 2729 3247 2785 Convivia
3275 2732 3367 2788 tibi
3393 2732 3602 2789 vitanda
3630 2745 3755 2790 sunt

2174 2815 2530 2881 smcularium,
2549 2825 2604 2871 et
2624 2818 2851 2874 maxime
2870 2834 3075 2885 eorum,
3097 2823 3187 2891 qui
3214 2823 3504 2880 honoribus
3522 2836 3747 2882 tument.

2175 2904 2352 2976 Turpe
2379 2914 2462 2962 est
2501 2914 2628 2962 ante
2668 2906 2812 2964 fores
2852 2909 3157 2966 Sacerdotis
3193 2912 3387 2968 Christi
3427 2915 3668 2971 cruciﬁxi
3697 2929 3751 2973 ct

2176 2997 2442 3065 pauperis,
2468 3005 2524 3053 et
2547 2998 2649 3068 qui.
2661 2998 2784 3054 cibo
2806 3016 3017 3071 quoque
3039 3005 3350 3058 vescebatur
3377 3005 3572 3074 alieno,
3604 3009 3756 3062 licto-

2174 3102 2259 3142 res
2284 3087 2571 3143 Consulum
2591 3131 2608 3158 ,
2638 3098 2694 3145 et
2718 3091 2911 3147 milites
2937 3094 3200 3149 excubare
3220 3136 3233 3161 ,
3261 3095 3600 3168 judicemqne
3626 3115 3752 3169 pro-

2173 3178 2361 3234 vincia:
2408 3180 2602 3237 melius
2645 3182 2786 3251 apud
2833 3192 2884 3240 te
2931 3185 3220 3253 prandere,
3251 3203 3409 3256 quam
3438 3189 3490 3243 in
3538 3191 3749 3258 palatio.

2170 3270 2326 3335 Quod
2349 3269 2396 3326 si
2420 3271 2727 3329 obtenderis
2754 3281 2805 3330 te
2833 3274 3009 3331 facere
3037 3276 3172 3343 bmc,
3198 3286 3255 3333 ut
3279 3295 3435 3349 roges
3465 3296 3563 3351 pro
3589 3284 3751 3339 mise-

2171 3364 2246 3418 ris
2271 3372 2429 3433 atque
2453 3363 2729 3434 subjectis,
2750 3364 2918 3420 June:
2950 3384 3147 3423 secum
3174 3370 3290 3439 plus
3310 3369 3515 3427 deferet
3544 3374 3757 3430 Clerico

2169 3454 2496 3521 continenti,
2525 3469 2683 3525 quam
2728 3454 2877 3511 diviti
2906 3474 2921 3511 :
2951 3467 3006 3512 et
3045 3460 3211 3529 magis
3250 3462 3580 3518 sanctitatem
3606 3472 3754 3521 tuam

2168 3543 2528 3610 venerabitur,
2542 3559 2701 3615 quam
2721 3548 2991 3617 opes..Aut
3019 3550 3064 3603 si
3087 3549 3204 3604 talis
3215 3559 3317 3615 est,
3337 3552 3424 3619 qui
3445 3567 3546 3606 non
3586 3554 3749 3625 266

2169 3635 2351 3689 audiat
2398 3634 2638 3691 Clericos
2665 3651 2765 3706 pro
2800 3638 3122 3708 quibuslibet
3152 3641 3412 3697 tribulatis
3436 3684 3451 3709 ,
3481 3642 3578 3697 nisi
3610 3644 3746 3699 inter

2168 3725 2374 3795 phialas
2401 3723 2493 3797 [al.
2532 3726 2664 3781 inter
2690 3728 2875 3783 calices
2914 3738 2960 3782 et
2996 3730 3217 3802 phialas]
3241 3773 3257 3797 ,
3295 3730 3521 3789 libenter
3552 3734 3747 3789 carebo

2169 3815 2536 3885 hujuscemodi
2574 3817 2867 3896 beneficio;
2909 3829 2965 3876 et
3001 3820 3268 3877 Christum
3316 3824 3512 3895 rogabo
3539 3840 3633 3895 pro
3655 3825 3745 3896 ju-

2168 3908 2322 3976 dice,
2361 3909 2454 3979 qui
2504 3894 2691 3981 magis°
2713 3920 2770 3966 et
2812 3910 2968 3967 citius
3014 3912 3295 3970 subvenire
3335 3894 3553 3985 potest,
3588 3894 3745 3986 quam

2166 3998 2327 4068 iudex
2359 4017 2374 4054 :
2407 4017 2428 4053 ι
2457 4000 2645 4056 Melius
2666 4002 2810 4056 enim
2830 4014 2914 4057 est
2934 4003 3208 4060 conlidere
3235 4006 3286 4060 in
3322 4006 3565 4074 Domino,
3588 4021 3745 4076 quam

2167 4087 2439 4145 conlidere
2465 4087 2521 4145 in
2565 4089 2801 4146 homine.
2832 4091 3017 4148 Melius
3042 4103 3126 4149 est
3151 4110 3368 4164 sperare
3398 4095 3450 4149 in
3483 4095 3741 4163 Domino,

2166 4191 2324 4246 quam
2350 4193 2569 4249 sperare
2592 4181 2646 4235 in
2679 4182 3001 4253 principibus
3034 4201 3054 4235 ι
3087 4183 3205 4252 (Ps.
3238 4186 3360 4241 117.
3387 4185 3442 4239 8.
3482 4185 3560 4256 9).
3601 4185 3745 4241 Nun-

2168 4284 2326 4339 quam
2357 4271 2536 4326 vinum
2578 4273 2821 4334 redoleas
2841 4314 2857 4341 ,
2904 4291 2973 4331 ne
3000 4276 3185 4333 audias
3228 4278 3356 4333 illud
3388 4278 3692 4349 Philosophi
3724 4297 3741 4333 :

2168 4360 2283 4417 Hoc
2310 4376 2417 4417 non
2446 4371 2527 4421 est
2559 4365 2798 4419 osculum
2838 4367 3110 4438 porrigam
3132 4409 3149 4436 ,
3198 4370 3293 4424 sed
3331 4370 3511 4424 vinum
3562 4371 3743 4440 prepi-

2168 4467 2319 4507 nare.
2348 4452 2661 4509 Vinolentos
2685 4456 2999 4512 Sacerdotes
3025 4468 3075 4511 et
3107 4458 3393 4528 Apostolus
3420 4460 3657 4527 damnat,
3692 4468 3748 4516 ct

2168 4552 2323 4600 vetus
2350 4543 2435 4600 lex
2456 4546 2704 4615 prohibet
2722 4546 2906 4620 (Leuit.
2933 4546 3046 4620 10).
3074 4549 3174 4616 Qui
3202 4551 3390 4604 altario
3412 4551 3743 4617 deserviunt,

2169 4635 2381 4713 vinum,
2424 4646 2479 4691 et
2517 4636 2740 4691 siceram
2780 4652 2884 4691 non
2916 4638 3118 4693 bibant.
3157 4639 3337 4695 Sicera
3368 4640 3588 4696 Hebraeo
3632 4657 3721 4695 ser

2168 4741 2327 4782 mone
2345 4721 2520 4782 omnis
2547 4729 2691 4796 potio
2716 4739 3070 4797 nuncupatur,
3098 4746 3215 4799 qua:
3243 4732 3508 4788 inebriare
3534 4742 3743 4801 potest;

2169 4817 2281 4871 sive
2336 4818 2425 4872 illa
2472 4834 2590 4887 qua:
2632 4817 2900 4874 frumento
2946 4822 3260 4889 coniicitur;
3309 4823 3421 4876 sive
3468 4837 3745 4893 pomorum

2234 4946 2303 5007 (b)
2336 4946 2527 5009 Nempe
2566 4950 2804 4998 sancitum
2846 4955 2924 5000 est
2964 4949 3236 5001 Deutcron.
3278 4953 3351 5004 16.
3376 4952 3425 5001 ϐ.
3454 4966 3518 5002 ne
3553 4953 3744 5003 Pascha

2170 5009 2330 5076 ubivis
2353 5009 2564 5076 lucetium
2588 5010 3034 5076 mactarediceret;
3058 5013 3262 5076 hucque
3286 5017 3335 5063 iu
3359 5015 3527 5076 primis
3550 5023 3746 5076 Spectat

2169 5070 2427 5136 Augustin.
2456 5069 2722 5136 Retractat_._
2745 5068 2778 5117 ι.
2809 5072 2851 5119 1.
2878 5085 2983 5133 cap.
3018 5068 3091 5122 10.
3116 5068 3391 5123 de'Judtei's
3420 5075 3556 5124 locus
3571 5068 3591 5134 ,’
3612 5076 3742 5136 quod

2177 5148 2200 5176 «
2223 5130 2349 5194 apud
2372 5137 2551 5194 gentes
2570 5130 2839 5194 sacriﬁcare
2871 5130 2966 5179 non
2997 5141 3251 5194 poterant:
3279 5138 3403 5185 sicut
3426 5149 3514 5185 eos
3537 5130 3589 5185 et
3614 5130 3743 5186 titmc

2170 5190 2395 5259 videmus
2428 5193 2535 5259 sine
2568 5190 2817 5259 sacriﬁciis
2834 5190 3162 5259 remansisse;
3200 5198 3294 5259 nisi
3331 5197 3455 5247 forte
3484 5197 3628 5259 quod
3655 5211 3745 5259 per

2169 5254 2353 5317 lfascha
2378 5250 2621 5299 immolant
2644 5263 2815 5309 ovem,
2834 5252 2921 5317 Irae
2938 5255 2990 5317 in
3007 5250 3243 5317 sacrificio
3259 5250 3542 5317 deputetur.
3559 5273 3582 5302 ν
3605 5250 3744 5305 Adde

2169 5312 2419 5362 Zenonem
2445 5321 2828 5376 nostrumserm.
2853 5314 2984 5376 7.7de
3007 5315 3192 5376 Exodo,
3219 5326 3271 5366 et
3287 5312 3438 5367 sérm.
3465 5319 3541 5367 1⁸5.
3566 5318 3631 5367 de
3657 5332 3742 5366 eo-

2169 5376 2283 5440 dem
2305 5380 2608 5440 argumento.
2635 5372 2876 5440 Priora”
2900 5372 3594 5440 l‘harisaeus'quemadmodum
3618 5377 3742 5440 legi-

2173 5393 2283 5421 umu
2305 5393 2358 5421 ar
2397 5393 2608 5420 umuuw.
2636 5393 2823 5429 l'l'lUl‘U,
2854 5393 2876 5418 tt
2900 5393 3173 5426 rnartsaeus
3226 5393 3594 5427 uentaurnouum
3619 5393 3741 5440 [egl-

2173 5444 2193 5498 t_
2197 5437 2344 5481 imum
2360 5393 2727 5498 ‘i’aschahpossit
2748 5428 3002 5498 celebrare
3023 5450 3121 5498 non
3146 5393 3305 5498 vitice,
3330 5439 3467 5498 cujus
3493 5442 3741 5496 eminens,

2171 5495 2505 5555 famosumque
2530 5491 2645 5560 illud
2682 5494 2912 5560 templum
2930 5533 2945 5553 ,
2968 5496 3245 5560 miserabili
3265 5491 3530 5560 vastatione
3560 5491 3744 5560 campis

2173 5553 2436 5617 grquatum,
2453 5566 2543 5617 suo
2565 5553 2766 5617 pulvere
2777 5553 2917 5617 jacet
2938 5556 3201 5617 sepultum.
3226 5558 3282 5606 In
3303 5559 3476 5613 altero,
3506 5576 3528 5605 ε
3551 5553 3750 5608 Judaéos

2174 5614 2446 5681 legitimum
2490 5614 2672 5681 ljascha
2713 5615 2973 5681 celebrare
2998 5614 3116 5681 non
3160 5632 3303 5681 posse
3343 5624 3510 5681 paucis
3545 5621 3743 5680 accipe,

2173 5677 2461 5726 Christiane.
2499 5675 2769 5723 Salomonis
2792 5675 3022 5735 templum
3046 5675 3207 5726 hostili
3233 5675 3501 5729 vastatione
3523 5675 3750 5729 submer-

2175 5751 2279 5785 sum
2304 5750 2412 5785 cum
2437 5739 2571 5786 ruina
2596 5749 2680 5784 sua
2700 5735 2855 5792 jaceat
2881 5736 3139 5795 sepultum,
3169 5742 3248 5788 ubi
3275 5740 3577 5790 sacriﬁcant?
3599 5753 3622 5784 It
