4146 6336
335 347 439 405 557

336 474 530 526 succo,
572 465 662 513 aut
687 469 807 511 cum
834 452 935 508 favi
974 450 1337 518 decoquuntur
1364 444 1416 498 in
1456 442 1667 499 dulcem
1707 449 1762 496 et
1782 439 1904 495 baro

336 553 516 608 haram
543 547 810 618 potionem
828 583 845 611 ,
881 548 971 598 aut
992 540 1288 611 palmarum
1311 534 1511 591 fructus
1536 532 1908 602 exprimuntur

338 645 392 698 in
420 643 703 711 liquorem,
745 635 1017 704 coctisque
1062 630 1332 701 frugibus,
1364 642 1499 697 aqua
1548 623 1791 695 pinguior
1829 619 1905 694 (a)

338 734 620 789 coloratur.
646 726 909 797 Quidquid
939 722 1190 788 inebriat,
1218 729 1274 776 et
1297 720 1491 774 statum
1534 715 1725 771 mentis
1751 726 1905 768 ever-

339 825 419 890 tit,
448 822 569 892 fuge
592 818 836 875 similiter
860 826 916 871 ut
943 815 1141 869 viuum.
1167 811 1273 866 Nec
1294 810 1397 865 hoc
1415 808 1557 875 dico,
1586 806 1726 878 quod
1755 804 1847 859 Dei
1875 817 1904 856 a

337 913 490 969 nobis
515 919 757 967 creatura
785 907 1062 962 damnetur
1092 901 1373 974 (siquidem
1414 911 1467 955 et
1511 897 1768 953 Dominus
1797 894 1903 950 vini

337 1012 549 1076 potator
575 1011 660 1058 est
680 1000 974 1072 appellatus
1014 996 1225 1066 (Matth.
1257 993 1349 1062 11)
1378 1010 1393 1046 :
1420 999 1476 1046 et
1502 988 1783 1045 Timotheo
1805 986 1903 1042 do-

338 1097 466 1153 lenti
504 1092 874 1155 stomachum,
913 1087 1122 1143 modica
1150 1086 1256 1141 vini
1299 1081 1521 1138 sorbitio
1552 1079 1784 1136 relaxata
1825 1086 1908 1132 est

336 1188 414 1259 (l.
435 1183 570 1240 Tim.
600 1183 682 1255 5),
705 1181 801 1238 sed
827 1179 1040 1236 modum
1072 1191 1168 1246 pro
1196 1175 1367 1230 aetatis
1389 1214 1404 1237 ,
1434 1181 1487 1227 et
1514 1169 1830 1225 valetudinis
1854 1174 1908 1222 et

337 1255 619 1345 corporum
663 1270 914 1341 qualitate
958 1266 1219 1337 exigimus
1262 1264 1315 1318 in
1363 1259 1611 1331 potando.
1666 1255 1819 1325 Quod
1861 1256 1906 1311 si

336 1367 537 1436 absque
561 1362 682 1418 vino
721 1359 884 1415 ardeo
906 1355 1282 1420 adolescentia,
1310 1362 1363 1407 et
1396 1350 1693 1405 inﬂammor
1729 1345 1907 1400 calore

318 1441 642 1525 sanguinis,
672 1461 726 1509 et
762 1450 1073 1508 succulenta
1106 1445 1383 1514 validoque
1421 1457 1537 1496 sum
1568 1453 1812 1509 corpore,
1843 1438 1906 1492 li-

338 1547 524 1602 benter
565 1544 759 1600 carebo
795 1540 1023 1612 poculo,
1052 1538 1105 1591 in
1146 1550 1251 1606 quo
1295 1531 1525 1601 suspicio
1567 1528 1756 1583 veneni
1802 1535 1903 1582 est.

339 1636 564 1693 Pulchre
588 1634 784 1690 dicitur
804 1629 942 1701 apud
980 1628 1213 1691 Graecos,
1244 1632 1297 1680 et
1337 1621 1518 1677 nescio
1544 1634 1610 1673 an
1642 1617 1781 1687 apud
1811 1630 1908 1671 nos

338 1743 487 1798 aeque
515 1734 730 1782 resonet
758 1742 773 1782 :
802 1721 1018 1793 Pinguis
1043 1729 1245 1785 venter,
1272 1730 1380 1772 non
1403 1715 1567 1787 gignit
1588 1711 1661 1785 (b)
1692 1726 1906 1767 sensum

338 1829 570 1873 tenuem.

409 1910 498 1966 12.
542 1909 730 1962 Modus
755 1907 809 1960 in
835 1905 1072 1975 jejuniis.
1103 1902 1419 1956 ——Tantum
1452 1896 1543 1952 tibi
1582 1894 1908 1965 jejuniorum

339 2001 551 2057 modum
581 2001 815 2067 impone,
841 2005 1096 2067 quantum
1127 1993 1264 2049 ferre
1289 1998 1460 2061 potes.
1487 1988 1605 2044 Sint
1632 1987 1725 2041 tibi
1753 2000 1905 2054 pura,

338 2101 504 2156 casta,
526 2088 804 2158 simplicia,
830 2085 1101 2141 moderata
1118 2124 1135 2150 ,
1158 2091 1214 2138 ct
1242 2096 1345 2136 non
1385 2076 1746 2149 superstitiosa
1766 2074 1910 2145 jeju-

338 2182 444 2237 nia.
474 2180 610 2248 Quid
639 2178 857 2248 prodest
882 2178 1003 2232 oleo
1032 2190 1139 2229 non
1169 2173 1332 2237 vesci,
1363 2178 1419 2223 et
1446 2167 1716 2223 molestias
1746 2179 1910 2235 quas-

337 2271 457 2326 dam
486 2268 928 2335 difﬁcultatesque
956 2264 1197 2319 ciborum
1239 2273 1482 2329 quaerere
1501 2297 1515 2323 ,
1542 2268 1760 2325 carycas
1783 2295 1798 2316 ,
1826 2253 1911 2322 pi-

338 2378 453 2432 per,
485 2376 647 2417 nuces
665 2400 681 2425 ,
712 2359 1003 2429 palmarum
1030 2354 1234 2408 fructus
1254 2393 1268 2414 ,
1300 2349 1528 2405 similam
1553 2388 1568 2414 ,
1592 2345 1715 2410 mel,
1745 2344 1911 2413 pista-

336 2453 452 2510 cia?
487 2453 621 2509 Tota
650 2451 928 2505 hortorum
965 2447 1169 2501 cultura
1198 2449 1418 2497 vexatur
1441 2480 1456 2502 ,
1483 2447 1543 2493 ut
1574 2437 1776 2492 cibario
1804 2449 1909 2490 non

334 2559 616 2602 vescamur
643 2556 780 2612 pane
808 2538 902 2612 (c),
922 2546 976 2592 et
999 2537 1126 2592 dum
1151 2534 1370 2590 delicias
1399 2538 1720 2595 sectamura,
1745 2541 1912 2598 regno

334 2636 598 2691 oculorum
641 2629 982 2686 retrahimur.
1013 2624 1186 2681 Audio
1223 2632 1478 2693 prmtcrea
1502 2618 1755 2691 quosdam
1784 2632 1914 2672 con-

333 2736 418 2779 tra
451 2737 629 2779 rerum
665 2721 1047 2787 hominumque
1072 2724 1332 2780 naturam,
1361 2725 1549 2782 aquam
1575 2724 1679 2765 non
1754 2708 1911 2779 267

335 2815 544 2878 bibere,
559 2826 660 2868 nec
685 2809 831 2866 vesci
848 2822 984 2879 pane
1003 2823 1019 2873 ;
1037 2805 1131 2860 sed
1147 2801 1559 2859 sorbitiunculas
1580 2797 1835 2854 delicatas
1857 2803 1912 2851 et

336 2903 566 2960 contrita
591 2900 738 2956 olera
757 2940 772 2965 ,
811 2898 1161 2966 betarumque
1188 2907 1404 2950 succum
1425 2931 1442 2957 ,
1471 2903 1579 2945 non
1607 2888 1773 2943 calice
1797 2901 1914 2941 sor-

336 2996 493 3060 bere,
552 2991 650 3048 sed
697 2989 921 3046 concha.
967 2986 1107 3043 Proh
1155 2984 1359 3056 pudor,
1403 2996 1510 3037 non
1549 2978 1912 3036 erubescimus

337 3082 631 3139 istiusmodi
652 3079 899 3150 ineptiis;
929 3092 1028 3132 nec
1049 3075 1207 3130 taedet
1233 3070 1661 3143 superstitionis!
1694 3067 1913 3137 insuper

338 3177 494 3232 etiam
521 3174 714 3230 famam
739 3169 1073 3226 abstinentia:
1110 3167 1163 3221 in
1207 3164 1414 3220 deliciis
1441 3160 1744 3234 quaerimus.
1774 3156 1912 3212 Fon-

338 3281 577 3323 TISSIIUI
619 3262 882 3335 jejunium
909 3266 991 3315 est
1032 3272 1167 3328 aqua
1194 3263 1248 3312 et
1278 3253 1449 3325 panis.
1495 3250 1600 3307 Sed
1631 3248 1751 3320 quia
1792 3246 1909 3318 glo-

339 3360 470 3416 riam
508 3372 615 3412 non
660 3354 856 3420 habet,
903 3360 957 3407 et
984 3363 1170 3406 omnes
1208 3361 1342 3418 pane
1384 3351 1440 3400 et
1481 3357 1616 3413 aqua
1661 3341 1908 3407 vivimus,

341 3450 486 3521 quasi
529 3445 797 3518 publicum
834 3451 888 3498 et
931 3453 1213 3497 commune
1249 3435 1511 3507 jejunium
1544 3447 1649 3487 non
1680 3438 1908 3502 putatur.

409 3542 498 3597 15.
531 3537 708 3593 Gloria
743 3532 984 3590 cavenda.
1025 3530 1203 3587 Cultus
1249 3525 1641 3599 superstitiosus.
1671 3553 1743 3563 —
1770 3521 1912 3576 Cave

343 3649 407 3689 ne
436 3630 709 3687 hominum
745 3622 1080 3681 rumusculos
1108 3619 1387 3687 aucuperis
1418 3634 1431 3670 :
1463 3630 1533 3670 ne
1576 3615 1627 3669 in
1653 3612 1909 3668 oil‘eusatn

342 3724 433 3780 Dei
457 3764 472 3789 ,
513 3720 824 3793 populorum
851 3712 1061 3771 laudem
1088 3719 1403 3768 commutes.
1433 3708 1495 3763 Si
1522 3708 1710 3773 adhuc,
1743 3705 1912 3775 inquit

342 3814 644 3884 Apostolus,
675 3808 956 3864 hominibus
982 3806 1230 3875 placerem
1249 3844 1265 3868 ,
1298 3799 1484 3856 Christi
1512 3814 1681 3852 servus
1707 3815 1807 3850 non
1834 3813 1912 3849 es-

340 3923 440 3961 sem
471 3903 666 3976 (Colat.
695 3902 747 3955 1.
777 3900 892 3970 10).
924 3896 1086 3952 Desiit
1111 3893 1328 3964 placere
1354 3888 1682 3954 hominibus,
1711 3897 1764 3942 et
1793 3902 1909 3940 scr-

342 4010 439 4061 vus
460 3994 628 4048 factus
653 3999 735 4048 est
753 3987 972 4044 Christi.
1004 3986 1105 4039 Per
1126 3983 1325 4037 bonam
1349 3979 1539 4033 famam
1561 3988 1613 4032 et
1642 3977 1855 4038 malam,
1881 3991 1910 4028 a

339 4084 536 4141 dextris
561 4089 616 4139 et
638 4097 668 4136 a
689 4079 920 4136 sinistris
943 4074 1137 4132 Christi
1153 4073 1311 4127 miles
1330 4068 1569 4141 graditur
1593 4084 1605 4120 :
1631 4082 1728 4121 nec
1756 4063 1912 4119 laude

338 4173 639 4237 extollitur,
669 4184 771 4225 nec
804 4165 1187 4237 vituperatione
1230 4159 1492 4230 frangitur
1521 4176 1535 4212 :
1568 4173 1674 4212 nun
1714 4154 1913 4210 divitiis

340 4273 540 4329 tumet,
576 4278 682 4317 non
728 4258 1057 4316 contrahitur
1094 4260 1425 4326 paupertate,
1453 4258 1511 4306 et
1554 4250 1673 4304 lazta
1724 4256 1910 4303 conte-

338 4355 491 4420 mnit,
512 4361 566 4410 et
586 4352 772 4408 tristia.
791 4350 894 4406 Per
913 4349 1052 4404 diem
1076 4347 1155 4402 sol
1178 4360 1284 4400 non
1317 4333 1421 4397 urit
1446 4355 1769 4410 cum,neque
1790 4340 1912 4393 luna

339 4462 434 4516 per
474 4455 686 4502 noctem
727 4442 845 4515 (Ps.
890 4440 1013 4496 120.
1058 4440 1140 4510 6).
1186 4435 1323 4492 Nolo
1353 4445 1404 4490 te
1442 4448 1599 4489 orare
1625 4433 1677 4486 in
1705 4430 1914 4501 angulis

339 4536 666 4611 platearum,
696 4548 766 4589 ne
807 4540 1011 4588 rectum
1063 4530 1164 4584 iter
1210 4540 1427 4597 precum
1457 4534 1664 4580 tuarum
1709 4521 1914 4592 frangat

340 4644 465 4684 aura
494 4626 784 4698 popularis.
824 4623 959 4679 Nolo
985 4631 1036 4677 te
1054 4621 1277 4676 dilatare
1306 4618 1541 4672 ﬁmbrias
1560 4658 1575 4684 ,
1605 4624 1659 4669 ct
1682 4614 1912 4670 ostentui

342 4719 539 4775 habere
564 4715 922 4789 phylacteria,
952 4720 1008 4768 et
1040 4704 1359 4766 conscientia
1391 4714 1750 4777 repugnante,
1779 4704 1913 4774 pha-

341 4812 529 4867 risaica
552 4808 841 4866 ambitione
863 4802 1183 4862 circumdari
1222 4801 1320 4874 (ιι).
1350 4800 1558 4868 Quanto
1587 4798 1776 4853 melius
1802 4806 1915 4852 erat

400 4963 473 5027 (a)
505 4962 658 5027 Nobis
675 4958 943 5027 legendum
964 4956 1156 5027 videtur
1171 4954 1376 5027 colatur,
1394 4965 1483 5016 pro
1504 4952 1765 5027 celeratur,

339 5013 525 5075 habent
546 5025 658 5074 libri
680 5013 872 5072 omnes.
896 5018 1034 5079 Quod
1060 5031 1181 5068 vero
1205 5013 1462 5079 barbaram
1488 5016 1733 5079 potionem
1764 5013 1908 5070 dicit,

343 5074 500 5149 eaque
514 5074 844 5149 barbararum
852 5074 1080 5149 gentium
1103 5075 1424 5149 intelligenda
1538 5074 1792 5149 hmasime
1825 5085 1907 5149 se:

341 5134 777 5207 premi-tomum,
803 5134 889 5193 alii
919 5153 1139 5191 amaram
1161 5134 1329 5192 volunt
1357 5137 1505 5188 scribi
1537 5136 1798 5194 debuisse,
1821 5134 1912 5183 sed

342 5220 667 5330 l;‘Tlri‘ter
690 5272 894 5317 tuentem
910 5262 1031 5327 ;sed
1056 5269 1109 5313 et
1128 5262 1351 5313 senarius
1372 5259 1501 5324 apud
1522 5258 1719 5310 Graecos
1739 5269 1914 5308 versus

341 5328 488 5394 ιιῖιβεὲι
506 5347 639 5394 ξειιιιῖα
658 5342 796 5394 τασεήρ
816 5339 1010 5394 λιπῖδϊρῖε
1030 5338 1144 5377 τίκτει
1162 5336 1261 5394 ‘3‘”-

403 5390 471 5460 (ς)
645 5379 691 5440 e't
719 5379 841 5460 dum
864 5385 1063 5460 delicias
1083 5391 1345 5460 sectentur,
1364 5395 1396 5454 ᾳ
1417 5394 1567 5460 ζςρηρ
1586 5379 1816 5460 calorum
1838 5392 1915 5431 re-

343 5443 580 5501 tra'himur
602 5452 699 5501 duo
719 5450 837 5498 Mss.
860 5461 959 5497 non
981 5448 1179 5496 habent.
1201 5443 1354 5493 Paulo
1376 5443 1498 5493 infra
1526 5450 1748 5493 Betarum
1772 5453 1913 5493 voca-

343 5512 455 5561 bulo
478 5513 732 5561 conﬁctum
755 5509 891 5561 aliud
912 5517 1178 5557 Baccarum
1196 5506 1449 5555 substituit
1467 5505 1730 5556 Victorius.

410 5572 476 5635 (tt)
514 5581 631 5623 't‘ota
646 5573 752 5635 [nec
769 5570 1003 5635 perieope
1023 5568 1199 5635 decem
1215 5565 1323 5635 fere
1346 5579 1593 5625 versuum,
1614 5568 1676 5616 ab
1692 5566 1915 5635 hincsci:

346 5628 647 5701 luctusque.
662 5630 744 5701 t’is
766 5628 919 5687 scire,
942 5628 995 5678 ἐἰ
1022 5629 1152 5701 quod
1176 5628 1415 5701 sentimus
1433 5664 1464 5701 ,_
1487 5636 1657 5689 aperte
1697 5628 1912 5691 proﬁteri

347 5695 482 5753 licet,
508 5687 591 5744 aut
612 5695 961 5754 hieronymutn
984 5687 1241 5754 auctorem
1264 5700 1373 5754 nou
1392 5687 1540 5754 habet
1562 5726 1573 5747 ,
1600 5698 1683 5737 aut
1700 5687 1911 5736 'uitnium

341 5749 599 5816 depravata
625 5762 726 5811 est,
756 5749 902 5815 atipte
929 5753 1117 5801 inversa
1145 5764 1168 5798 ιι
1194 5749 1417 5798 librariis.
1450 5749 1562 5798 liam
1586 5759 1722 5799 certe
1759 5751 1798 5797 si
1822 5752 1909 5797 de-

1728 322 2055 409 EPISTULA
2095 322 2200 378 Lit.

3479 328 3587 387 558

2012 438 2126 493 haec
2156 451 2259 491 non
2290 438 2340 491 in
2371 453 2579 508 corpore
2600 478 2613 503 ,
2650 440 2736 492 sed
2781 441 2831 493 in
2870 441 3020 495 corde
3043 449 3274 512 gestare;
3315 447 3369 495 et
3412 439 3580 495 Deum

2011 528 2207 582 habere
2237 526 2521 594 fautorem,
2553 542 2659 582 non
2686 538 2933 597 aspectus
2961 529 3275 585 hominum?
3298 528 3428 585 inde
3452 544 3558 599 pen

2009 618 2098 673 det
2117 618 2462 689 Evangelium
2488 617 2612 673 inde
2644 616 2751 673 Lex
2780 626 2834 673 et
2864 618 3181 689 Prophetas;
3213 619 3325 676 sive
3350 633 3500 675 saera
3532 626 3585 673 et

2009 709 2313 781 Apostolica
2337 709 2599 765 doctrina.
2648 727 2667 761 ι
2693 708 2880 766 Melius
2905 720 2988 766 est
3016 712 3157 765 enim
3182 710 3299 765 haec
3322 709 3500 765 omnia
3532 696 3584 761 in

2011 810 2190 855 mente
2233 809 2446 870 portare
2473 841 2488 869 ,
2515 815 2674 871 quam
2710 799 2761 855 in
2803 814 3044 869 corpore.
3080 820 3100 853 ι
3132 800 3331 855 Fidelis
3372 814 3583 855 mecum
3630 801 3638 807 '

2008 889 2202 946 Lector
2230 891 2483 962 intelligis
2510 889 2636 961 quid
2666 900 2868 946 taceam
2889 933 2903 957 ,
2934 889 3138 961 etquid
3164 891 3331 962 magis
3359 890 3584 946 tacendo

2010 981 2216 1052 loquar.
2243 980 2345 1037 Tot
2367 990 2417 1036 te
2442 983 2661 1053 rcgulm,
2684 990 2812 1051 quot
2833 982 3037 1052 species
3062 980 3348 1052 gloriarum
3373 996 3584 1051 percur-

2009 1081 2149 1128 rant.
2173 1073 2266 1128 Vis
2301 1074 2438 1128 scire
2463 1073 2644 1143 quales
2676 1072 2930 1128 Dominus
2956 1080 3160 1143 qumrat
3186 1072 3445 1127 ornatus?
3477 1073 3584 1127 lla-

2007 1164 2132 1220 beto
2160 1164 2516 1234 prudentiam,
2535 1165 2827 1236 justitiam,
2856 1164 3260 1234 temperantiam
3281 1205 3297 1231 ,
3323 1163 3580 1218 fortitudi-

2009 1272 2152 1311 nem.
2176 1256 2271 1314 ilis
2290 1256 2415 1312 (εωΙί
2442 1257 2610 1328 plagis
2640 1257 2937 1322 includere,
2972 1256 3085 1310 haec
3125 1264 3176 1310 te
3200 1252 3581 1326 quadrigajal.

2009 1348 2222 1403 additur
2242 1349 2294 1402 in
2318 1346 2535 1420 altum],
2570 1347 2714 1403 velut
2739 1348 2975 1416 aurigam
3014 1346 3249 1413 Christi,
3289 1345 3356 1400 ad
3387 1354 3585 1400 metam

2008 1439 2273 1494 concitum
2297 1436 2392 1510 [aL
2419 1436 2636 1510 concita]
2665 1437 2821 1495 ferat.
2855 1437 2992 1490 Nihil
3031 1436 3133 1491 hoc
3174 1436 3357 1490 monili
3392 1435 3587 1503 pretio.

2009 1528 2151 1596 sius,
2198 1527 2329 1583 nihil
2372 1528 2471 1584 hac
2506 1543 2836 1599 gemmarum
2868 1528 3120 1583 varietate
3156 1528 3477 1583 distinctius.
3504 1527 3586 1581 Ex

2009 1619 2156 1675 omni
2184 1627 2335 1689 parte
2363 1619 2666 1687 decoraris,
2695 1620 2957 1689 cingeris,
2988 1630 3148 1690 atque
3177 1620 3501 1691 protegeris,
3531 1628 3587 1674 et

2010 1716 2326 1765 ornamento
2370 1708 2464 1764 tibi
2517 1716 2642 1763 sunt
2714 1709 2874 1779 2%
2946 1717 2999 1762 et
3048 1709 3331 1775 tutamini,
3361 1723 3586 1776 gemmae

2010 1807 2290 1855 vertuntur
2317 1799 2369 1854 itt
2391 1808 2560 1853 scuta.
3330 1784 3341 1791 ’

2082 1893 2169 1947 id.
2197 1889 2589 1945 Obtrectationes
2616 1891 2865 1944 cavendw.
2893 1920 2958 1928 —-
2981 1890 3119 1944 Cave
3138 1903 3371 1960 quoque,
3402 1903 3471 1943 ne
3496 1897 3588 1942 aut

2011 1984 2240 2053 linguam
2266 1990 2358 2037 aut
2395 1995 2552 2036 aures
2578 1980 2772 2036 habeas
2802 1982 3134 2050 prurientes,
3164 1979 3217 2033 id
3247 1987 3363 2043 est,
3404 1994 3473 2033 ne
3497 1989 3587 2033 aut

2011 2076 2127 2144 ipse
2173 2074 2293 2128 aliis
2334 2072 2622 2138 detrahas,
2672 2080 2767 2127 aut
2813 2072 2947 2126 alios
2995 2072 3180 2126 audias
3222 2070 3584 2125 detrahentes.

2019 2186 2038 2219 ‹
2065 2167 2292 2233 Sedens,
2323 2165 2525 2235 inquit,
2554 2164 2810 2220 adversus
2839 2162 3059 2218 fratrem
3089 2173 3236 2220 tuum
3262 2145 3585 2234 loquebaris,

2011 2267 2067 2315 et
2107 2258 2363 2315 adversus
2406 2256 2574 2311 ﬁlium
2606 2256 2789 2311 matris
2819 2264 2921 2310 tute
2967 2256 3201 2325 ponebas
3227 2253 3535 2311 scandalqu
3572 2271 3586 2305 :

2013 2353 2129 2407 hzec
2157 2349 2327 2405 fecisti
2359 2358 2415 2404 et
2440 2349 2601 2405 tacui.
2634 2347 2965 2404 Existimasti
2993 2347 3193 2416 inique,
3223 2345 3366 2416 quod
3395 2359 3490 2400 cro
3516 2347 3587 2398 tui

2012 2441 2202 2497 similis
2231 2459 2243 2495 :
2275 2454 2463 2509 aguam
2508 2447 2560 2494 te
2589 2447 2642 2495 et
2669 2446 2898 2494 statuam
2939 2446 3125 2513 contra
3167 2436 3356 2491 faciem
3387 2444 3528 2490 tuam
3565 2455 3584 2488 ι

2019 2531 2139 2603 (Ps.
2176 2531 2261 2587 49.
2308 2530 2399 2585 20.
2440 2529 2555 2599 2i).
2599 2529 2677 2600 (ιι)
2712 2529 2878 2584 Parce
2922 2544 2952 2583 a
3000 2528 3329 2583 detractione
3366 2526 3580 2595 linguae,

2013 2621 2217 2677 custodi
2250 2634 2527 2676 sermones
2553 2628 2696 2685 tuos,
2725 2627 2781 2674 et
2805 2619 2941 2674 scito
2961 2619 3081 2689 quia
3110 2633 3209 2687 per
3229 2626 3441 2684 cuncta,
3471 2633 3590 2684 quae

2011 2712 2081 2768 de
2118 2713 2237 2767 aliis
2262 2711 2531 2779 loqueris,
2563 2720 2652 2764 tua
2696 2711 2960 2765 sententia
2995 2709 3286 2779 judicaris,
3333 2719 3388 2764 et
3424 2707 3477 2761 in
3510 2706 3592 2761 his

2012 2802 2128 2870 ipse
2171 2799 2589 2869 deprehenderis
2610 2841 2626 2868 ,
2673 2815 2793 2871 quae
2817 2800 2869 2855 in
2899 2799 3018 2854 aliis
3045 2799 3327 2871 arguebas.
3365 2817 3384 2850 ι
3411 2796 3595 2866 Neque

2011 2906 2141 2947 vero
2170 2890 2256 2944 illa
2283 2890 2425 2960 justa
2452 2898 2534 2946 est
2558 2889 2856 2957 excusatio,
2888 2888 3273 2944 Referentibus
3300 2886 3421 2943 aliis
3450 2885 3593 2955 inju-

2012 2984 2147 3039 riam
2187 2982 2362 3037 facere
2390 2996 2496 3036 non
2525 2995 2764 3053 possum.
2800 3000 2819 3034 ι
2853 2980 3023 3035 Nemo
3060 2980 3228 3057 invito
3255 2976 3486 3033 auditori
3529 2976 3593 3030 li-

2012 3073 2203 3129 benter
2246 3071 2431 3127 refert.
2465 3072 2664 3141 Sagitta
2693 3071 2745 3126 in
2777 3070 3007 3142 lapidem
3056 3085 3328 3141 mnquam
3384 3070 3593 3140 ﬁgitur,

2012 3165 2277 3222 interdum
2322 3165 2569 3220 resiliens
2614 3164 2843 3234 percutit
2885 3163 3227 3233 dirigentem.
3276 3162 3457 3219 Discat
3500 3162 3597 3218 de-

2013 3267 2232 3322 tractor,
2260 3256 2386 3311 dum
2419 3265 2471 3312 te
2496 3256 2642 3332 videt
2670 3271 2776 3311 non
2803 3255 3031 3311 libenter
3067 3256 3277 3325 audire,
3303 3274 3410 3314 non
3441 3257 3595 3314 facile

2013 3350 2299 3407 detrahere
2330 3365 2345 3402 :
2397 3367 2415 3400 ι
2449 3348 2582 3403 Cum
2612 3347 3002 3402 detractoribus
3028 3388 3042 3410 ,
3089 3348 3165 3402 ait
3201 3346 3453 3404 Salomon
3479 3392 3493 3415 ,
3529 3366 3594 3406 ne

2011 3443 2289 3500 miscearis
2309 3482 2325 3508 ,
2354 3441 2606 3511 quoniam
2649 3448 2871 3509 repente
2901 3438 3081 3494 veniet
3108 3440 3338 3509 perditio
3364 3457 3551 3496 eorum
3575 3485 3590 3509 ,

2012 3546 2068 3594 et
2091 3537 2298 3592 ruinam
2326 3535 2600 3602 utriusque
2627 3531 2748 3602 quis
2776 3530 2961 3585 novit?
2997 3549 3016 3582 ι
3053 3528 3232 3600 (Prov.
3258 3531 3348 3586 24.
3375 3531 3465 3587 21.
3496 3531 3591 3602 ‘22)

2014 3637 2122 3683 tam
2153 3626 2403 3681 videlicet
2430 3624 2544 3693 ejus
2582 3622 2672 3692 qui
2700 3620 2971 3688 detrahit,
2999 3636 3161 3691 quam
3201 3621 3343 3678 illius
3370 3623 3461 3692 qui
3490 3637 3587 3676 au-

2013 3734 2125 3778 rem
2153 3715 2517 3771 accommodat
2538 3712 2862 3768 detrahenti.

2085 3808 2173 3862 l5.
2205 3807 2475 3861 Silentium
2501 3813 2548 3858 et
2573 3812 2838 3857 secretum.
2866 3831 2937 3841 —
2961 3800 3131 3856 Ofﬁcii
3162 3802 3235 3855 tui
3265 3811 3349 3856 est
3377 3802 3591 3859 visitare

2014 3900 2360 3970 languentes,
2410 3910 2570 3950 nosse
2611 3895 2800 3949 domos
2845 3904 3207 3948 matronarum
3235 3934 3250 3960 ,
3299 3908 3364 3947 ac
3392 3893 3591 3948 liberos

2012 4008 2219 4058 carum,
2241 3999 2294 4045 et
2320 3988 2576 4043 nobilium
2604 3987 2841 4040 virorum
2866 3984 3137 4039 custodire
3165 3992 3392 4039 secreta.
3418 3983 3590 4038 Ofiicii

2015 4087 2088 4140 tui
2113 4085 2203 4151 sit,
2236 4098 2343 4137 non
2375 4080 2547 4136 solum
2576 4078 2761 4134 oculos
2786 4086 2965 4132 castos
2995 4091 3235 4140 servare,
3280 4075 3374 4131 sed
3401 4084 3456 4131 et
3485 4075 3588 4128 lin-

2012 4193 2191 4250 guam.
2222 4175 2498 4245 Nunquam
2526 4171 2593 4228 de
2631 4170 2817 4226 formis
2858 4169 3142 4224 mulierum
3187 4167 3459 4238 disputes,
3492 4181 3590 4222 nec

2015 4456 2143 4516 leas,
2168 4458 2352 4516 optime
2375 4457 2637 4503 contextus
2659 4450 2872 4516 ﬁuet;_s_i
2893 4448 3159 4516 retineas,
3174 4448 3388 4508 implexa
3425 4446 3585 4516 omnia

2013 4508 2156 4577 sunt',
2179 4508 2512 4578 abruptusque
2533 4524 2728 4578 sensus.
2754 4508 2825 4578 Ad
2850 4510 2955 4558 haec
2987 4508 3169 4578 distant
3199 4520 3345 4578 quam
3377 4508 3591 4578 maxime

2016 4566 2069 4629 et
2090 4566 2286 4636 verbis,
2304 4566 2367 4626 'et
2390 4566 2529 4625 serie
2553 4572 2895 4636 editi__aMss.,
2922 4579 3070 4636 atque
3094 4569 3173 4636 isti
3198 4566 3331 4636 inter
3358 4580 3415 4617 se
3453 4566 3586 4636 quod

2015 4627 2223 4690 alterum
2256 4627 2568 4699 glossematis
2606 4633 2836 4699 indicium
2872 4627 2966 4699 est:
2991 4627 3169 4699 'Verba
3196 4645 3233 4699 ε
3248 4627 3367 4699 lude
3406 4627 3592 4699 pendet

2015 4689 2362 4763 Evangelium,
2378 4697 2503 4763 inde
2526 4695 2635 4763 Lex,
2659 4692 2907 4763 (hlartian:
2924 4691 3093 4763 Crux)
3123 4697 3176 4739 et
3196 4690 3480 4763 PrOpbette.
3508 4689 3586 4763 Fi-

2014 4750 2361 4825 delis‘fnecum'
2378 4759 2552 4825 Lector
2573 4750 2808 4825 intelligis
2822 4753 2937 4825 quid
2955 4750 3160 4825 taceam,
3183 4758 3234 4800 et
3388 4752 3594 4825 tacendo

2017 4823 2204 4880 loquar.
2229 4822 2325 4870 'l‘ot
2352 4818 2541 4880 regulae
2562 4823 2681 4879 quot
2710 4811 2908 4880 species
2930 4813 3225 4880 gloriarum_,_
3249 4811 3283 4857 »“
3303 4813 3395 4862 hoe
3412 4811 3593 4880 ordine

2016 4872 2066 4934 in
2085 4872 2202 4934 Mss.
2237 4872 2655 4944 praeferﬁnturiet
2676 4872 2872 4944 statim,
3111 4872 3283 4944 melius
3314 4879 3418 4944 erat
3439 4913 3451 4931 ,
3492 4881 3591 4944 etc.

2018 4947 2110 5004 Qui
2132 4934 2254 4993 ordo
2270 4944 2363 4991 etsi
2386 4948 2717 5003 praeposterus
2739 4934 3154 5004 aliiseditoribus
3178 4937 3312 4985 visus
3347 4936 3441 4994 sit,
3466 4934 3588 4983 anti-

2016 5002 2156 5069 quior
2181 5012 2343 5054 tamen
2368 5002 2471 5069 est,
2498 5002 2871 5069 et_concinni_or,
2898 5011 3113 5069 eumque
3145 5002 3333 5069 tantum
3375 5010 3471 5045 non
3505 5008 3584 5043 se-

2017 5056 2229 5127 quimur,
2246 5065 2380 5127 quod
2402 5056 2532 5113 totus
2554 5062 2689 5112 locus
2712 5056 2866 5127 satius
2881 5056 3100 5127 videatur
3132 5072 3226 5127 una
3247 5056 3386 5127 litura
3411 5070 3580 5105 emcn-

2017 5084 2031 5116 (
2054 5084 2229 5125 mmur,
2254 5084 2380 5127 quuu
2404 5084 2532 5113 totus
2554 5084 2689 5112 lucus
2712 5084 2862 5113 SHUUS
2882 5084 3100 5110 “uultur
3133 5084 3226 5106 Ulld
3247 5084 3386 5107 "cura
3411 5084 3580 5105 υιιιυιι-

2017 5084 2219 5178 dandus.
2233 5126 2472 5179 Caeterum
2485 5126 2632 5174 etiam
2649 5123 2935 5187 quihusdam
2953 5119 3405 5187 interpolatiouitms
3417 5125 3590 5187 scatet,

2018 5176 2261 5241 utverbisv
2284 5188 2393 5249 isive
2428 5199 2598 5246 sacra.
2622 5176 2958 5249 είιιροδιοιίεα
2980 5176 3203 5231 dom-"ina
3224 5218 3237 5249 ’-
3262 5176 3524 5249 fn-vowns
3546 5183 3591 5249 φ

2018 5248 2354 5324 amereguiaz,
2377 5256 2429 5324 et
2446 5240 2680 5324 ranarum
2700 5240 3005 5311 percurrent,
3028 5256 3138 5305 quae
3160 5242 3275 5305 quid
3295 5240 3590 5302 signiﬁcent,

2018 5311 2331 5363 omnino—non
2352 5311 2513 5361 video.

2081 5373 2160 5435 (ἀ)
2195 5373 2422 5436 Sequens
2442 5372 2514 5421 int

2017 5436 2144 5498 legit
2180 5448 2244 5484 ex
2286 5445 2492 5498 persona

2020 5479 2557 5561 ὶῖιᾜὲωίᾶιιῖἑῖιῖξίᾖίξ
2565 5479 2622 5545 es
2643 5479 2867 5561 locutust
2877 5479 2934 5541 ut
2952 5496 3037 5561 tua
3059 5485 3309 5561 sententia
3335 5479 3585 5561 juc‘ljcﬁris,

2019 5538 2081 5609 ἱιῖ
2095 5538 3031 5621 e'éiiféiién'gué','ﬁh5'ia’suis
3050 5546 3310 5621 arguebas.
3336 5538 3360 5586 ἱ
3390 5538 3589 5621 βθ]ξ(1υί

2019 5605 2305 5680 Εεξῗιιιὶιῖ,
2325 5605 2448 5682 quos
2464 5605 2941 5682 rsequitnuirfuia’gno
2964 5605 3168 5682 uenturo
3192 5605 3243 5682 illi
3256 5605 3374 5682 mbae“
3384 5607 3585 5682 tantum

2021 5664 2140 5733 36E:
2163 5664 2739 5741 scit-ten‘tiana‘adtlgatis'
2772 5664 3028 5728 dili’erunt,
3075 5667 3157 5727 qui
3200 5664 3431 5724 legebant
3474 5672 3583 5710 cou-

2022 5743 2233 5797 scientia.

2639 5384 2687 5420 m
2712 5383 2899 5420 comma
2931 5366 3080 5427 longe
3104 5364 3247 5413 aliter
3272 5360 3587 5427 Cisterciens.

2575 5435 2621 5482 ei
2646 5447 2658 5482 :
2689 5450 2713 5479 α
2731 5425 3037 5482 Subaudiam
3066 5437 3323 5477 sermones
3362 5429 3497 5474 tuos,
3526 5425 3591 5482 _et
