4146 6336
589 357 694 416 539

587 469 712 539 quid
750 473 935 536 agatur
966 463 1045 533 (i)
1090 462 1141 516 in
1174 459 1307 526 alia,
1339 458 1530 515 domus
1577 460 1678 514 alia
1724 474 1818 529 per
1859 468 1909 513 te
1950 456 2157 511 noverit

585 557 684 629 (a).
702 558 1049 626 llippocrates
1065 552 1277 623 adjnrat
1293 552 1584 624 discipulos
1599 564 1748 616 suos,
1766 556 2049 617 antequam
2066 546 2163 600 do-

586 657 726 713 ceat,
760 655 815 703 et
838 647 889 701 in
911 644 1073 701 verba
1105 659 1200 700 sua
1224 644 1411 714 jurare
1430 642 1706 713 compellit
1739 658 1751 695 :
1783 647 2064 711 extorquet
2085 653 2165 691 sa-

588 746 874 795 cramento
897 736 1189 800 silentium,
1220 749 1522 790 sermonem
1543 775 1558 799 ,
1587 733 1874 794 incessum,
1904 728 2161 794 habitum,

584 845 871 900 moresque
896 827 1215 900 pra'scribit.
1244 828 1455 894 Quanto
1481 823 1648 892 magis
1670 837 1767 877 nos
1788 861 1802 885 ,
1830 820 2022 889 quibus
2043 818 2162 872 ani-

581 936 792 977 marum
840 918 1103 973 medicina
1148 915 1239 988 [al.
1287 913 1430 986 cura]
1469 912 1753 968 commissa
1780 919 1894 977 est,
1922 908 2162 964 omnium

577 1012 1006 1068 Christianorum
1030 1008 1219 1063 domos
1238 1007 1495 1062 debemus
1515 1018 1696 1060 amare
1715 1003 1865 1074 quasi
1890 1001 2162 1072 proprias?

579 1102 958 1159 Consolatores
1005 1100 1179 1169 potius
1218 1112 1315 1152 nos
1355 1096 1407 1151 in
1453 1095 1774 1152 maeroribus
1812 1094 1959 1158 suis,
1999 1107 2160 1163 quam

579 1192 829 1248 Convivas
868 1192 919 1244 in
950 1189 1217 1259 prosperis
1247 1187 1512 1242 noverint.
1551 1185 1751 1241 metu
1780 1199 2160 1241 CONTEINITUR

579 1284 837 1347 Clericus,
864 1282 956 1352 qui
981 1295 1125 1350 smpe
1148 1288 1366 1335 vocatus
1386 1279 1451 1334 ad
1483 1278 1801 1349 prandium,
1838 1278 1917 1333 ire
1941 1290 2048 1331 non
2074 1289 2163 1331 re—

579 1385 748 1520 mialit:
759 1465 898 1519 Raro
911 1460 1282 1532 accipiendum.
1300 1457 1521 1530 Nuptias
1537 1458 1761 1514 Clericus
1783 1473 1883 1512 non
1898 1456 2153 1512 conciliat.

580 1555 914 1625 Sacrilegium
940 1551 1218 1607 Ecclesiam
1245 1549 1585 1623 fraudare.—-
1642 1548 1804 1619 269
1875 1546 2158 1616 Nunquam
2185 1544 2191 1555 “

578 1653 839 1714 petentes,
894 1656 1024 1697 raro
1049 1642 1371 1711 accipiamus
1423 1638 1616 1709 rogati.
1669 1637 1878 1692 Beatius
1910 1639 2045 1691 enim
2085 1646 2158 1691 est

576 1734 737 1803 magis
787 1732 912 1786 dare
960 1748 1111 1801 quam
1157 1731 1386 1800 accipere
1439 1729 1597 1801 (Act.
1628 1729 1698 1784 20
1726 1732 1767 1799 ).
1825 1728 2017 1785 Nescio
2050 1744 2159 1799 quo

574 1823 718 1877 enim
777 1822 940 1876 modo
988 1823 1148 1876 etiam
1192 1821 1306 1891 ipse
1335 1820 1425 1890 qui
1457 1820 1797 1889 deprecatur,
1828 1829 1886 1874 ut
1915 1819 2153 1882 tribuat,

574 1928 696 1968 cum
735 1913 1032 1985 acceperis,
1093 1912 1339 1966 viliorem
1378 1918 1429 1965 te
1468 1909 1714 1978 judicat,
1769 1918 1823 1965 et
1876 1909 2066 1962 mirum
2102 1908 2153 1962 in

575 2006 793 2061 modum
838 2005 882 2060 si
911 2019 1033 2059 eum
1066 2011 1339 2073 rogantem
1370 2001 1781 2072 contempseris,
1813 1999 1891 2071 (ἓ)
1933 2001 2054 2070 plus
2104 2008 2156 2055 te

576 2099 843 2169 posterius
872 2105 1177 2153 veneratur.
1206 2094 1531 2150 Prmdicator
1545 2092 1889 2147 continentia:
1919 2092 2019 2161 (b),
2050 2105 2153 2144 nu-

574 2189 717 2258 ptias
768 2204 837 2244 ne
861 2187 1131 2243 conciliet.
1184 2186 1286 2253 Qui
1313 2183 1627 2255 Apostolum
1662 2181 1807 2251 legit,
1837 2180 2109 2235 dicentem
2134 2221 2148 2244 ,

575 2282 855 2351 Superest,
897 2290 953 2334 ut
997 2280 1083 2350 qui
1114 2279 1296 2333 habent
1325 2292 1544 2341 uxores,
1585 2275 1658 2329 sic
1704 2274 1828 2341 sint,
1878 2273 2024 2343 quasi
2053 2289 2155 2326 non

577 2372 796 2426 habeant
826 2372 899 2443 (1.
931 2369 1053 2426 Cor.
1102 2370 1194 2440 7);
1248 2384 1345 2423 cur
1381 2368 1639 2438 virginem
1690 2366 1833 2437 cogit
1869 2375 1924 2421 ut
1951 2365 2155 2420 nubat?

571 2465 663 2533 qui
692 2463 761 2519 de
781 2461 1112 2532 monogamia
1144 2460 1409 2516 Sacerdos
1433 2468 1517 2515 est
1542 2498 1558 2524 ,
1598 2471 1763 2528 quare
1791 2456 1998 2512 viduam
2027 2455 2152 2511 bor-

573 2563 715 2609 tatur
740 2563 798 2609 ut
821 2553 1035 2624 digama
1063 2552 1177 2607 sit?
1218 2550 1291 2622 (c)
1325 2549 1706 2605 Procuratores
1733 2558 1788 2604 et
1812 2549 2153 2619 dispensato-

573 2658 664 2699 res
693 2643 977 2699 domorum
1024 2642 1317 2696 alienarum
1358 2649 1518 2709 atque
1560 2639 1829 2703 villarum,
1884 2639 2155 2710 quomodo

577 2742 805 2806 possunt
846 2747 970 2789 esse
1011 2731 1227 2798 Clerici,
1256 2731 1345 2801 qui
1385 2730 1628 2801 proprias
1673 2729 1924 2800 iubentur
1968 2739 2156 2787 eonte-

577 2842 764 2883 nmere
794 2825 1109 2881 facultates?
1131 2824 1305 2880 Atnco
1323 2837 1573 2887 ρυιιιριιι
1597 2836 1808 2893 rapere,
1828 2821 2021 2877 furtum
2038 2831 2117 2878 est
2136 2840 2150 2877 :

572 2916 872 2973 Eeclesiam
903 2914 1173 2981 fraudare,
1203 2914 1538 2987 sacrilegium
1566 2921 1667 2969 est.
1698 2913 1986 2984 Accepisse
2010 2914 2153 2985 quod

569 3008 898 3078 pauperibus
923 3005 1250 3076 erogandum
1277 3013 1378 3069 est,
1409 3013 1462 3058 et
1489 3004 1847 3060 esurientibus
1868 3005 2110 3075 plurimis
2133 3047 2149 3072 ,

568 3098 649 3154 vel
675 3108 889 3153 cautum
938 3110 1059 3153 esse
1087 3095 1244 3162 velle,
1276 3094 1359 3151 vel
1393 3092 1669 3160 timidum;
1701 3095 1959 3166 autquod
1989 3111 2148 3168 aper-

568 3190 761 3244 tissimi
790 3189 1009 3244 sccleris
1037 3195 1137 3253 est,
1163 3187 1361 3258 aliquid
1395 3186 1517 3242 inde
1543 3184 1881 3254 subtrahere,
1910 3190 2149 3246 omnium

569 3281 883 3351 prmdonnm
911 3279 1281 3335 crudelitatem
1309 3287 1543 3350 superat.
1572 3278 1682 3349 Ego
1707 3279 1846 3336 fame
1873 3288 2148 3350 torqueor,

567 3383 618 3425 et
647 3380 698 3426 tu
725 3371 933 3441 judicas
948 3377 1201 3439 quantum
1222 3370 1389 3425 ventri
1414 3385 1530 3425 meo
1554 3370 1682 3425 satis
1711 3371 1822 3425 sit?
1851 3371 1957 3426 Aut
1978 3371 2152 3427 divide

566 3466 744 3521 statim
772 3464 912 3535 quod
936 3464 1225 3535 acceperis,
1256 3472 1346 3518 aut
1373 3464 1416 3519 si
1447 3462 1664 3518 timidus
1695 3462 2035 3534 dispensator
2056 3478 2141 3532 es,

568 3556 781 3610 dimitte
810 3555 1115 3626 largitorem
1140 3594 1156 3619 ,
1183 3562 1242 3609 ut
1272 3555 1355 3624 (5)
1389 3569 1482 3609 sua
1516 3554 1631 3623 ipse
1662 3553 1966 3609 distribuat.
2001 3553 2150 3609 Nom

563 3664 659 3703 sua
686 3648 971 3704 occasione
998 3661 1118 3703 mea
1160 3645 1410 3703 sacculus
1459 3654 1581 3701 tuus
1625 3645 1813 3715 plenus
1857 3646 1947 3700 sit.
1979 3646 2148 3700 Nemo

563 3754 650 3793 me
680 3739 890 3805 melius,
923 3752 1040 3793 mea
1069 3751 1284 3793 servare
1306 3745 1499 3807 potest.
1535 3733 1781 3806 Optimus
1801 3734 2149 3807 dispensator

559 3839 642 3884 est
666 3830 755 3899 qui
776 3829 874 3884 sibi
906 3828 1036 3882 nihil
1072 3836 1331 3884 reservat.

633 3921 720 3978 17.
740 3920 969 3993 Coegisti
998 3934 1104 3982 tne,
1133 3918 1427 3988 Nepotiane
1458 3918 1751 3983 carissime,
1789 3917 2019 3987 lapidato
2034 3918 2144 3988 jam

564 4011 896 4082 Virginitatis
922 4011 1103 4066 libello
1151 4009 1414 4082 [Epistola
1444 4008 1611 4064 XXII.
1640 4009 1709 4064 de
1728 4008 1981 4079 Virginit.
2024 4024 2143 4065 ser-

558 4102 773 4177 vanda],
806 4118 967 4175 quem
998 4111 1199 4159 sanctae
1222 4100 1514 4157 Eustochio
1558 4099 1746 4155 Roma
1774 4099 2099 4170 scripseram
2126 4140 2141 4166 ,

619 4258 694 4328 (α)
728 4257 1226 4328 Εκειθξβίρροοιξαῑὶε
1242 4257 1589 4328 juramentum,
1611 4262 1665 4306 et
1684 4255 1828 4328 Largi
1845 4256 1909 4328 de
1923 4269 1985 4328 eo
2005 4259 2142 4328 testi-

558 4317 801 4367 monium:
836 4337 858 4365 (ι
880 4317 1439 4379 Hippocratesconditor
1462 4322 1640 4366 nostra:
1658 4317 1982 4379 professionis
2007 4319 2141 4368 initia

554 4379 825 4442 disciplinae
848 4381 909 4429 ab
927 4378 1251 4442 jurejurando
1270 4378 1481 4442 tradidit.
1502 4395 1525 4424 ι
1542 4382 1638 4437 et,»
1657 4378 1804 4441 longe
1828 4379 2140 4442 praeformatas

555 4440 741 4491 animos
761 4440 1058 4491 discentium
1070 4442 1129 4489 ad
1152 4440 1518 4488 humanitatem.
1560 4455 1584 4485 ι

620 4502 695 4576 (υ)
732 4502 1207 4576 Αάιξοιρίιιάίεηιειην
1234 4500 1367 4576 quos!
1385 4500 1447 4576 ad,
1468 4508 1670 4576 testes
1687 4501 1978 4576 φέἑιέίαξοιιίὶ
1998 4514 2139 4576 (ξετε-

554 4560 740 4613 monias
762 4566 927 4626 primis
948 4560 1399 4626 Eccl'esize'saaculis
1419 4561 1625 4626 usitatas
1657 4563 1904 4626 pertinet;
1932 4569 1984 4626 et
2008 4563 2158 4626 bono,

555 4627 752 4695 quidem
764 4622 997 4675 instituto
1019 4625 1346 4733 Hieronymus
1369 4624 1625 4695 improbat,
1652 4622 1913 4695 olimyero
1937 4624 2135 4695 Tertul-

555 4684 713 4733 ltanns
737 4685 1031 4733 laudaverat.
1049 4699 1211 4733 cuinSt
1230 4699 1292 4733 no
1314 4684 1406 4733 IOCI
1428 4692 1575 4733 nostri
1593 4685 1820 4733 Doctoris
1840 4692 2135 4733 sententiam

554 4684 713 4734 lianns
737 4685 1031 4746 laudaverat,
1049 4687 1187 4746 cuius
1197 4684 1292 4734 duo
1314 4684 1406 4733 loci
1428 4684 1575 4746 nostri
1593 4685 1820 4735 Doctoris
1840 4685 2137 4746 sententiam

554 4745 1053 4815 maxime‘il‘lustrant;
1072 4745 1196 4815 alter
1220 4747 1303 4796 lib.
1323 4747 1374 4815 Ξ.
1392 4745 1453 4795 ad
1476 4745 2035 4815 l-l'xorem-cap..ultimo,
2053 4746 2137 4815 ubi

555 4808 784 4869 [nauigat
806 4806 1083 4869 felicitatem
1103 4808 1209 4869 ejus
1230 4806 1523 4869 matrimonii
1537 4846 1550 4864 ,
1576 4808 1702 4869 quod
1726 4806 1939 4857 Ecclesia
1970 4807 2134 4858 conci-

559 4866 820 4930 liat;ralter
844 4867 929 4930 lib.
953 4869 1017 4917 de
1040 4866 1343 4930 Monogamia
1365 4882 1455 4930 cap
1479 4868 1561 4918 XI.
1587 4866 1668 4918 ubi
1700 4888 1722 4916 ι
1744 4869 2129 4927 matrimonium,

555 4929 727 4993 inquit,
750 4929 963 4993 postulas
984 4930 1112 4993 quod
1138 4929 1212 4979 eis
1233 4945 1260 4979 a
1284 4929 1467 4993 quibus
1501 4930 1715 4991 postulas
1741 4945 1752 4978 :
1780 4945 1876 4980 non
1900 4930 2018 4993 licet
2045 4931 2132 4979 ha-

551 4988 694 5059 bere,
719 4988 781 5036 ab
804 4988 1041 5052 Episcopo
1058 4988 1369 5059 rmonoganio,
1393 5004 1421 5039 a
1445 4988 1756 5054 Pt‘esbyteris
1771 5025 1786 5051 ,
1815 4998 1868 5042 et
1906 4990 2134 5043 Diaeonis

554 5050 776 5110 ejusdem
799 5050 1109 5107 sacramenti,
1136 5050 1233 5101 etc'.

614 5110 686 5181 te)
726 5110 947 5181 Vetitum
987 5111 1117 5181 istud
1148 5124 1350 5173 Semper
1376 5113 1422 5161 in
1445 5112 1692 5170 Ecclesia,
1723 5113 2134 5181 gin'inaprocu-

551 5173 738 5235 ratione
759 5180 1043 5235 contempta
1056 5181 1392 5235 procuratores
1412 5187 1578 5222 rerum
1594 5173 1898 5235 szecularium
1918 5174 2135 5227 Clericos

551 5231 657 5296 [ieci
674 5267 689 5293 ,
712 5231 1131 5296 quemadmodum
1151 5233 1287 5283 dolet
1307 5233 1573 5296 Cyprianus
1596 5235 1680 5296 lib.
1705 5235 1769 5285 de
1793 5234 1977 5296 Lapsis.
2005 5238 2133 5287 Con—

549 5291 786 5357 ferendur.
815 5294 865 5357 in
884 5294 1022 5357 illane
1043 5291 1360 5357 rem‘canon}
1376 5291 1679 5357 ‘16.,Coneilii
1704 5291 2130 5357 Carthaginiensis

550 5355 699 5421 habiti
726 5355 860 5421 P._C.
881 5355 1081 5421 Honorii
1109 5355 1222 5421 illiL
1235 5363 1287 5405 et
1307 5355 1566 5421 'l'lICOdQSli
1591 5358 1722 5421 Vill.
1746 5358 1870 5407 Tum
1886 5355 2133 5421 Sulpitius

547 5416 1009 5481 Severus_hist.._lib.
1040 5419 1083 5467 1.
1109 5417 1163 5467 S.
1189 5416 1458 5481 G_regorius
1481 5416 1567 5481 lib.
1589 5420 1635 5467 8.
1671 5421 1815 5481 epist.
1850 5421 1927 5470 11.
1954 5416 2130 5470 adver-

547 5478 883 5587 zt'tsrllasilium
904 5478 1191 5543 Episcopum
1210 5478 1505 5541 Capuanum,
1527 5478 1717 5544 aliaque
1741 5481 1787 5531 id
1806 5494 1967 5543 genus
1984 5496 2129 5544 quam

602 5556 630 5587 ll
664 5556 770 5587 ""3.

602 5555 770 5589 lll‘lﬂla.

548 5553 926 5664 p"illami‘denius
949 5601 1076 5667 apud
1100 5600 1355 5663 Gravium,
1381 5615 1466 5653 nec
1489 5604 1604 5665 quid
1632 5605 1679 5655 in
1717 5604 1949 5666 cujusque
1989 5604 2129 5653 domo

610 5672 737 5714 amr.

547 5676 737 5728 agatur.

615 5728 687 5787 (‘2)
722 5727 860 5788 Apud
887 5727 1132 5785 Gravium,
1159 5724 1265 5788 plus
1289 5727 1511 5777 miratur.

615 5742 687 5787 (Ζ)
722 5742 763 5775 Λ
798 5742 860 5776 nu
887 5742 1132 5785 orarium,
1159 5742 1265 5788 pms
1289 5742 1511 5777 mll'tlllll‘.

610 5788 683 5850 (3)
824 5790 949 5855 apud
974 5789 1199 5841 Graviutn
1228 5795 1274 5840 ut
1300 5804 1384 5840 sua
1409 5795 1570 5852 sponte
1596 5788 1696 5853 ipse
1721 5787 1993 5838 distribuat.

1861 343 2100 402 SANCTI
2146 344 2512 402 ΙΙΙΕΠΟΝΥΜΙ

3750 352 3852 411 510

2273 466 2394 527 post
2422 472 2591 513 annos
2620 458 2803 515 tleoem
2831 446 3017 515 rursus
3046 446 3316 515 Bethleem
3367 474 3460 514 ora
3491 457 3767 526 reserare,
3798 473 3853 518 et

2270 548 2681 604 confodiendum
2713 564 2798 605 me
2829 550 3017 620 linguis
3034 552 3275 607 omnium
3306 550 3557 621 prodere.
3580 552 3683 605 Aut
3707 554 3848 607 enim

2273 638 2404 693 nihil
2433 640 2775 696 scribendum
2808 640 2924 707 fuit,
2958 657 3023 697 ne
3053 642 3330 696 hominum
3349 641 3610 712 judicium
3641 642 3850 698 subire-

2270 746 2415 799 mus,
2470 732 2616 802 quod
2669 742 2726 788 tn
2776 732 2953 790 facere
2992 733 3366 804 prohibuisti:
3407 743 3503 787 aut
3549 733 3848 795 scribentes

2271 835 2455 889 nosse,
2480 833 2795 879 cunctorum
2843 823 3126 880 adversum
3160 839 3260 880 nos
3309 823 3699 879 maledicorum
3744 825 3847 879 tela

2270 926 2392 968 esse
2415 914 2732 983 torquenda.
2764 912 2907 981 Quos
2936 914 3165 971 obsecro
3205 922 3264 969 ut
3312 915 3594 984 quiescant
3618 924 3673 971 et
3701 914 3847 970 desi-

2269 1013 2400 1059 nant
2443 1005 2798 1071 maledicere;
2831 1021 2936 1061 non
2968 1007 3110 1062 enim
3162 1016 3221 1060 ut
3262 1006 3607 1074 adversariis,
3650 1006 3746 1063 sed
3791 1017 3849 1063 ut
3903 1007 3908 1011 ’

2268 1095 2456 1152 amicis
2479 1096 2797 1167 scripsimus
2820 1114 2834 1162 ;
2863 1112 2964 1152 nec
2989 1097 3183 1153 invecti
3211 1110 3396 1152 sumus
3423 1097 3477 1151 in
3497 1112 3591 1153 eos
3610 1098 3698 1167 qui
3721 1112 3849 1167 pec-

2267 1195 2410 1253 cant,
2432 1186 2533 1250 sed
2561 1201 2628 1241 ne
2652 1196 2896 1256 peccent,
2971 1186 3133 1258 27o
3204 1187 3529 1242 monuimus.
3562 1187 3747 1258 Neque
3794 1188 3846 1243 in

2266 1276 2387 1332 illos
2413 1284 2637 1341 tantum,
2652 1275 2747 1332 sed
2769 1285 2824 1332 et
2848 1277 2899 1331 in
2917 1277 3297 1348 nosmetipsos
3326 1278 3499 1333 severi
3513 1277 3720 1348 iudices
3751 1279 3851 1333 fui-

2266 1381 2385 1422 mus
2409 1385 2423 1421 :
2448 1367 2793 1437 volentesque
2820 1366 3079 1422 festucam
3104 1367 3172 1422 de
3201 1368 3359 1422 oculo
3384 1368 3608 1424 alterius
3638 1370 3844 1435 tollere,

2267 1466 2504 1513 nostram
2530 1460 2676 1528 prius
2705 1458 2909 1515 trabem
2936 1460 3216 1528 ejecimns.
3244 1458 3459 1513 Nullum
3483 1459 3619 1525 laesi,
3651 1460 3847 1515 nullius

2266 1562 2460 1605 nomen
2481 1552 2672 1605 saltem
2717 1550 3081 1620 descriptione
3113 1548 3206 1626 [al.
3230 1566 3342 1604 mea
3366 1549 3637 1622 scriptura]
3664 1552 3845 1621 signa-

2267 1648 2380 1693 tum
2417 1649 2519 1695 est.
2549 1639 2828 1695 Neminem
2864 1641 3171 1711 specialiter
3200 1656 3352 1696 meus
3379 1656 3557 1695 sermo
3593 1642 3840 1711 pulsavit.
3879 1684 3888 1690 .

2264 1731 2544 1788 Generalis
2571 1732 2641 1787 de
2667 1732 2810 1788 vitiis
2834 1731 3125 1803 disputatio
3151 1742 3235 1788 est
3262 1733 3367 1802 (ἀ).
3400 1732 3499 1800 Qui
3527 1732 3655 1786 mihi
3685 1733 3840 1800 irasci

2262 1825 2511 1891 voluerit,
2537 1825 2685 1895 prius
2710 1825 2824 1896 ipse
2846 1824 2916 1881 de
2941 1839 3001 1880 se
3030 1824 3174 1896 quod
3202 1824 3325 1880 talis
3354 1824 3443 1890 sit,
3473 1824 3837 1879 confitebitur.

2757 1977 3084 2036 EPIS'IOLA
3114 1978 3225 2034 Llll
3251 1978 3344 2048 (ε).

2860 2128 2928 2168 ΔΙ)
2949 2127 3233 2167 PAULINO“.

2641 2243 2718 2300 De
2752 2244 2921 2300 studio
2953 2243 3338 2315 Scripturarum
3368 2243 3439 2315 (ί)

2265 2399 2506 2453 Omnium
2531 2400 2817 2468 sapientum
2854 2396 3095 2467 mmplis
3123 2405 3362 2466 provocat
3388 2395 3458 2449 ad
3479 2396 3704 2450 studium
3734 2396 3842 2450 Lit-

2331 2500 2552 2545 terarum
2576 2505 2859 2557 sacrarum,
2888 2499 2937 2543 et
2960 2489 3014 2542 in
3058 2488 3137 2542 Itis
3159 2496 3402 2559 quantum
3425 2488 3487 2541 sit
3513 2488 3837 2561 diﬂiwllatis,

2331 2582 2566 2637 ostendit.
2602 2580 2793 2636 Deinde
2811 2596 2911 2651 quo
2940 2581 3102 2651 magis
3132 2581 3412 2654 inﬂammet
3438 2582 3506 2634 ad
3534 2597 3706 2634 eorum
3728 2591 3838 2633 stu-

2331 2674 2495 2742 dium,
2525 2673 2752 2744 singulos
2778 2672 2952 2738 libros,
3002 2674 3244 2725 Auctores
3275 2681 3319 2725 et
3346 2682 3643 2741 argumenta
3667 2672 3841 2741 elogiis

2304 2758 2632 2837 4quibusdam
2681 2764 2893 2821 breviter
2930 2764 3269 2819 commendat.
3323 2763 3575 2835 Denique,
3630 2777 3681 2819 ut
3728 2781 3782 2818 se
3809 2782 3841 2818 α

2329 2858 2503 2913 δωρειιί
2532 2856 2678 2912 rebus
2699 2857 2897 2929 penitus
2918 2858 3174 2927 expediat,
3197 2844 3449 2911 hortatur.

2332 3012 2383 3065 1.
2411 3009 2540 3067 Vera
2580 3010 2907 3069 necessitudo.
2947 3009 3251 3082 Sapientum
3285 3011 3735 3081 peregrinationes.
3770 3041 3842 3053 -α-

2258 3103 2453 3159 Frater
2479 3100 2797 3157 Ambrosius
2848 3110 2934 3157 tua
2985 3102 3116 3157 mihi
3163 3103 3476 3158 munuscula
3534 3102 3835 3173 perferens,

2256 3195 2445 3251 detulit
2473 3203 2530 3251 et
2558 3195 2907 3250 suavissimas
2935 3195 3161 3264 litteras,
3193 3211 3311 3266 quae
3342 3211 3372 3250 a
3405 3196 3668 3266 principio
3699 3200 3835 3252 ami-
3930 3248 3933 3251 .

2257 3287 2528 3351 citiarum,
2574 3284 2732 3342 [idem
2761 3286 2871 3355 jam
2908 3287 3148 3356 probata:
3187 3286 3311 3342 fidei
3346 3295 3401 3342 ct
3425 3287 3623 3344 Veteris
3648 3290 3835 3343 amici-

2258 3378 2345 3432 tia:
2370 3376 2452 3447 (4)
2481 3376 2867 3449 prmfcrebant.
2896 3377 3033 3432 Vera
3063 3378 3204 3432 enim
3233 3378 3323 3432 illa
3353 3378 3693 3433 necessitudo
3717 3387 3797 3434 est
3819 3421 3833 3443 ,

2256 3471 2534 3527 ctChristi
2564 3470 2772 3541 glutino
2814 3470 3085 3541 copulata,
3132 3486 3295 3541 quam
3344 3486 3450 3526 non
3511 3471 3711 3527 utilitas
3758 3473 3834 3525 rei

2254 3560 2556 3627 familiaris,
2586 3576 2692 3616 non
2711 3561 2995 3631 praesentia
3015 3570 3217 3615 tantum
3246 3576 3555 3631 corporum,
3586 3577 3691 3615 non
3711 3563 3835 3616 sub.

2254 3653 2372 3708 dola
2395 3662 2449 3709 et
2470 3653 2695 3724 palpans
2730 3652 3003 3719 adulatio;
3040 3652 3133 3708 sed
3162 3653 3256 3709 Dei
3279 3653 3439 3709 timor
3455 3662 3506 3709 et
3537 3653 3831 3707 divinarum
3878 3678 3885 3683 -

2254 3744 2652 3815 Seriptnrarum
2677 3745 2852 3801 studia
2876 3745 3190 3801 conciliant.
3223 3747 3471 3817 Legimus
3497 3746 3548 3800 in
3570 3747 3834 3801 veteribus

2255 3835 2513 3906 historiis,
2535 3835 2795 3907 quosdam
2822 3836 3079 3892 lustrasse
3106 3838 3426 3907 provincias,
3466 3852 3632 3890 novos
3657 3837 3834 3892 adisse

2254 3929 2498 3999 populos,
2531 3927 2698 3982 maria
2726 3928 3004 3994 transisse,
3034 3937 3093 3983 ut
3118 3943 3213 3984 eos
3237 3943 3371 3999 quos
3392 3944 3455 3983 ex
3494 3927 3643 3982 libris
3671 3942 3835 3983 nove-

2253 4027 2393 4086 rant,
2418 4033 2597 4075 coram
2628 4032 2841 4089 quoque
2871 4018 3138 4075 viderent.
3180 4020 3270 4076 Sic
3302 4021 3630 4093 Pythagoras
3658 4021 3826 4076 Ment-

2251 4111 2480 4181 phiticos
2527 4119 2715 4175 vates;
2771 4110 2849 4165 sic
2902 4110 3053 4165 Plato
3097 4111 3388 4184 [Egyptum
3454 4122 3509 4167 et
3556 4112 3829 4167 Architam

2249 4202 2622 4268 Tarentinum,
2676 4217 2900 4272 eamque
2951 4218 3104 4258 oram
3156 4204 3344 4271 Italiae,
3400 4220 3518 4275 qum
3563 4204 3826 4275 quondam

2249 4307 2437 4365 magna
2467 4292 2675 4349 Graecia
2702 4292 3002 4360 dicebatur,
3030 4294 3449 4350 laboriosissime
3480 4297 3820 4366 peragravit;

2249 4384 2419 4456 utqui
2448 4384 2675 4440 Athenis
2699 4385 2954 4455 magister
2980 4394 3099 4440 erat
3125 4394 3180 4441 et
3208 4394 3417 4454 potens,
3452 4386 3713 4455 cujusque
3735 4387 3825 4439 do-

2246 4476 2472 4533 ctrinam
2493 4475 2797 4531 Academia:
2818 4474 3100 4546 gymnasia
3126 4477 3488 4544 personabant
3513 4518 3526 4541 ,
3557 4476 3713 4530 ﬁeret
3744 4492 3831 4544 pe-
3892 4480 3895 4483 '

2247 4569 2489 4637 regrinus
2533 4576 2693 4638 atque
2719 4566 3047 4637 discipulus,
3074 4583 3279 4624 IALENS
3306 4583 3499 4622 suum
3532 4555 3829 4622 verecunde

2246 4661 2404 4731 271
2463 4660 2692 4726 discere,
2712 4676 2869 4730 quam
2888 4675 2982 4715 sua
3012 4660 3353 4730 impudenter
3381 4661 3643 4730 ingerere.
3668 4661 3826 4714 Deni-

2244 4768 2347 4822 que
2362 4768 2483 4808 cum
2506 4752 2712 4819 litteras
2731 4752 2881 4823 quasi
2905 4761 3016 4807 toto
3032 4753 3297 4822 fugientes
3315 4754 3445 4809 orbe
3469 4753 3825 4824 persequitur,

2308 4929 2387 4991 (ά)
2420 4928 2493 4979 Ex
2517 4926 2752 4991 Cicerone
2778 4939 2860 4991 pre
2881 4924 3008 4991 ch.
3028 4926 3193 4977 Manil.
3226 4946 3248 4974 ι
3269 4928 3376 4991 ligo
3399 4935 3561 4977 autem
3581 4929 3826 4991 neminem

2243 4988 2455 5041 nomino.
2478 4991 2639 5049 Quare
2665 4989 2802 5050 irasci
2828 4988 3112 5050 miltinemo
3136 4988 3340 5050 poterit]
3369 4991 3459 5038 nisi
3486 4991 3569 5050 qui
3608 4997 3721 5050 ante
3764 4990 3826 5039 de

2242 5066 2299 5101 se
2323 5048 2534 5102 voluerit
2554 5049 2790 5113 eopfiteri.
2816 5065 2839 5093 ι
2870 5048 2977 5097 Vid.
3004 5048 3214 5101 similem
3250 5048 3551 5101 sententiain
3593 5053 3643 5099 in
3682 5048 3822 5113 Apol.

2243 5117 2392 5176 prima
2414 5120 2583 5176 contra
2602 5109 2864 5176 ἢιιίὶἰιιιῃῐι.

2329 5183 2377 5230 e)
2416 5172 2542 5222 Alias
2567 5171 2672 5221 105.
2697 5169 2886 5229 scripta
2908 5168 3030 5219 circ.
3051 5184 3132 5221 an.
3158 5172 3270 5223 591.

2329 5183 2377 5230 e)
2416 5178 2542 5222 alias
2567 5178 2672 5221 105.
2697 5178 2886 5229 scripta
2908 5178 3030 5219 circ.
3051 5184 3132 5221 an.
3158 5178 3270 5223 59s.

2306 5178 2370 5304 ἕο
2404 5234 2639 5304 Nolanum
2675 5232 2844 5304 utique
2859 5232 3127 5304 ,_quidquid
3153 5235 3307 5283 visum
3330 5236 3395 5285 sit
3414 5234 3627 5304 Baronio
3656 5233 3713 5282 ad
3736 5245 3815 5282 an.

2240 5291 2584 5358 mi'aliisque
2605 5305 2700 5340 non
2726 5291 2929 5355 indoctis
2944 5291 3100 5358 viris;
3126 5309 3331 5357 quorum
3356 5300 3653 5358 prtecipunpt
3677 5306 3823 5358 argu-

2240 5365 2459 5418 mentum
2484 5354 2691 5418 petitu_m
2711 5354 3164 5418 econtradictione':
3184 5369 3294 5417 qua:
3319 5354 3444 5405 inter
3463 5354 3587 5406 hanc
3601 5354 3827 5418 Epistol.,

2242 5427 2296 5470 et
2337 5412 2576 5479 aliam'ad
2620 5412 2887 5479 Paulinum
2928 5416 3009 5479 hic
3044 5418 3123 5467 58.
3170 5412 3305 5479 cujus
3341 5412 3828 5479 initimn’est'nonus

2240 5480 2381 5546 homo
2400 5514 2412 5536 ,
2455 5474 2772 5546 intercedere
2811 5476 3085 5546 videbatur,
3115 5474 3682 5546 utriusquecontextnm
3715 5478 3824 5546 dili-

2240 5541 2437 5603 gentius
2466 5536 2774 5603 @tifcrenti,
2798 5536 2984 5585 nullum
3020 5536 3131 5603 esse
3167 5536 3422 5603 constabit.
3457 5541 3608 5588 l’urro
3632 5540 3825 5588 Martia-

2241 5596 2555 5663 t'uensgaddit
2600 5596 2975 5663 Presbyterum,
3013 5601 3337 5650 reticentibus
3376 5602 3499 5649 hanc
3536 5599 3847 5663 dignitatem

2241 5661 2436 5711 ca'teris
2461 5660 2670 5723 vulgatis
2693 5658 2831 5723 libris
2855 5673 2909 5708 ac
2933 5661 3048 5710 Mss.

2306 5723 2378 5783 tl)
2419 5720 2571 5790 vetns
2594 5720 2744 5790 editio
2764 5720 3037 5790 bllil_it_d‘tll|t
3066 5723 3171 5770 sine
3196 5721 3287 5789 loci
3313 5759 3323 5778 ,
3352 5725 3617 5782 temporis,
3647 5730 3723 5771 aut
3753 5730 3823 5790 ty-

2248 5782 2479 5847 pugraphi
2504 5782 2844 5843 designatione
2870 5782 2950 5831 hic
2978 5784 3229 5834 interserit
3252 5797 3422 5837 \‘Ot‘t‘ltt
3445 5797 3583 5834 uera.
