4146 6336
295 386 389 452 34!

296 522 482 585 raptus
520 525 547 563 a
584 507 762 579 piratis
798 510 847 560 et
888 501 1248 567 venundatus,
1288 499 1449 555 etiam
1483 510 1708 570 tyranno
1735 514 1861 553 cru-

298 602 570 659 delissimo
596 595 872 669 (Dionysio
898 593 1114 661 Siciliae)
1140 591 1333 661 paruit,
1362 591 1620 659 captivus,
1636 589 1868 652 vinctus,

298 702 351 751 et
390 702 611 755 servus;
645 697 818 742 tamen
858 685 979 755 quia
1011 682 1368 752 Philosophus
1391 722 1407 748 ,
1443 679 1615 749 major
1660 687 1873 734 emente

300 799 358 838 se
390 782 509 835 fuit.
546 778 626 833 Ad
660 776 725 831 Τ.
772 775 978 829 Livium
1023 774 1197 828 lacteo
1233 771 1553 840 eloquentia:
1579 768 1724 824 fonte
1763 782 1879 822 ma—

300 882 537 935 nantem,
564 869 633 923 de
658 866 862 922 ultimis
878 863 1146 934 Hispania:
1172 861 1226 933 (a
1248 858 1535 929 Gadibus,)
1558 858 1876 915 Galliarum-

300 979 404 1034 que
426 960 619 1015 ﬁnibus
643 956 901 1028 quosdam
929 954 1142 1009 venisse
1165 952 1375 1033 nobiles
1393 951 1616 1021 legimus
1636 957 1650 1014 ;
1674 956 1730 1004 et
1743 959 1878 1018 quos

301 1055 367 1109 ad
397 1043 1042 1119 contemplationem'sui
1073 1044 1242 1098 Roma
1287 1058 1395 1098 non
1439 1048 1693 1105 traxerat,
1721 1038 1877 1093 unius

302 1145 535 1201 hominis
578 1142 715 1196 fama
750 1137 1018 1209 perduxit.
1051 1134 1248 1190 Habuit
1284 1134 1371 1188 illa
1417 1143 1548 1187 artas
1580 1128 1877 1185 inauditum

302 1235 550 1292 omnibus
605 1228 816 1287 sarculis
881 1224 1367 1294 celebrandumque
1420 1220 1773 1284 miraculum,
1823 1226 1879 1271 ut

304 1326 488 1381 urbem
510 1331 712 1378 tantam
739 1317 986 1390 ingressi,
1016 1314 1159 1370 aliud
1180 1322 1327 1370 extra
1350 1312 1534 1367 urbem
1555 1318 1875 1382 quaererent.

307 1416 613 1488 Apollonius
639 1412 774 1483 (sive
810 1410 901 1465 ille
928 1408 1132 1477 Magos,
1168 1414 1223 1460 ut
1255 1403 1442 1475 vulgus
1468 1402 1725 1471 loquitur,
1765 1401 1878 1455 sive

307 1506 682 1576 Philosophus,
711 1510 769 1557 ut
789 1498 1128 1572 Pythagorici
1161 1492 1398 1566 tradunt)
1430 1492 1642 1547 intravit
1662 1491 1873 1555 Persas,

309 1598 641 1672 pertransivit
667 1595 987 1658 Caucasum,
1018 1592 1272 1656 Albanos,
1313 1586 1570 1659 Scythas,
1610 1583 1877 1655 Massage-

306 1704 407 1758 tas,
468 1687 876 1760 opulcntissima
922 1682 1087 1738 India:
1132 1695 1295 1751 regna
1339 1677 1641 1749 penetravit
1677 1693 1690 1729 :
1722 1685 1775 1730 et
1812 1673 1879 1729 ad

308 1793 601 1840 extremum
625 1777 884 1835 latissimo
911 1772 1130 1848 Physon
1156 1787 1312 1828 amne
1337 1770 1569 1843 (Gange)
1599 1769 1881 1825 transmis-

308 1891 389 1940 so,
412 1871 656 1943 pervenit
682 1869 749 1924 ad
790 1867 1185 1926 Brachmanas;
1218 1873 1276 1918 ut
1302 1863 1554 1919 Hiarcam
1587 1862 1641 1917 in
1687 1858 1883 1915 throno

250 1956 253 1959 ’
308 1967 579 2023 sedentem
624 1976 789 2017 aureo
817 1960 896 2030 (a)
937 1967 992 2014 et
1029 1957 1097 2013 de
1125 1955 1337 2013 Tantali
1383 1954 1529 2009 fonte
1558 1960 1833 2023 potantem
1858 1991 1872 2015 ,

308 2059 447 2113 inter
487 2068 687 2126 paucos
714 2051 1030 2123 discipulos,
1073 2049 1141 2105 de
1167 2056 1378 2112 natura,
1408 2045 1476 2100 de
1503 2044 1763 2109 motibus,
1808 2057 1872 2096 ac

309 2148 540 2204 siderum
562 2159 724 2199 cursu
752 2142 964 2197 audiret
985 2140 1265 2195 docentem
1291 2154 1304 2189 :
1331 2135 1455 2189 inde
1476 2149 1571 2203 per
1598 2132 1881 2197 Elamitas,

311 2236 661 2309 Babylonios,
691 2230 999 2299 Chaldzeos,
1042 2227 1247 2294 Medos,
1303 2220 1578 2296 Assyrios,
1624 2223 1882 2289 Parthos,

309 2329 491 2399 Syros,
544 2326 865 2390 Phoenices,
933 2320 1176 2386 Arabes,
1227 2317 1584 2379 Palaestinos,
1640 2326 1888 2368 reversus

312 2417 713 2481 Alexandriam,
759 2410 993 2484 perrexit
1017 2405 1367 2478 Ethiopiam,
1397 2415 1453 2460 ut
1492 2402 1887 2476 Gymnosolnhi-

311 2516 447 2575 stas,
504 2517 560 2560 ct
582 2502 1000 2559 Tamosissimam
1029 2498 1171 2554 Solis
1201 2493 1441 2553 mensam
1473 2492 1680 2549 videret
1715 2493 1768 2547 in
1798 2508 1887 2546 sa-

311 2598 456 2653 bulo.
485 2590 693 2650 l'nvenit
717 2593 809 2647 ille
854 2591 936 2645 vir
970 2588 1165 2658 ubique
1191 2587 1332 2658 quod
1375 2586 1721 2641 disceret:et
1749 2598 1891 2639 sem-

310 2699 409 2758 per
467 2683 776 2755 proﬁcieus,
833 2695 1046 2751 semper
1097 2668 1156 2734 Se
1211 2677 1403 2733 melior
1456 2676 1625 2731 ﬁeret.
1664 2674 1891 2745 Scripsit

310 2794 480 2850 super
506 2778 610 2832 hoc
638 2775 952 2846 plenissime
975 2782 1096 2828 octo
1122 2771 1481 2827 voluminibus
1512 2768 1885 2824 Philostratus.

380 2872 438 2924 2.
467 2869 606 2938 Quid
646 2868 835 2938 loquar
860 2866 928 2922 de
974 2863 1151 2920 saeculi
1204 2861 1550 2917 hominibus?
1591 2874 1712 2915 cum
1745 2862 1889 2930 Apo-

317 2952 488 3015 stolus
506 2954 708 3013 Paulus
729 2971 823 3011 vas
852 2954 1132 3009 electionis
1160 2961 1214 3007 et
1235 2952 1489 3023 magister
1513 2950 1776 3021 gentium,
1801 2949 1890 3018 qui

316 3051 382 3107 de
412 3049 742 3105 conSeientia
797 3046 928 3101 tanti
984 3046 1036 3098 in
1081 3059 1139 3099 se
1185 3043 1411 3113 hOSpitis
1441 3042 1780 3112 loquebatur.
1814 3040 1890 3094 Αη

317 3141 715 3211 experimentum
766 3137 996 3207 quwritis
1032 3136 1141 3205 ejus
1186 3136 1271 3205 qui
1300 3135 1351 3188 in
1382 3149 1460 3188 me
1497 3133 1717 3204 loquitur
1738 3131 1887 3187 Chri-

321 3231 574 3303 tus?(2.
621 3228 742 3285 Cor.
778 3229 867 3283 l5.
901 3226 981 3298 3.)
1033 3238 1151 3297 post
1179 3228 1493 3281 Damascum
1538 3224 1896 3293 Arabiamque

324 3327 623 3388 lustratam,
665 3321 972 3376 ascenderit
1017 3318 1430 3389 Jerosolymam,
1478 3326 1535 3371 ut
1564 3316 1770 3371 videret
1801 3316 1896 3370 Pe-

326 3426 485 3481 trum,
514 3424 571 3469 et
597 3411 859 3468 manserit
883 3410 1021 3480 apud
1043 3425 1165 3465 cum
1196 3408 1387 3463 diebus
1421 3404 1751 3477 quindecim.
1784 3407 1897 3461 lloc

324 3506 463 3561 enim
495 3504 751 3577 mysterio
773 3501 1124 3557 hebdomadis
1144 3508 1199 3555 et
1224 3499 1497 3568 ogdoadis,
1530 3498 1734 3554 iuturus
1754 3497 1899 3553 Gen-

331 3598 458 3652 tium
507 3595 825 3666 pra'dicator
856 3591 1201 3648 instruendus
1249 3599 1384 3646 erat.
1416 3591 1753 3660 Rursumque
1784 3599 1903 3660 post

326 3704 490 3743 anuos
534 3685 932 3758 quatuordecim
954 3725 969 3751 ,
999 3688 1273 3749 assumpto
1302 3680 1542 3736 Barnaba
1585 3690 1640 3735 et
1663 3680 1783 3735 Tito
1811 3696 1905 3735 ex-

329 3781 562 3852 posuerit
596 3778 866 3847 Apostolis
895 3774 1269 3845 Evangelium,
1299 3787 1368 3828 ne
1414 3771 1553 3828 forte
1601 3774 1652 3827 in
1677 3788 1901 3828 vacuum

327 3881 585 3937 curreret,
661 3870 822 3943 272
894 3875 989 3921 aut
1014 3865 1357 3921 cucurrisset.
1381 3864 1550 3919 llabet
1574 3864 1754 3919 nescio
1777 3862 1903 3933 quid

331 3965 543 4019 latentis
559 3963 790 4032 energia:
808 3960 927 4015 viva
950 3973 1054 4014 vox
1076 3973 1092 4022 ;
1121 3967 1176 4014 et
1198 3958 1249 4012 in
1269 3971 1426 4012 aures
1447 3956 1692 4026 discipuli
1716 3955 1782 4009 de
1806 3970 1903 4008 au-

329 4056 491 4110 ctoris
520 4068 614 4109 ore
642 4050 909 4107 transfusa
936 4049 1127 4105 fortius
1146 4057 1320 4103 sonat.
1345 4047 1498 4104 Unde
1528 4057 1582 4101 et
1609 4046 1905 4117 Esehyues,

329 4160 449 4202 cum
474 4144 671 4201 Rhodi
720 4145 1000 4208 exularet;
1028 4150 1085 4198 et
1115 4141 1380 4212 legeretur
1416 4140 1501 4194 illa
1532 4138 1908 4195 Demosthenis

330 4236 530 4304 Oratio,
583 4248 742 4305 quam
783 4233 1040 4288 adversus
1080 4246 1202 4287 eum
1248 4230 1526 4293 habuerat,
1583 4229 1921 4283 mirantibus

302 4324 305 4325 ⁷
335 4326 538 4381 cunctis
566 4334 725 4396 atque
747 4324 1111 4391 laudantibus,
1144 4322 1425 4392 suspirans
1452 4322 1526 4374 ait
1556 4320 1629 4394 (ὁ)
1657 4338 1669 4374 :
1694 4319 1832 4387 Quid
1860 4319 1907 4374 si

334 4419 500 4488 ipsam
522 4417 810 4474 audissetis
842 4417 1087 4479 bestiam,
1121 4430 1216 4470 sua
1261 4414 1421 4468 verba
1454 4412 1840 4468 resonautcm?

405 4511 455 4566 3.
489 4510 613 4565 llzrc
643 4524 750 4564 non
772 4508 912 4572 dico,
936 4505 1077 4577 quod
1102 4505 1171 4560 sit
1194 4505 1247 4559 in
1272 4520 1360 4559 me
1388 4490 1587 4573 aliquid
1619 4503 1744 4569 tale,
1767 4502 1909 4572 quod

276 4635 281 4640 ι
335 4600 420 4656 vel
452 4601 644 4671 possis,
678 4600 765 4653 vel
796 4598 930 4653 velis
956 4597 1163 4652 discere
1190 4615 1201 4649 :
1234 4595 1326 4650 sed
1354 4594 1495 4666 quod
1526 4595 1687 4649 ardor
1702 4604 1824 4649 tuus
1845 4608 1909 4649 ac

334 4692 571 4748 discendi
599 4691 859 4756 studium,
887 4690 1048 4744 etiam
1074 4688 1277 4757 absque
1305 4687 1460 4743 nobis
1480 4702 1574 4756 per
1600 4701 1666 4742 se
1694 4686 1908 4757 probari

334 4785 545 4841 debeat.
574 4784 868 4856 ingenium
922 4780 1097 4837 docile
1118 4821 1134 4847 ,
1166 4790 1220 4836 et
1248 4781 1365 4835 sine
1393 4780 1616 4835 doctore
1647 4778 1912 4835 laudabile

397 5025 470 5088 (a)
492 5026 620 5089 AEam
642 5026 887 5089 intellige,
909 5037 1019 5089 quae
1042 5025 1093 5074 in
1114 5023 1341 5089 litarchte
1363 5021 1535 5089 schola
1553 5028 1677 5081 erat,
1704 5026 1909 5071 statuam

337 5081 587 5148 Tantalum
609 5081 947 5145 referentem,
975 5089 1023 5135 iu
1049 5082 1188 5148 cujus
1218 5094 1363 5148 manu
1401 5083 1622 5148 [naculum
1647 5090 1914 5148 erat_aqua

341 5147 550 5207 plenum,
577 5149 709 5199 unde
730 5144 1039 5211 attingebant
1057 5144 1337 5210 pliil030phi
1351 5144 1466 5195 ante
1489 5146 1723 5211 cubitum.
1738 5144 1913 5211 Hiero-

338 5222 503 5271 nymus
527 5211 710 5261 fontem
731 5207 893 5270 vocat,
917 5210 1044 5272 quod
1059 5207 1245 5271 nempe
1258 5207 1499 5272 quantum
1522 5207 1639 5272 inde
1655 5207 1915 5272 haurieba-

338 5268 429 5327 tur,
457 5278 642 5321 tantum
678 5268 908 5321 continuo
936 5268 1244 5332 suppeteret.
1286 5268 1913 5332 Historiamﬁl’hilostratus

339 5333 481 5381 tradit
505 5333 536 5381 Ι.
559 5336 609 5383 3.
634 5346 678 5382 c.
704 5334 749 5383 7.
775 5329 1067 5391 Superiores
1101 5343 1223 5391 quas
1248 5345 1274 5379 a
1301 5330 1520 5388 Laertia,
1543 5329 1700 5379 Plinio
1716 5364 1732 5386 ,
1757 5329 1916 5379 Hero-

339 5348 481 5381 πρίω,
505 5348 536 5381 Ι.
559 5348 609 5383 ὗ.
634 5348 678 5382 C.
704 5348 749 5383 Ἰ.
776 5348 843 5382 δη
866 5348 1067 5379 ιθνιοῐθδ
1101 5348 1223 5391 quas
1248 5348 1274 5379 2
1301 5348 1520 5388 Laeruo,
1543 5348 1700 5379 ιἰιυιο
1716 5364 1732 5386 ν
1758 5348 1914 5379 neru-

336 5391 471 5462 εἰριοζ
490 5394 698 5462 aliisque
716 5394 816 5444 late
831 5348 1069 5462 didicisse
1091 5393 1293 5452 poteris,
1312 5404 1407 5462 non
1425 5404 1698 5462 moramur.-
1712 5391 1914 5441 Interim

339 5451 554 5515 Martian.
593 5451 787 5515 legerat
810 5455 871 5503 de
894 5451 1105 5515 moribus
1140 5465 1228 5513 pro
1264 5451 1499 5515 motibus;
1522 5454 1764 5502 Victorius
1797 5465 1915 5515 vero

339 5513 397 5563 de
418 5517 630 5567 moribus
645 5511 889 5573 siderum,
924 5525 983 5562 ac
1007 5511 1198 5576 dierum
1219 5524 1384 5576 cursu.
1402 5513 1786 5576 Δνσειιιςχίιιιοριιο
1810 5513 1912 5563 lau-

339 5575 444 5643 data
470 5579 619 5643 editio
634 5577 940 5643 Bibliorum,
961 5576 1027 5623 ita
1050 5574 1098 5620 in
1121 5573 1212 5643 hac
1234 5572 1447 5633 Epistula
1471 5572 1669 5643 praefert
1692 5572 1719 5637 ,⁷
1732 5576 1794 5626 de
1826 5588 1914 5625 na-

340 5639 464 5693 tura.
488 5639 549 5688 de
570 5637 801 5696 moribus,
825 5649 885 5686 ac
907 5632 969 5685 de
992 5646 1138 5684 cursu
1160 5632 1350 5682 dierum
1371 5646 1429 5682 ac
1452 5632 1683 5685 siderum.

296 5702 299 5703 ⁷
345 5754 375 5764 Α
400 5698 471 5761 (b)
505 5700 677 5750 Cicero
720 5702 804 5764 qui
845 5704 1104 5764 utramque
1143 5696 1414 5764 orationem
1454 5698 1637 5764 vertit,
1663 5698 1748 5746 lib.
1772 5699 1821 5747 5.
1841 5697 1916 5764 Δ(1ο

342 5754 470 5809 Drat'.
494 5768 694 5821 Qtwnto,
724 5754 899 5822 inquit,
923 5754 1076 5821 magis
1099 5754 1481 5815 adnﬁraremini,
1510 5757 1548 5807 si
1573 5756 1728 5819 ipsum
1751 5758 1917 5809 audis-

1666 381 1989 442 EPISTOL.\
2033 382 2159 439 Llll.

3447 384 3553 443 542

1980 505 2078 550 est.
2111 496 2231 550 Non
2261 497 2387 565 quid
2418 496 2678 560 invenias,
2705 498 2796 553 sed
2827 500 2951 569 quid
2981 512 3211 570 qumras,
3239 499 3547 555 considera-

1979 602 2120 640 mus.
2152 587 2323 642 Mollis
2354 603 2477 643 cera
2509 598 2564 644 et
2595 588 2661 643 ad
2692 590 3027 645 formandum
3081 592 3270 659 facilis,
3299 593 3459 646 etiam
3507 592 3553 647 si

1980 676 2200 731 artiﬁcis
2230 687 2281 731 et
2302 678 2486 747 plasta:
2512 688 2726 734 cessent
2751 693 2940 734 manus
2953 681 3045 750 (c),
3073 691 3247 736 tamen
3276 698 3335 753 τῇ
3360 686 3553 748 δυνάμει

1984 776 2150 823 totum
2192 778 2313 835 est,
2346 769 2600 839 quidquid
2631 784 2752 824 esse
2805 782 3001 839 petcSt.
3033 772 3227 827 Paulus
3256 773 3549 842 Apostolus

1981 861 2050 915 ad
2081 861 2244 930 pedes
2272 861 2584 917 Gamalielis
2612 861 2782 931 legem
2808 860 2971 930 Moysi
2998 872 3051 915 ct
3079 862 3375 932 Prophetas
3421 863 3561 918 didi-

1982 953 2121 1007 cisse
2146 966 2206 1007 se
2233 952 2512 1022 gloriatur,
2544 959 2604 1006 ut
2627 952 2867 1007 armatus
2886 951 3253 1021 spiritualibus
3281 953 3422 1021 telis,
3469 968 3564 1023 po-

1983 1049 2094 1098 stea
2116 1042 2318 1098 diceret
2345 1042 2679 1098 conﬁdenter
2704 1061 2716 1096 :
2749 1060 2767 1093 ‹
2798 1044 2959 1097 Arma
2988 1042 3191 1097 militias
3213 1052 3430 1109 nostrai,
3458 1060 3564 1097 non

1982 1134 2217 1188 carnalia
2247 1143 2390 1199 sunt,
2449 1132 2551 1193 sed.
2585 1136 2823 1203 potentia
2868 1132 2999 1198 Dei,
3031 1133 3098 1188 ad
3142 1132 3564 1189 destructionem

1983 1222 2338 1276 munitionum
2364 1238 2376 1275 :
2403 1222 2639 1277 Concilia
2667 1223 3029 1289 destruentes,
3058 1232 3112 1278 et
3140 1236 3355 1278 omnem
3386 1223 3567 1277 altitu-

1984 1307 2163 1365 dinem
2190 1311 2538 1366 extollentem
2564 1326 2623 1366 se
2650 1312 2908 1368 adversus
2930 1314 3208 1368 scientiam
3240 1313 3332 1369 Dei
3358 1330 3372 1379 ;
3398 1321 3453 1368 et
3480 1327 3570 1367 ca-

1989 1400 2251 1469 ptivnntes
2282 1399 2374 1473 [al.
2408 1400 2782 1474 'captivantem]
2837 1417 3057 1459 omnem
3100 1404 3430 1459 intellectum
3454 1444 3468 1468 ,
3501 1402 3569 1457 ad

1987 1490 2342 1546 obedlcndum
2388 1490 2604 1547 Christo
2648 1501 2747 1548 :et
2789 1494 2958 1562 parati
3008 1494 3293 1563 subjugare
3323 1503 3568 1548 cunctam

1989 1583 2403 1637 iuobcdicntiam
2433 1601 2452 1634 ι
2486 1584 2573 1652 (4.
2609 1584 2729 1639 Cor.
2762 1584 2850 1639 10.
2889 1586 2942 1639 4.
2990 1585 3092 1657 5).
3123 1586 3204 1639 Ad
3231 1584 3570 1640 Timotheum

1988 1673 2193 1739 scribit,
2229 1674 2296 1729 ab
2327 1674 2547 1727 infantia
2580 1674 2749 1728 sacris
2780 1674 2976 1729 litteris
3005 1677 3271 1731 eruditum
3299 1693 3313 1742 ;
3361 1686 3415 1731 et
3441 1677 3571 1730 hor-

1992 1773 2133 1819 tatur
2161 1756 2231 1819 ad
2258 1764 2492 1819 studium
2520 1763 2788 1830 lectionis,
2829 1779 2895 1819 ne
2926 1766 3153 1837 negligat
3173 1768 3422 1836 gratiam,
3454 1782 3572 1837 qua:

1990 1856 2111 1912 data
2156 1856 2225 1911 sit
2268 1856 2318 1911 ei
2376 1872 2470 1926 per
2516 1848 2914 1927 impositionem
2969 1874 3158 1913 manus
3214 1860 3563 1933 Presbyterii.

1962 1946 2113 2002 .Tito
2168 1947 2439 2017 prtecipit,
2489 1956 2546 2002 ut
2578 1950 2716 2005 inter
2756 1960 2981 2006 etc-teras
3012 1951 3235 2007 virtutes
3272 1952 3521 2026 Episcopi
3553 1996 3569 2025 ,

1991 2053 2151 2108 quem
2202 2038 2349 2093 brevi
2400 2053 2650 2094 sermone
2703 2039 2988 2110 depinxit,
3046 2042 3325 2098 scientiam
3357 2060 3571 2116 quoque

1992 2128 2152 2197 eligat
2182 2126 2285 2199 [aL
2334 2128 2633 2200 intelligat]
2670 2128 3065 2200 Scripturarum
3102 2150 3114 2186 :
3153 2152 3170 2184 ς
3204 2132 3569 2206 Obtinentem,

1996 2219 2187 2287 inquit,
2233 2234 2354 2273 cum
2399 2220 2491 2288 qui
2545 2221 2840 2275 secundum
2886 2222 3183 2279 doctrinam
3228 2236 3330 2294 est,
3362 2228 3572 2289 ﬁdelem

1996 2323 2302 2365 sermonem
2328 2327 2343 2375 ;
2371 2320 2429 2365 ut
2454 2322 2646 2382 potens
2674 2313 2744 2366 sit
2767 2312 3036 2368 exhortari
3069 2316 3120 2370 in
3148 2316 3391 2373 doctrina
3420 2334 3570 2386 sana,

1996 2412 2049 2456 ct
2080 2399 2521 2457 contradicentes
2556 2403 2837 2459 revincere
2867 2424 2885 2456 ι
2920 2404 3095 2474 (Tim.
3145 2408 3197 2462 l.
3231 2409 3322 2475 9).
3376 2409 3571 2466 Sancta

1998 2493 2195 2563 quippe
2244 2485 2519 2549 rusticitas
2567 2495 2739 2549 solum
2787 2495 2887 2550 sibi
2934 2496 3267 2566 prodest:et
3319 2512 3577 2571 quantum

1999 2584 2223 2639 ardiﬁcat
2255 2600 2322 2640 ex
2373 2585 2496 2639 vita:
2527 2586 2720 2640 merito
2769 2585 3064 2642 Ecclesiam
3106 2588 3326 2657 Christi,
3371 2601 3577 2647 tantum

2000 2686 2176 2743 nocet,
2221 2679 2266 2731 si
2317 2678 2715 2733 destruentibus
2770 2692 2875 2733 non
2932 2682 3165 2736 resistat.
3228 2683 3307 2753 (ά)
3354 2685 3581 2756 Aggteus

2002 2768 2265 2838 Propheta
2297 2808 2312 2833 ,
2366 2769 2475 2823 imo
2522 2782 2618 2838 per
2664 2771 2917 2841 Aggmﬂm
2970 2772 3263 2841 Dominus,
3296 2755 3578 2847 interroga,

2000 2861 2093 2924 ait,
2129 2854 2428 2914 Sacerdotes
2484 2857 2666 2929 Legem
2722 2861 2879 2931 (Agg.
2910 2860 2993 2932 2).

2074 2950 2368 3005 Sacerdotis
2394 2928 2633 3020 o/ﬁcium.
2660 2928 2858 3017 Paulus
2888 2928 2979 3006 cur
3003 2968 3091 3008 vas
3116 2928 3391 3011 electioriis.
3423 2987 3495 2997 -
3525 2957 3585 3013 ln

2004 3050 2209 3097 tantum
2235 3040 2544 3097 Sacerdotis
2571 3032 2804 3096 ofﬁcium
2822 3052 2925 3106 est,
2944 3045 3325 3116 interrogatum
3356 3062 3585 3118 respon-

2002 3135 2133 3191 dere
2150 3132 2216 3189 de
2230 3134 2390 3211 Lege.
2414 3134 2477 3189 Et
2503 3135 2553 3188 in
2589 3133 3003 3191 Deuteronomio
3028 3136 3252 3209 legimus
3276 3157 3288 3194 :
3314 3139 3588 3213 lnterroya

2006 3236 2203 3297 patrem
2256 3236 2419 3301 tuum,
2462 3238 2508 3279 et
2557 3227 2876 3280 annuntiabit
2931 3227 3018 3281 tibi
3040 3242 3061 3292 ,°
3133 3230 3291 3301 273
3363 3232 3588 3288 seniores

2008 3329 2150 3384 tuos,
2180 3328 2227 3374 et
2252 3319 2418 3373 dicent
2448 3319 2537 3372 tibi
2586 3314 2764 3391 (Deut.
2800 3320 2889 3374 52.
2921 3322 2998 3391 7).
3036 3319 3091 3375 In
3124 3322 3336 3377 Psalmo
3375 3339 3588 3395 quoque

2006 3412 2300 3466 centesimo
2352 3410 2560 3465 decimo
2589 3418 2800 3465 octavo.
2830 3410 3118 3466 Cantabiles
3169 3413 3294 3467 mihi
3321 3424 3464 3467 erant
3502 3416 3585 3483 ius

2008 3496 2331 3571 sliﬁcationes
2355 3510 2485 3569 tum,
2536 3500 2589 3555 in
2634 3503 2744 3555 loco
2773 3503 3190 3572 peregrinationis
3222 3518 3345 3580 mea:
3373 3506 3444 3575 (υ.
3474 3505 3584 3576 54).

2012 3593 2074 3646 Et
2104 3586 2156 3645 in
2187 3590 2549 3662 descriptione
2571 3592 2701 3661 justi
2729 3594 2852 3657 viri,
2876 3606 2999 3648 cum
3051 3610 3175 3649 cum
3220 3595 3381 3650 David
3411 3596 3589 3651 arbori

2010 3685 2152 3746 vita),
2186 3698 2304 3752 qua:
2333 3691 2414 3736 est
2445 3682 2495 3735 in
2527 3682 2796 3752 paradiso,
2820 3696 3178 3752 compararet,
3209 3687 3347 3740 inter
3369 3695 3590 3740 caeteras

2012 3773 2236 3827 \irtulcs
2262 3781 2313 3826 ct
2358 3772 2457 3825 hoc
2486 3772 2663 3825 intulit
2691 3789 2702 3825 :
2727 3770 2793 3824 In
2821 3773 2929 3842 lege
2959 3772 3166 3826 Domini
3186 3775 3418 3827 voluntas
3447 3775 3589 3845 ejus:

2012 3873 2057 3916 et
2084 3864 2134 3915 in
2165 3862 2274 3929 lege
2302 3862 2411 3931 rjns
2432 3861 2755 3917 meditabitur
2784 3861 2867 3918 die
2908 3879 2968 3915 ac
2994 3873 3139 3916 nocte
3165 3863 3386 3934 (Psalrn.
3426 3868 3475 3918 l.
3498 3864 3577 3935 2).

2015 3953 2198 4008 Daniel
2235 3953 2286 4007 in
2322 3954 2424 4007 ﬁne
2457 3953 2834 4008 sacratissima:
2857 3953 3302 4025 Visionisjustos,
3340 3956 3434 4021 ait,
3470 3954 3575 4009 ful-

2012 4060 2137 4116 gerc
2175 4046 2314 4099 sicut
2349 4045 2565 4110 stellas;
2618 4053 2673 4099 et
2705 4046 3087 4116 intelligentes,
3117 4047 3219 4101 hoc
3247 4057 3328 4101 est
3353 4048 3540 4101 doctos
3572 4087 3586 4111 ,

2014 4139 2163 4209 quasi
2203 4138 2620 4192 ﬁrmamentum.
2649 4137 2809 4193 Vides
2845 4149 3100 4209 quantum
3127 4140 3265 4195 inter
3290 4155 3347 4195 se
3372 4140 3592 4207 distent,

2013 4232 2151 4301 justa
2175 4225 2462 4296 rusticitas,
2486 4240 2538 4286 et
2564 4230 2715 4287 docta
2739 4232 2978 4303 justitia?
3003 4232 3105 4289 Alii
3132 4232 3321 4302 stellis,
3343 4234 3431 4288 alii
3458 4235 3597 4291 cutio

2015 4335 2416 4395 comparantur.
2452 4323 2765 4395 Quanquam
2811 4326 2962 4395 juxta
3020 4326 3330 4384 llehraicam
3379 4327 3592 4382 Verita-

2019 4425 2148 4481 tem,
2174 4423 2459 4485 utrumque
2486 4412 2555 4470 de
2581 4415 2803 4470 eruditis
2846 4417 3013 4486 possit
3047 4417 3270 4484 intelligi
3299 4434 3311 4472 :
3342 4418 3411 4471 ita
3440 4417 3585 4471 enim

2018 4508 2158 4581 apud
2185 4523 2280 4564 eos
2325 4508 2550 4579 legimus
2576 4526 2589 4562 :
2618 4527 2636 4559 ι
2665 4509 2763 4576 Qui
2794 4517 2973 4562 autem
3000 4508 3140 4563 docti
3170 4508 3389 4573 fuerint,
3424 4507 3593 4579 fulge-

2018 4602 2149 4658 bunt
2179 4602 2330 4673 quasi
2355 4600 2609 4671 splendor
2637 4601 2957 4655 ﬁrmamenti
2990 4618 3003 4654 :
3030 4608 3085 4656 et
3128 4600 3215 4670 qui
3244 4600 3309 4654 ad
3334 4600 3593 4670 justitiam

2019 4694 2274 4749 erudiunt
2301 4693 2498 4746 multos
2524 4732 2537 4754 ,
2567 4691 2717 4761 quasi
2746 4691 2915 4744 stella:
2944 4691 2995 4744 iu
3023 4700 3310 4760 perpetuas
3327 4692 3599 4746 aeternita-

2021 4796 2102 4839 tes
2131 4804 2148 4836 ι
2179 4778 2339 4855 (Dan.
2377 4779 2463 4835 l2.
2494 4779 2568 4853 ὃ).
2597 4780 2707 4835 Cur
2738 4780 2934 4835 dicitur
2966 4778 3159 4836 Paulus
3187 4783 3475 4853 Apostolus
3505 4797 3600 4838 vas

2020 4871 2335 4928 electionis?
2362 4869 2718 4940 Nempequia
2754 4870 2822 4941 (ε)
2848 4872 2980 4942 legis
3011 4880 3066 4927 et
3109 4882 3416 4929 sanctarum
3456 4875 3602 4931 Scri-

2024 4977 2294 5038 pturarum
2333 4958 2620 5053 armarium
2651 4973 2754 5019 est.
2787 4964 3043 5022 Pharisaei
3070 4975 3287 5038 stupent
3313 4968 3379 5023 ad
3409 4969 3605 5025 doctri-

2085 5142 2156 5216 (ε)
2190 5141 2265 5192 AI.
2290 5139 2441 5216 latine
2462 5146 2625 5216 tamen
2636 5142 2805 5216 virtute
2824 5149 2971 5216 totum
2988 5151 3076 5207 est,
3101 5153 3197 5216 etc.
3218 5146 3329 5198 Mox
3347 5163 3438 5213 pro
3456 5151 3607 5216 Moysi

2022 5207 2217 5255 nomine
2242 5209 2350 5253 erat
2609 5205 2815 5255 Leviora
2839 5208 2963 5256 infra
2988 5205 3322 5260 emendamus.

2086 5268 2164 5330 (ιι)
2199 5265 3133 5332 Reatini_interpretisemendationem
3158 5274 3429 5332 sequimur,
3457 5282 3603 5323 antea

2023 5326 2156 5378 enim
2195 5338 2350 5397 penes
2380 5326 2574 5397 Erasui.
2595 5341 2665 5397 ac.
2689 5329 2910 5379 Martiau.
2940 5344 3050 5397 pro
3072 5326 3248 5397 Aggwi'
3269 5326 3463 5382 nomine
3488 5342 3610 5397 emt

2022 5387 2232 5453 utroque
2256 5387 2432 5453 inloco
2458 5388 2747 5453 Malacltias,
2774 5405 2919 5453 quam
2940 5387 3203 5441 lectioﬁéu
3229 5407 3405 5443 revera
3429 5393 3609 5443 sciolus

2023 5466 2119 5514 non
2144 5451 2296 5514 nemo
2310 5451 2529 5514 induxit,
2554 5453 2681 5512 quod
2706 5451 2890 5514 putarit
2912 5454 3026 5502 illud
3051 5453 3299 5502 Malachia:
3333 5467 3377 5501 c.
3403 5455 3454 5514 2.
3485 5469 3510 5501 v
3556 5456 3605 5501 7.

2023 5513 2210 5571 alludit,
2238 5530 2258 5557 ι
2279 5511 2423 5560 Labia
2448 5511 2721 5575 sacerdotis
2752 5515 3028 5563 custodient
3051 5516 3304 5562 scientiam
3321 5516 3340 5569 ',
3367 5522 3419 5561 et
3443 5513 3610 5575 legem

2022 5577 2283 5635 requirent
2306 5586 2366 5622 ex
2386 5585 2484 5635 pre
2510 5574 2634 5635 ejus,
2662 5591 2683 5617 ao
2710 5588 2818 5623 cum
2855 5577 2952 5623 sint
2976 5575 3075 5635 imo
3113 5575 3217 5622 haec
3251 5575 3425 5634 Aggwi
3467 5574 3515 5623 cI
3559 5574 3609 5623 2.

2031 5589 2082 5625 re
2117 5589 2283 5623 utran
2306 5589 2366 5622 ex
2394 5589 2484 5620 ore
2510 5589 2634 5635 ejus,
2662 5591 2683 5617 ao
2710 5589 2818 5623 cum
2855 5589 2952 5623 smt
2976 5589 3075 5622 uno
3113 5589 3217 5622 uuae
3251 5589 3425 5634 nggtrt
3467 5589 3511 5623 c.
3559 5589 3609 5623 2.

2031 5655 2054 5682 ι
2075 5589 2192 5686 ﬂasc
2228 5635 2347 5683 dicit
2383 5633 2618 5682 Dominus
2658 5637 2991 5692 exercitumu,
3028 5634 3283 5695 Interroga
3322 5634 3614 5685 sacerdotes

2025 5699 2208 5755 legem,
2232 5696 2418 5752 dicens,
2445 5712 2465 5735 η

2090 5753 2158 5821 (ει)
2197 5758 2394 5806 Frustra
2424 5755 2661 5821 Vit-torius
2681 5769 2761 5804 vas
2780 5753 2917 5816 (mis,
2941 5768 3053 5821 cum
3076 5767 3165 5821 pro
3189 5756 3396 5821 armario
3422 5768 3483 5804 co
3505 5755 3613 5821 loco

2030 5816 2107 5869 t'tts
2130 5816 2251 5868 Sllltll
2277 5823 2479 5867 CUllSlt'l.
2510 5817 2590 5863 Sic
2625 5820 2669 5863 itt
2711 5830 2789 5866 omo
2827 5824 2992 5865 δὶδαχτηλι
3025 5816 3215 5865 duobus
3240 5816 3406 5867 verbis
3427 5854 3440 5880 ,
3478 5819 3612 5881 quod

2498 5702 2591 5742 etc.
