4146 6336
570 424 672 480 διδ

568 548 684 589 nam
712 529 947 590 Domini;
981 535 1034 580 et
1074 524 1331 578 miramur
1378 522 1429 574 in
1474 520 1630 574 Petro
1674 528 1727 572 et
1752 517 1960 573 Joanne
1988 531 2124 587 quo-

565 624 720 676 modo
769 622 937 689 legem
997 616 1208 681 sciant,
1258 628 1380 668 cum
1426 613 1632 667 litteras
1676 627 1781 664 non
1824 602 1982 663 didici
2000 611 2128 663 rint.

561 710 824 781 Quidquid
849 710 992 764 enim
1021 707 1139 763 aliis
1161 705 1477 761 exercitatio
1502 712 1556 758 et
1575 702 1887 772 quotidiana
1910 702 1962 755 in
1990 701 2130 770 Lege

561 801 833 858 meditatio
864 799 1099 853 tribuere
1141 796 1311 861 solet,
1352 794 1456 848 illis
1486 792 1718 861 Spiritus
1745 790 1974 847 Sanctus
2002 805 2128 859 sug-

558 892 777 963 gerebat
809 908 824 945 :
853 898 908 945 et
934 898 1123 955 erant,
1156 887 1309 957 juxta
1348 884 1487 955 quod
1532 884 1791 954 scriptum
1826 891 1929 947 est,
1974 889 2128 934 amat-

559 986 744 1037 δακτοι.
802 978 1092 1035 Duodecim
1144 989 1314 1031 annos
1342 973 1589 1030 Salvator
1619 972 1959 1042 impleverat,
1988 980 2043 1025 et
2072 971 2124 1025 in

557 1069 778 1139 Temple
803 1082 962 1123 senes
981 1067 1049 1122 de
1070 1063 1453 1135 qumstionibus
1474 1061 1603 1131 legis
1639 1060 1991 1128 interrogans,
2017 1073 2129 1112 ma-

557 1160 640 1230 gis
666 1138 859 1226 docet:
876 1159 999 1215 dum
1029 1155 1322 1226 prudenter
1352 1155 1664 1222 interrogat.

634 1256 690 1309 4.
733 1253 844 1308 Nisi
892 1252 1029 1307 forte
1053 1249 1309 1304 rusticum
1346 1246 1583 1310 Petrum,
1614 1244 1870 1299 rusticum
1898 1242 2126 1296 dicimus

568 1351 858 1413 Joannem;
918 1358 1145 1415 quorum
1191 1349 1414 1409 uterque
1453 1338 1631 1392 dicere
1677 1343 1923 1405 poterat:
1963 1351 1980 1385 ι
2012 1333 2125 1386 Etsi

553 1439 831 1510 imperitus
845 1446 1114 1500 sermone,
1144 1446 1252 1485 non
1280 1438 1456 1485 tamen
1476 1425 1698 1482 scientia
1720 1443 1740 1475 ι
1771 1423 1850 1492 (‘2.
1882 1420 2002 1477 Cor.
2033 1422 2121 1475 ll.

550 1534 630 1603 6).
689 1531 921 1587 Joannes
966 1524 1223 1590 rusticus,
1271 1521 1523 1591 piscator,
1550 1515 1834 1571 indoctus?
1896 1513 1959 1567 Et
1986 1510 2125 1566 unde

552 1624 637 1679 illa
665 1638 763 1676 vox
788 1620 1012 1675 obsecro
1031 1658 1047 1682 ,
1082 1634 1101 1667 ι
1133 1614 1187 1668 In
1215 1610 1475 1682 principio
1501 1616 1618 1662 erat
1640 1606 1895 1685 Verbum,
1923 1613 1979 1658 et
2000 1602 2125 1658 Ver-

550 1716 673 1769 bum
702 1721 816 1768 erat
840 1708 977 1778 apud
998 1710 1187 1767 Deum,
1211 1713 1266 1758 et
1293 1703 1439 1756 Deus
1463 1707 1579 1754 erat
1601 1694 1865 1752 Verbum?
1890 1713 1908 1746 ι
1941 1692 2120 1764 (Joan.

549 1808 599 1859 Ι.
635 1806 713 1875 1.)
748 1811 896 1869 Δάνος
925 1800 1069 1855 enim
1115 1797 1301 1852 Grzrce
1347 1790 1513 1847 multa
1560 1786 1857 1857 significat;
1905 1798 2028 1838 nam
2069 1790 2123 1837 et

544 1899 762 1953 verbum
800 1902 904 1957 est,
957 1900 1013 1946 et
1040 1889 1201 1950 ratio,
1230 1895 1284 1941 et
1313 1882 1641 1952 supputatio,
1670 1888 1724 1934 et
1755 1892 1912 1932 causa
1936 1874 2123 1930 unius-
2155 1956 2167 1967 .

543 1990 799 2060 cujusque
843 1987 940 2051 rei,
966 1999 1064 2056 per
1084 1994 1241 2051 quam
1269 1986 1395 2033 sunt
1419 1974 1626 2045 singula
1653 1987 1771 2042 qum
1800 1969 2118 2025 subsistunt.

542 2083 673 2151 Qua:
699 2080 945 2134 universa
976 2082 1122 2130 recte
1150 2068 1491 2139 intelligimus
1519 2067 1570 2120 in
1596 2064 1830 2121 Christo.
1859 2061 1969 2116 Hoc
1993 2060 2121 2114 doc-

543 2183 628 2227 tus
653 2171 802 2226 Plato
825 2167 1049 2224 nescivit
1076 2182 1089 2219 :
1115 2163 1218 2218 hoc
1249 2157 1637 2216 Demosdtenes
1679 2155 1940 2229 eloquens
1968 2152 2118 2222 igno-

544 2264 701 2318 ravit.
758 2279 777 2312 ι
808 2257 1057 2321 Perdam,
1106 2253 1296 2323 inquit,
1341 2247 1656 2319 sapientiam
1699 2243 2039 2313 sapientium,
2066 2249 2120 2294 et

542 2350 876 2421 prudentiam
913 2345 1252 2417 prudentium
1283 2338 1581 2409 reprobabo
1604 2354 1622 2388 ι
1657 2335 1735 2404 (1.
1772 2331 1890 2389 Cor.
1922 2333 1973 2386 1.
2004 2330 2116 2398 19).

545 2442 680 2497 Vera
722 2438 980 2509 sapientia
1026 2434 1215 2505 perdet
1243 2432 1430 2485 falsam
1472 2425 1793 2497 sapientiam
1824 2439 1838 2475 :
1868 2431 1922 2476 et
1945 2435 2114 2491 quan-

540 2548 699 2602 quam
724 2530 946 2585 stultitia
976 2523 1370 2596 przedicationis
1400 2523 1452 2575 in
1476 2520 1647 2573 Cruec
1672 2517 1763 2582 sit,
1787 2525 1962 2570 tamen
1987 2514 2121 2567 Pan-

542 2625 626 2677 lus
675 2640 694 2673 ι
722 2619 1052 2689 Sapientiam
1096 2616 1331 2683 loquitur
1373 2611 1513 2664 inter
1557 2606 1847 2678 perfectos.
1894 2604 2120 2672 Sapien-

542 2716 670 2766 tiam
701 2719 881 2765 autem
910 2723 1014 2762 non
1048 2705 1226 2760 smculi
1258 2701 1436 2771 hujus,
1470 2714 1568 2753 nec
1598 2696 1897 2767 principum
1936 2692 2116 2747 sacenIi

542 2805 710 2866 lSllllS,
737 2802 811 2871 (η)
836 2800 925 2870 qui
949 2798 1331 2853 destruuntur:
1409 2788 1569 2862 274
1639 2786 1732 2843 sed
1761 2785 1993 2856 loquitur
2024 2783 2115 2837 Dei

541 2890 855 2963 sapientiam
880 2893 930 2943 in
955 2886 1209 2958 mysterio
1236 2880 1619 2942 absconditam,
1656 2892 1815 2945 quam
1845 2872 2119 2944 praedesti-

542 2986 685 3040 navit
709 2985 853 3039 Deus
874 2990 1002 3059 ante
1024 2977 1217 3034 smcula
1251 2995 1271 3028 ι
1303 2976 1379 3045 (Ι.
1411 2974 1528 3027 Cor.
1555 2970 1610 3024 2.
1640 2970 1716 3039 7).
1747 2969 1839 3023 Dei
1858 2966 2115 3037 sapientia

539 3080 783 3136 Christus
803 3087 905 3133 est.
928 3094 945 3127 ι
970 3073 1212 3129 Christus
1228 3069 1371 3125 enim
1403 3068 1496 3122 Dei
1516 3065 1702 3124 virtus,
1717 3071 1771 3118 et
1789 3060 1880 3116 Dei
1908 3060 2113 3129 sapien-

543 3173 613 3226 tia
634 3191 653 3223 ι
685 3170 846 3240 (Ibid.
872 3167 988 3237 24).
1024 3165 1149 3219 lltcc
1169 3160 1429 3229 sapientia
1453 3157 1505 3210 in
1528 3155 1783 3226 mysterio
1806 3150 2116 3206 abscondita

540 3270 626 3318 est
649 3279 662 3314 :
687 3262 755 3315 de
783 3275 884 3330 qua
911 3265 968 3315 et
994 3255 1121 3310 noui
1146 3250 1346 3309 Psalmi
1374 3248 1560 3304 titulus
1587 3251 1939 3317 prmnotatnr,
1976 3261 1994 3293 ι
2021 3256 2118 3309 pro

542 3352 763 3408 occultis
812 3350 902 3403 filii
937 3366 952 3402 :
991 3367 1010 3400 ι
1056 3347 1108 3399 ἰιι
1147 3358 1252 3413 (ιιιο
1278 3351 1403 3396 sunt
1429 3353 1618 3393 omnes
1645 3334 1879 3391 thesauri
1905 3333 2116 3402 sapien-

546 3446 631 3499 tia:
672 3452 727 3497 et
760 3440 996 3496 scientiae
1036 3433 1332 3492 absconditi
1366 3450 1380 3486 :
1412 3440 1466 3486 ct
1489 3428 1581 3499 qui
1612 3427 1665 3482 in
1712 3425 1965 3496 mysterio
1992 3422 2088 3475 abs

543 3535 788 3591 conditus
817 3538 951 3596 erat,
1002 3526 1408 3599 prredcstinatus
1434 3528 1521 3575 est
1546 3528 1671 3572 ante
1716 3516 1934 3571 smcula.
1975 3513 2118 3567 Prat-

544 3627 841 3682 destinatus
865 3631 1064 3683 autem,
1112 3627 1166 3673 et
1208 3613 1596 3685 pra-figuratus,
1631 3609 1681 3663 in
1725 3607 1866 3677 Lege
1895 3614 1948 3661 et
1987 3604 2118 3658 Pro-

546 3720 739 3790 phetis.
788 3715 939 3772 Unde
979 3722 1034 3769 et
1078 3709 1358 3779 Prophetm
1388 3704 1792 3776 appellabantur
1819 3699 2072 3756 Videntes
2102 3716 2116 3751 :

541 3809 664 3880 quia
725 3806 975 3862 videbant
1039 3818 1183 3868 eum,
1241 3813 1399 3870 quem
1452 3795 1631 3851 etcteri
1687 3809 1791 3847 non
1841 3790 2113 3845 videbant.

550 3920 569 3955 t
599 3901 863 3956 Abraham
887 3896 1173 3952 vidittlicm
1192 3893 1307 3961 ejus
1335 3907 1347 3943 ε
1379 3899 1432 3945 ct
1458 3890 1666 3942 lmtatus
1693 3893 1779 3940 est
1800 3903 1819 3935 ι
1853 3883 2030 3952 (Joan.
2061 3880 2114 3933 8.

544 3992 653 4063 56).
706 3989 1092 4061 Aperiebantur
1126 3984 1247 4039 εωΙί
1290 3978 1591 4042 Ezechieli;
1642 3976 1729 4044 qui
1774 3972 1969 4043 populo
1998 3985 2117 4039 pec-

544 4083 709 4139 catori
752 4088 927 4137 erant.
981 4096 1001 4129 ‹
1032 4076 1251 4138 Revela,
1284 4073 1456 4142 inquit
1497 4068 1682 4129 David,
1712 4066 1898 4119 oculos
1926 4077 2112 4117 meos:

543 4184 607 4229 et
622 4169 970 4228 considerabo
991 4165 1255 4221 mirabilia
1280 4164 1348 4217 de
1378 4162 1493 4229 lege
1522 4167 1609 4213 tua
1646 4176 1663 4209 ι
1698 4154 1819 4226 (Ps.
1850 4154 1973 4208 118.
2004 4151 2116 4221 18).

546 4266 658 4320 Lex
699 4264 841 4318 enim
875 4258 1165 4331 Spiritualis
1194 4264 1299 4318 est,
1327 4263 1381 4307 et
1416 4250 1744 4307 revelatione
1771 4254 1905 4317 opus
1931 4255 2032 4310 est,
2065 4253 2121 4299 ut

549 4355 892 4424 intelligatur,
926 4366 988 4405 ac
1018 4347 1253 4403 revelata
1276 4343 1409 4399 facie
1430 4342 1524 4396 Dei
1544 4340 1766 4410 gloriam
1794 4336 2122 4405 contemple-

548 4463 687 4503 mur.

617 4540 672 4594 5.
715 4537 874 4593 Liber
900 4535 953 4589 in
981 4528 1301 4602 Apocalypsi
1328 4534 1534 4597 septem
1556 4521 1744 4595 sigillis
1771 4520 2009 4591 signatus
2028 4534 2121 4574 os-

549 4630 784 4685 tenditur
823 4627 1009 4697 (Apoc.
1050 4626 1109 4693 5)
1140 4642 1152 4678 :
1196 4636 1356 4692 quem
1384 4619 1428 4673 si
1456 4616 1669 4673 dederis
1702 4614 1903 4670 homini
1933 4614 2121 4669 scienti

550 4722 776 4783 litteras,
804 4728 862 4771 ut
890 4718 1049 4784 legat,
1074 4711 1421 4783 respondebit
1458 4709 1552 4765 tibi
1582 4725 1596 4761 :
1622 4707 1736 4763 Non
1778 4721 2019 4777 possum,
2043 4704 2121 4759 si-

548 4820 740 4884 gnatus
768 4818 850 4865 est
875 4809 1041 4864 enim.
1078 4808 1269 4875 Quanti
1298 4805 1455 4859 hodie
1494 4811 1683 4874 putant
1707 4815 1766 4856 se
1792 4814 1950 4854 nosse
1980 4799 2121 4853 litte-

550 4918 659 4969 ras,
683 4911 738 4957 et
764 4909 947 4957 tenent
969 4900 1232 4969 signatmn
1256 4899 1486 4961 librum;
1520 4909 1618 4949 nec
1643 4893 1852 4963 aperire
1876 4899 2120 4962 possunt,

553 4995 655 5048 nisi
684 4993 775 5047 ille
800 4989 1122 5047 reseraverit
1166 5006 1186 5040 ι
1215 4987 1305 5057 qui
1339 4986 1501 5041 habet
1542 4986 1748 5039 clavem
1780 4982 1944 5037 David
1973 4999 1988 5037 :
2031 4983 2121 5052 qui

549 5085 744 5155 aperit,
763 5093 817 5140 et
833 5096 990 5137 nemo
1005 5080 1221 5144 claudit,
1237 5078 1435 5135 claudit
1456 5088 1505 5133 et
1528 5092 1685 5132 nemo
1699 5076 1932 5145 aperit?»
1959 5073 2121 5144 (Ibid.

550 5177 605 5231 '5.
631 5176 709 5246 7.)
748 5173 804 5228 In
850 5172 997 5228 Actis
1039 5170 1418 5240 Apostolorum
1454 5178 1670 5223 sanctus
1694 5164 1990 5228 eunuchus,
2016 5165 2123 5221 imo

553 5270 634 5324 vir
680 5267 793 5341 (sic
822 5266 966 5321 enim
995 5277 1116 5320 eum
1142 5261 1414 5331 Scriptura
1460 5258 1850 5329 cognominat),
1880 5270 1999 5312 cum
2044 5257 2127 5313 le-

556 5369 712 5431 geret
739 5359 950 5422 lsaiam,
980 5357 1340 5425 interrogatus
1364 5369 1392 5407 a
1419 5353 1665 5423 Philippo
1696 5369 1710 5405 :
1745 5371 1764 5403 c
1792 5351 2025 5407 Putasne
2047 5354 2127 5405 in-

553 5453 749 5523 telligis
788 5465 907 5522 qua:
948 5445 1125 5519 legis?
1148 5463 1166 5498 ι
1202 5443 1494 5515 respondit,
1531 5461 1550 5495 ι
1574 5442 1851 5512 Quomodo
1883 5456 2120 5513 possum,

557 5646 697 5695 unico
718 5646 897 5695 rectius
922 5643 1230 5707 exprimitur,
1250 5641 1624 5707 juxta__Apostoli
1647 5640 1804 5707 locum
1828 5638 1886 5688 ad
1907 5637 2117 5687 Thessa-

557 5707 696 5756 Ιοηίο.
720 5718 815 5769 hui;
840 5703 1066 5757 0to$i$¢iuol
1089 5719 1187 5769 lar!)
1211 5703 1358 5767 quem
1382 5703 1520 5752 Ιῐίιὲτ.
1544 5703 1730 5769 alludit.

619 5768 691 5828 (a)
727 5761 943 5817 Martiaa.
992 5776 1096 5829 post
1144 5761 1480 5829 I'Ira'smaiqua:
1524 5761 2118 5829 (lastrnmtr,_renuepte

558 5817 766 5889 Υιίῑέτιίο
790 5842 843 5877 ac
867 5817 1036 5877 Gm‘éu
1060 5837 1195 5878 textu
1212 5862 1225 5885 ι
1254 5837 1302 5877 et
1326 5817 1710 5889 Hi'erottytuianis
1734 5817 1978 5884 plerisque
2005 5817 2117 5866 Mss.

1870 403 2111 462 SANCTI
2141 405 2394 462 IIIERON
2406 404 2523 461 YMl

3714 420 3816 476 διν.

2240 517 2340 571 nisi
2370 518 2560 588 aliquis
2577 533 2662 574 me
2681 518 2959 576 docuerit?
2992 541 3009 574 ι
3039 522 3174 593 (Act.
3204 524 3282 595 8.)
3313 526 3441 595 Ego,
3466 537 3520 580 ut
3540 527 3606 581 de
3626 543 3711 584 me
3736 532 3818 584 in»

2239 609 2390 664 terim
2436 609 2645 678 loquar,
2686 625 2786 666 nec
2820 613 3057 668 sanctior
3095 628 3214 668 sum
3260 617 3361 670 hoc
3400 617 3668 683 eunucho,
3719 635 3816 675 nec

2235 698 2551 764 studiosior;
2595 701 2683 768 qui
2727 700 2795 756 de
2839 699 3140 772 jEtbiopia,
3190 704 3242 758 id
3293 714 3398 771 est,
3439 705 3508 760 de
3553 710 3816 764 extremis

2236 790 2418 845 mundi
2464 791 2655 845 finibus
2681 793 2827 846 venit
2854 794 2920 845 ad
2949 793 3252 861 Templum,
3282 795 3497 865 reliquit
3523 797 3699 852 aulam
3727 815 3811 853 re-

2233 882 2371 949 giam
2403 898 2416 933 :
2447 891 2501 934 et
2544 888 2720 936 tantus
2767 892 2974 936 amator
3026 882 3202 953 Legis,
3248 884 3549 957 divinzeque
3577 888 3814 943 scientia:

2233 971 2350 1040 fuit,
2386 975 2630 1027 utetiam
2668 972 2721 1027 in
2748 973 2995 1029 vehiculo
3018 989 3200 1030 sacras
3240 975 3448 1032 litteras
3485 978 3690 1048 legeret
3720 997 3732 1032 :
3760 990 3814 1035 et

2235 1068 2413 1115 tamen
2447 1075 2566 1115 cum
2615 1061 2807 1116 librum
2837 1071 3066 1130 teneret,
3091 1071 3148 1118 et
3195 1065 3358 1120 verba
3419 1067 3629 1122 Domini
3668 1070 3812 1140 cogi-

2233 1151 2434 1203 tatione
2458 1151 2790 1220 conciperet,
2815 1151 2992 1221 lingua
3016 1153 3272 1220 volveret,
3299 1154 3451 1210 labiis
3473 1169 3809 1226 personaret,

2231 1238 2504 1306 ignorabat
2531 1255 2677 1306 eum,
2718 1256 2875 1310 quem
2902 1242 2952 1294 in
2983 1241 3120 1296 libro
3157 1244 3404 1299 nesciens
3430 1246 3808 1302 venerabatur.

2231 1328 2389 1383 Venit
2429 1330 2726 1400 Philippus,
2756 1331 2993 1386 ostendit
3018 1332 3066 1387 ei
3096 1332 3302 1399 Jesum,
3329 1335 3417 1404 qui
3442 1336 3659 1391 clausus
3682 1337 3812 1391 late-

2228 1419 2319 1475 bat
2359 1422 2410 1476 in
2459 1422 2655 1477 littera.
2698 1422 2743 1477 Ο
2791 1424 2923 1477 mira
2946 1422 3181 1479 doctoris
3204 1426 3403 1480 virtus!
3450 1425 3650 1481 Eadem
3679 1427 3809 1482 hora

2226 1512 2396 1568 credit
2434 1513 2733 1579 eunuchus,
2758 1514 3076 1583 baptizatur,
3102 1515 3272 1571 ﬁdelis
3292 1525 3349 1571 et
3367 1527 3716 1583 sanetnsest;
3747 1516 3811 1575 ac

2226 1602 2293 1657 de
2319 1603 2580 1675 discipulo
2609 1605 2859 1675 magister
2886 1621 2901 1659 :
2932 1604 3049 1674 plus
3089 1606 3141 1660 in
3171 1605 3385 1661 deserto
3426 1607 3571 1663 fonte
3618 1608 3804 1664 Eccle-

2224 1691 2339 1756 siae,
2371 1709 2529 1763 quam
2559 1692 2611 1748 in
2644 1703 2829 1748 aurato
2855 1696 3140 1765 Synagoga:
3165 1694 3389 1766 Templo
3414 1697 3634 1766 reperit.
3810 1692 3817 1699 ’

2296 1782 2348 1838 6.
2382 1783 2507 1840 llaec
2532 1799 2561 1838 a
2590 1800 2678 1840 me
2700 1785 2978 1855 perstricta
2996 1796 3121 1841 sunt
3148 1787 3409 1843 breviter.
3452 1789 3609 1859 275
3684 1789 3803 1860 (ne-

2223 1891 2327 1947 quc
2352 1877 2492 1934 enim
2512 1877 2828 1948 Epistolaris
2847 1880 3089 1951 angustia
3106 1879 3318 1950 evagari
3342 1879 3551 1950 longius
3571 1882 3805 1949 patieba-

2223 1968 2333 2043 tur)
2353 1980 2409 2024 ut
2435 1970 2761 2042 intelligeres
2789 1980 2841 2026 te
2867 1972 2920 2026 in
2942 1971 3231 2041 Seripturis
3254 1972 3475 2038 sanctis,
3508 1973 3624 2028 sine
3663 1989 3802 2044 pra:-

2222 2061 2310 2114 vio
2334 2069 2390 2116 et
2416 2072 2748 2116 monstrante
2768 2063 3035 2125 semitam,
3065 2078 3170 2116 non
3195 2078 3351 2132 posse
3379 2062 3605 2132 ingredi.
3630 2063 3804 2117 Tacen

2222 2151 2289 2207 de
2316 2151 2711 2218 Grammaticis,
2734 2153 3078 2220 Rhetoribus,
3100 2152 3458 2223 Philosopbis,
3482 2152 3798 2220 Gcomclris,

2225 2248 2544 2311 Dialecticis,
2570 2247 2808 2314 Musicis,
2834 2249 3193 2317 Astronomis,
3219 2250 3536 2320 Astrologis,
3561 2252 3797 2319 Medicis,

2220 2353 2446 2409 quorum
2479 2337 2701 2394 scientia
2752 2339 3067 2395 mortalibus
3115 2340 3199 2395 vel
3244 2341 3526 2396 utilissima
3577 2352 3679 2409 est,
3746 2353 3803 2398 et.

2221 2429 2274 2483 in
2306 2439 2413 2484 tres
2443 2438 2621 2498 partes
2657 2429 2938 2496 scinditur,
2971 2428 3047 2502 (b)
3076 2439 3129 2484 τὸ
3156 2435 3326 2497 δὸγμα,
3350 2444 3434 2490 τὴν
3457 2437 3666 2499 μέθοδον,
3716 2447 3800 2494 τὴν

2219 2529 2483 2591 ιμπιιριαν.
2551 2520 2631 2574 Ad
2680 2520 2917 2575 minores
2960 2528 3105 2576 artes
3148 2521 3382 2587 veniam,
3428 2530 3483 2577 ct
3529 2538 3647 2593 quae
3692 2538 3800 2578 nou

2222 2619 2328 2664 tam
2371 2620 2521 2680 λογῳ,
2569 2626 2728 2680 quam
2771 2628 2930 2665 manu
2973 2611 3431 2666 administrantur.
3497 2613 3794 2684 Agricolar,

2219 2703 2567 2768 crementarii,
2598 2701 2755 2767 fabri,
2788 2703 3151 2769 metallorum,
3182 2704 3511 2773 lignorumvc
3539 2719 3792 2769 cmsores,

2221 2792 2403 2846 lanarii
2447 2807 2661 2861 quoque
2691 2801 2745 2846 et
2779 2791 3029 2857 fullones,
3063 2800 3118 2847 et
3145 2794 3325 2848 cmteri
3352 2794 3440 2863 qui
3469 2794 3667 2847 variam
3702 2810 3798 2847 su-

2220 2882 2538 2951 pellectilem
2570 2891 2625 2937 et
2654 2883 2774 2935 vilia
2803 2883 3055 2951 opuscula
3095 2882 3438 2949 fabricantur,
3461 2883 3661 2953 absque
3698 2884 3797 2937 do-

2218 2982 2367 3027 ctore
2416 2988 2520 3027 non
2569 2983 2797 3043 possunt
2824 2989 2944 3029 esse
2969 2973 3110 3043 quod
3136 2975 3373 3044 cupiunt.
3410 2992 3429 3024 ‹
3457 2973 3606 3040 Quod
3633 2973 3797 3028 Medi~

2217 3081 2400 3121 corum
2430 3074 2534 3130 est,
2574 3084 2592 3117 ι

2291 3178 2602 3233 Promittant
2635 3179 2843 3242 Medici,
2873 3188 3089 3261 tractant
3115 3180 3321 3250 fabrilia
3348 3180 3501 3251 fabri.

2788 3270 2997 3339 (Horat.
3035 3273 3199 3343 Epist.
3233 3272 3321 3328 lib.
3351 3275 3402 3328 l.
3436 3272 3597 3344 Epist.
3628 3274 3699 3343 1).

2293 3408 2346 3461 7.
2374 3405 2493 3459 Sola
2515 3404 2909 3473 Seripturarum
2936 3419 3025 3459 ars
3048 3414 3153 3472 cst,
3178 3420 3336 3474 quam
3358 3405 3457 3460 sibi
3480 3420 3665 3460 omnes
3686 3419 3797 3476 pas-

2219 3498 2319 3553 sim
2353 3496 2642 3550 vindicant.

2288 3606 2567 3662 Scribimus
2595 3603 2805 3673 indocti,
2825 3605 3058 3677 doctique
3084 3616 3313 3677 poemata
3346 3607 3551 3662 nauita.

3482 3719 3689 3792 (lbid.).

2291 3833 2435 3888 llane
2473 3832 2683 3905 garrula
2731 3846 2886 3897 anus,
2935 3831 3074 3889 hanc
3110 3833 3313 3889 delirus
3341 3848 3523 3896 senex,
3551 3832 3688 3887 hanc
3714 3846 3803 3887 so-

2223 3924 2393 3992 phista
2425 3924 2705 3988 verbosus,
2733 3922 2870 3976 hanc
2896 3924 3130 3979 universi
3162 3933 3509 3992 prtesnmunt,
3540 3922 3797 3986 lacerant,

2220 4017 2432 4082 docent,
2483 4026 2772 4085 antequam
2821 4014 3053 4072 discant.
3088 4016 3191 4070 Alii
3223 4015 3452 4070 adducto
3479 4014 3798 4082 supercilio,

2219 4110 2437 4181 grandia
2468 4109 2634 4164 verba
2661 4108 3001 4174 trutinantes,
3027 4109 3166 4163 inter
3187 4107 3529 4163 mulierculas
3548 4105 3616 4160 de
3636 4104 3801 4159 sacris

2223 4202 2412 4257 litteris
2454 4201 2917 4272 philosomtautur.
2969 4201 3071 4255 Alii
3118 4200 3349 4264 discunt,
3390 4197 3522 4267 proh
3553 4196 3743 4266 pudor,
3771 4210 3801 4249 a

2223 4293 2456 4358 feminis,
2487 4292 2628 4363 quod
2660 4293 2804 4345 viros
2837 4291 3067 4346 doceant
3112 4309 3128 4344 :
3176 4301 3229 4344 et
3271 4305 3340 4344 ne
3369 4303 3553 4359 parum
3585 4287 3686 4340 hoc
3711 4286 3800 4350 sit,

2222 4385 2448 4454 quadam
2511 4383 2763 4439 facilitate
2807 4383 3118 4442 verborum.
3166 4382 3273 4436 imo
3328 4380 3546 4434 audacia
3597 4378 3801 4433 edisse-

2162 4466 2165 4477 ’
2218 4487 2348 4541 runt
2376 4477 2515 4542 aliis,
2547 4476 2687 4546 quod
2720 4475 2819 4546 ipsi
2850 4490 2957 4529 non
3002 4474 3323 4543 intelligunt.
3369 4472 3544 4527 Taceo
3587 4471 3656 4524 de
3699 4466 3805 4522 mei

2224 4572 2507 4637 similibus,
2558 4570 2647 4640 qui
2691 4569 2737 4623 si
2783 4567 2921 4622 forte
2964 4568 3029 4621 ad
3071 4567 3376 4636 Scripturas
3412 4573 3655 4628 sanctas,
3689 4567 3807 4630 post

2227 4664 2512 4718 saeculares
2557 4663 2764 4717 litteras
2812 4660 3090 4724 venerint;
3139 4666 3194 4713 et
3234 4672 3485 4713 sermone
3511 4654 3805 4724 composito

2234 4770 2414 4809 aurem
2462 4752 2643 4823 populi
2688 4751 2988 4813 mulserint,
3018 4749 3274 4819 quidquid
3313 4748 3559 4810 dixerint,
3598 4747 3697 4799 hoc
3727 4744 3805 4799 le-

2229 4862 2350 4917 gem
2381 4847 2471 4900 Dei
2501 4852 2685 4915 putant
2714 4861 2726 4896 :
2761 4856 2861 4896 nec
2905 4831 3043 4895 scire
3079 4841 3388 4909 dignantur,
3418 4836 3545 4908 quid
3574 4835 3808 4902 Ρτοιιιιο‹

2230 4950 2318 5003 tze,
2363 4936 2492 5008 quid
2537 4934 2780 5005 Apostoli
2825 4932 3123 4992 senserint;
3167 4932 3261 4986 sed
3311 4930 3376 4983 ad
3406 4942 3625 4984 sensum
3654 4941 3808 4980 suum

2228 5031 2519 5099 incongrua
2565 5033 2751 5096 aptant
2796 5023 3134 5087 testimonia;
3175 5022 3327 5092 quasi
3372 5020 3575 5092 grande
3616 5020 3718 5082 sit,
3760 5026 3812 5071 et

2229 5136 2334 5175 non
2381 5117 2782 5172 vitiosissimum
2805 5112 3033 5167 docendi
3060 5128 3250 5182 genus,
3278 5112 3571 5182 depravare
3595 5118 3812 5164 senten-

2231 5213 2353 5276 tias,
2384 5220 2438 5264 et
2479 5207 2546 5262 ad
2587 5206 2915 5258 voluntatem
2944 5217 3093 5257 suam
3124 5203 3452 5272 Scripturam
3484 5201 3697 5255 trahere
3723 5214 3809 5252 re-

2229 5309 2574 5373 pugnantem.
2623 5295 2785 5363 Quasi
2815 5308 2921 5348 non
2950 5295 3259 5364 legerimus,
3292 5295 3809 5353 Homerocentunas,

2229 5403 2282 5447 et
2328 5389 2806 5459 Virgilioccntonas
2839 5402 2854 5438 :
2883 5398 2945 5438 ac
2972 5399 3078 5439 non
3107 5384 3185 5440 sic
3209 5385 3368 5439 etiam
3399 5383 3669 5437 Maronem
3698 5381 3813 5435 sine

2228 5483 2444 5540 Christo
2466 5480 2732 5550 possimus
2757 5475 2937 5531 dicere
2959 5475 3352 5540 Christianum,
3381 5474 3474 5544 qui
3500 5470 3811 5542 scripserit:

2292 5637 2363 5698 (1i)
2396 5632 2619 5698 subdunt
2647 5629 2730 5698 _de
2761 5640 2897 5676 more
2920 5629 3217 5698 vetustiores
3241 5627 3361 5698 editi
3392 5626 3676 5698 et‘qnlida‘m.
3695 5625 3794 5675 Mss

2229 5686 2624 5748 ιῖιὼὸλικνόριιιῐι
2647 5691 3095 5752 interpretationem
3118 5690 3261 5747 hanc,
3284 5688 3337 5737 id
3353 5686 3793 5752 estinaocfrinam

2228 5759 2487 5813 ratimmn,
2512 5760 2557 5804 et
2582 5764 2748 5809 usum;
2773 5747 2855 5812 qui
2882 5752 3026 5798 etiam
3050 5764 3160 5800 mox
3187 5763 3295 5798 cum
3320 5749 3570 5813 plerisque
3594 5747 3702 5796 aliis
3726 5759 3808 5809 pro

2229 5832 2321 5882 λόγῳ
2343 5819 2524 5866 habent
2549 5814 2727 5877 lingua.
