4146 6336
380 358 480 417 513

444 468 562 522 Iam
589 466 716 520 redit
746 474 790 520 et
818 464 983 533 virgo,
1014 462 1220 515 redeunt
1250 461 1493 515 Saturnia
1520 477 1688 530 regna.

440 558 561 612 Jam
589 572 715 611 nova
738 555 997 625 progenies
1023 553 1146 607 caa'o
1176 552 1453 606 demittitur
1478 552 1602 604 alto.

1297 660 1510 733 (Virgil.
1546 660 1720 731 Ectog.
1752 659 1830 729 ιι).

371 778 531 851 276
600 776 668 830 Ει
698 782 899 845 patrem
930 773 1232 843 loquentem
1262 771 1329 826 ad
1361 771 1549 835 lilium,

440 869 576 923 Nate
592 909 609 934 ,
638 882 761 922 mea:
784 867 912 921 vires
929 905 945 933 ,
973 882 1084 920 mea
1106 881 1289 936 magna
1317 865 1539 934 potentia
1563 864 1719 919 solus.

370 981 434 1035 Et
461 988 577 1051 post
606 979 766 1034 verba
793 978 1081 1034 Salvatoris
1107 978 1161 1033 in
1186 991 1366 1033 cruce.

439 1091 586 1147 Talia
624 1091 876 1161 perstabat
906 1105 1230 1155 memorans,
1271 1089 1500 1158 ﬁxusque
1538 1087 1789 1141 manebat.

432 1203 662 1259 Pucrilia
703 1214 829 1258 sunt
871 1202 1005 1270 hate,
1049 1209 1105 1258 et
1132 1201 1507 1256 circulatorum
1538 1199 1663 1254 ludo
1708 1197 1926 1261 similia,

360 1292 554 1348 docere
581 1292 721 1363 quod
767 1293 978 1362 ignores
1033 1341 1039 1347 .
1085 1293 1213 1358 imo,
1260 1299 1318 1344 ut
1365 1305 1484 1345 cum
1521 1288 1797 1343 stomacho
1847 1287 1927 1340 lo-

359 1397 508 1453 quar,
543 1397 610 1438 ne
642 1384 742 1438 hoe
769 1383 983 1452 quidem
1014 1383 1151 1438 scire
1173 1382 1313 1451 quod
1341 1381 1570 1437 nescias.

427 1472 480 1528 8.
523 1472 784 1528 Videlicet
810 1472 1239 1528 manifestissima
1267 1482 1351 1527 est
1377 1471 1621 1536 Genesis,
1653 1471 1703 1523 in
1731 1484 1831 1538 qua
1861 1468 1928 1523 de

360 1575 544 1620 natura
583 1564 790 1630 mundi,
821 1565 890 1620 de
918 1565 1140 1620 exordio
1182 1565 1391 1635 generis
1435 1562 1671 1625 humani,
1701 1562 1768 1616 de
1793 1560 1928 1614 divi-

355 1658 507 1713 sione
535 1667 709 1721 terrze.
741 1657 816 1729 (a)
842 1657 909 1713 de
932 1656 1246 1713 confusione
1272 1656 1589 1726 linguarum,
1623 1662 1674 1709 et
1700 1654 1925 1710 descen-

356 1748 504 1803 sione
545 1763 712 1818 usque
755 1747 823 1803 ad
867 1747 1178 1820 Egyptum,
1227 1747 1398 1818 gentis
1427 1746 1678 1802 scribitur
1709 1745 1925 1801 Hebrae-

354 1853 526 1892 orum.
550 1838 701 1892 Patet
722 1837 937 1892 Exodus
956 1852 1078 1892 cum
1095 1837 1278 1892 decem
1295 1835 1486 1907 plagis,
1509 1850 1628 1891 cum
1646 1835 1921 1905 decalogo,

347 1945 469 1986 cum
492 1931 727 2002 mysticis
751 1925 1052 2000 divinisque
1095 1928 1378 1999 praeceptis
1448 1926 1505 1981 In
1551 1936 1801 1997 promptu
1841 1936 1924 1981 est

354 2022 612 2076 Leviticus
637 2022 792 2089 liber,
826 2022 877 2076 in
921 2035 1030 2091 quo
1055 2021 1261 2091 singula
1319 2019 1604 2086 sacrificia,
1662 2019 1770 2073 imo
1808 2018 1920 2072 sin-

348 2114 485 2181 gulm
529 2127 663 2181 pene
712 2111 953 2182 syllabae,
999 2120 1054 2166 et
1096 2120 1273 2166 vestes
1303 2113 1507 2175 Aaron,
1536 2120 1591 2164 et
1621 2116 1762 2164 totus
1789 2107 1924 2163 ordo

349 2201 632 2268 Leviticus,
665 2202 869 2270 spirant
894 2202 1128 2257 cmlestia
1150 2209 1503 2255 sacramenta.
1526 2199 1741 2253 Numeri
1766 2213 1918 2266 vero,

348 2307 523 2346 nonne
573 2292 733 2346 totius
773 2290 1145 2356 arithmeticae,
1185 2298 1241 2345 et
1266 2288 1568 2359 Prophetiae
1595 2287 1831 2355 Balaam,
1867 2298 1923 2343 et

342 2383 690 2454 quadraginta
716 2382 939 2437 duarum
968 2396 1065 2452 per
1091 2394 1330 2436 cremum
1359 2379 1691 2434 mansionum
1722 2387 1922 2450 myste-

344 2473 420 2526 ria
449 2472 764 2528 continent?
807 2471 1271 2526 Deutcronomium
1316 2482 1530 2539 quoque
1551 2468 1784 2525 secunda
1810 2470 1913 2535 lex,

339 2574 394 2620 et
436 2564 771 2635 Evangelicm
800 2563 932 2633 legis
959 2562 1334 2632 praetiguratio,
1364 2575 1543 2617 nonne
1566 2562 1647 2617 sic
1668 2577 1732 2617 ea
1759 2560 1919 2617 habet

338 2670 460 2725 quae
504 2656 684 2725 priora
710 2663 856 2722 sunt,
888 2666 945 2710 ut
976 2664 1152 2710 tamen
1185 2669 1319 2709 nova
1344 2654 1452 2708 sint
1474 2653 1656 2708 omnia
1680 2654 1747 2709 de
1771 2662 1918 2709 vete-

335 2745 527 2800 ribus?
566 2746 645 2815 (b)
678 2745 961 2814 fluensque
990 2744 1386 2799 Pentateuchus
1415 2760 1429 2798 :
1460 2743 1655 2813 quibus
1681 2743 1914 2813 quinque

334 2836 516 2892 verbis
560 2837 639 2906 (l.
679 2836 797 2891 Cor.
844 2837 931 2891 14.
974 2836 1095 2907 19)’,
1122 2835 1265 2904 loqui
1295 2850 1355 2890 se
1383 2836 1519 2890 velle
1547 2835 1831 2905 Apostolus
1861 2836 1912 2888 in

338 2926 576 2983 Ecclesia
622 2926 900 2996 gloriatur.
949 2925 1020 2996 (ε)
1052 2924 1152 2980 Job
1179 2924 1454 2995 exemplar
1480 2924 1767 2996 patientire,
1794 2941 1913 2995 qua:

337 3036 443 3077 non
472 3019 724 3090 mysteria
752 3032 849 3074 suo
875 3031 1126 3073 sermone
1148 3016 1556 3087 complectitur?
1579 3017 1745 3072 Prosa
1776 3017 1911 3071 inci-

338 3111 435 3182 pit,
466 3124 625 3166 versu
656 3109 870 3177 labitur,
903 3108 1139 3178 pedestri
1166 3122 1415 3163 sermone
1441 3107 1621 3163 finitur
1654 3126 1667 3163 :
1694 3123 1912 3163 omnes-

337 3218 439 3273 que
468 3201 611 3272 leges
635 3200 945 3265 dialecticzc,
970 3199 1355 3270 pr0positione,
1382 3199 1767 3269 assumptione,
1791 3214 1913 3255 con-

340 3291 652 3358 firmatione,
704 3291 1048 3346 conclusione
1090 3289 1430 3347 determinat.
1482 3289 1701 3361 Singula
1746 3292 1796 3346 in
1844 3308 1910 3348 eo

338 3384 493 3440 verba
523 3384 680 3453 plena
707 3389 833 3438 sunt
861 3382 1126 3438 sensibus.
1163 3382 1252 3449 Et,
1280 3389 1339 3436 ut
1365 3381 1434 3437 de
1463 3384 1670 3438 catteris
1699 3383 1907 3448 sileam,

340 3476 785 3533 resurrectionem
811 3489 1095 3544 corporum
1118 3474 1197 3529 sic
1223 3472 1534 3544 prophetat;
1570 3482 1626 3528 ut
1648 3474 1822 3528 nullus
1843 3475 1910 3531 de

337 3583 405 3625 ea
440 3568 523 3624 vel
545 3565 899 3632 manifestius,
926 3565 1011 3620 vel
1033 3564 1239 3619 cautius
1259 3565 1536 3635 scripserit
1563 3582 1577 3619 :
1605 3583 1624 3618 ι
1654 3564 1799 3631 Scio,
1825 3567 1906 3620 iu-

338 3662 468 3733 quit,
493 3659 633 3732 quod
660 3658 969 3727 redemptor
997 3670 1149 3712 meus
1178 3656 1328 3722 vivit,
1356 3664 1409 3710 et
1433 3656 1486 3710 in
1510 3655 1799 3711 novissimo
1823 3656 1910 3713 die

340 3751 404 3807 de
429 3758 568 3806 terra
591 3756 995 3805 resurrecturus
1025 3759 1159 3800 sumi
1181 3763 1194 3799 :
1220 3754 1275 3799 et
1299 3758 1509 3799 rursum
1535 3744 1910 3800 circumdabor

340 3842 474 3912 pelle
516 3854 667 3905 mea;
699 3849 752 3894 et
780 3837 832 3892 in
860 3851 1023 3892 carne
1051 3851 1168 3891 mea
1195 3835 1389 3890 videbo
1419 3835 1607 3890 Deum.
1631 3834 1798 3902 Quem
1827 3836 1907 3890 vi-

337 3947 489 3989 surus
524 3945 640 3987 sum
680 3944 781 4000 ego
808 3929 944 3998 ipse,
988 3936 1043 3982 et
1073 3926 1211 3982 oculi
1248 3925 1353 3981 mei
1378 3926 1713 3995 conspecturi
1741 3934 1866 3981 sunt
1888 3968 1904 3994 ,

335 4032 388 4079 et
413 4037 517 4078 non
533 4022 690 4077 alius.
711 4018 962 4089 Reposita
982 4024 1064 4072 est
1082 4017 1195 4071 haec
1221 4029 1345 4084 spes
1371 4030 1488 4070 mea
1510 4014 1560 4069 in
1587 4014 1705 4070 sinu
1735 4030 1855 4071 meo
1883 4035 1901 4068 ι

338 4111 471 4184 (Job.
492 4110 578 4166 t9.
594 4110 682 4166 25.
697 4109 789 4179 26)
802 4151 814 4164 .
832 4107 1055 4163 Veniam
1070 4105 1137 4161 ad
1154 4105 1333 4161 Jesum
1352 4104 1513 4172 Nave,
1530 4104 1619 4176 qui
1641 4114 1796 4178 typus
1813 4106 1908 4160 Do-

339 4203 461 4258 mini
483 4217 586 4258 non
610 4202 780 4257 solum
800 4202 853 4254 in
875 4199 1061 4269 gestis,
1079 4199 1172 4255 sed
1190 4198 1350 4253 etiam
1367 4198 1419 4252 in
1442 4199 1676 4263 nomine,
1743 4199 1900 4268 277

337 4296 541 4349 transiit
580 4292 890 4358 Jordanem,
932 4289 1165 4345 hostium
1210 4302 1372 4359 regna
1402 4286 1682 4353 subvertit,
1721 4287 1904 4343 divisit

391 4427 463 4490 (η)
484 4427 568 4490 γΑά
591 4426 777 4476 Erasmi
801 4423 1049 4490 ingenium
1072 4424 1241 4474 Editor
1256 4421 1713 4490 Benedictinus,_gie
1735 4424 1901 4487 con/n-

332 4483 457 4558 sioité
473 4489 747 4551 linguarum
768 4492 814 4558 et
835 4483 1043 4558 gentium
1057 4521 1071 4546 ,
1092 4498 1239 4558 usque
1254 4486 1320 4558 ad
1342 4483 1527 4558 emittm:
1547 4483 1774 4558 scribitur
1804 4483 1902 4535 ile-

332 4546 566 4601 (ineorum
585 4563 601 4608 ;
621 4562 750 4609 cum,
770 4553 824 4596 ut
840 4546 1085 4597 Victorius
1098 4546 1459 4609 animadvertit,
1482 4546 1647 4609 exitus
1664 4546 1900 4609 Hebraeo-

331 4623 436 4660 rum
455 4625 517 4662 ex
542 4606 750 4672 [Egypto
769 4622 864 4658 non
883 4609 1047 4672 statim
1065 4623 1092 4656 a
1113 4607 1316 4672 Genesi,
1337 4606 1427 4656 sed
1449 4606 1731 4672 tttu_lta_post
1745 4607 1898 4657 Exodi

332 4672 539 4735 Capitula
563 4667 889 4735 describatur.
916 4670 1095 4735 Veram
1132 4668 1394 4735 lectionem
1435 4681 1500 4735 ex
1523 4667 1746 4730 Vulgatis
1781 4677 1898 4719 ante

330 4729 439 4782 ann.
465 4734 601 4783 1500.
627 4732 802 4782 eodem
827 4732 1035 4793 Victorio
1060 4737 1111 4779 et
1133 4729 1248 4778 Mss.
1274 4730 1596 4793 reposuimus.

387 4796 458 4858 (b)
492 4794 631 4858 Apud
653 4794 919 4858 plerosque
941 4792 1098 4858 editos
1118 4789 1415 4858 ignotisque
1427 4798 1610 4858 Moyses
1626 4826 1639 4845 .
1655 4789 1898 4858 litterisque

335 4851 690 4907 Ρεὶιίαιειὶεὴιιὶ.
739 4851 895 4903 Porro
926 4852 1096 4901 alludit
1124 4851 1699 4913 HieronymusApostoli
1741 4851 1897 4901 locum

330 4929 475 4977 quem
513 4917 869 4973 adnotavimus,
894 4916 979 4977 ubi
1002 4913 1053 4963 in
1076 4911 1289 4963 Ecclesia
1302 4911 1325 4971 ,ἡ
1343 4912 1527 4972 inquit,
1551 4911 1654 4977 voto
1689 4913 1897 4977 quinque

330 4970 467 5030 verba
487 4991 629 5030 sensu
649 4989 756 5027 meo
777 4970 922 5038 loqui,
942 4987 1051 5037 qua:
1075 4978 1311 5038 exsensa
1334 4970 1558 5038 vetfrum
1581 4970 1793 5038 aliorum
1806 4970 1897 5022 Pa-

329 5043 455 5089 trum
477 5042 687 5104 mystiee
698 5032 1075 5104 interpretatur,
1096 5037 1154 5084 ad
1176 5036 1392 5096 quinque
1406 5032 1728 5082 Pentateuchi
1749 5035 1898 5083 libros

330 5096 546 5165 quinqué
570 5099 711 5165 Paeti
734 5096 887 5165 vertis
908 5096 1156 5165 referens:-

391 5153 478 5225 (c)‘
495 5162 631 5223 Quod
657 5161 808 5224 Moysi
832 5159 970 5209 libris
989 5158 1101 5226 _Jobi
1124 5155 1374 5207 historiam
1398 5155 1617 5226 progime
1637 5153 1863 5226 subjiciat
1877 5191 1892 5213 ,

328 5215 593 5288 qufe'juita
616 5215 844 5273 veterum
871 5220 1088 5288 omnium
1121 5230 1364 5288 canonent
1381 5215 1434 5267 et
1462 5215 1892 5288 Hieronymianuat

330 5277 483 5345 ipsum
497 5292 778 5335 constanter
794 5288 901 5345 post
923 5281 1193 5345 Prophetas
1211 5280 1261 5326 in
1276 5277 1695 5345 Agiographorum
1718 5277 1895 5345 ordine

331 5338 636 5405 recensetur,
660 5345 754 5393 nisi
775 5338 817 5393 si
839 5338 1035 5405 laxatus
1054 5347 1131 5405 est
1154 5338 1287 5389 locus
1313 5338 1738 5405 iste'lihrariorum
1764 5339 1894 5405 incu-

328 5408 415 5471 ria,
441 5400 674 5471 perquam
696 5403 960 5471 probabilis
1002 5403 1126 5471 ratio
1147 5410 1240 5471 est,
1264 5401 1392 5471 quod
1416 5400 1637 5463 ejusdem
1656 5402 1890 5471 auctoris,

329 5463 516 5519 sive'ab
535 5463 713 5519 eodeni
745 5464 1262 5533 Moysegcouscriptu‘m
1300 5463 1473 5511 librum
1508 5473 1620 5511 esse
1653 5464 1892 5533 senserit,

329 5542 436 5591 qua;
459 5542 554 5580 nec
574 5522 840 5591 paucoruui'
858 5531 940 5591 est
955 5537 1020 5591 ea
1042 5522 1268 5585 antiquis,
1293 5535 1387 5572 nec
1403 5536 1435 5591 εδ
1458 5535 1575 5591 vero
1588 5522 1790 5572 multum
1809 5524 1894 5591 ab-

332 5584 497 5642 horret
517 5584 780 5641 sententia.
807 5584 944 5645 Quod
963 5588 1002 5633 si
1027 5598 1114 5646 pro
1138 5584 1371 5645 germana
1403 5584 1643 5634 habeatur
1665 5586 1894 5646 superius

334 5598 497 5642 horret
517 5598 780 5641 sententia.
807 5598 944 5645 υιιοα
963 5598 1114 5694 ειὲπο
1138 5598 1371 5645 germana
1406 5598 1643 5634 naneatur
1665 5598 1893 5646 superius

334 5653 551 5703 adnotata
573 5649 893 5716 quorumdam
1083 5646 1250 5716 lectio,
1280 5653 1534 5716 {lucusque
1554 5653 1752 5716 Moyses.
1779 5654 1893 5716 tunc

331 5717 509 5764 seriem
532 5706 821 5774 temporum,
851 5715 901 5774 et.
922 5706 1034 5774 Johi
1054 5706 1419 5756 remotissimam
1442 5706 1774 5767 antiquitatem
1798 5709 1889 5756 sibi

335 5770 649 5838 [reposuisse
667 5771 941 5821 credendus
966 5770 1077 5817 erit.

1744 345 2063 403 EPISTOLA
2104 344 2213 400 Llll

2059 466 2250 512 terram
2278 459 2460 512 victuri
2488 463 2699 529 populo,
2732 472 2783 517 et
2811 479 2903 533 per
2926 466 3159 537 singulas
3189 469 3368 535 urbes,
3396 463 3619 540 siculos,

2053 556 2280 609 montes,
2308 546 2543 613 flumina,
2570 558 2854 619 torrentes,
2887 566 3043 623 atque
3065 561 3316 625 conlinia,
3346 560 3619 628 Ecclesizn,

2049 636 2387 707 cmlcstisque
2429 637 2725 695 Jerusalem
2756 642 3047 710 spiritualia
3074 664 3232 716 regna
3259 650 3534 706 describit.
3565 653 3622 709 ln

2048 725 2291 782 Iudicum
2318 728 2455 783 libro
2479 738 2609 811 quot
2636 731 2904 802 principes
2934 738 3132 805 populi,
3167 750 3243 794 tot
3270 740 3451 811 ﬁgura:
3472 755 3617 799 sunt.

2048 818 2190 873 Ruth
2239 819 2507 878 Moabitis.
2555 822 2703 877 lsaia:
2748 824 2923 893 explet
2969 831 3295 898 vaticinium,
3342 834 3616 891 dicentis:

2051 926 2070 959 ι
2106 909 2301 965 Emitte
2338 926 2552 981 agnum,
2600 913 2845 980 Domine.
2892 919 3282 977 dominatorem
3327 934 3502 988 terrae.
3549 927 3619 983 de

2043 1008 2190 1067 petra
2212 1000 2409 1057 deserti
2432 1002 2497 1057 ad
2527 1014 2759 1061 montem
2788 1006 2910 1062 filia:
2931 1007 3060 1063 Sion
3087 1029 3105 1061 ι
3135 1011 3286 1081 (Isai.
3311 1016 3397 1069 16.
3420 1016 3493 1087 t).
3521 1018 3618 1072 Sa-

2043 1092 2184 1146 muel
2212 1092 2264 1145 in
2294 1092 2406 1146 lleli
2435 1103 2664 1160 mortuo,
2688 1099 2814 1153 etin
2835 1101 3015 1155 occiso
3034 1101 3126 1173 [ιιι.
3153 1105 3442 1177 occisione].
3466 1108 3615 1172 Saul.

2043 1187 2275 1235 veterem
2322 1182 2491 1253 legem
2543 1185 2791 1241 abolitam
2841 1200 3123 1247 monstrat.
3170 1193 3337 1250 Porro
3367 1196 3419 1250 in
3447 1198 3618 1254 Sadoc

2039 1280 2198 1340 atque
2228 1272 2411 1338 David,
2446 1276 2567 1329 novi
2598 1277 2918 1347 Sacerdotii,
2943 1282 3175 1351 novique
3196 1285 3407 1355 Imperii
3438 1304 3617 1344 saera-

2038 1367 2217 1414 menta
2260 1369 2505 1417 testatur.
2533 1364 2835 1434 Malachim,
2866 1369 2916 1423 id
2950 1380 3053 1438 tot,
3084 1372 3286 1444 Regum
3325 1378 3534 1445 tertius,
3561 1390 3616 1436 et

2038 1461 2256 1519 quartus
2280 1453 2415 1509 liber
2441 1471 2469 1510 a
2498 1456 2786 1517 Salomone
2814 1476 2982 1533 usque
3007 1466 3072 1520 ad
3093 1467 3405 1527 Jechoniam
3432 1491 3445 1526 :
3470 1476 3614 1532 etab

2036 1543 2320 1600 Jeroboam
2352 1547 2466 1602 filio
2507 1550 2745 1617 Nabath,
2792 1569 2963 1625 usque
3001 1558 3068 1613 ad
3118 1560 3276 1628 Osee,
3307 1566 3394 1633 qui
3421 1566 3611 1624 ductus

2033 1643 2116 1687 est
2158 1636 2208 1688 in
2240 1636 2508 1707 Assyrios,
2557 1655 2775 1711 regnum
2818 1643 2952 1700 Juda
2994 1655 3050 1702 et
3090 1664 3312 1720 regnum
3358 1654 3608 1712 describit

2036 1723 2220 1778 isracl.
2250 1725 2305 1780 Si
2337 1726 2613 1783 historiam
2642 1733 2921 1800 respicias,
2957 1740 3116 1793 verba
3147 1743 3407 1813 simplicia
3439 1758 3564 1802 sunt
3593 1765 3606 1801 :

2032 1815 2077 1869 si
2128 1814 2182 1870 in
2231 1816 2424 1874 litteris
2451 1834 2665 1876 sensum
2712 1823 2964 1882 latentem
3002 1829 3319 1900 inSpexeris,
3356 1836 3606 1897 Ecclesiae

2034 1908 2292 1975 paucitas,
2340 1919 2395 1964 et
2441 1910 2825 1970 llacretieornm
2871 1930 3057 1975 contra
3125 1922 3416 1981 Ecclesiam
3467 1928 3605 1985 bella

2031 2005 2334 2057 narrantur.
2381 2000 2668 2057 Duodecim
2718 2004 2996 2076 l’r0pheta:
3041 2010 3094 2065 in
3125 2013 3282 2069 unius
3322 2016 3605 2075 voluminis

2032 2090 2301 2157 angustias
2335 2093 2610 2158 coarctati,
2647 2095 2816 2151 multo
2855 2098 2998 2154 aliud
3026 2116 3186 2171 quam
3211 2090 3405 2162 sonant
3431 2110 3482 2163 in
3515 2111 3598 2166 lit-

2029 2184 2163 2266 tera,
2214 2180 2575 2249 prmtigurant.
2625 2184 2763 2240 Osce
2801 2188 2996 2244 crebro
3036 2193 3280 2248 nominat
3322 2195 3596 2266 Epltraim.

2028 2263 2348 2333 Samariam,
2379 2271 2601 2342 Ioseph,
2631 2274 2859 2345 Jezrael,
2892 2287 2948 2333 et
2977 2295 3198 2338 uxorem
3239 2263 3601 2355 fornicariam,

2024 2365 2081 2411 et
2108 2354 2474 2416 fornicationis
2503 2362 2662 2426 ﬁlios.
2694 2375 2749 2420 et
2774 2367 3072 2425 adulteram
3096 2373 3344 2430 cubiculo
3367 2380 3601 2436 clausam

2026 2448 2224 2512 mariti,
2274 2450 2442 2505 multo
2490 2452 2731 2523 tempore
2758 2457 2950 2514 sedere
2976 2461 3211 2529 viduam,
3241 2475 3298 2522 et
3326 2468 3427 2524 sub
3454 2479 3605 2527 veste

2026 2537 2255 2606 lugubri,
2301 2539 2400 2594 viri
2444 2541 2512 2596 ad
2556 2558 2615 2598 se
2657 2546 2886 2602 reditum
2933 2555 3252 2619 przestolari.
3295 2558 3413 2614 Joel
3460 2562 3601 2618 filius

2027 2625 2313 2696 Phathuel,
2361 2630 2616 2687 describit
2666 2644 2861 2691 terram
2886 2639 3169 2698 duodecim
3202 2647 3457 2717 tribuum,
3501 2651 3599 2707 he-

2026 2732 2172 2786 ruea,
2204 2719 2424 2787 hrucho,
2458 2723 2684 2794 locusta,
2717 2728 2960 2801 rubigine
2984 2743 3225 2811 vastante
3248 2752 3552 2812 corruptam
3579 2761 3596 2800 :

2022 2817 2076 2863 et
2105 2821 2227 2905 post
2254 2815 2589 2870 eversionem
2621 2818 2816 2887 prioris
2848 2826 3048 2893 populi,
3077 2828 3302 2887 effusum
3348 2836 3409 2889 iri
3435 2839 3603 2905 Spiri-

2022 2910 2131 2954 tum
2158 2901 2410 2958 Sanctum
2439 2921 2602 2975 super
2629 2922 2818 2966 servos
2858 2914 2973 2983 Dei,
3019 2929 3072 2972 et
3113 2923 3357 2993 ancilla,
3404 2927 3455 2981 id
3477 2901 3594 2996 rest,

2019 3006 2183 3085 super
2211 3004 2427 3049 centum
2456 2998 2643 3067 viginti
2670 3002 3002 3062 credentium
3036 3012 3272 3077 nomina,
3305 3018 3394 3085 qui
3425 3020 3598 3075 cil‘un-

2017 3079 2224 3180 dendus
2249 3092 2369 3138 erat
2399 3085 2450 3139 itt
2480 3090 2756 3147 caenaculo
2779 3094 2908 3150 Sion
2961 3115 2974 3150 :
3023 3100 3115 3169 qui
3144 3079 3358 3160 centum
3388 3110 3595 3180 viginti,

2016 3172 2086 3227 ab
2126 3188 2233 3230 uno
2278 3191 2450 3248 usque
2492 3181 2558 3235 ad
2588 3183 2891 3251 quindecim
2934 3194 3187 3257 paulatim
3214 3205 3269 3251 et
3292 3214 3391 3267 per
3421 3172 3595 3261 iocre;

2019 3276 2196 3320 menta
2223 3278 2527 3338 surgentes.
2559 3274 2864 3343 quindecim
2890 3281 3150 3350 graduum
3182 3303 3462 3348 numerum
3489 3297 3600 3351 (ιΠὶσ

2016 3359 2186 3425 ciunt,
2230 3362 2321 3430 qui
2348 3363 2402 3416 in
2444 3364 2705 3421 l’salterio
2752 3372 2978 3441 mystice
3022 3378 3383 3439 continentur.
3434 3393 3597 3445 Amos

2018 3460 2199 3547 pastor
2225 3459 2283 3505 et
2308 3454 2559 3547 rusticus,
2591 3464 2645 3511 et
2674 3476 2694 3509 ι
2731 3461 2983 3518 ruborum
3015 3482 3163 3524 mora
3193 3472 3541 3547 dislringens,
3571 3503 3589 3534 ι

2019 3540 2202 3607 paucis
2227 3543 2406 3598 verbis
2443 3547 2702 3616 explicari
2746 3566 2853 3606 non
2887 3568 3080 3623 potest.
3109 3560 3241 3627 Quis
3267 3540 3416 3621 enini
3435 3540 3595 3640 digne

2015 3635 2278 3728 exp—rimat
2308 3635 2427 3700 tria,
2468 3647 2561 3693 aut
2606 3650 2836 3710 quatuor
2859 3647 3063 3702 scelera
3114 3651 3383 3724 Damasci,
3409 3635 3590 3728 Gaium,

2014 3733 2071 3828 et
2099 3726 2244 3828 Tyri,
2273 3739 2326 3784 et
2352 3731 2603 3799 ldnmcm,
2631 3745 2686 3793 et
2716 3737 2948 3794 filiorum
2982 3744 3231 3814 Ammon,
3255 3759 3308 3802 et
3335 3754 3508 3820 Moab,
3538 3726 3595 3811 et

2017 3820 2070 3871 in
2099 3820 2328 3888 septimo
2355 3832 2653 3894 octavoque
2677 3828 2867 3896 gradu,
2904 3832 3054 3887 Juda:
3079 3845 3132 3889 et
3162 3836 3361 3892 Israel?
3391 3842 3485 3897 llic
3515 3846 3593 3899 lo-

2013 3912 2191 3981 quitur
2212 3914 2278 3969 ad
2309 3931 2498 3972 vaccas
2541 3920 2784 3989 pingues,
2814 3938 2933 3992 qua:
2961 3938 3085 3982 sunt
3111 3930 3162 3984 in
3193 3942 3374 3989 monte
3401 3936 3589 3993 Sama-

2013 4004 2107 4060 rite
2130 4045 2145 4071 ,
2176 4014 2230 4062 et
2254 4008 2512 4065 ruituram
2545 4011 2760 4068 domum
2810 4016 3065 4085 majorem
3092 4024 3461 4097 minoremque
3509 4039 3590 4085 te-

2011 4105 2202 4155 statur.
2230 4099 2346 4169 Ipse
2362 4103 2534 4157 cernit
2551 4104 2788 4162 lietorem
2814 4111 3034 4166 locustm
3054 4130 3068 4178 ;
3091 4124 3144 4168 ct
3163 4124 3390 4173 stantem
3412 4121 3591 4176 Domi-

2014 4204 2140 4243 num
2169 4205 2332 4261 super
2360 4207 2569 4249 murum
2589 4195 2737 4251 litum
2761 4200 2843 4255 vel
2869 4201 3363 4274 adamantinum,et
3429 4214 3593 4285 278

2014 4284 2264 4339 uncinum
2290 4301 2591 4357 pomorum,
2614 4292 2970 4350 attrahentem
3011 4300 3266 4368 supplicia
3291 4284 3589 4373 peccatori-

2013 4376 2132 4441 bus,
2150 4386 2205 4434 et
2226 4376 2418 4434 famem
2442 4379 2494 4435 in
2520 4390 2717 4439 terram
2742 4401 2757 4439 :
2787 4400 2891 4441 non
2921 4386 3112 4444 [amem
3128 4392 3301 4459 panis,
3319 4409 3418 4448 nec
3445 4398 3588 4452 sitim

2011 4484 2179 4540 aqum,
2211 4472 2307 4528 sed
2338 4474 2586 4530 audiendi
2634 4479 2860 4534 verbum
2910 4479 3033 4536 Dei.
3076 4483 3275 4538 Abdias
3301 4489 3391 4555 qui
3425 4489 3589 4544 inter-

2011 4570 2249 4633 pretatur
2283 4583 2302 4616 ι
2333 4578 2519 4620 servus
2553 4568 2641 4622 Dei
2674 4587 2694 4620 ι
2722 4568 2814 4641 [:il.
2851 4569 3102 4644 Domini],
3128 4583 3375 4640 pertonat
3401 4588 3588 4635 contra

2010 4654 2179 4709 Edom
2228 4656 2597 4725 sanguineum,
2631 4666 3007 4730 terrenumque
3052 4661 3343 4722 hominem.
3385 4667 3589 4728 Fratris

2007 4760 2220 4815 quoque
2247 4746 2417 4801 Jacob
2455 4762 2669 4818 semper
2711 4751 2963 4805 annulum
2996 4752 3143 4809 hasta
3177 4759 3406 4825 percutit
3432 4764 3586 4832 spiri-

2010 4835 2158 4888 tuali.
2190 4834 2354 4890 Jonas
2389 4854 2408 4887 ι
2434 4835 2680 4891 columba
2709 4856 2728 4889 ι
2765 4838 3122 4907 pulcherrima
3142 4886 3155 4908 ,
3190 4847 3464 4920 naufragio
3489 4867 3589 4907 suo

2009 4927 2310 4996 passionem
2338 4926 2545 4981 Domini
2573 4930 2941 4999 prmﬁgurans,
2961 4935 3216 4990 mundum
3234 4938 3300 4992 ad
3318 4942 3585 5009 pmtiiteu—
3644 5004 3654 5014 υ

2007 5019 2135 5071 tiam
2178 5026 2392 5073 revocat
2421 5035 2435 5072 :
2464 5027 2520 5073 et
2546 5019 2647 5075 sub
2677 5023 2893 5078 nomine
2918 5024 3131 5094 Ninive,
3161 5029 3388 5086 salutem
3416 5037 3587 5102 genti-

2006 5110 2102 5164 bus
2132 5111 2360 5165 nuntiat.
2388 5111 2640 5167 ltlicha‘as
2664 5113 2732 5169 de
2761 5113 3039 5183 Morasthi,
3073 5136 3092 5169 ι
3113 5119 3357 5177 eoltacrcs
3383 5141 3405 5175 ι
3433 5124 3587 5178 Citri—

2003 5203 2093 5267 Sli,
2124 5201 2479 5257 vastationem
2510 5205 2794 5260 annuntiat
2835 5205 2959 5261 filia:
2988 5208 3229 5275 latronis,
3257 5221 3312 5266 et
3336 5213 3581 5267 obsidio-

2005 5306 2126 5345 nem
2171 5292 2320 5361 ponit
2353 5302 2544 5348 contra
2587 5308 2706 5349 eam
2751 5312 2765 5349 :
2812 5298 2936 5367 quia
2961 5300 3229 5354 maxillam
3260 5307 3585 5371 percusserit

1997 5381 2194 5451 judicis
2238 5382 2418 5438 Israel.
2467 5382 2677 5440 Nahum
2712 5404 2732 5438 ι
2762 5389 3070 5443 consolator
3093 5409 3110 5441 ι
3144 5391 3312 5454 orbis,
3344 5393 3585 5461 increpat

2002 5475 2270 5531 civitatem
2294 5479 2632 5547 sanguinem,
2660 5488 2715 5534 et
2742 5494 2857 5549 post
2883 5481 3216 5536 eversionem
3246 5483 3387 5536 illius
3410 5483 3581 5552 loqui-

2004 5576 2127 5623 tur:
2162 5588 2182 5623 ι
2211 5570 2350 5626 Ecce
2391 5585 2555 5640 super
2599 5581 2811 5627 montes
2861 5572 3022 5641 pedes
3066 5570 3481 5641 evattgelizantis
3524 5586 3581 5630 et

2001 5663 2364 5719 aununtiantis
2394 5677 2576 5733 pacem
2605 5682 2624 5716 ι
2658 5663 2846 5737 (Num.
2879 5665 2930 5717 l.
2962 5662 3076 5732 15).
3110 5661 3321 5717 Abacuc
3357 5681 3375 5713 ι
3411 5664 3577 5719 lucta-

2008 5767 2090 5813 tor
2116 5777 2134 5810 ι
2170 5758 2320 5813 fortis
2350 5765 2401 5810 ct
2431 5754 2648 5824 rigidus,
2690 5763 2794 5809 stat
2821 5767 2980 5821 super
3002 5751 3296 5806 custodiam
3325 5768 3494 5824 suam,
3522 5769 3573 5813 et

3525 355 3627 413 546
3716 362 3721 366 ’
