4146 6336
553 336 656 401 δι’]

550 458 663 527 ligit
687 454 909 526 gradum
936 467 1098 521 super
1131 452 1504 517 munitionem,
1533 451 1873 505 utClnistum
1897 453 1948 506 in
1967 464 2127 505 cruce

546 547 957 615 contempletur,
982 552 1037 599 et
1054 543 1229 599 dicat:
1254 562 1272 594 ι
1302 542 1525 613 Operuit
1545 544 1711 598 crelos
1727 543 1893 612 gloria
1915 542 2052 612 ejus,
2076 548 2130 596 et

545 637 715 691 laudis
742 636 858 705 ejus
889 635 1043 704 plena
1065 644 1148 689 est
1170 645 1331 690 terra.
1355 634 1617 704 Splendor
1640 633 1779 702 ejus,
1803 642 1860 687 ut
1881 633 1968 687 lux
1991 634 2125 686 erit:

543 741 741 782 cornua
786 726 840 780 in
886 726 1132 780 manibus
1154 726 1293 795 ejus,
1321 726 1390 780 ibi
1417 725 1733 780 abscondita
1761 734 1845 779 est
1873 724 2129 779 fortitudo

539 818 657 887 ejus
680 837 700 869 ι
720 816 901 886 (Abas.
922 816 1003 883 5).
1021 815 1323 885 Sophonias
1346 833 1365 866 ι
1386 816 1719 883 speculatori
1738 823 1791 868 et
1808 829 2126 869 arcanorum

541 908 751 963 Domini
790 907 1054 976 cognitor,
1100 905 1251 960 audit
1292 905 1582 960 clamorem
1627 919 1657 957 a
1687 912 1837 972 porta
1876 903 2122 971 piscium,

535 1009 591 1055 et
632 1000 886 1070 ejulatum
928 1015 959 1054 a
994 998 1249 1063 secunda,
1300 1007 1355 1052 et
1398 997 1775 1052 contritionem
1804 1011 1832 1049 a
1861 995 2111 1051 collibus.

537 1089 728 1145 Indicit
775 1104 990 1159 quoque
1035 1088 1293 1146 ululatum
1336 1086 1727 1142 habitatoribus
1772 1088 1893 1157 pila:
1940 1104 1954 1140 :
1997 1086 2122 1157 quia

533 1182 791 1238 conticuit
812 1182 987 1237 onmis
1018 1181 1243 1250 pepulus
1265 1179 1537 1235 Chanaam
1571 1197 1585 1233 :
1614 1178 1974 1248 disperierunt
2004 1178 2122 1233 uni-

533 1276 700 1340 versi,
728 1276 817 1344 qui
841 1274 1065 1329 involuti
1086 1280 1240 1328 erant
1265 1283 1511 1342 argento.
1539 1273 1767 1343 Aggreus
1800 1290 1819 1323 ι
1846 1271 2067 1327 festivus
2092 1290 2111 1323 ι

532 1373 589 1420 et
617 1366 790 1429 iretus,
820 1366 908 1435 qui
937 1365 1223 1420 seminavit
1251 1364 1304 1417 in
1334 1364 1606 1433 lacrymis,
1634 1372 1690 1416 ut
1713 1363 1764 1416 in
1789 1361 1985 1432 gaudio
2007 1376 2119 1418 me-

534 1464 697 1522 teret,
720 1455 1055 1511 destructum
1081 1454 1364 1525 Templum
1388 1453 1697 1519 rewditicat,
1728 1454 2119 1522 Dominamque

532 1547 743 1603 Patrem
767 1548 967 1602 inducit
988 1548 1294 1616 loquentem
1328 1565 1341 1600 :
1376 1564 1395 1596 ι
1426 1545 1616 1600 Adhuc
1637 1560 1799 1599 unum
1825 1543 2115 1610 modicum,

529 1647 584 1692 et
608 1652 707 1707 ego
730 1637 1080 1692 commovebo
1108 1637 1303 1693 coelum
1332 1645 1386 1691 et
1411 1644 1630 1701 terram,
1663 1644 1718 1689 et
1743 1650 1909 1700 mare,
1933 1644 1986 1689 et
2006 1633 2115 1688 ari-

531 1731 677 1794 dam,
709 1742 763 1785 et
796 1731 1022 1786 movebo
1062 1744 1252 1784 omnes
1280 1737 1471 1799 gentes
1502 1745 1516 1780 :
1546 1736 1600 1782 et
1628 1727 1808 1782 veniet
1838 1726 2114 1783 desidera-

529 1832 613 1877 tus
639 1822 845 1877 cunctis
870 1822 1118 1892 gentibus
1144 1841 1162 1873 ι
1190 1821 1344 1892 (Agg.
1367 1821 1422 1876 2.
1457 1821 1508 1874 7.
1540 1822 1619 1889 8).
1646 1819 1932 1875 Zacharias
1958 1838 1976 1871 ι
1997 1834 2112 1875 me-

527 1930 646 1968 mor
674 1914 884 1969 Domiui
912 1915 1016 1979 sui,
1049 1932 1068 1966 ι
1100 1914 1386 1982 multiplex
1417 1913 1467 1966 in
1498 1911 1806 1980 Pruphctia,
1834 1911 1908 1979 (a)
1931 1911 2112 1966 Jesum

526 2005 761 2060 vestibus
791 1983 1025 2059 sordidis
1076 2004 1341 2068 indutum,
1371 2013 1424 2057 ct
1449 2001 1677 2072 lapidem
1718 2003 1996 2057 oculorum
2028 2018 2114 2057 sc-

524 2106 686 2164 ptem,
711 2094 1198 2164 candelabrumque
1218 2109 1438 2148 aureum
1459 2108 1581 2147 cum
1611 2091 1832 2146 totidem
1852 2092 2107 2158 lucernis,

521 2196 656 2259 quot
698 2187 886 2253 oculis,
926 2187 1061 2242 duas
1091 2201 1304 2257 quoque
1333 2185 1500 2239 olivas
1528 2200 1557 2238 a
1585 2184 1821 2239 sinistris
1850 2184 2110 2253 lampadis

524 2282 699 2336 cernit
724 2289 780 2335 et
808 2279 1012 2335 dextris
1046 2297 1060 2333 :
1091 2289 1147 2333 ut
1173 2287 1295 2349 post
1323 2278 1394 2349 (ιι)
1421 2292 1613 2346 equos,
1646 2275 1811 2344 rufus,
1843 2276 2029 2346 nigros
2055 2285 2110 2331 et

519 2372 692 2436 albos,
723 2379 779 2426 et
804 2370 998 2433 varios,
1030 2378 1084 2424 et
1109 2368 1392 2438 dissipatas
1417 2366 1702 2437 quadrigas
1728 2381 1795 2422 ex
1825 2366 2104 2435 Epliraim,

517 2471 572 2517 et
593 2479 787 2533 equum
812 2463 880 2517 de
909 2462 1229 2526 Jerusalem,
1265 2476 1554 2531 pauperem
1587 2475 1765 2529 regem
1787 2461 2108 2515 vaticiuctur

518 2564 572 2608 et
628 2552 898 2623 praidicet,
948 2551 1222 2607 sedentem
1271 2566 1430 2619 super
1491 2552 1690 2620 pullum
1735 2551 1903 2605 lilium
1942 2551 2108 2606 asina:

517 2643 829 2713 subjugaiis.
860 2642 1145 2697 Malachias
1174 2652 1383 2711 aperte,
1413 2650 1467 2695 et
1497 2642 1549 2694 in
1583 2640 1687 2695 ﬁne
1712 2642 1948 2695 omnium
1976 2642 2108 2695 Pro-

519 2732 821 2801 phetarum,
845 2731 913 2787 de
937 2732 1236 2801 abjectione
1260 2732 1421 2785 Israel
1447 2740 1501 2785 et
1523 2733 1801 2786 vocatione
1824 2733 2062 2801 gentium
2088 2750 2101 2788 :

522 2843 540 2876 ι
568 2824 679 2878 Non
707 2832 799 2879 est
825 2823 988 2890 mihi,
1015 2822 1109 2888 ait,
1138 2822 1385 2876 voluntas
1416 2823 1466 2876 in
1497 2822 1669 2889 vobis,
1694 2823 1821 2877 dicit
1849 2824 2105 2879 Dominus

513 2916 882 2980 exercituum,
933 2923 990 2969 et
1044 2928 1238 2969 munus
1311 2914 1475 2985 279
1547 2930 1650 2967 non
1701 2915 1986 2984 suscipiam
2034 2916 2102 2972 de

514 3024 672 3061 uiauu
698 3015 888 3062 vestra.
917 3005 1000 3060 Ah
1024 3012 1147 3060 ortu
1188 3005 1332 3060 enim
1362 3005 1489 3058 solis
1527 3020 1697 3075 usque
1735 3004 1802 3060 ad
1829 3020 2098 3072 occasum,

514 3114 760 3168 magnum
777 3107 1069 3153 estnomen
1087 3112 1262 3151 meum
1292 3096 1606 3165 iungentibus
1624 3114 1638 3149 :
1655 3107 1708 3150 et
1733 3096 1786 3150 in
1814 3097 1957 3150 omni
1985 3098 2102 3153 loco

510 3189 860 3255 sacriﬁcatur,
891 3198 945 3243 et
986 3187 1211 3243 olfertur
1248 3187 1449 3242 nomini
1488 3203 1606 3242 meo
1627 3188 1826 3243 oblatio
1854 3189 2047 3244 munda
2073 3209 2093 3243 ι

510 3280 667 3351 (Μαι.
683 3283 708 3335 1
723 3323 735 3336 .
767 3281 877 3351 l0).
903 3280 1110 3345 Isaiam,
1129 3280 1438 3345 Jeremiam,
1458 3279 1817 3347 Ezechielem,
1836 3290 1892 3338 et
1911 3282 2101 3338 Danie-

512 3373 616 3428 lem
638 3374 758 3443 quis
783 3374 951 3443 possit
970 3374 1050 3427 vel
1075 3373 1392 3443 intelligere,
1420 3373 1504 3427 vel
1530 3375 1830 3443 exponere?
1858 3375 2096 3442 Quorum

509 3464 713 3532 primus
766 3479 869 3518 non
928 3462 1268 3533 Prophetiam
1314 3463 1443 3517 mihi
1489 3464 1694 3519 videtur
1739 3476 1952 3534 texere,
2001 3465 2098 3522 sed

508 3556 874 3627 Evangelinm.
903 3555 1184 3612 Secundus
1211 3556 1411 3626 virgam
1434 3571 1658 3609 nuceam
1679 3555 1860 3629 [Vulg.
1886 3558 2096 3627 vigilan-

504 3648 624 3719 tem]
654 3656 709 3703 et
749 3649 905 3703 ullam
949 3663 1260 3704 succensam
1292 3663 1320 3701 a
1368 3647 1504 3703 faeie
1534 3651 1832 3719 Aquilonis,
1864 3661 1918 3706 et
1965 3665 2092 3722 par-

500 3739 628 3794 dum
656 3740 936 3809 spoliatum
964 3739 1073 3794 suis
1097 3740 1403 3805 coloribus;
1432 3750 1488 3795 et
1508 3741 1839 3812 quadruplex
1865 3744 2093 3801 diversis

502 3832 686 3885 metris
748 3833 911 3886 nectit
960 3830 1302 3900 alphabetum
1347 3830 1832 3903 (Lamentationes).
1880 3835 2092 3892 Tertius

501 3922 755 3992 principia
787 3932 843 3977 et
872 3923 1028 3978 ﬁnem
1076 3925 1234 3978 tantis
1283 3924 1444 3980 habet
1487 3925 1897 3982 obscuritatibus
1935 3929 2090 3983 invo-

503 4015 631 4081 luta,
660 4024 718 4069 ut
761 4015 900 4085 apud
944 4015 1199 4071 "Clll‘iﬂOS
1226 4016 1340 4071 ista:
1372 4026 1552 4084 partes
1582 4032 1702 4071 cum
1734 4018 1955 4074 exordio
1985 4019 2093 4075 Ce-

500 4121 692 4160 neseos
730 4116 855 4161 ante
901 4121 1073 4161 annos
1118 4108 1330 4177 triginta
1381 4122 1486 4161 non
1538 4107 1799 4175 legantur.
1856 4111 2088 4177 Quartus

501 4211 629 4251 vero
680 4197 768 4266 qui
801 4204 854 4252 et
881 4210 1152 4252 extremus
1180 4199 1320 4252 inter
1343 4206 1572 4266 quatuor
1603 4198 1915 4268 Prophetas,
1949 4210 2085 4255 tem-

499 4304 690 4359 porum
716 4290 1051 4353 conscius,et
1075 4290 1235 4343 totius
1257 4289 1435 4345 mundi
1465 4286 1538 4360 (ε)
1559 4299 1834 4363 φιλοίστωρ,
1858 4293 2084 4363 lapidem

501 4380 782 4450 praecisum
825 4380 894 4435 de
941 4391 1125 4434 monte
1169 4381 1285 4434 sine
1325 4380 1590 4446 manibus,
1640 4389 1693 4434 et
1718 4397 1879 4450 regna
1906 4385 2084 4438 omnia

495 4475 898 4529 subvertentem
920 4514 936 4537 ,
965 4474 1110 4529 claro
1150 4487 1402 4529 sermone
1433 4473 1757 4541 pronuntiat.
1794 4474 1976 4541 David,
2002 4475 2086 4531 Si-

501 4567 742 4621 monich
786 4577 989 4635 noster,
1034 4566 1293 4639 Pindarus
1340 4572 1394 4620 et
1437 4566 1668 4631 Alorcus,
1701 4566 1922 4623 Flaccus
1946 4584 2082 4638 quo-

498 4671 624 4724 que,
656 4655 895 4711 Catullus
926 4665 981 4710 ct
1002 4656 1261 4720 Serenus,
1291 4655 1557 4710 Christum
1592 4656 1701 4728 lyra
1730 4668 1998 4726 personat,
2030 4670 2085 4717 et

499 4746 552 4799 in
582 4744 917 4800 decaehordo
951 4747 1202 4815 psalterio
1245 4746 1312 4799 ab
1342 4746 1523 4801 inferis
1550 4748 1771 4803 suscitat
1796 4764 2079 4820 resurgen-

499 4845 633 4889 tem.
663 4834 915 4889 Salomon
935 4877 950 4897 ,
983 4836 1251 4905 paciﬁcus,
1284 4848 1339 4892 et
1379 4838 1625 4893 amabilis
1655 4840 1881 4906 Domini,
1905 4858 2082 4899 mores

497 4928 738 4995 corrigit,
759 4935 999 4981 naturam
1014 4928 1192 4991 docet,
1214 4929 1506 4983 Ecclesium
1524 4929 1697 5000 jungit
1717 4941 1770 4985 et
1789 4931 1944 4987 Clu‘is
1968 4950 2078 4999 um,

499 5030 910 5088 sanctorumque
941 5021 1244 5089 nuptiarum
1273 5020 1430 5074 dulce
1475 5022 1616 5075 canit
1659 5024 2078 5091 epithalamium.

504 5110 699 5166 Esther
728 5110 778 5163 in
812 5111 1061 5165 laecle~iac
1092 5120 1217 5181 typo
1246 5111 1497 5179 populum
1524 5112 1709 5166 liberat
1734 5113 1803 5168 de
1824 5115 2078 5185 periculo,

358 4542 521 4555 ηιμ-μα

376 5082 500 5098 ""-‘_

583 5245 634 5307 α)
669 5243 864 5293 Josuam
887 5242 1111 5304 intelligo
1137 5242 1285 5307 lilium
1300 5242 1873 5307 IosedechPontificem.

583 5246 634 5307 α)
669 5246 864 5293 Josuam
887 5246 1111 5304 intelligo
1137 5246 1285 5291 lilium
1300 5246 1545 5292 Iosedech
1568 5246 1873 5295 Pontificem.

559 5246 631 5373 ἕῡ)
665 5307 950 5373 Sequimur,
992 5318 1136 5368 quam
1161 5319 1223 5353 ex
1246 5305 1491 5373 Brixiauis
1523 5304 1776 5373 (iudicibus
1808 5307 2078 5373 lectionem

496 5365 744 5423 Victorius
753 5365 1107 5427 restituit,cum
1121 5365 1531 5415 verosimillimum
1543 5368 1605 5417 sit
1616 5368 1820 5429 primum
1836 5370 2077 5423 Zachariae

496 5442 639 5496 caput
660 5432 793 5481 innui
815 5444 842 5478 a
865 5430 1180 5496 Hieronymo,
1206 5441 1299 5496 non
1322 5436 1533 5496 sextum,
1554 5429 1680 5491 quod
1698 5440 1803 5492 post
1817 5433 2077 5496 Erasmum

496 5488 802 5559 Martianazus
821 5500 1023 5559 putasse
1046 5488 1237 5541 videtur
1259 5489 1374 5538 dum
1393 5488 1532 5553 legit,
1555 5488 1711 5552 e’quos‘
1721 5492 1895 5555 varios,
1920 5497 2072 5559 rules,

495 5563 542 5606 et
562 5555 715 5622 cibos,
739 5553 1087 5622 et_dissip_atas,
1240 5618 1249 5622 Δ
1313 5613 1324 5622 .

558 5616 895 5679 (cinerique
926 5616 1043 5666 Mss.
1073 5613 1412 5679 I‘Itilostoricus
1441 5626 1458 5664 :
1482 5614 1677 5665 omnino
1707 5622 1872 5668 autem
1897 5618 2074 5668 vitiose

495 5675 827 5743 cumg'gErast
866 5679 1084 5743 Martian.
1136 5675 1447 5743 I'Itilostoros;
1473 5691 1561 5727 nos
1581 5690 1791 5743 φοφτστωρ.
1825 5680 1954 5742 quod
1996 5686 2074 5743 est

496 5741 782 5790 eruditionis
835 5740 1070 5803 cupidus,
1116 5751 1176 5789 ex
1231 5738 1436 5799 vulgatis
1481 5738 1900 5791 emendation-ibus
1953 5742 2070 5790 scri-

497 5813 695 5862 mimus.

1841 309 2082 383 SANCTI
2125 320 2494 393 lllERONYMl

3722 355 3824 414 5.18

2242 460 2295 506 ct
2339 452 2616 507 interfecto
2650 455 2835 520 Aman,
2887 460 2972 529 qui
3020 460 3396 532 interpretatur
3436 466 3765 538 «iniquitas,
3801 492 3819 524 ι

2239 551 2417 610 partes
2462 544 2686 598 convivii
2735 558 2787 601 ct
2813 548 2954 604 diem
2985 552 3250 607 celebrem
3282 558 3440 610 mittit
3470 557 3524 611 in
3557 569 3818 628 posteros.

2240 631 2681 702 Paralipomenon
2735 638 2900 702 liber,
2949 641 3001 695 id
3050 653 3165 709 est,
3226 644 3574 703 lnslrumenti
3621 640 3820 709 veteris

2236 727 2443 790 επιτσμὴ
2488 734 2663 779 tantus
2708 743 2769 782 ac
2816 730 2935 784 talis
2979 742 3093 797 eSt,
3147 743 3204 789 ut
3244 735 3450 807 absque
3499 738 3591 794 illo
3628 744 3676 797 sl
3703 744 3823 811 quis

2236 813 2512 869 scientiam
2530 815 2921 885 Scripturarum
2941 823 3041 878 sibi
3061 824 3281 880 voluerit
3301 839 3571 897 arrogare,
3586 831 3663 887 sei
3673 847 3821 901 psum

2235 900 2474 958 irrideat.
2527 905 2629 960 Per
2672 910 2878 979 singula
2922 913 3118 983 quippe
3165 918 3403 983 nomina,
3437 900 3822 995 juncturasque

2233 994 2539 1084 verborum,
2571 1008 2625 1053 et
2657 1004 3027 1069 pra-termissa:
3056 1006 3105 1059 in
3138 1006 3338 1077 Regum
3363 1009 3510 1065 libris
3535 994 3821 1084 tanguntur

2234 1081 2490 1151 hiStorias,
2557 1098 2612 1143 et
2675 1091 3087 1149 inmimerabiles
3150 1097 3484 1166 explicantur
3546 1081 3818 1174 Evangelii

2230 1178 2575 1245 quaestiones.
2623 1180 2788 1235 Ezras
2832 1193 2886 1238 et
2929 1184 3199 1252 Neemias,
3246 1188 3819 1259 radjutorrvidelicet

2230 1274 2286 1321 et
2317 1286 2336 1319 ι
2376 1270 2683 1325 consolator
2708 1288 2736 1325 α
2767 1273 3029 1342 Domino,
3062 1295 3081 1327 ι
3118 1277 3170 1331 in
3203 1284 3364 1334 uuuin
3396 1281 3645 1338 volumen
3674 1290 3819 1340 coar-

2229 1362 2472 1413 ctantur':
2507 1360 2803 1417 instaurant
2826 1363 3129 1434 Templum,
3160 1385 3341 1423 muros
3362 1378 3615 1427 extruunt
3629 1366 3815 1429 civita-

2230 1447 2297 1503 tis
2328 1467 2340 1502 :
2372 1452 2649 1522 omnisque
2681 1453 2766 1507 illa
2801 1455 2950 1510 turba
2978 1457 3155 1526 populi
3185 1459 3458 1515 rcdeunlis
3487 1461 3540 1516 in
3567 1464 3814 1532 patriam,

2227 1546 2282 1594 et
2318 1539 2609 1612 descriptio
2655 1544 3026 1615 Sacerdotium,
3069 1548 3398 1619 Levitarmn,
3436 1553 3664 1623 lsraelis,
3695 1571 3817 1625 pro-

2226 1630 2518 1703 selytorum
2569 1651 2633 1690 ac
2660 1652 2757 1706 per
2777 1639 3014 1708 singulas
3055 1640 3279 1696 familias
3312 1659 3585 1701 murorum
3617 1655 3679 1703 ac
3705 1658 3816 1703 tur-

2225 1716 2361 1776 rium
2401 1738 2563 1794 opera
2605 1722 2799 1795 divisa,
2832 1726 2973 1784 aliud
3007 1729 3059 1785 in
3099 1734 3303 1788 cortice
3333 1734 3643 1804 prmferunt,
3671 1737 3814 1795 aliud

2224 1817 2457 1873 retinent
2484 1821 2535 1873 in
2560 1819 2813 1876 medulla.

2296 1910 2459 1980 280
2530 1901 2585 1966 8.
2639 1911 2828 1967 Cernis
2855 1925 2941 1969 me
2969 1906 3365 1986 Scripturarum
3395 1933 3578 1976 amere
3604 1928 3811 1992 raptum

2226 2003 2518 2057 excessisse
2563 2000 2778 2058 modum
2810 2005 3083 2075 Epis'tolm,
3114 2019 3165 2063 et
3197 2019 3371 2064 tamen
3416 2026 3519 2066 non
3561 2014 3812 2083 implesse

2220 2093 2362 2175 quod
2390 2094 2552 2147 volui.
2568 2091 2883 2151 Audivimus
2908 2105 3109 2153 tantum
3130 2100 3254 2169 quid
3275 2116 3448 2166 nosse,
3469 2104 3595 2174 quid
3614 2120 3811 2175 cupere

2220 2172 2528 2249 debeamus,
2562 2194 2621 2240 ut
2644 2196 2699 2242 et
2724 2203 2824 2242 nos
2850 2205 3061 2259 quoque
3085 2192 3350 2260 possimus
3377 2172 3558 2250 dicere
3587 2214 3599 2250 :
3628 2215 3647 2247 ι
3671 2172 3810 2252 Con-

2219 2275 2418 2344 cupivit
2446 2276 2622 2330 anima
2668 2291 2785 2333 mea
2827 2277 3138 2335 desiderare
3172 2282 3579 2351 justilicationes
3609 2295 3724 2343 tuas
3752 2288 3807 2343 in

2218 2366 2362 2419 omni
2410 2374 2649 2436 tempore
2680 2386 2699 2421 ι
2740 2366 2857 2439 (Ps.
2890 2370 3011 2424 118.
3041 2371 3157 2439 20).
3188 2370 3450 2429 Caeterum
3479 2374 3804 2432 Socraticum

2216 2455 2347 2510 illud
2367 2456 2617 2526 impletur
2633 2457 2687 2512 in
2705 2459 2858 2514 nobis
2879 2476 2894 2516 :
2915 2458 3027 2516 lloe
3047 2470 3249 2516 tantum
3277 2464 3410 2529 scio,
3435 2465 3577 2535 quod
3601 2469 3800 2522 nescio.

2216 2545 2452 2615 Tangam
2479 2556 2533 2603 et
2563 2564 2758 2603 novum
2798 2550 3032 2606 breviter
3056 2551 3476 2609 Testamentum.
3503 2555 3799 2625 Mattharus,

2212 2628 2445 2704 Marcus,
2505 2630 2697 2705 Lucas,
2748 2652 2802 2697 et
2856 2638 3112 2710 Joannes,
3161 2645 3413 2716 quadriga
3461 2632 3698 2716 Domini,
3747 2661 3802 2707 et

2213 2734 2396 2783 Verum
2544 2722 2855 2800 Clicrubim,
2904 2731 3048 2805 quod
3094 2737 3469 2806 interpretatur
3517 2755 3536 2791 α
3564 2741 3801 2797 scientia:

2213 2810 2527 2890 multitudo,
2558 2839 2578 2873 ι
2613 2826 2707 2892 per
2737 2827 2901 2879 totum
2925 2829 3118 2895 corpus
3146 2828 3340 2883 oculati
3366 2839 3519 2896 sunt,
3549 2832 3799 2888 scintilla:

2209 2912 2462 2978 emicant,
2495 2914 2803 2970 discurrunt
2848 2916 3073 2987 fulgura,
3107 2919 3268 2988 pedes
3298 2920 3493 2976 habent
3526 2932 3705 2979 rectos
3742 2935 3799 2980 et

2210 3002 2263 3056 in
2328 3002 2556 3059 sublime
2629 3005 2929 3071 tendentes,
3003 3017 3146 3078 terga
3201 3018 3426 3079 pennata
3480 3020 3535 3066 et
3598 3012 3797 3083 ubique

2210 3092 2503 3147 volitantia.
2571 3093 2781 3150 Tenent
2859 3112 2918 3152 se
2984 3109 3206 3164 mutuo,
3279 3100 3485 3171 sibique
3554 3104 3795 3174 perplexi

2207 3191 2351 3248 sunt,
2383 3193 2435 3238 et
2479 3185 2626 3255 quasi
2676 3195 2787 3239 ruta
2830 3187 2882 3241 in
2944 3198 3058 3243 rcta
3108 3189 3410 3258 volvuntur,
3460 3199 3513 3247 et
3565 3203 3793 3265 pergunt

2205 3288 2544 3345 quocumque
2592 3291 2686 3331 eos
2736 3276 2890 3332 ﬂatus
2951 3279 3135 3335 Sancti
3183 3281 3412 3351 Spiritus
3459 3284 3787 3354 perduxerit.

2205 3363 2402 3420 Paulus
2483 3368 2774 3437 Apostolus
2844 3370 2911 3425 ad
2992 3379 3196 3442 septem
3268 3364 3533 3432 Ecclesias
3605 3379 3791 3436 scribit

2205 3452 2427 3528 (octava
2479 3460 2620 3514 eniin
2662 3460 2728 3514 ad
2782 3460 3038 3519 Hebrznos
3093 3463 3162 3536 [ε]
3214 3479 3245 3518 a
3303 3466 3566 3541 plerisque
3636 3479 3787 3528 extra

2202 3565 2482 3605 numerum
2531 3552 2789 3623 ponitur.)
2816 3572 2835 3605 ι
2878 3542 3215 3615 Timotheum
3242 3557 3454 3613 instruit
3478 3573 3539 3614 ac
3565 3558 3785 3629 Titum",

2199 3630 2566 3698 Philemonem
2603 3657 2699 3713 pro
2742 3643 2959 3714 fugitivo
2988 3644 3185 3700 fanmlo
3210 3646 3505 3721 (Onesimo)
3531 3649 3789 3720 depreca-

2202 3741 2306 3787 tur.
2337 3733 2521 3815 Super
2538 3748 2643 3802 quo
2671 3741 2847 3789 tacere
2874 3735 3064 3790 melius
3095 3745 3241 3805 puto,
3272 3753 3429 3807 quam
3456 3754 3623 3810 pauca
3642 3741 3788 3796 seri.

2198 3824 2346 3881 bere.
2379 3826 2544 3881 Actus
2587 3826 2964 3895 Apostolorum
3010 3828 3203 3883 nudam
3235 3830 3447 3898 quidem
3478 3842 3670 3887 sanare
3700 3835 3783 3889 κὶ-

2195 3910 2413 3971 όοιιιυιν’
2440 3914 2743 3983 historiam,
2790 3924 2845 3971 et
2892 3920 3163 3973 nascentis
3210 3920 3462 3976 Ecclesia:
3507 3922 3781 3979 infantiam

2198 4014 2381 4062 texere
2422 4022 2436 4060 :
2469 4006 2563 4062 sed
2605 4007 2651 4061 si
2683 3996 2991 4063 noverimus
3021 4012 3337 4079 scriptorem
3369 4027 3551 4068 corum
3581 4014 3781 4071 Lucam

2195 4113 2316 4156 esse
2347 4100 2633 4166 medicum,
2663 4100 2816 4170 cujus
2850 4119 2867 4152 ι
2898 4096 3039 4155 Laus
3066 4111 3151 4158 est
3179 4103 3230 4157 in
3259 4103 3575 4176 Evangelio,
3602 4126 3621 4160 ›
3665 4108 3782 4162 aui-

2195 4193 2589 4249 madvertemus
2614 4194 2815 4263 pariter
2838 4186 3016 4248 omnia
3051 4195 3217 4250 verba
3243 4196 3405 4264 illius,
3446 4197 3635 4252 animm
3658 4200 3779 4253 lan-

2191 4286 2403 4355 guentis
2441 4301 2563 4341 esse
2604 4280 2945 4342 medicinam.
2979 4278 3228 4353 Jacobus,
3282 4286 3491 4355 Petrus,
3518 4290 3774 4358 Joannes,

2191 4376 2357 4432 Judas
2396 4377 2660 4447 Apostoli,
2694 4387 2898 4448 septem
2928 4377 3199 4447 Epistolas
3220 4378 3503 4435 ediderunt
3528 4388 3634 4434 tam
3660 4397 3780 4451 my-

2191 4471 2358 4526 sticas
2384 4488 2543 4539 quam
2586 4473 2885 4527 succinctas
2904 4512 2919 4538 ,
2950 4482 3003 4526 et
3030 4472 3220 4527 breves
3245 4473 3442 4542 pariter
3468 4481 3521 4527 et
3547 4472 3731 4542 longas
3755 4489 3772 4527 :

2192 4562 2382 4618 breves
2426 4564 2477 4616 in
2522 4564 2722 4629 verbis,
2772 4562 2958 4633 longas
3002 4564 3054 4617 in
3095 4564 3395 4629 sententiis,
3445 4573 3503 4617 ut
3528 4579 3680 4619 rarus
3704 4565 3776 4620 sit

2188 4656 2275 4722 qui
2310 4669 2413 4709 non
2447 4655 2498 4709 in
2538 4670 2719 4709 carum
2768 4655 3268 4713 lcctioneczceutiat
3293 4655 3383 4728 [aL
3411 4657 3771 4729 concutiatur].

2189 4746 2540 4817 Apocalypsis
2570 4746 2792 4801 Joannis
2820 4754 2899 4800 tot
2928 4746 3090 4801 habet
3118 4757 3474 4816 sacramenta,
3503 4756 3633 4817 quot
3652 4764 3773 4803 ver-

2251 4923 2329 4987 (d)
2360 4923 2498 4973 Hane
2521 4922 2630 4987 alibi
2646 4935 2849 4987 quoque
2874 4924 3336 4987 interpretationem
3361 4930 3507 4986 urget
3528 4904 3772 4986 Hierony-

2187 4984 2319 5045 mus,
2341 4992 2393 5035 et
2416 4986 2619 5048 exponit
2644 4984 2693 5032 in
2717 4984 2915 5048 Lexico,
2948 4997 3060 5044 qua:
3107 4991 3268 5032 tamen
3286 4984 3543 5048 pleriSque
3576 4984 3773 5048 veritati

2186 5061 2396 5096 consona
2412 5045 2506 5095 non
2532 5046 2739 5102 videtur,
2763 5045 2863 5109 alii,
2891 5051 2943 5092 ut
2959 5052 3207 5109 tueantur,
3222 5046 3361 5093 valde
3385 5045 3645 5109 desudant.
3670 5045 3773 5095 Sed
3794 5102 3799 5109 ,

2185 5108 2426 5159 Hebraeos
2446 5108 2743 5168 antiquiores
2775 5106 2832 5152 ad
2872 5105 3126 5168 notandam
3164 5109 3389 5156 scientia:
3414 5107 3773 5157 multitudinem

2187 5182 2247 5219 ea
2282 5182 2400 5218 voce
2421 5167 2675 5224 ambesas
2719 5178 2850 5225 esse,
2877 5167 3047 5229 probat
3086 5167 3310 5219 Philouit.
3351 5170 3683 5218 testimonium
3705 5169 3797 5233 de‘

2184 5238 2467 5300 simulacris,
2491 5238 2674 5300 Arcas;
2714 5250 2951 5297 ltpouﬂip..."
2996 5248 3179 5298 ἱπὶτνωσις
3224 5252 3283 5288 καὶ
3330 5253 3506 5300 inﬂigas)
3533 5249 3667 5297 πολλῆ.
3720 5246 3774 5288 et

2185 5301 2414 5363 Clemens
2445 5297 2706 5363 Alexandr.
2734 5309 2867 5363 tutor
2882 5305 2980 5363 seu.
3005 5308 3119 5363 ὄνομα
3140 5317 3211 5348 τῦν
3233 5316 3403 5363 χιρσυβίμ
3419 5297 3568 5363 aa...
3582 5313 3772 5363 ιπςτκρστν

2182 5375 2318 5422 πολλήν
2342 5361 2546 5425 Accedit
2571 5358 2734 5425 Is_aba_r
2759 5357 2839 5425 Αζζ
2856 5358 2905 5405 in
2923 5357 3125 5425 Lentim2
3149 5357 3482 5425 Interpretatio
3500 5359 3601 5425 alio
3623 5360 3771 5425 lngus

2183 5430 2253 5473 est
2274 5419 2531 5485 multitudo
2548 5419 2776 5485 sciemus.
2801 5420 2863 5469 Et
2886 5421 3080 5485 tandem
3100 5419 3320 5485 Joannes
3340 5422 3646 5485 Metropolim
3670 5419 3771 5485 Da-

2182 5485 2372 5554 relisis:
2401 5482 2523 5554 Quid
2547 5480 2689 5553 etiam
2706 5492 2881 5554 nomen
2902 5480 3205 5554 cherubim?
3246 5480 3520 5554 multitudo"

2181 5544 2274 5616 nis,
2305 5543 2402 5615 sive
2416 5541 2590 5616 Mysia
2609 5541 2876 5614 sapimui'w,
2901 5541 2999 5616 sive
3020 5544 3387 5616 (:liitudantiag
3406 5541 3652 5616 ρρᾳιεῃςῖα
3686 5557 3771 5616 sa-

2223 5605 2393 5663 fomite,
2417 5605 2622 5655 Videtur
2642 5605 2849 5667 nominis
2891 5605 3186 5667 etvmologia
3207 5619 3269 5653 ex
3293 5605 3423 5655 aﬂini
3438 5605 3651 5655 'Arabic.
3674 5615 3771 5656 1(a-

2212 5668 2275 5727 ir,
2303 5668 2530 5715 Hebraic.
2570 5671 2691 5723 T13
2733 5664 2853 5714 facta
2888 5664 3409 5726 litterarjuetathesi,
3435 5666 3566 5730 quod
3588 5666 3766 5730 scium,

2180 5737 2497 5801 prudentem,
2509 5742 2552 5785 et
2567 5748 2772 5801 quorum
2799 5743 2949 5801 uouit,
2966 5738 3179 5801 desumi.

2245 5801 2313 5861 (ε)
2352 5799 2453 5847 Viil.
2485 5795 2586 5847 Lib.
2627 5798 2691 5846 de
2725 5800 2777 5845 S.
2815 5797 2867 5846 Ε.
2893 5801 2937 5845 in
2966 5797 3113 5845 Paulo
3135 5811 3237 5859 cap.
3265 5795 3321 5849 ν.
