4146 6336
330 348 438 409 549

331 458 419 517 ba.
452 457 644 512 Parum
665 453 774 512 diri
801 468 895 527 pro
920 454 1111 510 merito
1133 453 1444 511 voluminis.
1469 450 1611 508 Laus
1629 449 1805 506 omnis
1827 449 1912 504 in-

331 547 497 604 ferior
526 556 645 602 est:
677 545 729 602 in
757 545 936 603 verbis
963 545 1186 617 singulis
1210 543 1540 615 multiplices
1565 544 1733 598 latent
1759 541 1920 597 intel-

332 640 585 711 ligentite.

401 733 456 789 9.
495 730 604 788 Oro
631 741 715 799 te,
748 730 911 788 frater
934 731 1240 797 carissime,
1270 729 1414 786 inter
1434 729 1550 785 haec
1567 728 1785 796 vivere,
1813 727 1916 784 ista

330 826 600 891 meditari,
648 825 778 879 nihil
824 824 968 880 aliud
1011 839 1206 891 nosse,
1239 822 1375 878 nihil
1414 836 1688 893 quaerere,
1736 835 1918 876 nonne

332 918 426 973 tibi
456 916 666 972 videtur
684 916 793 986 jam
826 914 911 970 hic
937 915 991 971 in
1021 914 1177 971 terris
1203 915 1355 985 regni
1382 912 1621 969 caelestis
1640 912 1917 967 habitacu-

330 1008 485 1063 lum?
532 1007 668 1063 Nolo
709 1006 998 1064 oll‘endaris
1024 1009 1076 1061 in
1107 1007 1397 1077 Scripturis
1424 1007 1625 1061 sanctis
1652 1004 1915 1075 simplici-

330 1110 467 1164 tate,
496 1110 552 1155 et
577 1100 729 1169 quasi
753 1099 957 1154 vilitate
983 1099 1296 1167 verborum,
1326 1114 1447 1169 quae
1474 1097 1561 1153 vel
1591 1096 1722 1153 vitio
1746 1097 1913 1151 inter-

330 1199 580 1262 pretum,
611 1190 695 1245 vel
740 1189 807 1245 de
857 1189 1116 1246 industria
1147 1191 1226 1245 sic
1272 1189 1480 1259 prolata
1527 1196 1674 1254 sunt,
1752 1189 1910 1260 281

329 1290 390 1337 ut
418 1281 671 1336 ruSticam
707 1282 1016 1336 concionem
1054 1280 1148 1354 [ιιι.
1172 1279 1560 1352 contentionem]
1592 1278 1802 1334 facilius
1834 1280 1913 1333 in-

326 1382 634 1429 struerent:
665 1380 720 1428 et
744 1372 799 1428 in
829 1388 933 1428 una
971 1372 1264 1443 eademque
1305 1372 1591 1439 sententia,
1619 1372 1779 1427 aliter
1815 1371 1913 1425 do.

326 1476 467 1533 ctus,
486 1466 642 1521 aliter
659 1465 869 1521 audiret
892 1465 1156 1521 indoctus.
1175 1464 1293 1520 Non
1319 1480 1440 1521 sum
1462 1473 1568 1519 tam
1588 1464 1837 1535 petulans
1858 1472 1913 1520 ct

327 1556 514 1623 hebes,
547 1567 605 1611 ut
640 1557 755 1613 haec
797 1572 883 1613 me
913 1572 1074 1613 nosse
1102 1556 1371 1627 pollicear,
1401 1566 1455 1611 et
1493 1571 1679 1611 eorum
1708 1554 1911 1610 fructus

327 1649 380 1704 in
426 1650 507 1720 (a)
559 1661 698 1704 terra
740 1664 954 1720 capere,
996 1663 1222 1720 quorum
1267 1647 1478 1704 radices
1519 1648 1573 1702 in
1619 1647 1760 1703 ctelo
1791 1647 1912 1703 fixae

326 1750 484 1804 sunt;
512 1741 608 1796 sed
649 1740 789 1797 velle
826 1740 1036 1796 fateor:
1064 1740 1270 1796 sedenti
1317 1754 1406 1795 me
1448 1737 1713 1811 praefero,
1745 1739 1912 1810 magi-

326 1840 496 1886 strum
527 1847 780 1899 renuens,
799 1832 1052 1888 comitem
1078 1825 1569 1902 spondeo.?etenti
1596 1832 1777 1899 datur,
1793 1832 1913 1902 pul-

325 1923 467 1980 santi
493 1924 732 1993 aperitur
760 1942 774 1980 :
804 1939 1050 1995 quterens
1077 1923 1296 1979 invenit.
1331 1923 1608 1980 Discamus
1635 1925 1688 1978 in
1720 1924 1906 1991 terris,

324 2034 554 2089 quorum
583 2020 738 2075 nobis
766 2020 987 2077 scientia
1014 2029 1319 2091 perseveret
1346 2021 1398 2076 in
1427 2019 1587 2077 caelo.

396 2113 483 2168 10.
524 2112 706 2169 Obviis
736 2122 787 2169 te
814 2115 1058 2169 manibus
1082 2114 1364 2184 excipiam,
1393 2122 1483 2180 et,
1513 2121 1572 2167 ut
1598 2112 1778 2182 inepte
1803 2110 1909 2164 ali-

321 2203 471 2272 quid,
505 2220 568 2259 ac
593 2206 658 2260 de
688 2206 1030 2275 Hermagora:
1057 2206 1354 2261 tumiditate
1374 2205 1447 2277 (ὁ)
1471 2204 1727 2271 effutiam,
1755 2204 1906 2274 quid-

321 2296 449 2366 quid
475 2297 770 2366 qumsieris,
797 2306 968 2353 tecum
992 2298 1129 2352 scire
1148 2297 1403 2352 conabor.
1426 2296 1600 2351 Habes
1622 2296 1707 2351 hic
1725 2309 1909 2349 aman-

322 2385 586 2440 tissimum
610 2386 684 2440 tui
701 2386 916 2441 fratrem
945 2386 1253 2452 Eusebium,
1269 2386 1356 2456 qui
1380 2385 1675 2441 litterarum
1698 2396 1906 2441 tuarum

318 2476 453 2531 mihi
479 2479 703 2548 gratiam
733 2477 1047 2546 duplicavit,
1073 2475 1314 2532 referens
1339 2477 1671 2532 honestatem
1698 2491 1905 2532 morum

317 2576 555 2632 tuorum,
579 2575 945 2636 contemptum
970 2567 1173 2632 saeculi,
1197 2565 1354 2621 ﬁdem
1382 2567 1648 2636 amicitiae,
1670 2582 1903 2623 amorem

315 2655 538 2713 Christi.
564 2656 695 2711 Nam
717 2656 1052 2729 prudentiam
1074 2665 1127 2712 et
1145 2657 1340 2725 eloquii
1361 2666 1687 2714 venustatem
1705 2700 1721 2727 ,
1745 2659 1903 2714 etiam

314 2751 522 2818 absque
551 2748 673 2833 illo,
688 2748 803 2819 ipsa
830 2748 1067 2819 Epistola
1093 2748 1429 2820 prmferebat.
1458 2748 1690 2817 Fesdna,
1723 2766 1904 2820 quaeso

316 2850 387 2906 te,
411 2847 468 2896 et
494 2840 744 2895 haerentis
772 2840 826 2895 in
850 2841 964 2897 salo
984 2841 1240 2897 navicula:
1260 2840 1438 2897 funem
1463 2842 1631 2913 magis
1653 2844 1899 2913 praecide,

315 2947 476 3002 quam
505 2931 671 2987 solve.
712 2930 880 2987 Nemo
907 2932 1304 2987 renuntiaturus
1338 2933 1536 2988 saeculo
1564 2933 1699 2990 bene
1726 2944 1904 3005 potest

316 3023 547 3079 vendere
569 3065 587 3092 ,
617 3038 737 3094 quae
774 3024 1094 3095 contempsit
1135 3033 1196 3079 ut
1237 3024 1510 3080 venderet.
1552 3025 1816 3097 Quidquid
1847 3020 1899 3082 in

317 3125 564 3185 Sumptus
593 3114 661 3170 de
690 3124 782 3170 tuo
811 3113 1017 3181 tuleris,
1048 3128 1143 3186 pro
1167 3115 1318 3171 luero
1344 3126 1611 3186 computa.
1638 3116 1717 3189 (i)
1745 3119 1899 3174 Anti-

317 3219 478 3276 quum
505 3203 705 3260 dictum
725 3214 811 3261 est
833 3222 847 3259 :
872 3206 1047 3261 Avaro
1068 3214 1175 3261 tam
1199 3205 1351 3262 deest
1374 3207 1515 3278 quod
1542 3208 1719 3277 habet,
1742 3224 1899 3280 quam

316 3294 460 3365 quod
488 3311 593 3350 non
622 3294 804 3351 habet.
838 3295 911 3369 (ο)
939 3314 959 3348 t
988 3295 1236 3353 Credenti
1268 3306 1407 3353 totus
1436 3299 1665 3354 mundus
1694 3299 1901 3356 divitia-

316 3402 438 3442 rum
477 3395 578 3442 est.
620 3386 854 3444 lnftdelis
896 3398 1076 3444 autem
1121 3390 1278 3445 etiam
1317 3390 1477 3446 obolo
1518 3391 1735 3462 indiget.
1766 3410 1785 3445 ι
1812 3391 1902 3449 Sic

316 3478 563 3533 vivamus
587 3487 834 3550 tanquam
860 3480 991 3535 nihil
1021 3480 1308 3549 habentes,
1335 3490 1391 3538 et
1414 3484 1590 3538 omnia
1615 3484 1897 3554 possiden-

318 3577 420 3622 tes.
450 3570 640 3626 V'rc'ws
665 3579 720 3625 et
739 3572 978 3638 vestitus,
1005 3572 1202 3628 divitia:
1227 3572 1649 3630 Christianorum
1674 3586 1817 3632 sunt.
1841 3577 1899 3632 Si
1916 3580 1935 3589 ‘

317 3656 482 3715 habes
519 3660 571 3714 in
601 3670 859 3730 potestate
885 3675 998 3716 rem
1028 3668 1173 3715 tuam
1198 3703 1214 3729 ,
1243 3662 1411 3718 vende
1437 3682 1453 3719 :
1480 3665 1526 3719 si
1556 3680 1663 3720 non
1694 3666 1859 3722 habes
1882 3708 1896 3734 ,

316 3751 539 3825 projice.
584 3753 807 3809 Tollenti
849 3754 1078 3809 tunicam
1107 3794 1123 3821 ,
1155 3762 1211 3809 et
1248 3755 1462 3825 pallium
1491 3757 1898 3826 relinquendum

316 3855 419 3901 est.
460 3843 674 3901 Scilicet
710 3848 811 3902 nisi
842 3854 898 3902 tu
926 3862 1140 3916 semper
1162 3848 1519 3903 recrastinans
1542 3889 1558 3916 ,
1587 3857 1641 3904 et
1662 3849 1802 3904 diem
1832 3850 1901 3906 de

317 3936 404 3992 die
435 3939 673 4004 trahens,
700 3950 854 3995 caute
879 3947 933 3994 et
956 3938 1278 4009 pedetentim
1305 3949 1422 3993 tuas
1445 3940 1900 4010 possessiunculas

316 4031 619 4087 vendideris
641 4074 656 4099 ,
689 4047 793 4087 non
836 4033 995 4088 habet
1030 4031 1274 4088 Christus
1315 4033 1455 4091 unde
1492 4032 1601 4088 alat
1640 4049 1899 4105 pauperes

318 4138 459 4180 suos.
498 4125 689 4181 Totum
719 4126 830 4183 Deo
855 4126 1021 4191 dedit,
1048 4126 1137 4197 qui
1164 4126 1397 4198 seipsum
1423 4126 1632 4181 obtulit.
1657 4128 1900 4198 Apostoli

318 4231 508 4273 navem
555 4228 756 4274 tantum
801 4228 856 4275 et
898 4220 1030 4275 retia
1079 4219 1426 4291 reliquerunt.
1462 4220 1629 4276 Vidua
1659 4220 1765 4277 duo
1792 4238 1900 4279 tera

318 4309 464 4365 misit
496 4310 561 4367 ad
589 4311 1021 4385 gazOphylacium
1046 4353 1062 4379 ,
1088 4321 1143 4368 et
1171 4313 1450 4383 prtefertur
1477 4311 1647 4370 Croesi
1677 4314 1895 4372 divitiis.

317 4400 517 4460 Fames
546 4405 838 4460 contemnit
871 4404 1047 4460 omnia
1067 4445 1083 4472 ,
1112 4404 1201 4475 qui
1232 4418 1290 4461 se
1318 4419 1530 4476 semper
1557 4406 1755 4477 cogitat
1781 4422 1900 4464 esse

319 4496 655 4552 moriturum.

381 4651 455 4714 (a)
484 4650 608 4701 Illud
630 4651 682 4701 in
715 4656 847 4714 terra
872 4663 933 4714 ex
956 4650 1202 4702 Brixianis
1223 4650 1363 4703 codd.
1402 4652 1646 4705 Victorius
1664 4656 1897 4706 restituit.

322 4714 401 4820 {riui
437 4712 555 4761 mox
594 4727 682 4785 pro
720 4712 913 4785 sedenti
949 4727 1026 4785 _me
1048 4716 1277 4783 praefero,
1300 4716 1352 4763 in
1370 4715 1577 4778 quodam
1599 4716 1653 4766 S.
1677 4715 1818 4767 Pauli
1834 4718 1901 4768 de

368 4771 458 4839 ᾡς
479 4772 570 4839 δίᾳ.
596 4787 844 4839 invenisse
866 4774 1117 4839 dicit._sed
1139 4781 1262 4825 entte
1285 4773 1625 4839 meproﬁteor.

384 4829 458 4903 _(b)
474 4829 621 4903 _Olnn
641 4836 730 4885 sed
750 4836 888 4903 falso,
914 4834 1167 4903 antidith
1195 4849 1214 4886 :
1236 4843 1340 4887 tum
1361 4829 1669 4903 h'jariiangeus
1701 4853 1900 4903 quoque

321 4892 579 4957 mundam
602 4906 691 4957 pro
711 4892 938 4957 gratiam.
962 4897 1145 4948 Alludit
1177 4904 1342 4948 autem
1379 4898 1519 4948 Hier.
1545 4892 1794 4950 Ciceronis
1817 4892 1902 4952 Ἰο-

323 4952 434 5005 dim
452 4952 554 5025 ιίιὶσ.
571 4952 689 5025 “is.
712 4952 904 5025 "item-
915 4963 1338 5025 ftermatteresm
1350 4959 1467 5025 avid
1479 4958 1611 5025 άὶεςιι
1626 4962 1896 5025 attendere.

322 5027 411 5066 nec
434 5015 554 5081 quid
575 5014 857 5086 polliceatur
878 5015 1067 5086 videtur
1086 5014 1448 5086 ittteuigere.‘Et
1470 5020 1764 5086 panicium,
1786 5014 1902 5086 ger:

322 5075 547 5142 mrigerus
569 5075 659 5127 sua
695 5079 860 5143 fretus
885 5077 1085 5143 scientia
1126 5090 1222 5130 non
1242 5075 1383 5141 'quid
1423 5075 1524 5137 ars,
1547 5077 1634 5127 sed
1657 5075 1776 5139 quid
1800 5075 1901 5143 ipse

324 5137 722 5203 possettexposui
734 5154 796 5189 se
817 5138 1020 5189 videtur.

388 5202 460 5274 (ο)
486 5200 850 5279 ρίιθιιξςίξιψεο
866 5201 1112 5279 sententia
1145 5200 1210 5249 ab
1227 5200 1529 5279 Hieronymo
1547 5202 1746 5279 passim,
1766 5209 1818 5279 et
1839 5204 1902 5279 ab

325 5260 597 5325 aliis'etiam
629 5263 870 5325 Patribus,
897 5262 1328 5325 Anugu‘stinogsaepe
1345 5297 1361 5322 ,
1403 5260 1625 5325 Cassiano
1647 5260 1814 5315 Collat.
1839 5264 1903 5314 24

327 5336 432 5386 cap.
455 5326 535 5373 '26.
558 5324 806 5373 Bernardo
829 5326 877 5372 in
902 5322 997 5386 vita
1021 5322 1072 5372 S.
1099 5322 1380 5386 Malach'iae;
1395 5339 1457 5373 ex
1470 5323 1652 5375 Graecis
1662 5338 1780 5375 vero
1794 5325 1903 5378 Cle-

324 5384 499 5450 mente
525 5386 863 5450 Alexandrino
899 5384 1079 5450 stram.
1124 5384 1210 5434 lib.
1245 5386 1326 5450 2.ι
1340 5385 1565 5450 aliisque.
1611 5387 1700 5437 Est
1734 5396 1902 5438 autem

329 5448 456 5509 apud
478 5446 622 5496 LXX.
656 5447 895 5496 Proverb.
922 5447 998 5494 17.
1024 5452 1131 5506 post
1148 5459 1277 5495 vers.
1299 5446 1348 5495 6.
1370 5464 1436 5499 τοῦ
1466 5446 1598 5499 ἑαυτοῦ
1620 5459 1704 5508 ὅλος
1726 5461 1747 5500 t
1767 5462 1901 5513 ιδσμος

327 5520 400 5559 τὸν
419 5534 443 5572 χ
522 5522 530 5534 ⁵
609 5546 624 5567 ν
646 5524 713 5559 τοῦ
733 5516 776 5559 δὲ
795 5522 950 5558 exta-eoi)
971 5514 1057 5556 οὒδᾶ
1076 5518 1222 5568 ὀβολός.

342 5643 346 5644 ,
376 5535 712 5644 nassae
737 5568 1192 5644 attenuasse
1229 5568 1327 5644 se

328 5629 583 5693 adscripsit
623 5630 702 5680 «ιο.
750 5630 983 5693 Salisber.
1025 5630 1201 5693 _Carm.
1234 5629 1305 5678 ad
1361 5629 1498 5693 Opus
1720 5632 1899 5683 Policr.

327 5688 754 5760 duaro'tamdeest
790 5690 918 5760 quod
954 5688 1110 5749 habet,
1318 5688 1446 5760 quod
1469 5705 1563 5741 non
1586 5692 1742 5743 habet.
1762 5694 1901 5760 _Vide

326 5753 583 5806 Theonhili
606 5752 824 5803 Paschal.
850 5752 936 5801 lli.
963 5764 1094 5800 num.
1134 5752 1210 5802 15.
1234 5752 1384 5802 Nescit
1400 5764 1673 5802 mensuram
1694 5755 1773 5805 cui
1795 5762 1900 5806 tan-

327 5820 431 5865 tum
453 5812 586 5865 deest
609 5828 737 5879 quoa
759 5813 917 5872 habet,
940 5819 1171 5875 quantum
1202 5812 1329 5877 quod
1350 5826 1443 5865 non
1464 5813 1617 5864 habet.

648 5898 710 5960 S.
758 5899 1129 5959 Hteaoxvm
1189 5897 1237 5957 Ι.

1712 334 2042 393 EPISTOLA
2081 334 2219 391 LIV.

2955 374 2960 379 ’
3500 349 3608 407 550

2390 450 2552 529 332
2625 452 2947 511 EPISTOLA
2979 457 3088 514 Ltv
3112 459 3212 531 (ά).

2660 585 2727 624 ΑΙ)
2754 585 2967 624 ῙιὋΒΙΔΜ.

2484 660 2563 714 De
2598 659 2851 718 Viduitate
2878 668 3138 721 servanda.

2024 769 2241 827 Furiam
2263 774 2487 839 uiduam,
2514 773 2733 831 Titium:
2757 776 2941 845 filiam,
2962 775 3117 834 Probi
3147 782 3373 841 Consolis
3396 806 3603 859 nurum,

2095 864 2327 919 hortatur
2361 875 2416 918 ut
2453 866 2506 920 in
2534 866 2774 921 viduitate
2804 879 3116 938 perseveret,
3145 889 3235 928 nec
3263 876 3402 932 iteret
3427 884 3607 937 matri-

2095 954 2318 1008 monium
2342 971 2357 1020 ;
2389 965 2437 1009 et
2461 957 2701 1024 quoniam
2721 958 2890 1012 adhuc
2910 959 3089 1014 uirenti
3110 973 3219 1018 erat
3242 977 3409 1035 (etate,
3429 973 3608 1040 quibus
3652 993 3656 997 ‘

2082 1045 2257 1100 «modis
2287 1046 2581 1116 pudicitiam
2603 1049 2757 1104 simul
2784 1067 2845 1105 ac
2873 1051 3065 1121 famam
3095 1056 3221 1110 tueri
3249 1057 3447 1131 debeat,
3477 1082 3609 1134 pra:—

2091 1135 2233 1204 cipit.

2092 1248 2145 1302 1.
2186 1248 2450 1306 Obsecras
2478 1253 2694 1322 litteris,
2718 1265 2772 1310 et
2795 1261 3107 1329 suppliciter
3125 1263 3451 1334 depreceris,
3477 1280 3534 1325 ut
3553 1274 3608 1326 ti-

2020 1337 2152 1409 bi(e)
2167 1341 2419 1407 scribam,
2440 1344 2549 1400 imo
2571 1348 2885 1417 rescribam,
2905 1355 3174 1423 quomodo
3193 1359 3372 1416 vivere
3391 1361 3604 1430 debeas,

2016 1439 2073 1486 et
2094 1431 2367 1489 viduitatis
2392 1450 2648 1493 coronam
2675 1439 2847 1498 illaeso
2871 1444 3134 1512 pudicitia:
3158 1451 3374 1508 nomine
3393 1468 3609 1511 conser-

2017 1538 2163 1579 vare.
2203 1523 2412 1581 Gaudet
2446 1529 2657 1583 animus
2679 1571 2693 1596 ,
2724 1534 2995 1590 exsultant
3020 1537 3226 1595 viscera
3251 1582 3267 1607 ,
3294 1544 3453 1614 gestit
3480 1545 3607 1601 all'e-

2016 1625 2172 1686 ctus,
2215 1618 2315 1673 hoc
2358 1628 2410 1675 te
2448 1634 2646 1691 cupere.
2688 1638 2807 1679 esse
2851 1641 2971 1695 post
2998 1630 3169 1685 virum
3193 1673 3208 1698 ,
3235 1635 3377 1704 quod
3408 1646 3607 1695 sancta!

2017 1710 2290 1764 memoriae
2331 1720 2502 1767 mater
2538 1722 2624 1767 tua
2661 1714 2869 1770 Titiana
2905 1720 3073 1775 multo
3107 1729 3348 1793 tempore
3376 1726 3474 1781 fuit
3506 1730 3607 1786 sub

2017 1801 2228 1855 marito.
2272 1801 2549 1859 Exaudite:
2584 1815 2708 1860 sunt
2735 1822 2924 1877 preces
2951 1821 3007 1866 et
3035 1814 3305 1870 orationes
3330 1819 3463 1888 ejus.
3496 1822 3604 1875 lm-

2018 1894 2244 1962 petravit
2266 1935 2281 1961 ,
2315 1906 2371 1949 ut
2404 1896 2789 1968 adipisceretur
2814 1902 2866 1956 in
2894 1903 3049 1959 unica
3076 1905 3182 1960 filia
3208 1949 3223 1975 ,
3251 1911 3391 1979 quod
3420 1914 3602 1971 vivens

2014 1986 2127 2057 ipsa
2170 1989 2499 2057 possederat.
2540 1990 2718 2048 Habes
2759 2005 3015 2062 praeterea
3044 2002 3365 2068 generistui
3400 2009 3601 2077 grande

2016 2079 2365 2149 privilegium,
2389 2082 2529 2151 quod
2552 2084 2746 2140 exinde
2771 2101 2803 2140 a
2825 2086 3052 2143 Camillo
3075 2090 3160 2162 (ι.
3189 2092 3379 2150 Furius
3404 2096 3599 2156 Camil-

2014 2168 2162 2238 lus),
2197 2172 2277 2225 vel
2307 2173 2450 2227 nulla
2475 2215 2491 2240 ,
2523 2175 2607 2229 vel
2635 2192 2756 2232 rara
2779 2188 2973 2234 vestra:
3001 2182 3210 2239 familia:
3239 2190 3487 2247 scribitur
3513 2208 3599 2249 se-

2012 2263 2214 2318 cundos
2243 2279 2402 2320 nosse
2439 2268 2756 2324 concubitus
2788 2288 2801 2324 :
2832 2280 2888 2325 ut
2910 2287 3013 2327 non
3040 2291 3147 2330 rut
3188 2278 3449 2338 laudanda
3478 2285 3552 2341 sis
3575 2327 3592 2354 ,

2012 2352 2055 2406 si
2082 2352 2238 2408 vidua
2267 2370 2594 2426 perseveres,
2616 2375 2770 2430 quam
2798 2365 3119 2434 execranda,
3140 2369 3182 2422 si
3212 2370 3261 2424 id
3290 2352 3589 2434 Christiana

2012 2459 2116 2498 non
2162 2461 2343 2501 serves
2368 2489 2382 2513 ,
2411 2448 2551 2519 quod
2582 2465 2679 2520 per
2710 2460 2850 2508 tanta
2895 2458 3088 2512 saecula
3119 2462 3340 2529 gentiles
3382 2463 3595 2525 femina:

2011 2536 2393 2594 custodierunt.
2562 2608 2571 2615 Α

2079 2626 2134 2680 2.
2176 2627 2346 2683 Taceo
2373 2630 2439 2686 de
2465 2631 2622 2688 Paula
2651 2644 2705 2691 et
2732 2636 3040 2708 Eustochio,
3069 2644 3249 2713 Stirpis
3276 2657 3464 2704 vestra:
3489 2653 3591 2709 ﬂo-

2009 2716 2176 2783 ribus,
2205 2734 2275 2773 ne
2300 2735 2397 2790 per
2423 2725 2759 2781 occasionem
2791 2729 3173 2791 exhortationis
3206 2746 3308 2791 tuae
3333 2723 3450 2796 iilas
3479 2742 3595 2799 lau-

2008 2806 2137 2863 dare
2158 2809 2361 2868 videar.
2382 2813 2777 2888 'Bhesillamque
2806 2831 3085 2889 praetereo,
3110 2842 3226 2896 qua:
3246 2828 3312 2900 (Γ)
3343 2836 3591 2891 maritum

2007 2913 2160 2955 suum
2181 2942 2196 2969 ,
2226 2911 2372 2957 tuum
2403 2915 2580 2961 secuta
2621 2922 2934 2979 germanum
2954 2955 2969 2979 ,
2997 2915 3048 2969 in
3078 2916 3224 2974 brevi
3270 2923 3391 2978 vita:
3421 2926 3593 2997 spatio

2010 3000 2245 3063 tempora
2266 2998 2516 3053 virtutum
2540 3002 2703 3055 multa
2724 3006 3031 3076 complevit.
3052 3010 3224 3081 Atque
3243 3016 3441 3070 utinam
3465 3035 3592 3088 prte-

2007 3086 2158 3139 conia
2187 3085 2501 3145 feminarum
2529 3092 2863 3150 imitarentur
2883 3098 2978 3152 viri
3002 3116 3103 3155 :er
3124 3102 3329 3160 sucosa
3344 3085 3592 3166 senectus

2005 3176 2290 3245 redderet,
2320 3181 2461 3251 quod
2497 3193 2688 3252 sponte
2716 3185 2873 3242 olfert
2897 3189 3277 3249 adolescentia.
3319 3196 3506 3254 Sciens
3534 3210 3590 3256 et

2005 3265 2191 3322 videns
2217 3268 2270 3323 in
2296 3269 2562 3327 ﬂammam
2592 3274 2744 3330 mitto
2774 3293 2986 3334 manum
3012 3297 3026 3334 :
3049 3281 3380 3342 adducentur
3403 3302 3593 3360 super-

2005 3356 2144 3421 cilia,
2172 3362 2490 3417 extendetur
2514 3364 2824 3433 brachium;
2856 3368 3128 3445 [ratusque
3148 3374 3222 3449 (g)
3245 3356 3485 3435 Chremes
3503 3389 3590 3435 tu-

2005 3450 2143 3503 mido
2164 3452 2393 3507 deswviet
2422 3472 2526 3509 ore.
2554 3456 2889 3531 Consurgent
2909 3478 3165 3532 proceres
3187 3469 3443 3526 adversus
3474 3473 3593 3542 Epi-

2006 3538 2196 3593 stulam
2223 3557 2427 3606 menm;
2456 3547 2606 3601 turba
2629 3551 2840 3617 patritia
2866 3552 3143 3611 dctonabit
3168 3555 3263 3630 [aL
3287 3538 3586 3634 denotabit],

2005 3646 2092 3686 me
2132 3647 2341 3703 magum
2362 3676 2377 3700 ,
2406 3652 2491 3691 me
2522 3639 2854 3696 seductorem
2880 3645 3159 3704 clamitans
3182 3691 3196 3715 ,
3230 3660 3284 3706 et
3328 3653 3378 3706 in
3421 3662 3593 3710 terras

2007 3720 2220 3809 ultimas
2245 3722 2647 3791 deportandum.
2677 3731 2908 3799 Addant,
2986 3738 3148 3809 283
3220 3741 3264 3794 si
3295 3742 3509 3804 volunt,
3536 3753 3593 3798 et

2006 3808 2341 3876 Samariten),
2361 3824 2417 3867 ut
2434 3815 2639 3872 Domini
2661 3821 2767 3874 mei
2789 3823 2993 3877 titulum
3017 3841 3417 3896 recognoscam.
3434 3828 3595 3887 Certe

2007 3900 2167 3955 ﬁliam
2198 3919 2227 3956 a
2260 3916 2479 3973 parente
2520 3923 2625 3963 non
2655 3911 2853 3979 divido,
2883 3930 2985 3971 nec
3013 3917 3134 3973 dico
3163 3921 3290 3975 illud
3320 3922 3387 3977 de
3417 3921 3595 3977 Evan-

2004 3991 2144 4084 gelia
2167 4009 2181 4047 :
2204 3993 2330 4048 Sine
2357 4006 2411 4048 ut
2439 4001 2621 4054 mortui
2641 4004 2885 4073 sepeliant
2904 4016 3128 4063 mortuos
3151 4026 3269 4067 suos
3293 4014 3506 4084 (Matth.
3534 4021 3591 4077 8.

2004 4082 2104 4147 22;
2128 4092 2173 4137 et
2194 4084 2320 4139 Luc.
2347 4086 2400 4142 9.
2421 4087 2536 4159 60).
2564 4091 2706 4149 Vivit
2725 4098 2893 4165 enim,
2916 4100 3005 4169 qui
3030 4101 3196 4156 credit
3221 4104 3271 4158 in
3298 4082 3589 4166 Christum.

2008 4173 2073 4226 Et
2091 4175 2179 4244 qui
2208 4176 2260 4229 in
2289 4177 2432 4232 illum
2456 4182 2660 4252 credit,
2682 4184 2844 4244 debet
2868 4188 3051 4260 utique
3076 4196 3341 4261 quomodo
3365 4197 3457 4256 ille
3479 4214 3597 4257 am-

2006 4263 2226 4334 bulavit,
2252 4275 2306 4322 et
2335 4268 2448 4339 ipse
2475 4273 2750 4332 ambulare
2782 4279 2860 4352 (1.
2888 4279 3046 4336 Joan.
3074 4281 3130 4335 2.
3157 4283 3235 4354 6).

2077 4358 2129 4413 5.
2174 4358 2389 4424 Quando
2419 4364 2711 4423 honorandi
2736 4374 3343 4439 parentem—Facessat
3372 4381 3592 4452 invidia,

2007 4470 2164 4522 quam
2193 4458 2395 4512 nomini
2425 4459 2728 4520 Christiano
2756 4467 3137 4523 maledicorum
3164 4486 3376 4542 semper
3401 4477 3592 4545 genur-

2005 4561 2107 4602 nus
2135 4547 2302 4619 infigit
2327 4563 2344 4604 :
2370 4560 2428 4605 ut
2450 4593 2466 4619 ,
2493 4551 2621 4609 dum
2650 4557 2846 4626 probra
2878 4568 3140 4626 metuunt,
3169 4562 3234 4615 ad
3265 4564 3484 4622 virtutes
3512 4567 3594 4640 (It)

2006 4651 2112 4692 non
2142 4652 2518 4708 provocentur.
2550 4643 2801 4715 Exceptis
2826 4647 3068 4715 epistolis
3086 4689 3101 4715 ,
3130 4649 3436 4721 ignoramus
3461 4657 3599 4714 alte-

2007 4738 2234 4784 rutrum.
2268 4729 2514 4795 Souous
2554 4750 2713 4790 causa
2746 4738 2960 4806 pietatis
2995 4747 3106 4805 est,
3137 4741 3223 4795 ubi
3250 4745 3426 4800 carnis
3452 4747 3594 4805 nulla

2067 4840 2143 4961 ἔα)
2183 4841 2313 4916 Atia:
2340 4844 2417 4915 to:
2442 4843 2636 4932 scripta
2656 4847 2996 4920 circiteramt.
3014 4852 3126 4923 ξω.

2088 4906 2137 4961 e)
2170 4902 2262 4952 Aln
2285 4904 2416 4953 Edttt
2452 4918 2510 4955 ac
2556 4909 2669 4960 Mss.
2706 4911 2996 4961 rescribam.
3021 4927 3119 4961 uno

2088 4902 2144 4983 ΕΣ
2169 4902 2529 4983 5351599199.
2552 4902 2683 4983 Mssa
2706 4909 2996 4983 νεδετίὺαηι»
3021 4902 3142 4983 wsb-
3161 4915 3391 4981 scribam.
3415 4922 3500 4983 qui
3545 4930 3602 4973 et

2004 4965 2150 5035 paulo
2169 4965 2288 5035 infra
2314 4974 2529 5035 voc_es_ut
2544 4970 2921 5035 adipisceretur,
2947 4965 3044 5024 non
3069 4965 3270 5028 habent.

2042 5027 2152 5106 Ἀρί
2170 5025 2781 5106 VitiOSJeillfbentplures
2805 5025 2919 5085 Mss:
2936 5044 3004 5106 Aet
3022 5025 3344 5106 vetuset—lilio
3366 5047 3471 5106 post
3492 5056 3599 5094 ma-

2004 5089 2292 5165 rita-nacte.
2311 5089 2492 5165 deinde
2507 5089 2789 5165 sortitapro
2810 5103 2993 5165 σεο-ειμι.
3014 5097 3128 5165 lino
3149 5089 3336 5152 scilicet
3359 5089 3602 5165 iiro

2008 5123 2019 5132 .
2037 5123 2171 5194 .-.ηιέ
2199 5123 2292 5158 vae.
2312 5123 2492 5139 υυιιινυ
2507 5123 2678 5167 συιιιια
2701 5123 2789 5157 μιν
2810 5123 2993 5147 “eum.
3014 5123 3056 5169 ,υ
3067 5123 3128 5147 υυ
3149 5123 3336 5152 δυιιιυυι
3361 5123 3490 5165 VIN);
3515 5123 3600 5155 80-

2142 5160 2547 5231 germa‘no
2564 5164 2733 5231 {tincta
2769 5164 2845 5205 est
2880 5157 3091 5208 Blaesdla
3108 5198 3123 5220 ,
3148 5174 3260 5224 quae
3302 5164 3448 5226 paulo
3488 5174 3600 5231 post

2008 5218 2114 5267 eius
2142 5218 2351 5258 mortem
2373 5218 2541 5260 secuta
2564 5220 2658 5262 est.

2069 5268 2141 5332 (g)
2158 5268 2271 5320 Duo
2293 5284 2437 5342 manu
2463 5282 2661 5342 exarata
2680 5278 2997 5342 exemplaria,
3021 5286 3269 5342 trahisque
3294 5286 3601 5338 Terentianus

2006 5326 2250 5403 Chremes,
2281 5339 2399 5403 etei,
2419 5335 2564 5403 juxta
2587 5350 2732 5403 quam
2762 5326 3034 5403 1ρὲιίὄὸἇῆ
3044 5326 3597 5399 'v‘iai‘i‘é're'n'uiiiﬁ'ﬁéi

2008 5393 2319 5466 au‘tiontimor.
2338 5393 2462 5466 “Aci.
2502 5393 2734 5466 ἅβραι.
2761 5401 2809 5450 5.
2848 5410 2997 5466 atque
3020 5404 3156 5454 alibi.
3180 5393 3470 5457 iist'au‘t'em
3490 5393 3599 5459 iii)-

2006 5457 2115 5575 ﬁgi
2116 5467 2270 5566 (1:33;:
2263 5457 2387 5564 31in
2420 5457 2543 5507 Arte
2566 5458 2784 5522 Poetica,
2801 5457 2950 5526 atque
2973 5466 3039 5515 ibi
3063 5467 3261 5528 quidem
3280 5475 3359 5518 est
3380 5457 3601 5533 delitigat

2064 5529 2094 5562 υ
2116 5528 2357 5566 autemet.

2073 5573 2140 5653 (tt)
2157 5577 2359 5653 “Contra
2514 5593 2612 5630 non
2636 5584 2794 5653 pauci,
2815 5592 3086 5653 et_vetusta_
3109 5587 3281 5653 editio,
3302 5600 3395 5653 non
3421 5602 3593 5653 provo-

2007 5637 2409 5711 centzﬁuperiori
2435 5641 2584 5690 etiam
2614 5637 2719 5711 v'oci
2741 5637 2976 5711 genuinus
2998 5649 3178 5696 addunt
3199 5637 3394 5709 quidam
3416 5637 3592 5711 Eéhizb.

2008 5697 2484 5774 vellivg‘r'apempe
2522 5697 2789 5773 genuinum
2808 5708 3009 5774 dentem
3034 5721 3178 5767 esse,
3202 5697 3350 5774 atque
3395 5697 3600 5774 cipis;-

2006 5771 2109 5835 sam
2124 5771 2157 5835 _a
2174 5761 2348 5835 {laesio
2369 5761 2572 5835 phrasin
2594 5769 2900 5815 amanuensis
2917 5781 3012 5817 non
3033 5761 3178 5817 nemo
3201 5761 3445 5834 igriorans,
3464 5761 3601 5835 'glos-
3654 5807 3663 5815 ο

2010 5832 2145 5870 sema
2167 5821 2232 5870 de
2254 5832 2346 5870 suo
2366 5821 2563 5873 addidit.

2960 5911 3347 5994 (Dia—ltuit.)
