4146 6336
337 518 520 576 stianis
549 513 718 580 initia,
747 508 843 567 sed
875 506 1014 563 finis.
1041 505 1236 561 Paulus
1271 500 1412 557 male
1436 499 1624 570 erepit,
1655 497 1752 554 sed
1774 499 1916 553 bene

340 611 530 667 ﬁnivit.
558 604 711 663 Judte
736 603 1022 658 laudantur
1051 597 1268 654 exordia
1294 612 1310 663 ;
1341 595 1436 650 sed
1468 593 1588 649 finis
1615 592 1919 664 proditione

338 704 640 760 damnatur.
667 696 809 766 Lege
838 691 1181 750 Ezechielem
1210 706 1224 742 :
1257 706 1277 741 ι
1309 686 1520 743 Iustitia
1545 685 1677 755 justi
1705 698 1814 740 non
1851 682 1920 737 li-

338 793 546 850 berabit
590 804 710 846 eum
731 828 747 856 ,
781 788 836 842 in
878 795 1212 856 quacumque
1240 780 1328 835 die
1369 775 1687 849 peccaverit.
1720 773 1790 829 Et
1817 774 1918 828 im-

338 889 512 959 pietas
553 882 702 952 impii
747 894 855 935 non
884 876 1099 932 nocebit
1121 873 1170 928 ei
1189 913 1204 940 ,
1232 872 1286 926 in
1314 882 1650 942 quacumque
1673 865 1763 921 die
1790 878 1918 920 con-

341 955 528 1032 versus
553 972 716 1029 fuerit
741 970 810 1026 ab
839 968 1114 1037 impietate
1137 977 1233 1020 sua
1266 981 1286 1016 ι
1321 960 1538 1031 (Ezech.
1563 956 1678 1028 '55).
1705 955 1812 1010 Ista
1836 961 1921 1009 est

338 1067 481 1124 scala
509 1063 677 1120 Jacob
699 1103 715 1127 ,
751 1076 845 1133 per
868 1073 1027 1131 quam
1053 1055 1243 1126 Angeli
1281 1053 1359 1125 (a)
1389 1049 1715 1115 ascendunt,
1743 1055 1800 1103 et
1825 1045 1920 1100 de-

339 1158 603 1214 scendunt
640 1172 653 1208 :
695 1153 780 1209 cui
835 1149 1090 1206 Dominus
1135 1144 1380 1201 innititur
1434 1141 1598 1212 lapsis
1644 1140 1919 1210 porrigens

341 1262 579 1311 manum,
607 1253 662 1300 et
687 1243 858 1298 fessos
885 1237 1289 1296 ascendentium
1321 1232 1539 1306 gradus,
1569 1230 1650 1286 sui
1679 1237 1920 1296 contem-

342 1340 576 1411 platione
602 1342 933 1392 sustentans.
963 1329 1068 1388 Sed
1097 1329 1236 1386 sicut
1262 1341 1370 1382 non
1395 1325 1508 1380 vult
1534 1330 1760 1377 mortem
1790 1332 1916 1388 pec-

343 1432 540 1490 catoris
563 1471 581 1499 ,
614 1436 817 1484 tantum
853 1424 947 1499 [ει.
975 1431 1168 1478 tantum
1200 1414 1470 1490 quantum]
1497 1423 1556 1470 ut
1582 1418 1920 1468 convertatur

347 1535 400 1579 et
422 1524 566 1578 vivat
597 1539 612 1576 :
638 1521 708 1574 ita
736 1516 944 1588 tepidos
971 1513 1103 1578 odit,
1130 1520 1184 1567 et
1209 1513 1316 1565 cito
1341 1510 1388 1564 ei
1416 1518 1669 1562 nauseam
1697 1501 1916 1557 faciunt.

343 1616 506 1688 286
574 1609 670 1668 Cui
698 1611 816 1681 plus
843 1607 1149 1670 dimittitur,
1178 1603 1294 1672 plus
1321 1599 1514 1670 diligit.

413 1683 495 1760 ἦ.-
520 1702 748 1759 Vettium
787 1699 972 1754 cultus.
1002 1726 1076 1738 ——
1105 1693 1356 1750 Meretrix
1399 1691 1490 1746 illa
1532 1690 1588 1744 in
1632 1683 1920 1756 Evangelio

339 1797 605 1867 baptizata
645 1792 897 1864 lacrymis
933 1791 1078 1855 suis,
1117 1795 1173 1844 et
1209 1786 1392 1875 crine.z
1423 1796 1530 1853 quo
1568 1779 1765 1837 multos
1794 1785 1920 1832 ante

340 1887 668 1956 deceperat,
699 1883 858 1954 pedes
891 1881 1098 1936 Domini
1143 1867 1386 1948 tergens:
1416 1873 1615 1929 salvata
1652 1878 1736 1926 est
1763 1867 1914 1941 (Luc.

342 1980 420 2052 7).
448 1979 564 2034 Non
591 1977 776 2032 habuit
800 1975 1100 2045 crispantes
1135 1971 1342 2034 mitras,
1373 1982 1472 2022 nec
1499 1963 1786 2020 stridentes
1811 1959 1918 2016 cal-

341 2072 551 2133 ceolos,
580 2084 679 2125 nec
715 2068 877 2124 orbes
910 2066 1069 2121 stibio
1108 2063 1434 2133 fuliginatos.
1462 2058 1672 2124 Quanto
1702 2054 1915 2119 foedior,

342 2171 488 2217 tanto
518 2159 811 2230 pulchrior.
853 2156 992 2225 Quid
1023 2155 1150 2210 facit
1184 2154 1238 2209 in
1277 2151 1412 2206 facie
1438 2148 1752 2206 Christiana:
1789 2161 1918 2215 pur-

340 2254 580 2323 purissus
607 2260 662 2307 et
685 2248 942 2306 cerussa?
973 2261 1201 2318 quorum
1230 2245 1458 2300 alterum
1487 2242 1735 2296 ruborem
1761 2253 1920 2308 gena-

339 2359 456 2398 rum
484 2343 858 2412 labiorumque
896 2340 1156 2395 mentitur
1185 2354 1199 2390 :
1227 2336 1453 2390 alterum
1495 2330 1780 2386 candorem
1810 2329 1920 2383 oris

339 2442 394 2488 et
413 2433 535 2488 colli
564 2450 579 2486 :
606 2432 743 2502 ignis
759 2430 1039 2500 juvenum,
1063 2425 1296 2481 fomenta
1319 2422 1618 2486 libidinum,
1641 2417 1921 2488 impudica:

337 2525 534 2579 mentis
574 2523 790 2578 indicia.
829 2517 1110 2588 Quomodo
1152 2516 1283 2570 flere
1326 2522 1503 2584 potest
1545 2525 1645 2580 pro
1688 2507 1920 2580 peccatis

335 2616 480 2679 suis,
511 2629 632 2683 quae
671 2611 922 2683 lacrymis
960 2619 1138 2664 cutem
1181 2605 1378 2671 nudat,
1407 2613 1462 2659 et
1489 2602 1666 2657 sulcos
1693 2600 1838 2656 ducit
1867 2600 1918 2652 in

333 2707 514 2763 facie?
545 2705 776 2761 Ornatus
807 2704 908 2758 iste
950 2716 1056 2756 non
1102 2697 1312 2755 Domini
1353 2706 1471 2761 est;
1507 2695 1749 2750 velamen
1780 2691 1919 2747 istud

335 2797 657 2854 Antichristi
684 2805 786 2850 est.
815 2796 932 2861 Qua
962 2807 1169 2848 rtnucu
1207 2786 1363 2858 erigit
1391 2787 1456 2843 ad
1489 2786 1684 2842 coelum
1709 2785 1917 2848 vultus,

337 2905 473 2962 quos
500 2889 764 2944 Conditor
791 2886 864 2960 (ὸ)
897 2901 1000 2942 non
1033 2883 1326 2955 agnoscat?
1355 2881 1572 2936 Frustra
1614 2876 1922 2932 obtenditur

339 2982 698 3038 adolescentia
724 3021 739 3048 ,
771 2990 827 3037 et
850 2989 980 3035 tetas
1011 2978 1264 3048 puellaris
1288 2975 1568 3031 asseritur.
1603 2973 1771 3028 Vidua
1801 2986 1920 3040 qua:

339 3076 533 3129 marito
574 3074 788 3144 placere
815 3071 1044 3138 desivit,
1077 3081 1130 3126 et
1164 3071 1316 3141 juxta
1345 3067 1661 3138 Apostolum
1686 3081 1814 3121 vere
1837 3065 1918 3119 vi-

340 3164 444 3220 dua
470 3173 584 3230 est,
617 3164 746 3218 nihil
783 3163 944 3218 habet
986 3161 1380 3225 necessarium,
1423 3159 1525 3214 nisi
1567 3172 1920 3229 perseveran-

317 3256 490 3310 -tiam.
518 3255 758 3310 Meminit
783 3254 1023 3324 pristina:
1049 3253 1355 3324 voluptatis,
1387 3252 1488 3307 scit
1509 3250 1633 3320 quid
1657 3249 1917 3312 amiserit,

342 3360 448 3415 quo
473 3345 736 3401 delectata
773 3346 864 3401 sit.
894 3344 1161 3400 Ardentes
1187 3342 1384 3398 diaboli
1415 3342 1622 3412 sagittze
1644 3381 1660 3407 ,
1687 3339 1919 3410 jejunio-

341 3451 464 3491 rum
502 3445 556 3490 et
595 3437 892 3508 vigiliarum
932 3436 1108 3506 rigore
1145 3433 1238 3506 [al.
1278 3431 1487 3506 [rigore]
1527 3431 1920 3501 restinguenda:

342 3538 486 3583 sunt.
526 3530 632 3584 Aut
675 3528 1001 3600 loquendum
1044 3526 1198 3583 nobis
1239 3535 1353 3590 est.
1384 3535 1444 3580 ut
1475 3525 1652 3580 vestiti
1689 3537 1916 3578 sumus:

277 3695 279 3697 ι
341 3630 434 3677 aut
460 3621 814 3690 vestiendum,
839 3631 898 3677 ut
927 3622 1217 3692 loquimur.
1247 3620 1386 3688 Quid
1414 3620 1556 3674 aliud
1584 3620 1917 3689 pollicemur,

341 3723 397 3768 et
434 3713 576 3767 aliud
603 3714 969 3769 ostendimus?
1006 3728 1199 3770 unum
1235 3721 1489 3782 personat
1513 3711 1836 3778 castitatem,
1867 3719 1922 3766 et

343 3811 516 3858 totum
545 3819 735 3875 corpus
773 3804 985 3875 praefert
1013 3802 1419 3872 impudicitiam.

414 3897 468 3952 8.
506 3898 613 3952 Iloc
641 3908 894 3967 quantum
926 3897 992 3951 ad
1021 3896 1258 3951 habitum
1290 3894 1522 3966 pertinet
1558 3900 1614 3948 et
1647 3900 1916 3948 ornatum.

342 3989 604 4046 Caeterum
630 3993 781 4045 vidua
806 4007 916 4062 quae
939 3992 992 4044 in
1016 3989 1210 4044 deliciis
1236 3998 1308 4042 est
1339 3986 1468 4060 (non
1490 3995 1573 4041 est
1596 4000 1798 4050 meum,
1823 3984 1916 4040 sed

342 4082 620 4154 Apostoli)
649 4085 815 4138 vivens
855 4093 1057 4137 mortua
1093 4091 1184 4138 est.
1215 4080 1352 4149 Quid
1380 4079 1481 4135 sibi
1509 4078 1622 4133 vult
1649 4078 1752 4132 hoc
1778 4077 1919 4148 quod

343 4174 419 4228 ait
444 4193 458 4228 :
487 4177 650 4230 vivens
672 4185 870 4230 mortua
895 4176 1006 4230 est?
1029 4174 1106 4248 (1.
1136 4173 1267 4228 Tim.
1299 4173 1352 4228 5.
1377 4171 1458 4241 6.)
1490 4171 1679 4225 Vivere
1705 4168 1918 4239 quidem

341 4264 552 4320 videtur
595 4267 995 4338 ignorantibus,
1026 4274 1082 4322 et
1121 4280 1229 4321 non
1259 4279 1378 4320 esse
1413 4271 1634 4334 peccato
1670 4269 1879 4316 mortua
1903 4302 1918 4324 ,

343 4357 434 4412 sed
460 4358 708 4427 Christo,
737 4375 894 4430 quem
924 4367 1129 4414 secreta
1167 4373 1274 4414 non
1313 4357 1536 4422 fallunt,
1577 4362 1789 4410 mortua
1815 4363 1918 4408 est.

275 4480 282 4488 -
349 4468 368 4502 ι
404 4451 591 4506 Anima
622 4467 740 4521 qua:
773 4451 1089 4521 peccaverit,
1114 4451 1226 4520 ipsa
1255 4448 1550 4504 morietur:
1570 4446 1781 4518 (Ezech.
1806 4443 1917 4517 18).

349 4560 368 4596 ι
395 4542 754 4612 Quorumdam
779 4543 1053 4598 hominum
1077 4550 1293 4612 peccata
1315 4539 1597 4596 manifesta
1617 4547 1762 4603 sunt,
1787 4551 1924 4606 prae-

341 4634 585 4690 cedentia
607 4634 672 4688 ad
695 4634 954 4704 judicium
978 4651 992 4687 :
1021 4633 1279 4704 quosdam
1307 4642 1485 4687 autem
1507 4638 1558 4686 et
1587 4630 1925 4700 subsequun-

345 4734 446 4780 tur.
486 4725 744 4782 Similiter
785 4733 841 4782 et
883 4727 1020 4780 facta
1059 4725 1197 4780 bona
1233 4723 1511 4778 manifesta
1538 4729 1699 4776 sunt:
1725 4730 1922 4791 etquae

343 4811 501 4867 aliter
525 4831 584 4868 se
612 4817 832 4883 habent,
863 4815 1118 4872 abscondi
1149 4830 1253 4870 non
1283 4821 1509 4884 possunt
1539 4832 1558 4866 ι
1589 4814 1666 4872 (1.
1701 4811 1839 4868 Tim.
1865 4812 1920 4866 5.

344 4903 434 4960 ει.
466 4914 511 4959 et
546 4903 663 4977 25).
691 4906 844 4974 Quod
885 4908 1014 4962 dicit
1057 4905 1356 4962 istiusmodi
1393 4912 1477 4958 est
1506 4921 1518 4956 :
1547 4903 1772 4971 Quidam
1817 4910 1924 4955 tam

342 4997 508 5054 libere
545 5008 601 5056 et
632 5000 805 5069 palam
845 5007 1100 5069 peccant,
1141 5007 1198 5052 ut
1234 5003 1516 5066 postquam
1555 5009 1650 5048 eos
1688 4993 1921 5057 videris,

343 5090 524 5145 statim
556 5090 823 5162 intelligas
849 5101 1178 5160 peccatores.
1210 5086 1358 5141 Alios
1383 5093 1586 5149 autem,
1616 5083 1706 5153 qui
1735 5083 1925 5137 callide

342 5181 616 5238 occultant
640 5183 768 5238 vitia
799 5198 919 5250 sua,
943 5198 1006 5238 ex
1035 5177 1277 5249 sequenti
1299 5175 1706 5233 conversatione
1730 5189 1927 5245 cogno-

342 5274 561 5328 scimus.
593 5273 854 5330 Similiter
883 5283 934 5329 et
963 5273 1101 5327 bona
1138 5269 1278 5341 apud
1306 5269 1516 5341 aliquos
1553 5266 1609 5323 in
1645 5266 1928 5338 propatulo

406 5467 484 5542 (α)
511 5467 767 5542 Postrema
788 5467 947 5542 editio
961 5462 1446 5542 Denjedictinhjuxta'
1461 5463 1763 5542 vetustiores
1786 5458 1926 5531 alias,

340 5521 437 5577 uno
463 5521 658 5579 tantum
697 5532 874 5586 verbo,
901 5525 1238 5577 conscendunt.
1272 5521 1394 5575 Tum
1428 5523 1568 5575 lassis
1606 5537 1696 5587 pro
1738 5521 1886 5586 lapsis
1911 5559 1925 5582 ,

341 5593 468 5653 quod
492 5593 606 5641 olim
632 5593 680 5640 in
711 5590 990 5653 Erasmiana
1012 5589 1256 5637 Victorius
1286 5593 1605 5653 correxerat;
1630 5597 1818 5648 nosque
1843 5597 1924 5653 re-

339 5645 550 5712 stituere
575 5667 671 5702 non
695 5652 1044 5709 dubitavimus,
1071 5663 1136 5699 ne
1160 5661 1394 5712 ταυτολοτὶας
1424 5648 1544 5698 vitio
1577 5645 1807 5710 peccaret
1847 5645 1926 5695 hic

245 5768 255 5774 _
342 5710 494 5772 locus,
517 5729 628 5763 cum
652 5715 814 5764 statim
837 5714 985 5775 fessos
1008 5712 1244 5775 nominet.

405 5768 493 5836 (ὁ)
515 5775 583 5825 ita
607 5768 910 5824 correximus
935 5787 977 5836 ei
998 5774 1113 5824 Mss.
1132 5783 1284 5836 antea
1304 5771 1435 5836 enim
1459 5777 1563 5836 erat
1586 5782 1670 5820 nos
1692 5768 1923 5836 agnoscit.

343 5833 649 5886 Conferenda
674 5849 817 5899 porro
841 5843 918 5885 est
944 5835 1098 5900 Epist.
1124 5835 1203 5885 22.
1231 5835 1288 5884 ad
1310 5833 1624 5884 Eustochium
1649 5845 1696 5880 n.
1728 5834 1802 5880 15.

1698 379 2030 440 EPISTOLA
2064 379 2202 439 LIV.

3497 391 3605 447 554

2027 501 2183 560 sunt,
2216 493 2267 549 in
2299 493 2419 549 aliis
2446 493 2606 566 longo
2637 509 2734 550 usu
2762 495 3036 554 discimus.
3064 498 3201 566 Quid
3227 515 3358 572 ergo
3386 517 3607 563 necesse

2027 596 2110 643 est
2151 601 2250 642 nos
2269 587 2474 657 jactare
2499 586 2830 658 pudicitiam,
2860 605 2981 660 quae
3006 591 3122 646 sine
3194 593 3355 666 287
3428 597 3604 652 comi-

2029 679 2168 735 tibus
2195 688 2250 736 et
2275 681 2601 751 appendiciis
2631 681 2766 748 suis,
2793 683 3121 740 continentia
3149 695 3204 741 et
3225 688 3510 758 parcitate,
3543 689 3606 746 li-

2026 769 2148 826 dem
2171 771 2254 826 sui
2277 772 2454 829 facere
2481 787 2584 828 non
2612 773 3127 843 potestiApostolus
3155 789 3390 835 macerat
3411 797 3605 855 corpus

2027 879 2218 966 suum,
2234 874 2288 920 et
2314 866 2506 921 animae
2542 865 2757 936 subjieit
2781 867 3040 937 imperio;
3067 885 3136 925 ne
3159 871 3299 940 quod
3330 874 3448 930 aliis
3477 890 3606 946 pra:-

2027 956 2178 1026 cipit,
2206 956 2322 1026 ipse
2361 973 2466 1012 non
2509 967 2689 1014 servet
2723 976 2736 1012 :
2776 972 2845 1012 nr
2889 973 3323 1018 anouscsu'ruu
3365 963 3607 1022 fervente

2026 1049 2162 1104 cibis
2203 1064 2450 1120 corpore,
2478 1049 2545 1106 de
2570 1051 2814 1106 castitate
2840 1063 3030 1105 secura
3059 1051 3177 1106 est?

2097 1140 2151 1196 9.
2183 1141 2366 1212 Neque
2391 1157 2519 1197 vero
2548 1143 2662 1197 lucc
2685 1142 2899 1206 dicens,
2928 1142 3232 1201 condemno
3259 1145 3442 1213 cibos,
3472 1163 3606 1215 quos

2028 1233 2168 1290 Deus
2189 1234 2388 1289 creavit
2413 1233 2481 1288 ad
2507 1233 2760 1289 utendum
2783 1248 2904 1289 cum
2926 1235 3214 1305 gratiarum
3240 1236 3482 1304 actione;
3510 1237 3604 1293 sed

2021 1325 2306 1395 juvenibus
2340 1334 2396 1380 et
2423 1325 2617 1396 puellis
2647 1326 2716 1397 (ε)
2745 1326 3008 1382 incentiva
3037 1325 3224 1382 aufero
3249 1328 3606 1399 voluptatum.

2023 1415 2141 1472 Non
2164 1416 2359 1473 Etnzei
2386 1418 2537 1487 ignes
2556 1457 2572 1484 ,
2600 1432 2707 1472 non
2737 1417 2989 1473 Vulcania
3019 1418 3174 1474 tellus
3194 1461 3210 1486 ,
3235 1434 3339 1475 non
3369 1418 3606 1477 Vesevus

2025 1515 2079 1562 et
2106 1508 2183 1577 (1)
2216 1507 2476 1580 Olympus
2502 1508 2661 1563 tantis
2687 1507 2969 1563 ardoribus
2995 1517 3242 1572 aestuant,
3266 1518 3323 1566 ut
3341 1510 3604 1580 juveniles

2026 1597 2274 1654 medullae
2296 1599 2419 1653 vino
2446 1598 2638 1668 plenae,
2663 1607 2717 1654 et
2735 1598 2959 1668 dapibus
2985 1598 3346 1656 inflammatae.
3372 1603 3603 1657 Avaritia

2025 1688 2262 1743 calcatur
2297 1703 2326 1742 a
2363 1689 2672 1760 plerisque,
2715 1698 2768 1742 et
2808 1702 2931 1742 cum
2983 1691 3254 1758 marsupio
3297 1691 3600 1763 deponitur.

2025 1777 2334 1834 Maledicam
2359 1779 2591 1850 linguam
2621 1778 2873 1860 indictum
2897 1779 3142 1834 emendat
3171 1782 3460 1836 silentium.
3482 1782 3604 1838 Cul-

2026 1880 2112 1924 tus
2145 1871 2389 1942 corporis
2427 1881 2480 1926 et
2523 1870 2735 1926 habitus
2763 1870 2987 1924 vestium
3011 1911 3025 1934 ,
3056 1871 3212 1926 unius
3254 1872 3400 1927 horai
3433 1874 3606 1943 spatio

2023 1971 2402 2018 commutatur.
2445 1962 2635 2017 Omnia
2679 1961 2780 2015 alia
2826 1971 3044 2030 peccata
3079 1962 3416 2018 extrinsecus
3445 1974 3604 2029 sunt;
3667 1974 3672 1978 '

2023 2054 2078 2100 et
2106 2047 2248 2115 quod
2294 2045 2423 2100 foris
2452 2055 2569 2111 est,
2603 2044 2759 2100 facile
2787 2045 3055 2114 abjicitur.
3087 2043 3209 2101 Sola
3250 2046 3414 2102 libido
3451 2049 3602 2102 insita

2023 2151 2054 2190 a
2096 2138 2238 2202 Deo,
2280 2137 2349 2192 ob
2395 2136 2689 2191 liberorum
2728 2137 3151 2205 procreationem
3179 2180 3191 2202 ,
3225 2140 3268 2192 si
3309 2137 3442 2193 fines
3481 2153 3601 2191 suos

2025 2240 2240 2297 egressa
2274 2226 2468 2292 fuerit,
2497 2225 2760 2279 redundat
2805 2226 2856 2279 in
2896 2227 3114 2295 vitium,
3146 2237 3198 2282 et
3232 2227 3459 2298 quadam
3490 2229 3602 2299 lege

2026 2329 2228 2372 naturae
2270 2317 2322 2371 in
2373 2317 2572 2371 coitum
2618 2318 2782 2387 gestit
2823 2333 3131 2388 erumpere.
3177 2318 3407 2375 Grandis
3450 2321 3607 2391 igitur

2025 2410 2236 2464 virtutis
2278 2416 2394 2475 est,
2437 2417 2490 2462 et
2531 2407 2774 2462 sollicita:
2811 2407 3133 2478 diligentiae,
3168 2424 3424 2480 superare
3462 2413 3604 2482 quod

2026 2511 2149 2555 nata
2176 2501 2250 2556 sis
2279 2519 2292 2556 :
2316 2500 2367 2554 in
2394 2514 2572 2564 carne,
2604 2514 2708 2552 non
2741 2500 3032 2555 carnaliter
3061 2501 3244 2556 vivere
3268 2520 3280 2554 :
3308 2512 3478 2557 tecum
3507 2518 3606 2572 pu-

2024 2609 2188 2664 gnare
2217 2591 2490 2662 quotidie,
2521 2599 2574 2646 et
2601 2590 2861 2645 inclusum
2894 2589 3102 2646 hostem
3141 2592 3270 2662 Argi
3300 2591 3379 2664 (ut
3407 2592 3606 2648 fabulae

2027 2680 2220 2756 ferunt)
2248 2694 2460 2737 centum
2500 2682 2670 2736 oculis
2705 2683 3013 2738 observare.
3047 2682 3159 2739 Hoc
3184 2683 3431 2754 estquod
3459 2687 3607 2754 Apo-

2025 2777 2193 2832 stolus
2219 2775 2396 2831 verbis
2420 2773 2538 2829 aliis
2561 2774 2878 2844 loquebatur
2903 2792 2947 2829 τι
2977 2776 3147 2830 Omne
3170 2786 3444 2846 peccatum
3467 2778 3606 2847 quod

2029 2869 2204 2924 fecerit
2232 2869 2414 2934 homo,
2443 2876 2600 2923 extra
2623 2882 2818 2937 corpus
2841 2876 2946 2923 est.
2970 2867 3069 2934 Qui
3091 2877 3268 2924 autem
3291 2867 3586 2925 fornicatur

2024 2964 2076 3018 in
2104 2977 2297 3032 corpus
2322 2977 2475 3016 suum
2498 2969 2681 3031 peccat
2705 2978 2722 3013 ι
2747 2959 2820 3032 (2.
2848 2959 2966 3015 Cor.
2991 2963 3044 3016 6.
3076 2959 3184 3034 18).
3216 2962 3376 3018 Aiunt
3392 2963 3604 3031 medici,

2025 3065 2079 3110 et
2108 3055 2195 3125 qui
2234 3053 2300 3108 de
2336 3052 2691 3107 humanorum
2735 3066 3020 3120 corporum
3067 3053 3331 3122 scripsere
3369 3056 3605 3118 naturis.

2025 3149 2401 3220 praecipueque
2421 3146 2654 3201 Galenus
2680 3144 2732 3199 in
2759 3144 2932 3211 libris,
2951 3160 3174 3215 quorum
3200 3144 3381 3202 titulus
3401 3158 3505 3218 περὶ
3529 3147 3608 3221 (d)

2025 3238 2243 3311 Ῡγιεινῶυ
2274 3240 2500 3311 (Caleni
2525 3239 2639 3294 libri
2667 3237 2730 3292 de
2764 3231 2976 3292 Tucn'da
3014 3238 3286 3309 sanitate),
3319 3254 3609 3309 puerorum

2026 3347 2078 3393 et
2100 3335 2375 3406 jttventtm,
2403 3347 2468 3387 ac
2495 3330 2744 3402 perfecta:
2768 3329 2940 3384 aetatis
2962 3328 3199 3384 virorum
3224 3330 3612 3402 mulierumque

2026 3442 2250 3496 corpora
2283 3424 2352 3497 (e)
2383 3424 2544 3478 insito
2581 3422 2760 3477 calore
2799 3420 3040 3485 fervere,
3072 3429 3127 3476 et
3165 3421 3352 3476 noxios
3380 3434 3502 3478 esse
3531 3421 3612 3477 his

2025 3519 2271 3576 :etatibus
2291 3517 2462 3583 cibos,
2483 3514 2574 3586 qui
2594 3515 2826 3569 calorem
2850 3524 3110 3584 augeant;
3141 3514 3461 3585 sanitatique
3485 3529 3614 3568 con-

2025 3613 2220 3668 ducere
2249 3609 2442 3680 frigida
2470 3623 2696 3679 quaeque
2735 3608 2786 3662 in
2827 3623 2920 3662 esu
2961 3618 3015 3664 et
3048 3617 3174 3677 potu
3204 3623 3436 3664 sumere.
3465 3603 3616 3664 Sicut

2025 3720 2056 3760 e
2085 3702 2356 3758 contrario
2380 3699 2598 3756 senibus
2624 3741 2639 3765 ,
2669 3696 2758 3768 qui
2785 3697 2972 3766 pituita
3016 3697 3260 3752 laborant
3295 3707 3350 3752 et
3382 3697 3575 3768 frigore
3596 3739 3610 3760 ,

2026 3793 2226 3850 calidos
2253 3791 2422 3856 cibos,
2453 3797 2509 3844 et
2538 3800 2717 3843 vetera
2748 3788 2869 3840 vina
2913 3785 3191 3856 prodesse.
3224 3785 3378 3841 Unde
3406 3795 3461 3841 et
3491 3786 3611 3841 Sal-

2028 3894 2178 3938 vator
2208 3900 2221 3936 :
2258 3900 2278 3934 ι
2310 3879 2602 3944 Attendite,
2635 3879 2827 3947 inquit,
2857 3875 3032 3940 vobis,
3065 3889 3135 3930 ne
3164 3872 3300 3928 forte
3326 3880 3616 3944 graventur

2025 3975 2188 4031 corda
2225 3982 2405 4030 vestra
2446 3971 2499 4026 in
2542 3969 2759 4041 crapula
2799 3977 2855 4024 et
2892 3967 3188 4034 ebrietate,
3215 3973 3270 4020 et
3290 3966 3434 4021 curis
3459 3961 3620 4033 hujus

2029 4069 2149 4123 vita:
2174 4087 2192 4118 ι
2218 4065 2366 4134 (Luc.
2395 4063 2486 4118 Ἦ.
2516 4063 2631 4134 54).
2660 4061 2728 4117 Ει
2804 4061 2968 4135 288
3042 4059 3366 4130 Apostolus:
3396 4073 3417 4108 ι
3445 4053 3626 4113 Nolite

2028 4160 2282 4218 inebriari
2327 4158 2475 4225 vino,
2504 4157 2560 4211 in
2601 4171 2710 4229 quo
2753 4165 2839 4212 est
2886 4153 3098 4210 luxuria
3128 4171 3148 4206 ι
3176 4149 3395 4227 (Ερὴεε.
3427 4149 3482 4206 5.
3512 4145 3622 4220 18).

2027 4255 2138 4312 Nec
2182 4253 2376 4309 mirum
2421 4252 2524 4306 hoc
2564 4249 2784 4323 figulum
2834 4247 3070 4303 sensisse
3111 4246 3181 4302 de
3209 4243 3459 4310 vasculo:
3479 4242 3623 4314 quod

2030 4352 2145 4420 ipse
2172 4346 2460 4402 fabricatus
2487 4352 2607 4411 est,
2639 4357 2758 4398 cum
2786 4342 2949 4399 etiam
2993 4339 3276 4404 Comicus,
3304 4335 3458 4409 cujus
3501 4333 3623 4391 finis

2030 4451 2114 4498 est
2151 4440 2416 4495 humanos
2448 4451 2628 4492 mores
2652 4448 2813 4491 nosse
2839 4442 2999 4504 atque
3028 4429 3354 4495 describere,
3383 4428 3577 4485 dixerit
3601 4446 3616 4483 :

2175 4534 2300 4590 Sine
2321 4532 2498 4588 Cerere
2527 4539 2573 4586 et
2601 4528 2784 4584 Libero
2809 4526 2962 4599 friget
3001 4523 3187 4599 Venus.

2859 4588 3126 4665 (Tenum.
3154 4593 3206 4646 in
3229 4588 3434 4646 Eunuc.

2093 4719 2163 4781 (ε)
2197 4717 2313 4781 Mss.
2339 4713 2447 4781 fere
2470 4725 2675 4781 omnes,
2715 4703 3350 4781 atque_editjiwvet‘u!stiores
3375 4699 3621 4781 incentiva

2030 4763 2341 4830 αδέἐάἆᾶϊο
2363 4763 2627 4836 uoluptatis,
2645 4763 2672 4821 ε’
2685 4763 3092 4836 quemadmodum
3119 4763 3348 4836 etiam-in
3362 4764 3626 4836 Aquisgm.

2032 4825 2410 4891 Hesiodicum
2443 4825 2521 4886 an.
2545 4835 2658 4886 816.
2695 4825 2724 4881 ὁ
2747 4844 2848 4896 quo
2879 4829 3037 4893 potior
3080 4827 3224 4889 hujus
3259 4825 3492 4890 Epistula
3512 4825 3628 4891 pars

2033 4902 2323 4951 exscriliitur
2357 4899 2442 4947 lib.
2481 4897 2530 4944 2.

2097 4947 2481 5024 (dilicti-peram;
2499 4959 2754 5017 hucusque
2776 4951 2966 5024 vulgati
2987 4964 3069 5015 ιιρι
3088 4960 3251 5024 ῑιτιιιρν,
3267 4947 3431 5024 veteri

2031 5008 2236 5086 nera;
2416 5022 2615 5086 mimus.
2641 5008 2970 5086 eieepeiex
2990 5008 3086 5086 qua
3103 5008 3127 5074 ν·
3143 5008 3484 5086 eaeaeae:
3506 5008 3624 5086 lle?-

2032 5068 2532 5148 ἧῖιῖνὲνῖθέἶῖῖιίἰῐίιῦε,
2558 5068 2630 5130 sic
2654 5068 2787 5148 enini
2818 5068 2970 5148 habet
2994 5068 3140 5125 etiam
3175 5071 3385 5148 (ialinici
3417 5068 3547 5148 libri.
3567 5073 3628 5148 ti-

2033 5132 2182 5208 iiiiiig;
2207 5132 2539 5210 etipraaterea
2561 5152 2693 5210 tum
2719 5138 2930 5210 plurium
2951 5148 3162 5186 numero
3184 5134 3359 5187 Grece
3380 5144 3479 5184 non
3499 5132 3624 5183 dici-

2020 5214 2156 5267 mus,
2169 5197 2312 5258 'sicut:
2330 5217 2496 5268 neque
2516 5197 2690 5268 Latine
2711 5197 3026 5268 ualetudinem

2089 5260 2159 5332 (ε)
2186 5271 2352 5319 Variat
2374 5260 2708 5332 ‘Cisterciens.
2753 5261 3048 5332 exemplar,
3083 5265 3170 5332 aut
3211 5260 3377 5332 potius?
3414 5261 3626 5332 peccat;

2089 5291 2159 5332 (ε)
2197 5291 2352 5319 νὶιιΊὶιι
2397 5291 2708 5319 blattarum”.
2753 5291 2998 5324 UAcuaPuu
3083 5291 3170 5309 aut.
3211 5291 3372 5322 Puuuo
3415 5291 3584 5319 ιινυνυ..
3609 5293 3626 5316 ,

2033 5333 2199 5395 primo
2217 5332 2348 5380 enim
2374 5328 2712 5395 h_cic_verbum
2737 5327 3008 5395 conducere
3030 5291 3309 5395 interserit,
3333 5317 3628 5395 tumAsubAsf-

2033 5377 2206 5506 Sigeas
2224 5377 2378 5442 verSu
2401 5377 2526 5454 legit
2546 5389 2792 5439 contrario
2809 5397 2966 5437 sensu
2982 5419 3000 5446 ,
3023 5377 3312 5446 utilitatique
3335 5389 3510 5429 nocere
3529 5377 3625 5441 frt-

2067 5470 2081 5506 ι
2120 5470 2168 5505 a.

2067 5470 2168 5506 taa.

2032 5469 2170 5592 iiii
2202 5517 2302 5592 ξ’ςο
2337 5502 3215 5592 ριῑῑῐιρῖε-,ςιτξθιέ..ἱὲπξίὲ¹ἑὲ.³¹ηὶ¹;⁸τέ
3251 5497 3625 5592 εεξιλιεξιμξξξςε

2032 5559 2170 5643 docti,
2184 5559 2696 5643 viri‘subsftitt't‘eridum
2714 5559 2884 5643 puniit
2899 5564 3203 5643 9’13qu
3209 5597 3237 5643 ζ
3253 5561 3407 5643 T391?!
3425 5559 3627 5643 ζῷς-ἓξὲξ

2036 5618 2275 5715 iuius:
2283 5618 3446 5715 .5{iiié'i‘é'ii‘éeltii’laudiam“:sit:
3460 5618 3627 5715 L132:

2034 5679 2514 5766 inGiFJ'it‘je‘riiii
2542 5679 2920 5766 animus.
2931 5679 3467 5766 El'ieesels'ﬁlzezg.
3496 5679 3628 5766 836a

2069 5740 2276 5815 6ῗῖιῖᾈῖ
2284 5740 2814 5822 ’riiiri'éyéiiiaﬁibuo
2833 5740 3274 5822 ‘grantﬁmsiuum'
3284 5741 3488 5822 claudit.
3512 5755 3538 5788 ι
3566 5740 3627 5794 ΕΙ

2080 5809 2266 5887 ﬁdius:
2280 5809 2456 5870 «mons
2475 5809 2713 5870 Chimaera
2737 5809 2963 5862 noctibus
2984 5809 3209 5869 flagrans,
3222 5821 3245 5850 ι
3276 5810 3374 5856 etc.
