4146 6336
344 389 450 449 557

344 507 681 578 pertranseat
710 518 722 556 :
754 498 1117 568 malorumque
1146 496 1390 553 solatium
1413 502 1498 553 est
1525 536 1540 565 ,
1584 494 1754 552 bonos
1797 507 1918 550 car-

347 612 511 670 pere,
560 595 689 651 dum
715 592 1044 664 peccantium
1096 588 1440 646 multitudine
1493 593 1680 659 putant
1708 585 1921 655 culpam

346 687 516 746 minui
543 692 905 759 peccatorum.
931 681 1038 740 Sed
1065 691 1241 739 tamen
1261 681 1369 736 cito
1396 680 1534 751 ignis
1561 678 1770 750 stipula:
1790 691 1923 732 con-

345 777 595 852 quiescit,
648 784 704 832 et
745 774 1024 832 exundans
1045 772 1260 829 ﬂamma
1284 813 1301 842 ,
1328 770 1704 827 deﬁcientibus
1749 767 1924 824 nutri-

346 868 566 936 mentis,
589 866 847 939 paulatim
877 864 1162 922 emoritur.
1207 862 1266 919 Si
1293 877 1434 918 anno
1477 860 1747 934 pmterito
1783 858 1923 915 fama

345 959 566 1017 mentita
613 965 717 1025 est,
740 966 834 1013 aut
856 957 903 1012 si
927 965 1078 1012 certe
1105 969 1291 1012 verum
1319 953 1471 1019 dixit,
1493 961 1672 1009 cesset
1714 950 1921 1015 vitium,

344 1048 579 1108 cessabit
599 1055 657 1105 et
694 1061 900 1104 rumor.
934 1046 1064 1103 Haec
1101 1046 1245 1113 dico,
1275 1060 1383 1102 non
1411 1044 1553 1117 quod
1581 1044 1650 1101 de
1691 1049 1747 1099 te
1792 1041 1921 1097 sini-

344 1155 515 1202 strum
541 1143 672 1216 quid
698 1153 955 1210 metuam,
978 1143 1074 1198 sed
1100 1141 1243 1214 quod
1274 1139 1485 1212 pietatis
1502 1138 1694 1196 affectu
1713 1179 1728 1204 ,
1758 1135 1924 1193 etiam

344 1253 464 1309 qua:
487 1244 597 1292 tuta
617 1247 763 1303 sunt,
781 1235 1175 1306 pertimescam.
1201 1232 1247 1290 Ο
1268 1233 1315 1289 si
1343 1232 1554 1288 videres
1578 1227 1654 1305 (ο)
1683 1242 1923 1284 sororem

349 1341 516 1398 tuam,
544 1339 599 1387 et
625 1330 762 1387 illud
784 1329 926 1386 sacri
949 1329 1059 1384 oris
1102 1325 1371 1399 eloquium
1409 1339 1591 1382 coram
1637 1333 1689 1379 te
1739 1321 1926 1378 audire

346 1425 705 1495 contingeret,
728 1435 980 1478 cerneres
999 1421 1053 1475 in
1083 1419 1309 1492 parvulo
1333 1415 1651 1488 corpusculo
1679 1414 1924 1485 ingentes

347 1516 575 1571 animos.
607 1513 838 1569 Audires
889 1519 1054 1567 totam
1084 1510 1280 1567 veteris
1317 1518 1374 1565 et
1420 1508 1545 1564 novi
1592 1504 1923 1563 Testamenti

347 1607 736 1681 supellectilem
762 1621 828 1663 ex
853 1607 997 1662 illius
1015 1606 1180 1662 corde
1203 1603 1432 1661 fervere.
1454 1601 1661 1674 Jejunia
1681 1614 1780 1672 pro
1797 1599 1924 1656 ludo

318 1700 536 1766 habet,
574 1702 873 1754 orationem
905 1712 1004 1768 pro
1046 1696 1268 1754 deliciis.
1320 1695 1490 1752 Tenet
1514 1705 1824 1767 tympanum
1869 1694 1924 1750 in

344 1792 502 1865 ποι
577 1789 878 1861 exemplum
916 1788 1116 1853 Mariae,
1140 1798 1194 1844 et
1230 1788 1507 1843 Pharaone
1544 1799 1745 1854 merso,
1795 1783 1919 1840 Vir-

346 1885 527 1957 ginum
551 1884 719 1940 choro
740 1883 983 1955 praecinit
1011 1900 1026 1939 :
1059 1901 1079 1935 ι
1106 1882 1395 1938 Cantemus
1427 1880 1672 1947 Domino,
1695 1877 1926 1950 gloriose

345 1977 485 2032 enim
503 1976 873 2046 magniﬁcatus
895 1983 996 2038 est,
1011 1989 1205 2044 equum
1222 1981 1280 2029 et
1291 1967 1851 2040 ascensorenLdejecit
1871 1968 1925 2023 in

345 2082 494 2124 mare
516 2065 958 2139 i(Erod.15.l).
982 2065 1090 2121 Has
1115 2064 1271 2121 docet
1296 2062 1544 2135 psaltrias
1557 2060 1799 2126 Christo,
1828 2058 1926 2116 has

347 2158 587 2215 ﬁdicinas
628 2158 807 2214 erudit
832 2157 1115 2214 Salvatori.
1147 2155 1239 2212 Sic
1266 2156 1405 2219 dies,
1436 2154 1515 2209 sic
1540 2168 1647 2208 nox
1688 2150 1922 2218 ducitur,

343 2258 399 2306 et
423 2250 545 2305 oleo
572 2249 640 2304 ad
688 2248 959 2319 lampades
997 2254 1332 2318 praeparato,
1362 2243 1545 2314 sponsi
1578 2250 1926 2313 exspectatur

345 2340 626 2397 adventus.
660 2341 875 2396 Imitare
920 2355 1049 2410 ergo
1073 2347 1132 2395 et
1157 2347 1213 2394 tu
1254 2336 1708 2407 consanguineam
1754 2344 1921 2390 tuam.

344 2431 550 2489 Habeat
573 2434 768 2499 Roma,
797 2433 870 2505 (ὁ)
902 2430 1045 2502 quod
1072 2429 1346 2501 augustior
1367 2427 1505 2484 urbe
1534 2426 1774 2484 Romana
1802 2441 1928 2498 pos-

343 2521 484 2579 sidet
508 2522 805 2579 Bethleem.
1927 2512 1934 2537 ¹

411 2613 503 2669 it.
546 2612 724 2668 Habes
751 2626 883 2682 opes
905 2653 922 2681 ,
951 2612 1106 2669 facile
1132 2611 1227 2667 tibi
1256 2621 1340 2669 est
1364 2610 1723 2683 indigentibus
1753 2610 1924 2666 victus

337 2702 580 2760 subsidia
610 2703 938 2760 ministrare.
966 2704 1120 2771 Quod
1149 2704 1385 2759 luxuriat.
1406 2702 1726 2774 parabatur,
1755 2702 1925 2757 virtus

339 2797 576 2851 insumat
613 2813 628 2848 :
662 2796 860 2850 nullam
907 2795 1017 2869 [al.
1063 2794 1241 2869 nulla]
1301 2795 1512 2866 nuptias
1553 2803 1924 2865 contemptura

342 2886 526 2941 timeat
565 2895 879 2957 egestatem.
905 2886 1131 2942 Redime
1170 2886 1426 2956 virgines,
1462 2901 1594 2957 quas
1621 2886 1673 2941 in
1703 2886 1924 2942 cubicu-

341 2980 447 3035 lum
465 2981 608 3051 regis
635 2979 877 3036 inducas.
904 2979 1128 3051 Suscipe
1170 2980 1386 3046 viduas,
1426 2994 1561 3049 quas
1590 2980 1728 3034 inter
1752 2978 1927 3049 Virgi-

343 3086 464 3126 num
491 3071 625 3137 lilia,
656 3078 711 3126 et
731 3069 1026 3143 Martyrum
1051 3086 1203 3127 rosas
1222 3111 1239 3138 ,
1271 3069 1422 3141 quasi
1451 3070 1705 3140 quasdam
1733 3069 1922 3138 violas,

344 3163 568 3218 misceas
598 3178 613 3216 :
647 3176 744 3233 pro
771 3176 969 3219 corona
994 3162 1179 3233 spinea
1197 3203 1212 3229 ,
1247 3162 1300 3217 in
1327 3175 1429 3232 qua
1473 3160 1719 3217 Christus
1741 3159 1923 3216 mundi

345 3251 537 3308 delicta
567 3254 830 3324 portavit,
864 3253 990 3308 talia
1016 3261 1159 3309 serta
1189 3266 1475 3323 compone.
1502 3252 1735 3307 Laetetur
1753 3261 1808 3306 et
1833 3250 1923 3305 ad—

339 3343 549 3413 juvetur
578 3344 944 3400 nobilissimus
985 3353 1136 3416 pater
1167 3353 1326 3401 tuus:
1355 3344 1529 3400 discat
1568 3359 1598 3398 a
1627 3344 1753 3409 ﬁlia,
1783 3342 1924 3415 quod

344 3436 600 3493 didicerat
625 3438 694 3493 ab
738 3454 931 3495 uxore.
976 3438 1093 3495 Jam
1146 3438 1383 3494 incanuit
1434 3447 1636 3509 caput,
1690 3446 1928 3493 tremunt

342 3545 546 3599 genua,
593 3532 785 3588 dentes
810 3532 1008 3587 cadunt
1036 3549 1049 3586 :
1077 3541 1133 3588 et
1170 3531 1346 3588 fronte
1389 3532 1462 3587 ob
1518 3532 1727 3587 senium
1778 3530 1924 3601 rugis

343 3631 511 3691 arata,
536 3625 709 3679 vicina
752 3634 835 3680 est
860 3640 1005 3680 mors
1034 3626 1086 3681 in
1116 3625 1358 3692 foribus;
1404 3625 1715 3695 designatur
1761 3639 1924 3695 rogus

345 3729 530 3783 prope.
555 3714 812 3781 Velimus,
842 3717 1093 3782 nolimus,
1113 3717 1462 3771 senescimus.
1494 3716 1651 3771 Paret
1684 3716 1787 3771 sibi
1816 3718 1925 3770 via-

346 3804 507 3859 ticum
534 3846 550 3873 ,
586 3808 727 3877 quod
770 3808 931 3880 longo
971 3808 1150 3864 itineri
1202 3809 1565 3863 necessarium
1602 3817 1699 3862 est.
1729 3806 1922 3863 Secum

347 3907 541 3973 portet,
568 3902 709 3969 quod
737 3902 931 3957 invitus
952 3901 1271 3957 dimissurus
1310 3910 1428 3965 est;
1480 3902 1587 3955 imo
1637 3902 1924 3972 praemittat

346 3988 398 4045 in
429 3991 652 4058 malum,
680 3992 820 4063 quod
867 3994 912 4048 si
963 3994 1267 4064 negaverit,
1318 4003 1457 4048 terra
1505 4001 1781 4065 sumptura
1819 4002 1919 4048 est.

417 4084 505 4139 15.
543 4084 730 4140 Solent
756 4086 1170 4142 adolescentulze
1192 4085 1384 4154 vidum,
1408 4102 1632 4155 quarunt
1655 4087 1925 4142 nonnullae

344 4173 591 4230 abierunt
617 4185 760 4233 retro
785 4187 907 4246 post
930 4176 1202 4244 Satanam,
1257 4192 1377 4233 cum
1422 4177 1701 4233 luxuriata:
1728 4177 1925 4234 fuerint

346 4264 399 4321 in
420 4263 633 4322 Christo
662 4269 739 4340 (c)
769 4270 1030 4325 nubentes
1052 4269 1266 4327 dicere:
1290 4271 1724 4327 Patrimoniolum
1746 4287 1920 4327 meum

346 4358 584 4426 quotidie
626 4362 800 4429 perit:
831 4362 1089 4432 majorum
1140 4350 1424 4419 hmreditas
1451 4362 1740 4435 dissipatur
1769 4380 1781 4417 :
1813 4378 1900 4419 ser

348 4463 444 4505 vus
499 4454 887 4510 contumeliose
941 4456 1151 4511 locutus
1205 4466 1287 4513 est
1337 4473 1351 4511 :
1402 4456 1682 4527 imperium
1734 4457 1923 4513 ancilla

345 4544 597 4614 neglexit.
632 4545 763 4613 Quis
783 4551 1035 4618 procedet
1060 4550 1124 4605 ad
1151 4550 1455 4622 publicum?
1478 4553 1599 4623 quis
1627 4552 1931 4625 respondes

343 4631 422 4688 bit
445 4649 541 4703 pro
568 4651 817 4707 agrorum
837 4640 1086 4694 tributis?
1114 4640 1369 4697 Parvulos
1396 4658 1546 4698 meos
1575 4643 1665 4714 qui
1692 4644 1921 4708 erudiel,

343 4733 394 4779 et
426 4730 677 4783 vernulas
701 4731 821 4801 quis
840 4732 1117 4787 etlucabit?
1142 4734 1206 4790 Et
1228 4734 1365 4790 hanc
1397 4736 1530 4804 proh
1563 4737 1747 4802 nefas,
1799 4752 1927 4793 cau-

343 4831 456 4870 sam
486 4831 763 4887 opponunt
803 4824 1145 4891 matrimonii,
1186 4840 1304 4894 qua:
1335 4829 1419 4881 vel
1448 4827 1561 4882 sola
1590 4828 1775 4884 debuit
1822 4845 1923 4884 nu-

346 4909 479 4977 ptias
508 4910 788 4983 impedire.
813 4914 1131 4985 Superducit
1150 4924 1322 4970 mater
1343 4916 1489 4982 ﬁliis,
1523 4933 1628 4973 non
1651 4918 1729 4991 (d)
1760 4922 1927 4975 nutri-

346 4999 475 5055 tium
502 5044 516 5069 ,
557 5004 652 5059 sed
688 5005 937 5074 hostem;
968 5023 1073 5062 non
1105 5015 1381 5077 parentem
1404 5047 1421 5075 ,
1472 5009 1567 5063 sed
1620 5019 1923 5081 tyrannum.

344 5089 677 5152 Inﬂammata
722 5098 944 5156 libidine
968 5140 985 5166 ,
1028 5099 1358 5154 obliviscitur
1388 5102 1524 5157 uteri
1554 5103 1639 5158 sui
1669 5121 1682 5158 :
1708 5114 1761 5159 et
1791 5104 1930 5160 inter

407 5251 480 5326 (ιε)
860 5254 1054 5326 videtur
1072 5250 1411 5315 intelligenda,
1436 5268 1546 5326 qua:
1567 5259 1929 5326 consanguinea

344 5314 542 5381 quidem
564 5323 673 5381 erat
696 5315 877 5381 Furiae,
900 5329 998 5365 non
1018 5320 1185 5364 tamen
1224 5314 1388 5374 soror,
1414 5314 1507 5366 nisi
1540 5319 1582 5367 si
1620 5314 1822 5381 spirit'us
1854 5321 1929 5368 di-

346 5375 497 5424 cenda
514 5377 648 5444 ‘sit;
690 5376 820 5440 quod
858 5383 911 5428 et
943 5389 1091 5439 supra
1122 5382 1340 5425 notatum
1379 5385 1456 5429 est
1493 5381 1633 5430 nobis
1649 5375 1814 5444 'epist.
1848 5381 1925 5432 22.

347 5445 479 5562 uulgi
505 5435 756 5564 ﬁerique
780 5499 900 5564 editi
925 5511 983 5549 ac
1015 5497 1131 5547 Mss.
1433 5537 1475 5564 ,_
1504 5503 1680 5564 vitiose
1722 5509 1886 5553 tamen
1910 5540 1925 5564 ,

347 5537 441 5665 ἓὲὲ
462 5537 537 5670 ἒξ
545 5537 1124 5620 εἷ’ὑὶὶῖοἷέἱὶιὲἷιιὲιιῖ,
1149 5537 1930 5623 (13353813is'éiiiil’ﬁmﬁ"i$i§

407 5632 466 5668 ns
537 5654 552 5668 .

416 5675 477 5750 lc)
514 5681 769 5754 Postrema
813 5682 966 5732 editio
1008 5682 1328 5754 lleuedietina
1377 5683 1638 5758 subantem.
1659 5687 1926 5758 incongrua

350 5737 458 5805 laete
480 5740 574 5792 loci
606 5741 843 5805 lectione.
869 5744 1061 5805 Vulgatt
1104 5743 1202 5803 alu,
1238 5757 1295 5793 ac
1326 5743 1439 5793 Mss.
1479 5753 1530 5795 ut
1563 5747 1817 5797 edidimus.
1865 5750 1927 5801 At

350 5797 797 5867 ενιθιᾳιιερβηνξιιε
818 5797 1162 5867 etianf'pmhat
1186 5797 1249 5855 ex
1277 5807 1482 5857 vetustis
1503 5807 1770 5860 codicibus.

418 5859 486 5922 (ιιι
525 5864 684 5916 Aliter
707 5865 804 5916 duo
828 5866 940 5916 Mss.
978 5859 1211 5917 uitricum.
1243 5937 1246 5941 ἢ

1718 376 2045 439 EPISTOLA
2086 380 2150 437 LI
2163 380 2217 438 V.

2032 494 2283 564 parvulos
2330 509 2454 553 suas
2494 495 2738 552 miserias
2769 497 3068 555 nescientes
3096 538 3109 563 ,
3144 498 3337 569 lugens
3379 496 3612 560 dudum,-

2032 598 2171 640 nova
2210 595 2370 658 nupta
2445 589 2606 661 292
2678 591 3036 660 componitur.
3068 591 3205 660 Quid
3234 590 3486 646 obtendis
3532 588 3606 662 (ε)

2032 679 2443 748 patrimonium?
2470 682 2596 752 quid
2620 681 2923 753 superbiam
2946 683 3314 740 servulorum?
3335 681 3627 739 Conﬁtere

2033 771 2436 843 turpitudinem.
2467 773 2622 830 Nulla
2671 773 2874 830 idcirco
2900 768 3161 830 maritum
3196 774 3364 842 ducit,
3386 782 3445 829 ut
3484 787 3606 828 cum

2039 864 2231 920 marito
2257 879 2365 920 non
2391 863 2640 921 dormiat.
2663 865 2771 921 Aut
2787 864 2834 921 si
2855 875 3003 922 certe
3028 864 3194 921 libido
3214 880 3324 921 non
3349 862 3605 925 stimulat,

2040 964 2157 1025 qua:
2170 964 2313 1011 tanta
2332 956 2537 1012 insania
2554 965 2657 1025 est,
2676 958 2730 1013 in
2747 972 2951 1013 morem
2968 967 3267 1014 scortorum
3287 955 3611 1027 prostituere

2031 1046 2357 1114 castitatem,
2387 1054 2445 1102 ut
2467 1058 2765 1119 augeantur
2787 1048 3020 1116 divitiae;
3051 1058 3108 1105 et
3134 1052 3353 1120 propter
3379 1063 3494 1103 rem
3523 1047 3609 1100 vi-

2031 1136 2136 1192 lem
2160 1145 2323 1209 atque
2350 1139 2640 1210 perituram
2666 1181 2682 1209 ,
2709 1140 2966 1211 pudicitia
2993 1180 3010 1207 ,
3041 1155 3161 1211 qua:
3186 1147 3243 1196 et
3286 1139 3519 1211 pretiosa
3560 1149 3613 1193 et

2031 1237 2231 1285 aeterna
2253 1239 2357 1299 est,
2390 1230 2697 1302 polluatur?
2722 1231 2778 1289 Si
2797 1233 2964 1290 babes
2987 1232 3209 1301 liberos,
3242 1231 3457 1304 nuptias
3484 1232 3614 1303 quid

2030 1328 2300 1398 requiris?
2337 1329 2383 1385 si
2419 1342 2526 1385 non
2566 1328 2752 1396 habes,
2784 1341 2949 1398 quare
2975 1335 3255 1399 expertam
3282 1340 3389 1381 non
3418 1323 3614 1381 metuis

2029 1420 2403 1488 sterilitatem;
2452 1429 2509 1478 et
2553 1435 2670 1478 rem
2717 1421 2971 1479 incertam
3000 1461 3016 1490 ,
3058 1429 3207 1477 certo
3254 1416 3474 1491 praefers
3517 1432 3613 1489 pu-

2029 1510 2144 1567 dori
2162 1512 2185 1565 Ἰ

2102 1603 2383 1676 Sponsates
2432 1605 2641 1663 labile.
2696 1604 3016 1678 Nuptiarum
3067 1592 3416 1662 secundarum
3462 1600 3614 1659 mise-

2028 1697 2223 1750 riw.—
2241 1696 2557 1753 Scribuntur
2574 1698 2669 1753 tibi
2699 1713 2839 1754 nunc
2864 1697 3145 1769 sponsales
3163 1698 3377 1764 tabulis,
3407 1703 3470 1752 ut
3491 1704 3614 1767 post

2031 1786 2305 1857 paululum
2334 1785 2406 1860 (f)
2439 1797 2815 1845 testamentum
2844 1788 3022 1845 facere
3045 1788 3411 1859 compellaris.
3436 1785 3615 1842 Simu-

2031 1876 2226 1932 labitur
2239 1878 2415 1933 mariti
2434 1879 2747 1935 inﬁrmitas:
2776 1887 2831 1936 et
2849 1878 2991 1951 quod
3022 1888 3075 1936 te
3097 1879 3411 1935 morituram
3438 1877 3615 1933 facere

2031 1970 2176 2027 volet
2200 2012 2215 2038 ,
2246 1971 2363 2043 ipse
2410 1973 2646 2029 victurus
2673 1973 2875 2029 faciet:
2910 1981 3003 2028 aut
3044 1972 3089 2027 si
3118 1972 3394 2038 evenerit,
3450 1978 3507 2025 ut
3546 1984 3614 2027 ex

2030 2061 2271 2119 secundo
2315 2064 2510 2121 marito
2550 2064 2748 2121 habeas
2778 2064 2952 2131 ﬁlios,
2980 2063 3274 2121 domestica
3320 2062 3490 2119 oritur
3516 2077 3614 2132 pua

2030 2166 2154 2223 gna,
2190 2152 2503 2210 intestinum
2537 2154 2802 2225 praalium.
2834 2155 2951 2211 Non
2981 2155 3163 2211 licebit
3211 2154 3301 2210 tibi
3343 2168 3526 2210 amare
3550 2151 3614 2206 li-

2032 2244 2214 2313 heros,
2244 2259 2348 2301 nec
2372 2246 2539 2316 requis
2563 2248 2804 2318 aspicere
2824 2246 3015 2316 oculis,
3043 2261 3178 2317 quos
3194 2246 3441 2318 genuisti.
3466 2242 3613 2300 Clam

2032 2335 2276 2406 porriges
2299 2335 2472 2405 cibos,
2497 2336 2756 2394 invidebit
2780 2346 3025 2395 mortuo:
3045 2347 3099 2394 et
3126 2338 3227 2392 nisi
3248 2336 3426 2393 oderis
3452 2335 3611 2396 lilios.

2031 2426 2208 2484 adhuc
2250 2442 2434 2483 eorum
2483 2443 2667 2486 amare
2692 2428 2963 2487 videberis
2989 2437 3212 2500 patrem.
3246 2426 3398 2495 Quod
3456 2426 3500 2480 si
3550 2424 3615 2477 du

2035 2522 2213 2591 priore
2236 2536 2402 2579 uxore
2423 2522 2664 2580 sobolem
2688 2522 3144 2591 habens,domum
3164 2531 3215 2576 te
3240 2518 3614 2583 introduxerit;
3710 2511 3721 2521 ’

2033 2613 2196 2668 etiam
2244 2614 2289 2670 si
2319 2614 2741 2672 clementissima
2782 2614 2968 2682 fueris,
3015 2628 3204 2670 omnes
3244 2611 3507 2675 Comoedi,
3561 2620 3610 2664 et

2033 2703 2407 2776 Mimographi,
2440 2714 2496 2761 et
2520 2720 2833 2762 communes
2853 2706 3155 2761 Rhetorum
3182 2705 3305 2771 loci,
3337 2704 3391 2757 in
3419 2716 3616 2757 nover-

2031 2812 2147 2852 cam
2166 2796 2516 2853 srevissimam
2541 2796 2936 2853 declamabunt.
2960 2797 3015 2856 Si
3041 2798 3313 2869 privignus
3333 2793 3615 2866 languerit,

2032 2897 2085 2943 et
2112 2886 2451 2944 condoluerit
2480 2896 2663 2959 caput,
2693 2887 3036 2945 infamaberis
3054 2899 3112 2944 ut
3136 2886 3393 2944 veneﬁca.
3424 2885 3482 2941 Si
3508 2899 3616 2939 non

2031 2976 2246 3035 dederis
2274 2978 2452 3045 cibos,
2484 2978 2748 3045 crudelis;
2780 2979 2825 3034 si
2854 2978 3098 3047 dederis,
3127 2977 3368 3034 maleﬁca
3398 2974 3615 3055 diceris.

2032 3069 2141 3124 Oro
2172 3079 2243 3133 te,
2275 3068 2402 3139 quid
2447 3069 2649 3126 habent
2675 3077 2878 3126 tantum
2903 3069 3057 3157 λ)ουί
3096 3069 3346 3126 secunda:
3394 3066 3615 3141 nuptiae,

2034 3170 2090 3215 ut
2121 3160 2236 3216 hinc
2267 3160 2405 3215 mala
2431 3160 2643 3218 valeant
2669 3162 3062 3235 compensare?

2105 3250 2191 3306 16.
2237 3251 2496 3309 Volumus
2525 3252 2664 3310 scire
2687 3253 2871 3325 quales
2890 3267 3009 3310 esse
3022 3253 3255 3311 debeant
3277 3254 3487 3313 vidum?
3511 3255 3620 3314 Le-

2033 3356 2224 3412 gamus
2245 3341 2592 3414 Evangelium
2610 3344 2904 3400 secundum
2923 3345 3119 3401 Lucam
3146 3361 3159 3399 :
3185 3345 3252 3400 Et
3276 3357 3403 3414 erat,
3425 3347 3623 3421 inquit.

2032 3434 2184 3489 Anna
2210 3436 2557 3505 prophetissa,
2585 3436 2696 3506 ﬁlia
2730 3434 2969 3493 Phanuel
2994 3438 3057 3494 de
3079 3439 3209 3495 tribu
3236 3441 3363 3496 Aser
3385 3441 3536 3513 (Luc.
3558 3441 3616 3497 2.

2034 3526 2147 3599 36).
2180 3530 2333 3583 Anna
2353 3567 2369 3594 ,
2420 3529 2800 3600 interpretatur
2833 3531 3017 3602 gratia.
3056 3532 3323 3600 Phanuel,
3353 3534 3406 3588 in
3438 3534 3617 3603 lingua

2033 3626 2241 3685 nostra,
2288 3627 2506 3674 resonat
2552 3619 2746 3674 vultum
2776 3620 2891 3674 Dei.
2924 3623 3085 3686 Aser,
3119 3624 3201 3677 vel
3251 3622 3306 3677 in
3345 3624 3617 3677 beatitudi-

2038 3727 2171 3779 nem,
2191 3710 2276 3765 vel
2305 3710 2355 3764 in
2386 3710 2586 3767 divitias
2616 3711 2859 3767 vertitur.
2876 3712 3008 3779 Quia
3031 3712 3192 3782 igitur
3211 3713 3279 3768 ab
3304 3713 3617 3770 adolescen-

2034 3801 2104 3855 tia
2132 3815 2301 3871 usque
2327 3800 2393 3855 ad
2424 3802 2695 3873 octoginta
2722 3812 2951 3872 quatuor
2974 3818 3146 3858 annos
3168 3804 3439 3861 viduitatis
3479 3820 3625 3861 onus

2031 3890 2379 3957 sustinuerat,
2411 3901 2464 3948 et
2497 3907 2601 3947 non
2624 3893 2910 3948 recedebat
2936 3894 3006 3950 de
3032 3894 3234 3965 templo
3266 3896 3393 3961 Dei,
3426 3896 3618 3953 diebus

2033 3995 2096 4036 ac
2145 3981 2393 4038 noctibus
2452 3983 2708 4038 insistens
2749 3983 2971 4054 jejuniis
3024 3993 3080 4040 et
3117 3984 3613 4044 obsecrationibus:

2033 4073 2234 4131 idcirco
2276 4075 2473 4131 meruit
2499 4075 2723 4146 gratiam
2762 4076 3091 4147 spiritualem
3125 4075 3231 4151 [ιιι.
3263 4078 3567 4154 specialem]
3600 4122 3614 4141 .

2032 4177 2087 4224 et
2107 4167 2520 4238 nuncupariﬁlia
2553 4168 2729 4223 vultus
2759 4169 2881 4235 Dei;
2906 4169 2983 4241 (g)
3015 4177 3071 4226 et
3097 4169 3165 4226 ab
3189 4170 3379 4239 atavis,
3457 4172 3617 4244 293

2032 4260 2380 4326 beatitudine,
2422 4259 2727 4331 divitiisque
2750 4269 3017 4317 censetur.
3052 4261 3415 4319 Recordemur
3445 4263 3618 4321 vidua:

2033 4353 2365 4423 Sareptanae,
2384 4367 2503 4424 quae
2518 4361 2693 4408 etsua:
2712 4363 2766 4409 et
2783 4352 3013 4411 ﬁliorum
3034 4354 3211 4419 saluti,
3232 4354 3359 4409 Elia:
3386 4354 3620 4425 pra-tulit

2038 4445 2232 4502 famem
2261 4463 2274 4501 :
2307 4454 2365 4501 ut
2392 4446 2443 4501 in
2486 4446 2597 4516 ipsa
2626 4455 2782 4502 nocte
2803 4446 3055 4502 moritura
3077 4460 3196 4502 cum
3216 4446 3342 4511 ﬁlio,
3361 4447 3620 4516 superati.

2038 4546 2144 4593 tem
2188 4537 2455 4608 hospitem
2502 4537 2867 4607 relinqueret,
2924 4538 3126 4593 malens
3166 4536 3326 4593 vitam
3369 4535 3610 4607 perdere,

2035 4644 2192 4698 quam
2227 4629 2622 4698 cleemosynam
2654 4646 2665 4682 :
2695 4636 2748 4682 et
2782 4627 2833 4682 in
2863 4627 3065 4698 pugillo
3114 4627 3194 4698 (Ii)
3223 4626 3407 4683 farina:
3454 4627 3615 4684 semi-

2107 4826 2165 4894 ιι»)
2207 4826 2558 4894 Heicquoque
2580 4824 2827 4894 Erasmum
2851 4832 3051 4878 secutus
3073 4826 3240 4894 Editor
3262 4828 3615 4894 Benedictlnus

2058 4886 2312 4953 ierp'eram
2336 4886 2463 4949 legit
2500 4886 2857 4937 matrimonium
2904 4902 2991 4953 pro
3034 4890 3411 4953 patrimonium,
3450 4898 3620 4941 contra

2085 4950 2573 5060 itiiI-onytrmeltltlientem
2600 4985 2613 5009 ,
2642 4956 2695 4997 ut
2731 4961 2795 4999 ex
2829 4950 3066 5013 superiori
3100 4959 3335 5003 contextu
3374 4950 3578 5016 apparet
3604 4991 3617 5013 ,

2038 5020 2089 5062 cl
2114 5020 2225 5061 MSS.
2252 5020 2415 5059 ιωεω.

2100 5069 2540 5142 (f)__(_lonferen_dus
2563 5070 2798 5121 Ammian.
2836 5072 3144 5142 garcellinus
3179 5074 3212 5123 l.
3252 5074 3330 5142 28ἒ
3355 5087 3456 5142 quo
3493 5073 3611 5123 frau-

2036 5133 2304 5199 demittant
2318 5169 2333 5199 ρ
2357 5133 2647 5199 se_invicem
2673 5134 2996 5199 compellendi
3018 5139 3254 5199 conjuges
3272 5137 3332 5186 ad
3354 5133 3611 5188 thstamen.

2039 5206 2141 5247 tum
2162 5194 2509 5246 conﬁciendum
2528 5230 2541 5254 ,
2564 5194 2795 5257 pluribus
2805 5196 3015 5247 damnat.
3048 5215 3069 5245 α
3093 5194 3241 5248 Parte
3263 5199 3356 5248 alia
3374 5211 3498 5250 uxor
3523 5210 3626 5246 ma-

2037 5261 2186 5308 ritum
2211 5259 2379 5307 testari
2403 5256 2668 5320 compellit,
2696 5257 2890 5320 hocque
2914 5259 3042 5320 idem
3068 5266 3122 5311 ut
3142 5259 3285 5308 faciat
3305 5273 3450 5317 uxor,
3472 5266 3623 5319 urget

2038 5319 2243 5383 maritus
2271 5321 2526 5383 instanter.
2563 5318 2719 5383 l’eljti
2750 5318 2876 5383 juris
2913 5319 3218 5383 altrinsecus,
3250 5318 3585 5383 adsciscunttir
3605 5351 3620 5375 ,

2040 5389 2135 5431 etc.
2159 5396 2183 5425 ι
2213 5379 2314 5430 Sed
2354 5387 2407 5430 et
2445 5385 2617 5430 noster
2647 5378 2781 5430 Zeno
2811 5381 2973 5431 Serm.
3009 5383 3056 5431 2.
3092 5383 3159 5432 de
3195 5381 3423 5435 Avaritia.
3456 5397 3479 5426 ι
3499 5378 3620 5428 Inde

2041 5450 2136 5516 est,
2155 5442 2330 5506 inquit,
2350 5440 2480 5514 quod
2502 5442 2735 5516 coniuges
2755 5442 2953 5516 nuptiali
2972 5444 3622 5516 sanctissimo‘repugnantes

2036 5498 2172 5568 iugo,
2192 5498 2280 5566 pro
2299 5498 2356 5553 se
2370 5498 2850 5568 'quisquejniteutes,
2875 5517 3042 5556 amore
3068 5504 3303 5559 videlicet.
3320 5498 3493 5561 nimio,
3520 5498 3621 5548 lia:-

2040 5563 2529 5636 reditatem
2553 5564 2679 5636 alter
2708 5563 2966 5636 alterius.)

2108 5628 2185 5691 (g)
2218 5619 2464 5691 Victorius
2484 5630 2531 5674 et
2551 5624 2679 5691 atavi
2703 5624 3302 5691 beatitudtne_d_iritiisque
3318 5619 3523 5691 censeri.

2103 5681 2182 5751 (75$
2214 5690 2372 5751 Antea
2396 5692 2505 5751 erat
2539 5686 2725 5748 farris;
2748 5686 2918 5735 sed'ot
2950 5681 3413 5751 edidimusbabent
3434 5690 3621 5751 vetera

2043 5745 2341 5808 exemplaria
2376 5745 2573 5805 omnia,
2599 5745 2713 5807 qua:
2748 5759 2853 5808 nos,
2880 5756 2931 5808 et
2972 5759 3083 5808 qua:
3105 5745 3344 5808 Reatinus
3375 5747 3623 5808 interpres

2043 5804 2283 5862 consuluit
2308 5822 2320 5857 ε
2346 5820 2496 5871 quem
2522 5804 2667 5857 etiam
2692 5807 2834 5871 paulo
2854 5807 2981 5871 infra
2992 5804 3247 5871 sequimur
3266 5844 3281 5871 ,
3305 5804 3534 5871 legentes
3560 5804 3633 5862 in.

2043 5873 2253 5939 gentium
2285 5866 2464 5929 vidua,
2493 5881 2578 5930 pro
2603 5880 2665 5918 eo
2686 5866 2813 5930 Quod
2838 5872 2944 5918 erat
2963 5866 3173 5925 inuentio
3195 5866 3371 5921 vidtur:
