4146 6336
521 364 626 420 559

521 477 728 532 narium
775 472 878 530 sibi
931 472 1121 527 messis
1171 469 1460 526 Dominicre
1509 469 1841 539 prmparavit.
1899 467 2094 522 Farina

520 567 730 630 seritur,
761 573 816 619 et
841 563 946 619 olei
977 578 1230 634 capsaces
1269 563 1526 617 nascitur.
1555 561 1611 616 ln
1637 561 1820 616 Judaea
1842 558 2097 615 frumenti

519 667 602 714 est
623 656 864 728 penuria.
895 655 1131 712 Granum
1159 656 1300 710 enim
1335 654 1492 709 tritici
1514 654 1587 707 ibi
1619 662 1884 707 mortuum
1927 653 2099 706 fuerat

525 751 700 821 (Joan.
735 747 858 821 12),
906 749 1042 806 etin
1067 749 1306 819 gentium
1335 747 1492 802 vidua
1537 745 1644 800 olei
1671 744 1867 799 fluenta
1914 757 2097 797 mana-

518 843 665 898 bant.
719 841 970 914 Legimus
1017 842 1070 898 in
1103 841 1287 899 Juditlt
1316 840 1394 912 (a)
1437 838 1529 912 (si
1575 839 1662 895 cui
1702 847 1880 893 tamen
1922 837 2098 907 placet

518 933 765 989 volumen
799 934 1042 1004 recipere
1071 933 1092 1004 )
1136 932 1350 990 viduam
1404 929 1704 987 confectam
1754 929 1974 1000 jejuniis
1995 969 2010 994 ,
2040 939 2098 985 et

518 1023 701 1079 habitu
731 1023 940 1095 lugubri
967 1023 1303 1088 sorditatam,
1318 1036 1438 1092 quae
1455 1020 1800 1091 nonlugebat
1825 1031 2095 1075 mortuum

514 1117 712 1184 virum,
744 1115 838 1172 sed
869 1116 1120 1186 squalore
1164 1115 1440 1186 corporis,
1482 1115 1665 1184 sponsi
1689 1114 1961 1185 qurerebat
2001 1113 2094 1170 ad-

514 1217 756 1262 tentum.
788 1206 956 1262 Video
1001 1215 1260 1262 armatam
1303 1205 1480 1277 gladio
1521 1221 1736 1262 manum
1763 1247 1779 1273 ,
1821 1214 2095 1261 cruentam

513 1298 813 1354 dexteram.
843 1298 1189 1368 Recognosce
1219 1307 1380 1368 caput
1407 1298 1765 1370 ll010pbernis
1802 1298 1870 1353 de
1908 1297 2098 1354 mediis

515 1391 758 1448 hostibus
784 1401 1112 1462 reportatum
1139 1391 1365 1463 (Judith.
1395 1392 1448 1448 8.
1479 1402 1523 1446 et
1543 1392 1730 1463 seqq)
1759 1391 1934 1447 Vincit
1955 1393 2098 1446 viros

513 1483 734 1549 femina,
768 1491 822 1538 et
846 1483 1062 1538 castitas
1095 1491 1304 1538 truncat
1337 1482 1614 1539 libidinem
1645 1501 1660 1538 :
1692 1483 1981 1552 habituque
2009 1498 2096 1540 re-

515 1585 678 1644 pente
708 1583 930 1641 mutato,
955 1575 1021 1629 ad
1050 1575 1298 1633 victrices
1327 1576 1517 1634 sordes
1540 1575 1701 1646 redit,
1725 1576 1972 1634 omnibus
1993 1591 2097 1633 sac-

513 1665 616 1722 culi
647 1666 877 1722 cultibus
903 1668 1230 1724 mundiores.

584 1758 670 1812 17.
702 1758 775 1829 (b)
805 1759 1030 1825 Quidam
1077 1761 1319 1831 imperite
1343 1771 1398 1817 ct
1439 1762 1704 1818 Deboram
1735 1763 1878 1818 inter
1909 1763 2100 1820 viduas

513 1860 815 1917 numerant,
844 1852 1142 1923 ducemque
1172 1854 1340 1910 Barac
1359 1895 1374 1920 ,
1401 1855 1728 1910 arbitrantur
1776 1856 1998 1911 Debora:
2032 1857 2097 1910 ﬁ-

515 1941 684 2008 lium;
715 1957 838 1998 cum
883 1942 1024 1998 aliud
1055 1943 1332 2014 Scriptura
1385 1957 1791 2002 commemoret.
1825 1945 1991 2002 Nobis
2031 1945 2100 2003 ad

518 2035 620 2088 IIOC
666 2033 1047 2101 nominabitur,
1094 2035 1235 2104 quod
1268 2035 1611 2106 Prophetissa
1641 2035 1824 2104 fuerit,
1852 2046 1902 2092 et
1925 2038 1977 2092 in
2004 2054 2091 2094 or-

515 2125 642 2180 dine
687 2123 932 2181 Judicum
977 2137 1314 2198 supputetur.
1349 2128 1416 2182 Et
1455 2130 1578 2198 quia
1613 2128 1793 2185 dicere
1841 2137 2050 2200 poterat
2083 2146 2098 2184 :

521 2236 540 2268 ι
574 2216 746 2286 Quam
773 2219 946 2274 dulcia
985 2221 1183 2290 gutturi
1214 2235 1336 2276 meo
1362 2220 1575 2290 eloquia
1619 2231 1707 2276 tua
1740 2239 1753 2275 :
1786 2235 1948 2292 super
1995 2221 2101 2278 mel

514 2321 567 2366 et
596 2312 770 2368 favum
793 2317 874 2368 ori
903 2329 1022 2370 meo
1042 2312 1211 2389 (Prol.
1240 2315 1364 2370 118.
1393 2314 1541 2387 105).
1563 2315 1692 2386 Apis
1723 2329 1917 2371 nomen
1946 2330 2104 2370 acce-

517 2405 626 2472 pit,
672 2405 1068 2476 Scripturarum
1124 2407 1348 2463 ﬁoribus
1396 2417 1582 2477 pasta,
1638 2407 1870 2479 Spiritus
1916 2407 2103 2464 Sancti

516 2494 684 2550 odore
725 2495 939 2566 perfusa
966 2539 980 2560 ,
1012 2506 1067 2552 et
1097 2499 1282 2554 dulces
1309 2499 1592 2555 ambrosiae
1637 2513 1826 2554 succos
1869 2499 2100 2569 prophe-

517 2587 610 2642 tali
635 2603 728 2642 ore
755 2604 1102 2658 componens.
1131 2589 1320 2646 Noemi
1345 2591 1488 2660 (qua;
1524 2591 1800 2646 nobiscum
1830 2589 1900 2664 [c]
1942 2601 2100 2646 sonat

518 2689 938 2752 παραχαλημένη,
954 2697 1109 2752 quam
1127 2681 1413 2752 interpreta
1421 2683 1758 2752 ri‘possumus
1771 2681 2102 2757 consolatam)

519 2774 713 2828 marito
737 2784 792 2828 et
822 2774 1004 2829 liberis
1035 2790 1258 2846 peregre
1294 2777 1550 2841 mortuis,
1575 2777 1882 2847 pudicitiam
1912 2792 2103 2847 repor-

520 2868 651 2924 tavit
675 2869 726 2924 in
753 2870 974 2939 patriam
999 2885 1015 2935 ;
1059 2879 1116 2926 et
1144 2870 1246 2924 hoc
1268 2877 1562 2925 sustentata
1588 2870 1782 2927 viatico
1810 2870 1890 2943 (d)
1910 2887 2102 2926 nurum

520 2957 863 3042 Moabitidem
904 2962 1074 3016 tenuit
1117 2961 1306 3031 (Rulli.
1341 2962 1426 3032 l);
1459 2971 1516 3017 ut
1565 2961 1694 3017 illud
1744 2963 1895 3018 lsaia:
1922 2964 2106 3020 vatici-

522 3053 668 3108 niutn
687 3053 1048 3124 compleretur
1080 3071 1094 3108 :
1125 3072 1145 3106 t
1179 3053 1377 3141 E‘t'nitte
1400 3069 1594 3124 agnum
1619 3054 1843 3110 Domine
1859 3053 2103 3110 domina-

523 3156 692 3200 torem
727 3154 883 3201 terra:
910 3145 977 3200 de
997 3155 1146 3216 petra
1171 3145 1391 3224 deserti,
1419 3145 1484 3200 ad
1513 3156 1751 3201 montem
1781 3146 1905 3201 ﬁlia:
1927 3146 2059 3203 Sion
2079 3165 2102 3200 ι

523 3236 672 3304 (Iani.
708 3239 794 3294 16.
822 3237 898 3310 1).
919 3239 1082 3294 Venio
1132 3238 1198 3293 ad
1230 3238 1455 3294 Viduam
1478 3238 1543 3294 de
1565 3231 2107 3310 Evangelio,vidnam

527 3329 902 3399 pauperculam
930 3328 1082 3401 (Luc.
1101 3329 1216 3400 2i),
1235 3329 1381 3385 omni
1405 3329 1696 3385 lsraelitico
1772 3328 1933 3402 294
2006 3346 2106 3401 ρο·

527 3420 656 3491 pulo
683 3420 954 3484 ditiorem,
974 3437 1092 3490 quae
1118 3421 1387 3491 accipiens
1413 3437 1636 3492 granum
1655 3422 1876 3493 sinapis,
1896 3433 1950 3478 et
1979 3423 2106 3479 mit-

529 3522 648 3567 tens
677 3511 994 3566 fermentum
1026 3512 1078 3565 in
1101 3511 1286 3567 farina:
1317 3513 1446 3568 satis
1472 3513 1682 3579 tribus;
1714 3513 1884 3570 Patris
1909 3525 1962 3570 et
1988 3514 2108 3571 Filii

527 3606 922 3663 confessionem
941 3648 955 3672 ,
982 3604 1212 3676 Spiritus
1243 3605 1422 3661 Sancti
1451 3608 1621 3678 gratia
1672 3608 2024 3678 temperavit,
2055 3617 2111 3664 et

526 3697 634 3754 duo
661 3699 862 3754 minuta
895 3698 1037 3752 misit
1061 3698 1112 3752 in
1133 3697 1604 3770 Gazophylacium.
1637 3697 1902 3770 Quidquid
1933 3699 2024 3773 (nl.
2056 3702 2111 3754 id

525 3801 598 3847 est
623 3791 888 3863 quidquid)
920 3791 1119 3846 habere
1150 3800 1358 3862 poterat
1400 3792 1454 3847 in
1497 3792 1794 3849 substantia
1836 3808 1953 3855 sua,
1986 3793 2109 3849 uni-

525 3897 815 3954 versasque
841 3883 1053 3938 divitias
1083 3884 1133 3938 in
1161 3893 1386 3956 utroque
1415 3884 1534 3940 ﬁdei
1575 3900 1687 3941 sure
1712 3885 1904 3941 obtulit
1923 3887 2112 3942 Testa-

530 3982 730 4030 mento.
784 3975 910 4031 llirc
957 3985 1081 4031 sunt
1130 3977 1237 4034 duo
1298 3979 1580 4048 Seraphim
1632 3987 1713 4035 ter
1759 3968 2111 4050 gloriﬁcantia

587 4113 660 4175 (a)
676 4111 915 4178 _0tiosnm
941 4121 1057 4178 puto
1080 4129 1142 4164 ex
1161 4115 1514 4178 antiquioribus
1536 4117 1922 4178 recensere,qui
1937 4115 2114 4166 librum

525 4173 908 4240 bunc_laud_ant_:
939 4173 1168 4240 Clemens
1205 4173 1400 4240 epistol.
1447 4179 1504 4240 ad
1543 4173 2113 4240 Coriutbzet'quiieum

525 4237 761 4301 mentitur
784 4236 1115 4301 inﬁcustitut:
1143 4236 1448 4301 Altostolicis.
1464 4238 1719 4301 Origenes
1736 4236 1952 4299 pluribus
1975 4239 2114 4301 locis,

525 4296 799 4355 Africanus,
819 4297 1048 4347 Clemens
1072 4296 1199 4347 alius
1211 4298 1528 4347 Alexandria.
1549 4296 1799 4348 Stromfl.
1820 4296 2110 4352 'l‘ertullian.

525 4359 591 4408 de
614 4358 916 4421 Monogatnia
955 4359 1167 4421 cap.rl7.
1194 4359 1482 4421 Ambrosius
1503 4359 1568 4408 de
1592 4359 1774 4421 Ogﬁieiis
1795 4363 1842 4410 5.
1872 4370 1923 4411 et
1944 4363 2010 4413 de
2030 4364 2113 4413 Vi-

525 4421 664 4487 guis;
684 4419 928 4487 pedicam
965 4419 1031 4470 de
1053 4420 1328 4487 gugustinp
1352 4420 1572 4487 Doctrin.
1616 4420 1791 4487 Christ.
1819 4423 1902 4487 lib.
1929 4425 1976 4483 2,
2004 4438 2111 4487 cap.

525 4481 573 4554 _8.
602 4481 655 4554 et
677 4481 1020 4554 Carthaginem
1049 4481 1264 4554 Concilio
1286 4484 1332 4554 5.
1360 4495 1467 4530 can.
1484 4544 1494 4554 0
1503 4483 1582 4554 17.
1609 4481 2116 4554 aliisque_innurneris

525 4545 824 4608 testimoniis
843 4544 874 4603 ,7
902 4556 1015 4606 qua}
1058 4546 1245 4608 secutis
1291 4544 1602 4608 temporibus
1638 4544 1844 4608 proferri
1890 4555 2111 4608 possunt.

525 4605 787 4668 Praestabit
809 4605 934 4656 vero
948 4613 1100 4655 totam
1124 4607 1278 4668 ipsius
1294 4605 1501 4656 Hieron.
1523 4606 1572 4654 in
1590 4605 1720 4654 hunc
1743 4605 1940 4666 librum,
1964 4623 2114 4668 quem

526 4679 556 4715 e
581 4664 807 4728 Chaldaeo
825 4668 990 4725 vertit,
1012 4664 1356 4718 Prazfittionem
1375 4670 1629 4728 conterre;
1656 4668 1762 4717 haec
1793 4664 2004 4718 enim'ad
2024 4671 2117 4720 hu-

520 4724 736 4791 jus‘loci
772 4724 984 4776 sensum
1011 4729 1365 4791 explanandum
1389 4724 1702 4788 adducimus,
1737 4743 1845 4778 cum
1881 4739 2115 4783 caeterum

526 4789 683 4898 prosit:l
704 4795 896 4860 teneas,
914 4802 1009 4837 non
1025 4789 1180 4840 licere
1203 4792 1351 4842 hodie
1370 4792 1477 4854 ejus
1493 4792 1924 4843 autlienticitatem
1940 4807 2115 4846 vocare

526 4861 578 4898 in
634 4864 666 4898 u
687 4863 821 4898 num.

526 4861 578 4898 In
600 4861 821 4898 autnttm.

591 4910 663 4981 (b)
698 4911 808 4981 Prae
827 4911 1035 4981 caneris
1064 4911 1460 4981 S_:_Ambros_i_um
1497 4913 1584 4981 lii_i.
1608 4914 1682 4981 _de
1713 4915 1887 4981 Viduis
1917 4931 2022 4981 cap.
2063 4921 2111 4969 8.

525 4971 723 5040 videtur
745 4971 1030 5040 insimulare
1047 5009 1061 5030 ,
1086 4973 1178 5040 ille
1188 4977 1328 5040 enim
1352 4976 1506 5040 Barac
1528 4975 1743 5040 Deborae
1765 4977 1915 5028 ﬁlium
1939 4971 2111 5040 sentit,

524 5033 654 5099 quod
678 5039 864 5096 negant
884 5034 1113 5099 plerigue
1138 5035 1240 5097 alii,
1261 5050 1324 5086 ex
1351 5037 1412 5085 iis
1436 5037 1584 5099 etiam
1607 5039 1690 5099 qui
1720 5039 1963 5089 Deboram
1985 5033 2114 5092 inter

525 5095 699 5158 viduas
731 5095 956 5145 censent.
1000 5095 1250 5158 seriptura
1273 5104 1440 5147 autem
1471 5097 1600 5145 illam
1626 5095 1763 5149 vocat
1796 5115 2002 5151 uxorem
2025 5103 2115 5152 La-

526 5154 716 5221 pido_th_,
743 5169 806 5206 ex
832 5168 928 5218 quo
951 5154 1133 5221 tamen,
1160 5159 1352 5207 viduam
1369 5165 1515 5221 recte
1542 5160 1660 5221 dici,
1690 5159 1774 5208 alii
1799 5163 1998 5221 volunt,
2029 5164 2112 5214 vel

524 5215 654 5284 quod
672 5215 960 5284 demoriuus
975 5217 1074 5284 jam
1099 5228 1234 5284 esset
1257 5219 1587 5284 maritus,_vel
1605 5215 1730 5284 quod
1757 5215 1997 5284 Lapidoth'
2015 5240 2114 5276 non

524 5277 708 5345 viri-sit
731 5290 930 5338 nomen,
949 5277 1038 5328 sed
1059 5281 1198 5341 artis,
1218 5289 1273 5331 ut
1297 5281 1587 5330 vertendum
1612 5277 1692 5341 sit,
1705 5277 1956 5336 mulierem
1979 5287 2114 5352 lych-

525 5351 734 5390 uanam.

590 5401 663 5466 (a)
698 5402 817 5453 Haec
851 5413 994 5464 porro
1026 5404 1238 5453 nominis
1269 5404 1617 5463 interpretatio
1638 5404 1812 5458 Noemi
1842 5407 1967 5459 haud
1993 5423 2112 5460 eon-

523 5464 680 5536 venit.
706 5472 762 5543 et
793 5466 1286 5543 quantum‘novir'nus.
1302 5465 1570 5543 veteribus
1593 5469 2111 5543 quoque_Lexicogra-

526 5526 604 5588 pi's
628 5526 826 5588 prorSus
844 5526 1011 5587 ignota
1031 5531 1126 5575 est.
1142 5526 1324 5576 Verius
1345 5526 1595 5588 diceretur
1611 5526 1862 5581 ammnitas
1888 5526 2080 5584 nomini
2093 5547 2113 5582 .-

522 5587 779 5640 ἱιοηθηὶω
814 5599 903 5651 per
922 5595 966 5642 Π
992 5589 1248 5650 scribitur,
1276 5587 1364 5638 sed
1405 5599 1492 5648 per
1515 5593 1553 5647 ν
1577 5588 1788 5641 litteram
1825 5601 1980 5654 nam,
2011 5595 2110 5646 Sed

525 5657 1018 5769 fortemllieronymus
1053 5673 1226 5710 sonum
1264 5658 1397 5708 vocis
1419 5657 1565 5722 hujus
1602 5663 1842 5727 attendit,
1867 5679 1964 5716 non
2004 5665 2109 5716 ele-

525 5734 638 5769 men
695 5757 706 5768 .

524 5734 706 5770 menta.

591 5782 670 5851 (_d)
687 5782 837 5851 _Ruth
860 5794 1092 5851 nempe,
1111 5795 1221 5846 quae
1254 5781 1384 5832 Booz
1413 5785 1894 5851 nupsit,__genuitque
1928 5787 2068 5840 Obed
2091 5824 2106 5850 ,

525 5843 655 5893 unde
678 5844 842 5907 Jesse,
869 5851 920 5896 ct
941 5842 1112 5905 David,
1129 5842 1224 5908 per
1245 5856 1396 5910 quem
1417 5843 1442 5894 J
1449 5842 1563 5896 esus
1586 5842 1823 5898 Christusl

1804 351 2046 408 SANCTI
2084 347 2460 407 HIERONYMI

3676 371 3781 426 5W

2208 466 2521 524 Trinitatem
2544 511 2559 536 ,
2591 479 2644 525 et
2676 471 2726 525 in
2775 471 3053 530 thesauros
3078 475 3334 533 Ecclesia:
3360 481 3598 537 condita.
3628 483 3783 544 Unde

2207 569 2262 616 et
2308 559 2510 632 forcipe
2533 564 2808 636 utriusque
2832 567 3184 635 Testamenti,
3215 571 3416 629 ardens
3444 576 3610 633 carbo
3630 593 3784 634 com-

2206 653 2527 722 prehensus,
2575 668 2763 728 purgat
2787 659 2922 715 labia
2950 665 3265 732 peccatoris.

2278 745 2368 803 18.
2395 747 2534 814 Quid
2562 761 2742 808 vetera
2787 764 3027 824 repetam
3052 796 3066 821 ,
3099 764 3156 812 et
3182 758 3408 816 virtutes
3461 760 3782 822 feminarum

2205 837 2273 894 de
2301 839 2454 896 libris
2482 841 2754 912 proferam
2772 886 2786 910 ,
2817 860 2944 901 cum
2990 849 3166 918 possis
3195 851 3390 907 multas
3411 861 3539 909 ante
3573 858 3763 912 oculos

2209 929 2300 985 tibi
2346 946 2650 1002 proponere
2695 934 2750 989 in
2799 935 2947 992 Urbe
2974 953 3079 1008 qua
3107 939 3279 1007 vivis,
3309 957 3538 1012 quarum
3587 946 3785 1004 imitari

2205 1023 2510 1094 exemplum
2535 1024 2775 1083 debeas?
2797 1027 2867 1084 Et
2891 1045 2960 1085 ne
2989 1030 3174 1087 videar
3207 1033 3517 1092 adulatione
3551 1053 3645 1108 per
3671 1041 3785 1094 sin-

2204 1114 2355 1185 gulas
2381 1130 2601 1173 currere
2619 1157 2636 1185 ,
2667 1117 2864 1176 sufﬁcit
2890 1121 2985 1177 tibi
3009 1132 3196 1178 sancta
3225 1125 3476 1182 Marcella
3495 1169 3513 1195 ,
3554 1145 3674 1200 quae
3702 1148 3786 1186 re-

2205 1205 2477 1277 spondens
2525 1209 2713 1280 generi
2755 1224 2892 1278 suo,
2925 1213 3129 1284 aliquid
3173 1216 3328 1273 nobis
3377 1217 3450 1274 de
3494 1218 3787 1294 Evangelio

2206 1299 2406 1354 retulit.
2439 1301 2599 1356 Anna
2626 1310 2835 1375 septem
2862 1305 3018 1360 annis
3056 1321 3086 1360 a
3117 1306 3418 1378 virginitate
3459 1326 3555 1366 sua
3576 1313 3787 1369 vixerat

2206 1406 2326 1447 cum
2356 1394 2572 1462 marito,
2603 1396 2703 1451 ista
2741 1406 2950 1468 septem
2997 1399 3296 1456 mensibus.
3327 1401 3420 1458 llla
3451 1402 3650 1460 Christi
3688 1421 3785 1461 cx-

2205 1486 2480 1555 spectabat
2507 1487 2795 1545 adventum
2828 1507 2843 1546 :
2871 1490 2973 1546 ista
3015 1501 3198 1559 tenet,
3229 1509 3388 1564 quem
3427 1495 3516 1551 illa
3537 1511 3788 1567 suscepe-

2206 1590 2308 1636 rat.
2337 1580 2430 1636 llla
2456 1583 2756 1654 vagientem
2801 1584 3028 1640 canebat
3057 1585 3426 1659 (al.cernebat)
3466 1605 3481 1642 :
3514 1588 3614 1644 ista
3647 1606 3784 1659 prie-

2206 1672 2348 1729 dicat
2379 1674 2814 1746 triumphantem.
2839 1676 2932 1732 Illa
2964 1677 3278 1748 loquebatur
3303 1680 3372 1734 de
3397 1694 3464 1736 eo
3502 1680 3781 1745 omnibus,

2205 1768 2296 1838 qui
2324 1770 2680 1839 expectabant
2696 1770 3121 1841 redemptionem
3153 1772 3316 1828 lsrael
3333 1772 3426 1845 (al.
3439 1772 3747 1844 Jerusalem)
3770 1791 3783 1828 :

2207 1858 2323 1916 haec
2349 1855 2470 1916 cum
2502 1861 2797 1933 redemptis
2825 1863 3075 1933 gentibus
3101 1864 3339 1920 clamitat
3369 1883 3383 1919 :
3425 1881 3448 1918 ι
3472 1865 3660 1921 Frater
3681 1881 3785 1920 non

2208 1954 2444 2023 redimit,
2468 1955 2695 2012 redimet
2715 1958 2904 2012 homo:
2928 1957 3046 2028 (Ps.
3065 1958 3245 2030 48.8).
3261 1959 3399 2015 etde
3423 1959 3531 2014 alio
3551 1960 3784 2024 Psalmn,

2213 2046 2416 2102 «Homo
2434 2056 2589 2104 natus
2603 2057 2688 2104 est
2703 2050 2754 2103 in
2768 2064 2852 2118 ea,
2871 2059 2926 2105 et
2941 2049 3052 2120 ipse
3067 2049 3310 2105 fundavit
3330 2065 3450 2106 eam
3463 2051 3750 2107 altissimus
3761 2071 3781 2105 ι

2209 2137 2327 2210 (Ps.
2357 2137 2445 2196 86.
2477 2138 2556 2212 5).
2578 2140 2702 2196 Scio
2730 2157 2817 2197 me
2843 2151 2971 2197 ante
2997 2141 3101 2198 hoc
3129 2141 3298 2198 ferme
3329 2142 3605 2198 biennium
3625 2183 3642 2210 ,
3673 2143 3787 2198 edi-

2208 2229 2353 2286 disse
2381 2230 2545 2288 libros
2571 2240 2758 2288 contra
2800 2233 3172 2301 Jovinianum,
3201 2233 3394 2305 quibus
3434 2235 3714 2291 venientes
3757 2252 3788 2292 e

2208 2323 2480 2379 contrario
2507 2323 2853 2394 quaestiones,
2871 2325 2963 2382 ubi
2989 2326 3278 2397 Apostolus
3293 2327 3538 2384 concedit
3556 2327 3786 2384 secunda

2210 2415 2586 2483 matrimonia,
2627 2416 3022 2488 Scripturarum
3063 2418 3385 2474 auctoritate
3435 2419 3685 2474 contrivi.
3717 2417 3788 2474 Et

2208 2522 2314 2562 non
2342 2517 2428 2564 est
2472 2521 2696 2564 necesse
2741 2507 2929 2565 eadem
2958 2524 3028 2566 ex
3074 2509 3283 2580 integro
3342 2509 3613 2577 scribere,
3666 2525 3789 2566 eum

2211 2599 2384 2669 possis
2409 2600 2535 2657 inde
2558 2616 2678 2672 qua:
2718 2602 2914 2673 scripta
2939 2609 3066 2659 sunt
3107 2604 3358 2659 mutuari.
3390 2604 3502 2659 Hoc
3542 2612 3744 2659 tantum
3770 2645 3785 2669 ,

2209 2706 2277 2746 ne
2303 2691 2520 2748 modum
2542 2692 2790 2763 egrediar
2832 2693 3108 2765 epistolae,
3157 2694 3486 2752 admonitam
3528 2704 3582 2750 te
3615 2695 3738 2750 volo
3771 2711 3786 2749 :

2209 2784 2411 2840 COGI‘I'A
2433 2784 2692 2855 quotidie,
2724 2793 2777 2842 te
2796 2801 2917 2844 esse
2945 2787 3258 2843 morituram
3283 2829 3300 2856 ,
3324 2795 3380 2844 et
3405 2801 3677 2859 nunquam
3721 2785 3792 2842 de

2209 2875 2460 2932 secundis
2485 2878 2687 2948 nuptiis
2712 2878 2993 2949 cogitabis.

2590 2993 2752 3067 395
2825 2953 3153 3051 Eptsrom
3183 2993 3273 3051 LV
3301 2993 3395 3065 (ε).

2822 3125 2892 3166 ΔΙ)
2916 3126 3191 3166 ΑιιΑΝυωι.

2211 3221 2443 3277 Amando
2476 3220 2793 3294 Presbytero,
2811 3224 2900 3293 qui
2917 3224 3010 3278 sibi
3026 3230 3352 3294 proposuerat
3371 3236 3458 3292 per
3479 3219 3669 3275 litteras
3695 3227 3794 3272 tres

2282 3315 2598 3384 quaestiones,
2631 3317 2876 3386 simulque
2905 3315 2968 3371 de
2992 3315 3258 3386 cujusdam
3279 3313 3482 3369 Sororis
3511 3322 3645 3367 statu
3671 3328 3793 3365 con-

2284 3408 2528 3474 suluerat,
2555 3406 2623 3460 ad
2642 3407 2844 3480 singula
2868 3409 3158 3478 respondet.

2217 3540 2443 3596 Domino
2463 3555 2590 3596 vere
2614 3550 2799 3595 sancto
2827 3549 2880 3596 et
2908 3538 3246 3610 suscipiendo
3276 3538 3422 3593 fratri
3472 3535 3538 3606 (Γ)
3564 3538 3792 3592 Διωυο

2659 3631 2979 3703 Presbytero
3004 3631 3371 3688 Hisnoxvuus.

2291 3767 2344 3825 1.
2368 3767 2554 3824 Brevis
2569 3767 2804 3838 Epistola
2833 3769 3020 3839 longas
3047 3768 3333 3838 explanare
3365 3782 3468 3823 non
3486 3766 3627 3822 valet
3646 3781 3796 3837 qure-

2223 3862 2426 3918 stiones
2449 3903 2465 3930 ,
2493 3871 2548 3918 et
2585 3863 2637 3917 in
2669 3869 2872 3916 arctu’m
2918 3863 3083 3917 multa
3121 3861 3488 3925 concludens,
3533 3859 3799 3930 stringere

2219 3956 2418 4024 verbis,
2445 3955 2588 4028 quod
2613 3955 2862 4011 sensibus
2883 3955 3160 4010 dilatatum
3183 3965 3286 4010 est.
3311 3954 3608 4024 Interrogas
3625 3994 3638 4019 ,
3672 3951 3798 4021 quid

2219 4050 2486 4121 signiﬁcet
2512 4049 2642 4106 illud
2670 4050 2722 4104 in
2754 4049 3051 4120 Evangelio
3076 4049 3232 4120 juxta
3256 4047 3565 4103 Mattbatum
3600 4063 3613 4100 :
3645 4065 3664 4098 ι
3697 4044 3802 4098 Νο-

2222 4142 2316 4197 lite
2338 4141 2556 4198 solliciti
2583 4155 2704 4198 esse
2729 4139 2797 4196 de
2821 4141 3058 4196 crastino
3087 4159 3102 4208 ;
3147 4139 3348 4195 sufﬁcit
3376 4139 3517 4196 enim
3547 4137 3653 4192 diei
3684 4150 3800 4190 ma-

2221 4233 2332 4288 litia
2359 4248 2454 4288 sua
2482 4252 2502 4287 ›
2536 4231 2749 4306 (Matth.
2780 4233 2834 4288 6.
2864 4230 2975 4304 54).
3005 4233 3306 4288 Crastinum
3335 4273 3351 4300 ,
3401 4230 3456 4285 in
3509 4227 3802 4298 Scripturis

2219 4325 2442 4392 sanctis,
2466 4325 2700 4381 futurum
2733 4334 2944 4396 tempus
2967 4325 3272 4396 signiﬁcat:
3304 4324 3443 4379 sicut
3473 4331 3529 4377 et
3554 4321 3719 4376 Jaeob
3749 4321 3802 4374 in

2219 4417 2414 4474 Genesi
2455 4419 2730 4489 loquitur:
2771 4436 2790 4472 ι
2827 4417 3095 4474 Exandiet
3133 4431 3221 4472 me
3263 4430 3384 4471 cras
3406 4405 3796 4484 justitiatneai

2220 4508 2371 4580 (Gen.
2405 4509 2494 4566 50.
2523 4509 2635 4582 '53).
2669 4510 2736 4565 Et
2763 4510 2853 4565 ubi
2881 4509 3053 4564 altare
3091 4507 3391 4563 exstruitur
3415 4522 3446 4561 a
3477 4503 3682 4560 duabus
3711 4503 3807 4558 tri-

2221 4601 2390 4658 bubus
2419 4602 2611 4660 Ruben
2641 4613 2698 4669 et
2723 4602 2847 4671 ,Gad
2870 4643 2886 4670 ,
2916 4611 2971 4657 et
3015 4599 3236 4656 dimidia
3281 4598 3419 4654 tribu
3449 4596 3691 4652 Manasse
3711 4635 3726 4659 ,
3773 4608 3806 4649 a

2219 4703 2413 4748 cuncto
2434 4695 2631 4750 lsraele
2658 4694 2724 4750 ad
2753 4708 2845 4749 eas
2875 4692 3069 4764 legatio
3109 4691 3370 4757 mittitur,
3400 4703 3524 4743 cum
3575 4686 3808 4742 Pltiuees

2221 4787 2460 4844 Pontiﬁci
2494 4789 2919 4860 respondissent,
2950 4785 3153 4841 idcirco
3182 4799 3242 4840 sc
3268 4783 3441 4838 altare
3469 4781 3666 4837 fecisse
3691 4819 3706 4846 ,
3739 4790 3808 4832 nc

2219 4895 2340 4936 eras
2370 4879 2492 4936 ﬁliis
2518 4881 2632 4936 suis
2672 4879 2885 4936 colendi
2926 4879 3094 4933 Deum
3139 4877 3410 4946 possessio
3450 4873 3809 4941 denegaretur

2218 4971 2396 5041 (Josue
2423 4973 2511 5028 22.
2537 4971 2649 5045 24).
2677 4972 2744 5026 Et
2770 4970 2936 5025 multa
2965 4967 3266 5024 istiusmodi
3297 4967 3352 5020 in
3369 4963 3540 5021 veteri
3565 4961 3812 5033 reperies

2218 5063 2599 5119 Instrumento.
2623 5062 2724 5129 Qui
2759 5075 2888 5130 ergo
2929 5059 2998 5116 de
3039 5058 3228 5114 futuris
3259 5072 3358 5112 nos
3391 5056 3631 5126 cogitare
3683 5065 3810 5123 pro-

2220 5156 2422 5221 hibuit,
2454 5154 2720 5209 concessit
2758 5152 2828 5207 de
2861 5151 3252 5222 praesentibus,
3297 5157 3518 5219 propter
3559 5145 3809 5203 humana:

2219 5245 2343 5301 vitze
2372 5244 2733 5315 fragilitatem.
2761 5241 2917 5309 Quod
2945 5249 3126 5298 autem
3166 5239 3372 5311 adjicit,
3410 5257 3431 5292 ι
3467 5236 3668 5294 sufﬁcit
3695 5231 3804 5290 diei

2280 5423 2348 5482 (ε)
2384 5420 2455 5482 ιι.
2491 5421 2599 5469 117.
2626 5417 2815 5482 scripta
2836 5420 2956 5471 circ.
2981 5419 3205 5470 eumdem
3222 5430 3405 5482 (mitium
3427 5415 3557 5482 _59l.

2280 5477 2349 5546 (Γ)
2364 5477 2475 5550 ﬂia
2497 5487 2576 5530 est
2612 5481 2698 5531 ille
2720 5477 2967 5550 Amandus
2999 5481 3276 5550 Burdigalae
3287 5477 3567 5550 fresbyter
3582 5515 3597 5537 ,
3623 5484 3692 5550 et.
3713 5488 3804 5550 ηοξ

2215 5537 2342 5594 stea'
2363 5543 2657 5605 Episcotius,
2695 5543 2757 5592 ad
2796 5557 2944 5605 quem
2983 5537 3241 5605 pluresvs.
3287 5537 3523 5605 Paulinus
3570 5537 3808 5605 epistolas

2215 5599 2535 5672 dedit._l'nter_
2541 5599 2764 5672 :Sanctos
2777 5599 2993 5672 refertur
3014 5607 3062 5654 in
3088 5604 3228 5672 Bon}.
3255 5599 3668 5672 Martyrolog._ﬂ_.
3696 5599 3806 5672 lia].

2216 5665 2345 5735 Julii.
2370 5664 2470 5715 Sed
2490 5665 2633 5735 aliam
2656 5667 2717 5716 ad
2739 5665 3304 5735 Amandum_epistolam,
3332 5661 3544 5735 eamque:
3557 5661 3626 5735 de
3647 5661 3808 5735 tribus

2218 5727 2326 5790 aliis
2347 5728 2700 5790 quaestionibus
2728 5736 2968 5790 memorat
3007 5722 3324 5790 Cassiodorus
3346 5722 3506 5790 Insti‘t.
3530 5722 3565 5772 l.
3594 5724 3641 5772 1.
3665 5722 3809 5784 cujus

2217 5785 2408 5861 nullum
2447 5795 2678 5861 superest
2715 5789 2978 5861 vestigium
3001 5823 3016 5846 ,
3039 5801 3140 5861 nec_
3151 5789 3279 5861 apud
3317 5785 3441 5838 alios
3464 5792 3698 5839 veteres.
3723 5790 3810 5835 aut

2219 5848 2528 5902 recentiores
2550 5858 2627 5901 est
2646 5848 2992 5900 mentio.’Vide
3015 5848 3367 5911 praefationem.
