4146 6336
339 451 538 509 malitia
564 466 689 508 sua»
715 452 922 526 (Matth.
945 453 998 509 6.
1022 451 1132 524 51),
1155 451 1257 506 hoc
1280 449 1436 505 modo
1460 449 1690 517 intellige
1709 465 1723 504 :
1744 445 1907 502 Suffl-

339 545 413 599 eit
437 543 591 600 nobis
623 542 692 600 de
721 542 1069 613 praesentibus
1093 541 1249 612 hujus
1277 540 1456 595 saeculi
1479 539 1712 609 cogitare
1737 551 1905 608 angu-

340 637 477 694 stiis.
500 637 638 704 Quid
681 651 900 693 necesse
937 645 1021 692 est
1055 649 1272 691 sensum
1301 632 1369 688 ad
1401 633 1604 688 incerta
1631 639 1687 686 et
1730 628 1905 685 futura

339 727 645 795 extendere,
675 744 794 798 qua:
817 737 906 783 aut
931 727 1184 797 consequi
1214 741 1318 782 non
1345 739 1652 796 possumus,
1685 729 1776 778 aut
1794 719 1904 777 for-

339 819 474 874 sitan
522 819 630 874 cito
677 818 893 874 iuventa
921 817 1244 890 perdamus?
1283 823 1448 889 Κακίας
1476 814 1617 870 enim
1649 827 1807 885 quam
1830 810 1906 883 (α)

308 951 312 955 -
339 911 557 967 Latinus
583 913 740 968 vertit
763 913 818 967 iu
849 912 1114 978 malitiam,
1144 911 1284 980 apud
1327 909 1542 966 Grarcos
1571 909 1678 964 duo
1703 905 1906 976 signifi-

338 1013 444 1070 cat,
473 1018 527 1058 et
553 1003 828 1069 malitiam,
859 1015 913 1059 et
940 1003 1304 1068 afﬂictionem,
1329 1017 1485 1073 quam
1512 1009 1712 1056 ιαχώσιν
1735 998 1906 1054 ϐε·ωοί

339 1095 548 1162 dicunt,
578 1103 632 1150 et
662 1094 747 1150 hic
781 1095 950 1166 magis
997 1109 1094 1165 pro
1131 1093 1356 1158 malitia,
1404 1090 1678 1147 transferri
1727 1088 1910 1144 debuit

338 1185 575 1240 afﬂictio.
625 1185 778 1253 Quod
823 1187 869 1241 si
909 1187 1246 1242 contentiose
1273 1183 1368 1258 (al.
1395 1179 1748 1252 contentione.)
1790 1180 1909 1251 quis

340 1276 572 1345 ducitur,
606 1277 798 1334 nolens
833 1288 999 1333 κακίαν
1045 1277 1386 1333 amictiouem
1427 1291 1620 1330 sonare
1649 1281 1704 1330 et
1740 1288 1908 1340 angu-

339 1369 491 1435 stias,
519 1368 611 1424 sed
642 1369 923 1436 malitiam,
951 1370 1042 1426 illo
1070 1385 1231 1426 sensu
1258 1366 1650 1440 eXplanandum
1675 1374 1779 1433 est,
1802 1379 1908 1436 quo

340 1457 566 1513 mundus
595 1459 646 1514 in
677 1461 932 1528 maligno,
963 1460 1066 1516 hoc
1086 1469 1170 1516 est
1197 1461 1249 1514 in
1290 1459 1430 1514 malo
1462 1458 1666 1528 positus
1709 1457 1782 1512 sit
1809 1471 1826 1524 ;
1856 1463 1915 1512 et

341 1547 392 1602 in
443 1548 715 1604 Dominica
753 1548 1008 1606 Oratione
1050 1549 1277 1606 dicimus
1317 1567 1332 1605 :
1363 1547 1574 1603 Libetur
1597 1563 1689 1602 nos
1713 1562 1747 1600 α
1774 1544 1910 1600 man

340 1638 549 1710 (Matth.
570 1640 622 1695 6.
637 1638 693 1712 3)
716 1660 728 1694 :
762 1650 818 1695 ut
841 1641 1069 1696 sufficiat
1090 1641 1244 1697 nobis
1266 1651 1453 1696 contra
1470 1639 1728 1696 malitiam
1753 1635 1911 1708 hujus

339 1729 522 1784 smculi
554 1746 789 1799 praesens
827 1730 1023 1786 habere
1065 1741 1360 1787 certamen.

410 1822 571 1894 Μ
643 1822 698 1876 2.
727 1821 782 1878 In
808 1823 1044 1879 secundo
1082 1823 1317 1894 quaesisti
1355 1822 1475 1877 loco
1499 1821 1570 1878 de
1595 1821 1738 1877 beati
1765 1822 1910 1890 Apo-

341 1913 460 1967 stoli
480 1913 624 1968 Pauli
656 1915 822 1984 prima
847 1914 914 1969 ad
942 1913 1247 1970 Corinthios
1263 1913 1524 1986 Epistola,
1543 1913 1595 1967 in
1617 1928 1720 1984 qua
1742 1912 1913 1983 loqui-

343 2016 457 2061 tur:
490 2025 508 2059 ι
533 2007 703 2064 Omne
729 2017 1004 2080 peccatum
1027 2007 1170 2079 quod
1199 2008 1383 2063 fecerit
1407 2006 1588 2073 homo,
1621 2014 1772 2062 extra
1796 2020 1914 2059 cor-

345 2114 440 2169 pus
455 2107 554 2154 est.
569 2101 668 2170 Qui
691 2111 867 2156 autem
882 2100 1171 2157 fornicatur
1188 2101 1240 2156 in
1257 2114 1451 2171 corpus
1471 2113 1623 2155 suum
1643 2095 1884 2167 peccat(l
1898 2133 1912 2149 .

342 2189 635 2264 Cor.6.18).
652 2192 914 2264 Legamus
941 2207 1070 2264 ergo
1088 2193 1244 2262 paulo
1264 2191 1533 2260 superius,
1551 2201 1602 2244 et
1619 2189 1697 2243 sic
1711 2187 1778 2244 ad
1799 2187 1918 2241 ham

344 2285 502 2340 verba
525 2288 818 2351 veniamus,
837 2301 903 2340 ne
930 2285 998 2340 de
1024 2284 1278 2340 extremis
1301 2282 1557 2352 partibus,
1582 2287 1638 2335 et
1663 2287 1720 2332 ut
1746 2278 1818 2332 ita
1846 2276 1919 2332 di-

343 2390 480 2440 cam,
497 2375 662 2429 cauda
681 2376 898 2445 capituli
921 2382 1084 2430 totam
1108 2373 1424 2450 sententiam
1443 2385 1601 2425 nosse
1617 2368 1914 2438 cupiamus.

350 2482 369 2512 ο
403 2465 629 2537 Corpus,
664 2467 872 2536 inquit,
905 2480 1011 2518 non
1041 2461 1416 2527 fornicationi,
1445 2460 1541 2516 sed
1589 2459 1844 2524 Domino,
1865 2465 1921 2513 et

347 2555 605 2611 Dominus
633 2556 868 2625 corpori.
894 2557 1032 2613 Deus
1057 2561 1235 2609 autem
1259 2553 1348 2623 qui
1386 2552 1670 2608 Dominum
1696 2549 1920 2606 suscita-

343 2649 454 2714 vit,
483 2656 540 2702 et
585 2661 685 2701 nos
713 2661 837 2700 cum
866 2645 960 2700 illo
995 2643 1272 2700 suscitabit
1315 2658 1411 2713 per
1453 2643 1706 2696 virtutem
1743 2654 1916 2696 suam.

342 2737 574 2793 Nescitis
608 2736 730 2807 quia
757 2750 982 2806 corpora
1029 2744 1204 2791 vestra
1247 2733 1483 2789 membra
1511 2731 1708 2787 Christi
1753 2729 1922 2786 sunt?

344 2827 567 2882 Tolleus
595 2842 725 2898 ergo
754 2827 991 2883 membra
1021 2824 1239 2892 Christi,
1272 2825 1462 2880 faciam
1491 2825 1730 2879 membra
1749 2836 1924 2878 mere-

346 2918 533 2974 tricis?
558 2918 732 2973 Absit.
759 2921 843 2974 An
872 2919 1116 2984 nescitis,
1144 2917 1269 2989 quia
1297 2917 1387 2987 qui
1413 2916 1688 2986 ceujungit
1715 2929 1775 2970 se
1803 2928 1920 2970 me-

348 3009 526 3063 retrici
553 3048 568 3074 ,
593 3023 758 3063 unum
788 3023 984 3078 corpus
1023 3008 1139 3064 est?
1170 3007 1340 3062 Erunt
1363 3007 1504 3062 enim
1529 3046 1544 3071 ,
1574 3004 1744 3076 inquit
1773 3045 1789 3069 .
1815 3003 1922 3060 duo

350 3099 398 3154 iu
423 3115 638 3156 carnem
663 3116 821 3156 uuam
851 3099 1043 3174 i(fbid.
1068 3101 1155 3156 15.
1180 3108 1227 3154 et
1251 3097 1412 3170 seqq.)
1432 3116 1450 3150 ι
1473 3097 1572 3164 Qui
1595 3106 1774 3154 autem
1794 3111 1925 3153 con-

345 3191 512 3262 jungit
550 3205 610 3246 se
637 3190 861 3246 Domino
879 3232 895 3256 ,
923 3206 1062 3247 unus
1085 3191 1302 3261 spiritus
1330 3199 1430 3245 est.
1458 3188 1646 3262 Fugite
1688 3187 1922 3245 fornica-

353 3285 568 3341 tionem.
595 3284 767 3341 Omne
799 3295 1077 3356 peccatum
1131 3281 1503 3355 quodcumque
1533 3282 1717 3338 fecerit
1740 3280 1922 3350 homo,

353 3387 498 3432 extra
527 3392 724 3448 corpus
766 3387 868 3434 est.
906 3377 1007 3447 Qui
1037 3387 1216 3432 autem
1246 3376 1540 3431 fornicatur
1565 3418 1581 3444 ,
1633 3376 1687 3431 in
1728 3389 1924 3446 corpus

357 3484 508 3523 suum
538 3479 725 3540 peccat
745 3487 764 3522 ι
792 3468 942 3539 (Gen.
969 3469 1020 3522 Ξ.
1042 3467 1132 3534 εις
1152 3477 1198 3522 et
1221 3467 1386 3521 Marc.
1410 3466 1496 3522 i0.
1520 3465 1610 3538 8),
1631 3476 1684 3522 et
1699 3467 1925 3537 reliqua.

355 3560 578 3616 Sanctus
603 3561 892 3631 Apostolus
937 3569 1122 3614 contra
1149 3559 1412 3612 luxuriam
1452 3558 1730 3629 disputans
1752 3598 1768 3626 ,
1792 3567 1847 3613 et
1873 3559 1926 3614 in

356 3649 720 3719 superioribus
749 3651 968 3706 dicens:
1006 3669 1024 3702 ‹
1048 3649 1201 3704 Esca:
1233 3649 1424 3714 ventri,
1458 3657 1510 3703 et
1537 3657 1723 3704 venter
1747 3648 1884 3704 escis
1910 3666 1923 3702 :

358 3742 498 3797 Deus
523 3749 699 3798 autem
719 3751 774 3798 et
795 3743 936 3798 hunc
958 3751 1012 3797 et
1035 3741 1152 3796 illas
1179 3739 1419 3796 destruet
1442 3758 1462 3792 ι
1495 3740 1568 3811 (1.
1588 3739 1704 3794 Cor.
1730 3739 1783 3795 6.
1816 3739 1924 3812 l3),

357 3841 745 3903 consequenter
766 3835 914 3890 venit
938 3832 1004 3888 ad
1031 3831 1458 3887 fornicationem.
1478 3831 1684 3885 Etenim
1715 3830 1929 3886 luxuria

359 3933 530 3980 mater
560 3926 795 3983 libidinis
823 3935 939 3993 est,
989 3935 1339 3993 ventremque
1361 3923 1652 3978 distentum
1697 3911 1848 3988 cibo,
1876 3931 1932 3977 et

360 4016 464 4070 vini
492 4017 794 4089 potionibus
815 4018 1112 4088 irrigatum,
1142 4015 1384 4084 voluptas
1408 4013 1716 4084 genitalium
1755 4012 1932 4082 sequi-

363 4117 482 4175 tur;
527 4117 685 4178 atque
713 4117 770 4163 ut
797 4109 924 4164 alibi
951 4109 1150 4164 dictum
1189 4114 1291 4172 est,
1324 4119 1420 4174 pro
1455 4103 1814 4159 membrorum
1841 4119 1930 4158 or-

360 4197 502 4266 dine,
521 4197 653 4252 ordo
670 4198 919 4252 vitiorum
939 4206 1038 4253 est.
1058 4195 1230 4252 Omne
1260 4195 1439 4264 itaque
1461 4204 1759 4264 peccatum,
1782 4193 1932 4249 verbi

363 4288 528 4358 gratia
555 4289 754 4344 furtum
779 4329 796 4355 ,
831 4287 1171 4344 homicidium
1197 4328 1212 4354 ,
1259 4285 1444 4356 rapina
1465 4326 1480 4351 ,
1525 4283 1814 4355 perjurium
1835 4326 1850 4352 ,
1881 4292 1936 4339 et

363 4387 552 4434 cietera
578 4379 662 4434 bis
688 4379 902 4446 similia,
932 4386 1052 4449 post
1074 4377 1268 4433 factum
1290 4375 1675 4446 paenitudinem
1698 4374 1930 4430 habent:

365 4481 417 4526 ct
459 4471 584 4528 licet
619 4473 804 4528 invitet
826 4469 1034 4528 lucrum
1061 4513 1076 4537 ,
1111 4480 1288 4526 tamen
1331 4469 1540 4524 mordet
1581 4469 1932 4525 conscientia.

366 4559 620 4634 Voluptas
646 4563 758 4619 sola
789 4578 852 4618 ac
876 4563 1042 4618 libido
1069 4565 1226 4617 etiam
1257 4563 1308 4616 in
1344 4561 1461 4631 ipso
1500 4571 1739 4632 tempore
1766 4563 1936 4632 pinni-

368 4654 548 4720 tendi,
578 4655 875 4726 praeteritos
918 4655 1162 4710 stimulos
1210 4655 1452 4724 patitur,
1487 4661 1542 4709 et
1581 4654 1934 4709 titillationem

367 4749 561 4811 curuis,
595 4757 648 4804 et
673 4749 933 4803 incentiva
964 4746 1170 4817 peccati
1198 4763 1211 4799 :
1237 4755 1294 4800 ut
1321 4761 1414 4816 per
1443 4745 1576 4813 haec,
1601 4762 1719 4817 qua:
1744 4746 1936 4816 corrigi

368 4839 629 4910 cupimus,
653 4841 967 4911 eugitantes,
985 4852 1194 4893 rursum
1223 4837 1293 4892 sit
1321 4838 1539 4890 materia
1567 4836 1934 4907 delinquendi.

372 4933 583 4990 Aliter:
628 4934 832 4990 Ca'tera
880 4943 1099 5004 peccata
1153 4929 1452 4985 forinsecus
1490 4939 1634 4984 sunt.
1676 4929 1940 4999 Quidquid

371 5027 509 5082 enim
532 5028 821 5098 egerimus,
844 5027 898 5080 in
921 5024 1054 5080 alios
1078 5024 1314 5092 agimus:
1341 5019 1622 5074 fornicatio
1646 5035 1751 5074 non
1769 5020 1942 5074 solum

369 5120 748 5174 conscientiam
779 5114 1113 5181 fornicantis,
1147 5111 1242 5168 sed
1272 5119 1328 5165 et
1372 5125 1567 5180 corpus
1593 5107 1853 5176 maculat,
1881 5123 1945 5164 ac

371 5212 658 5267 secundum
687 5209 1005 5266 sententiam
1028 5203 1259 5269 Domini,
1276 5216 1377 5272 qua
1399 5202 1474 5256 ait
1505 5218 1520 5255 :
1545 5218 1566 5254 σ
1600 5201 1827 5270 Propter
1842 5199 1946 5255 hoc

373 5304 636 5374 relinquet
689 5303 852 5357 homo
901 5306 1107 5368 patrem
1155 5304 1211 5350 et
1252 5301 1512 5359 matrem,
1557 5300 1614 5348 et
1653 5290 1947 5347 adhaerebit

377 5395 527 5450 uxori
552 5411 685 5462 suae,
714 5402 770 5448 et
793 5400 948 5447 erunt
975 5387 1082 5444 duo
1125 5387 1176 5440 in
1201 5398 1419 5440 carnem
1450 5397 1608 5438 unam
1635 5381 1825 5457 (Marc.
1853 5381 1941 5437 1ο.

378 5485 430 5538 7.
455 5485 544 5557 8),
573 5487 734 5542 etiam
759 5484 873 5554 ipse
895 5494 1015 5537 cum
1042 5476 1329 5534 meretrice
1356 5490 1520 5530 unum
1545 5489 1742 5546 corpus
1771 5472 1942 5530 efﬁci-

437 5661 510 5724 (α)
543 5661 625 5712 δίο
661 5667 862 5724 lem?“
895 5655 1090 5724 eam.“
1113 5652 1230 5724 his};
1253 5649 1945 5724 Martiaeelemswtlre-

377 5706 635 5774 veitatis;
661 5706 814 5771 vatio.
843 5713 1112 5778 exemplar.
1138 5713 1248 5763 555.
1281 5723 1390 5772 qua:
1428 5708 1602 5760 Latinis
1625 5707 1762 5761 vertit
1791 5721 1810 5759 :
1845 5706 1946 5772 leg.

378 5789 592 5834 Iteratur.

1677 371 1688 381 κ
1728 331 2054 392 EPISTOLA
2093 332 2204 390 LV.

3476 339 3598 398 εει

2014 454 2138 512 tur;
2165 456 2219 502 et
2246 458 2429 517 peccat
2452 446 2503 502 in
2530 464 2728 517 corpus
2749 465 2926 518 suum,
2944 453 3072 508 dum
3099 453 3354 524 templum
3380 417 3582 512 Chrisii

2011 537 2136 594 facit
2160 553 2357 610 corpus
2383 554 2504 596 esse
2552 543 2873 599 meretricis.
2899 546 3148 603 Dicamus
3194 555 3251 603 et
3275 549 3428 606 aliter
3450 592 3466 619 ,
3514 565 3584 607 ne

2013 628 2174 684 ullam
2219 629 2527 686 Graecorum
2583 633 2900 688 sententiam
2945 637 3222 705 praeterire
3273 639 3579 696 videamur.

2011 720 2166 777 Aliud
2198 731 2281 779 est
2354 724 2510 796 297
2584 740 2804 795 peccare
2843 743 2936 797 per
2961 744 3176 801 corpus,
3203 733 3349 789 aliud
3373 734 3426 790 iu
3455 748 3578 790 cor-

2013 828 2162 883 pore.
2185 813 2431 882 Furtum,
2455 817 2816 885 homicidium,
2845 828 2899 875 et
2915 831 3106 877 ctetcra
3127 824 3328 894 absque
3351 823 3584 882 fornica-

2014 905 2158 961 tione
2201 917 2416 978 peccata
2444 948 2461 976 ,
2507 923 2668 965 manu
2708 909 3146 968 administramus
3202 916 3581 975 extrinsecus:

2012 992 2294 1052 fornicatio
2317 998 2432 1054 sola
2470 1001 2789 1058 intrinsecus
2815 999 2872 1057 in
2896 1015 3128 1073 corpore
3149 1014 3336 1062 nostro
3375 1021 3587 1063 exerce-

2013 1101 2097 1143 tur
2115 1104 2144 1142 a
2167 1089 2342 1157 nobis,
2357 1107 2463 1148 non
2482 1107 2575 1162 per
2589 1107 2784 1163 corpus
2812 1092 2868 1148 in
2888 1093 3023 1149 alios
3043 1111 3057 1148 :
3081 1102 3128 1148 et
3149 1110 3258 1166 per,
3277 1097 3585 1167 praepositio

2013 1180 2366 1239 ministerium
2409 1183 2570 1240 habet
2609 1203 2621 1239 :
2651 1185 2741 1254 in,
2767 1193 2946 1241 autem
2972 1185 3028 1240 in
3057 1201 3118 1242 se
3143 1186 3465 1257 passionem.
3513 1185 3586 1258 (b)

2011 1268 2147 1326 Sunt
2175 1275 2263 1342 qui
2305 1273 2376 1328 ita
2413 1273 2738 1343 edisserant,
2767 1275 2910 1346 quod
2939 1275 3232 1332 secundum
3257 1270 3586 1346 Scripturam

2013 1378 2148 1418 uxor
2190 1363 2284 1420 viri
2314 1379 2510 1435 corpus
2536 1366 2631 1434 sit,
2665 1375 2722 1421 et
2743 1366 3066 1437 quicumque
3083 1366 3247 1423 fuerit
3272 1367 3585 1430 fornicatus.

2012 1463 2198 1523 peccet
2223 1457 2275 1511 iu
2303 1471 2499 1527 corpus
2524 1471 2704 1524 suum,
2726 1457 2828 1513 hoc
2848 1467 2932 1514 est
2959 1457 3012 1513 in
3038 1473 3283 1523 uxorem,
3310 1459 3436 1513 dum
3466 1473 3585 1514 eam

2012 1560 2108 1600 sua
2137 1545 2494 1604 fornicatione
2519 1550 2875 1604 commaculat
2902 1591 2922 1618 ,
2947 1558 3001 1605 et
3027 1548 3155 1605 facit
3176 1563 3296 1606 eam
3323 1565 3429 1605 non
3456 1563 3584 1620 pec-

2013 1645 2226 1691 cantem
2247 1677 2264 1704 ,
2292 1651 2386 1692 sua
2411 1637 2790 1694 commixtione
2816 1653 3060 1708 peccare.

2087 1727 2162 1801 (c)
2200 1729 2254 1784 ὅ.
2295 1727 2486 1798 Reperi
2505 1729 2742 1798 junctam
2766 1729 3017 1800 Epistola:
3037 1737 3090 1785 et
3113 1728 3591 1786 Commonitoriolo

2017 1817 2108 1890 [αι.
2128 1817 2572 1893 Commentariolo]
2597 1829 2686 1876 tuo
2702 1821 2916 1877 brevem
2938 1821 3258 1889 chartulam,
3282 1822 3456 1893 inqua
3476 1823 3590 1878 haec
3693 1874 3700 1881 ,

2018 1911 2182 1967 indita
2214 1912 2553 1968 ferebantur:
2586 1913 2944 1981 Quaerendum
2982 1914 3050 1970 ab
3077 1929 3164 1981 eo,
3205 1914 3257 1969 id
3303 1924 3385 1970 est
3412 1930 3445 1969 a
3479 1930 3588 1982 me,

2019 2013 2194 2058 utrum
2241 2004 2434 2061 mulier
2470 2005 2658 2062 relicto
2683 2007 2798 2062 viro
2838 2005 3100 2074 adultero,
3130 2016 3185 2062 et
3229 2006 3513 2073 sodomita,
3537 2015 3593 2062 et

2017 2094 2124 2149 alio
2149 2109 2245 2165 per
2263 2096 2368 2150 vim
2399 2105 2640 2167 accepto,
2670 2098 2838 2168 possit
2865 2097 3067 2168 absque
3104 2097 3413 2168 poenitentia
3439 2113 3588 2153 com-

2019 2185 2293 2240 municare
2319 2185 2595 2252 Ecclesize,
2622 2188 2834 2244 vivente
2861 2186 3034 2243 adhuc
3055 2202 3120 2243 eo
3145 2202 3303 2257 quem
3335 2187 3482 2258 prius
3509 2201 3595 2243 re-

2021 2278 2269 2349 liquerat.
2296 2278 2450 2347 Quod
2472 2280 2675 2352 legens,
2700 2281 2843 2337 illius
2856 2281 3104 2338 versiculi
3129 2281 3439 2338 recordatus
3451 2296 3592 2340 sum:

2026 2386 2046 2420 ι
2078 2367 2160 2424 Ad
2186 2369 2516 2425 excusandas
2530 2372 2905 2427 excusationes
2928 2372 2980 2426 in
2998 2373 3232 2442 peccatis
3251 2390 3272 2425 ι
3296 2370 3415 2443 (Ps.
3445 2372 3593 2444 H0).

2022 2459 2223 2515 Omnes
2248 2461 2392 2516 enim
2423 2461 2666 2517 homines
2690 2462 2832 2518 vitiis
2857 2463 3051 2519 nostris
3069 2462 3343 2529 favemus;
3370 2473 3428 2520 et
3455 2465 3598 2533 quod

2023 2554 2236 2622 propria
2268 2552 2490 2610 facimus
2517 2554 2810 2620 voluntate,
2843 2553 2912 2609 ad
2940 2563 3144 2610 natura:
3168 2553 3454 2610 referimus
3497 2571 3596 2610 ne-

2023 2645 2352 2700 cessitatem.
2382 2644 2662 2713 Quomodo
2685 2646 2731 2702 si
2752 2645 2895 2703 dicat
2913 2646 3229 2703 adolescens
3249 2664 3264 2702 :
3287 2649 3393 2702 vim
3425 2649 3599 2719 patior

2023 2735 2287 2806 corporis,
2318 2751 2404 2792 me
2431 2735 2498 2791 ad
2529 2735 2804 2794 libidinem
2822 2737 2984 2794 ardor
3003 2738 3246 2809 impellit,
3271 2739 3384 2810 ipsa
3402 2753 3602 2810 organa

2025 2824 2389 2880 membrorum
2416 2825 2750 2897 genitalium,
2797 2835 2852 2883 et
2879 2828 3198 2898 compositio
3226 2828 3489 2898 corporis,
3519 2827 3601 2884 fe-

2027 2916 2234 2973 mineos
2260 2919 2450 2988 quaerit
2473 2920 2771 2990 amplexus.
2804 2919 2870 2975 Et
2898 2937 3110 2976 rursum
3145 2921 3189 2977 si
3229 2921 3518 2989 homicida,
3548 2923 3603 2978 in

2026 3018 2288 3080 egestate,
2316 3009 2508 3080 inquit,
2537 3026 2710 3079 eram,
2739 3012 3041 3084 indigebam
3073 3014 3214 3080 cibo,
3239 3023 3450 3085 tamen
3481 3029 3604 3070 cor-

2028 3100 2173 3171 poris
2220 3115 2328 3157 non
2353 3101 2649 3170 habebam;
2680 3103 2801 3160 ideo
2847 3105 3077 3160 alienum
3108 3105 3421 3176 sanguinem
3467 3104 3600 3173 fudi,

2029 3207 2096 3247 ne
2126 3192 2242 3262 ipse
2289 3191 2428 3249 fame
2457 3204 2510 3250 et
2553 3193 2747 3266 frigore
2789 3210 3049 3252 morerer.
3099 3195 3383 3265 Responde
3427 3196 3606 3267 itaque

2026 3282 2222 3350 sorori,
2245 3297 2364 3353 qua:
2385 3296 2416 3337 a
2443 3283 2598 3339 nobis
2629 3297 2791 3354 super
2816 3298 2916 3340 suo
2941 3293 3083 3340 statu
3126 3286 3340 3355 quaerit,
3372 3300 3478 3340 non
3509 3300 3608 3340 uo-

2027 3381 2222 3442 stram,
2253 3375 2350 3431 sed
2381 3376 2620 3446 Apostoli
2662 3376 3001 3432 sententiam.
3027 3396 3046 3429 c
3084 3384 3166 3431 An
3202 3376 3479 3449 ignoratis,
3503 3375 3610 3432 fra-

2031 3477 2162 3534 tres,
2197 3467 2489 3523 scientibus
2531 3468 2674 3523 enim
2716 3467 2912 3539 Legem
2959 3467 3173 3538 loquor,
3222 3469 3475 3538 quoniam
3522 3469 3608 3523 lex

2029 3557 2334 3613 dominatur
2377 3558 2614 3627 homini,
2659 3569 2856 3629 quanto
2898 3566 3140 3630 tempore
3197 3560 3362 3616 vivit?
3413 3559 3602 3614 Mulier

2032 3652 2175 3706 enim
2202 3665 2320 3721 qua:
2335 3650 2433 3705 sub
2456 3651 2570 3706 viro
2590 3661 2693 3717 est,
2718 3652 2929 3707 vivente
2953 3651 3092 3718 viro,
3115 3652 3331 3706 astricta
3359 3659 3443 3707 est
3459 3650 3606 3720 Legi.

2032 3743 2186 3811 Quod
2211 3743 2255 3797 si
2285 3751 2532 3798 mortuus
2576 3743 2737 3799 fuerit
2778 3744 2862 3799 vir
2903 3744 3044 3812 ejus,
3072 3742 3294 3798 liberata
3325 3751 3409 3799 est
3435 3758 3466 3797 a
3495 3741 3610 3811 lege

2032 3834 2154 3889 viri.
2184 3833 2325 3903 Ergo
2352 3833 2564 3888 vivente
2595 3833 2730 3897 viro,
2759 3832 2998 3888 adultera
3019 3832 3142 3897 erit,
3165 3832 3211 3887 si
3239 3831 3452 3887 duxerit
3479 3829 3610 3886 alte-

2036 3941 2152 3979 runt
2179 3925 2352 3978 virum
2381 3943 2400 3977 i
2433 3922 2609 3996 (Rom.
2652 3923 2706 3977 7.
2733 3924 2786 3978 1.
2815 3932 2862 3976 et
2887 3918 3071 3994 seqq).
3102 3921 3171 3976 Et
3211 3923 3263 3977 in
3302 3921 3408 3976 alio
3453 3920 3610 3976 loco:

2043 4035 2060 4068 ι
2098 4015 2286 4071 Mulier
2309 4015 2521 4084 alligata
2551 4023 2654 4078 est,
2683 4023 2884 4084 quanto
2913 4021 3158 4084 tempore
3197 4011 3330 4066 vivit
3365 4010 3448 4066 vir
3471 4009 3608 4080 ejus.

2038 4107 2097 4163 Si
2125 4114 2302 4160 autem
2334 4103 2618 4160 dormierit
2636 4103 2721 4159 vir
2736 4104 2875 4176 ejus,
2894 4103 3116 4159 liberata
3137 4112 3220 4160 est
3244 4120 3258 4158 :
3285 4101 3375 4158 cui
3391 4101 3503 4156 vult
3523 4115 3613 4155 nu-

2039 4197 2370 4262 bat,tantum
2401 4195 2456 4251 in
2483 4195 2712 4251 Domino
2735 4212 2754 4248 ι
2786 4193 2996 4266 (1.0ον.
3019 4195 3076 4255 7.
3106 4193 3215 4263 59).
3235 4191 3434 4249 Omnes
3456 4190 3615 4262 igitur

2039 4289 2376 4344 causationcs
2403 4286 2694 4357 Apostolus
2725 4294 3025 4357 amputans,
3056 4283 3393 4357 apertissime
3420 4281 3614 4339 deﬁni-

2041 4382 2134 4446 vit,
2175 4381 2386 4437 vivente
2431 4379 2545 4436 viro
2569 4379 2864 4435 adulteram
2887 4392 3008 4434 esse
3037 4377 3339 4440 mulierem,
3371 4375 3416 4430 si
3455 4372 3613 4428 alteri

2040 4472 2298 4544 nupserit.
2339 4470 2470 4527 Nolo
2512 4469 2643 4525 mihi
2684 4469 2921 4540 proferas
2970 4466 3198 4538 raptoris
3264 4465 3428 4537 298
3498 4462 3616 4517 vio-

2043 4567 2281 4631 lentiam,
2314 4563 2500 4619 matris
2541 4562 2961 4634 persuasionem,
2984 4559 3152 4629 patris
3199 4555 3568 4612 auctoritatem
3593 4594 3610 4621 ,

2045 4657 2462 4727 propinquorum
2486 4664 2776 4716 catervam,
2805 4649 2884 4722 (d)
2905 4662 3183 4705 servorum
3211 4646 3432 4704 insidias
3457 4654 3618 4716 atque

2107 4853 2179 4916 (b)
2213 4851 2285 4900 Ex
2316 4850 2548 4920 ejusdem
2582 4850 2738 4920 Vatic.
2767 4847 3130 4920 lectione,_sed
3166 4860 3249 4910 qut
3279 4852 3346 4897 tta
3378 4845 3622 4920 disseer

2045 4907 2178 4982 aiunt
2199 4913 2326 4982 quad
2347 4907 2632 4981 iecgmdum,
2653 4917 2747 4982 etc.
2762 4910 2925 4960 verior
2946 4907 3150 4982 fortasse
3169 4907 3347 4959 Sensus
3361 4909 3618 4959 constabit.

2047 4974 2197 5044 Ρθειις)
2213 4972 2342 5044 tetra
2363 4972 2440 5022 δαί
2459 4972 2790 5044 commisti?!”
2811 4983 2898 5044 l’.’°
2917 4983 3024 5030 θυαε
3049 4977 3168 5044 sier.
3194 5035 3204 5044 .

2113 5033 2181 5100 (c)
2207 5034 2346 5100 ΑΕόίιὶ
2379 5047 2560 5100 omnes
2573 5039 2686 5082 ante
2711 5029 3036 5100 Martiananun
3059 5030 3176 5100 libri
3192 5031 3384 5100 tertiam
3406 5029 3500 5080 hoc
3516 5029 3623 5100 loco

2083 5092 2366 5166 uicstionem
2387 5093 2669 5166 obtrudunt,
2694 5093 2771 5143 cui
2799 5093 3020 5166 proxime
3037 5105 3146 5166 quae
3163 5092 3243 5166 hic
3257 5093 3622 5166 subsequuntur

2083 5173 2112 5208 θ
2138 5156 2521 5228 mulierem“.
2536 5155 2745 5228 alterum
2766 5154 2922 5228 νίτυω
2944 5154 3158 5228 math
3190 5154 3620 5228 adﬁrmata»,

2051 5220 2098 5268 in
2136 5217 2232 5268 line
2269 5211 2547 5280 subjiciunt.
2577 5216 2643 5266 Et
2679 5227 2854 5265 revera
2878 5211 3158 5264 concinnior
3197 5212 3282 5262 ille
3317 5211 3436 5262 ordo
3469 5211 3623 5260 videri

2051 5280 2203 5324 mimi:
2218 5316 2231 5324 .
2268 5279 2358 5324 sed
2379 5291 2489 5324 mm
2509 5277 2690 5324 nullius
2710 5277 2838 5324 uuod
2878 5276 3140 5324 viderimus
3157 5309 3172 5324 .
3197 5279 3281 5324 aut
3302 5273 3508 5324 sciamus
3531 5269 3621 5320 Iis.

2049 5280 2203 5344 possit
2218 5316 2232 5334 .
2268 5276 2489 5328 sed'eum
2509 5277 2690 5327 nullius
2710 5277 2838 5339 quod
2878 5276 3140 5327 viderimus
3157 5309 3172 5335 ,
3197 5279 3281 5324 aut
3302 5276 3508 5324 sciamus
3531 5276 3621 5320 Iis.

2051 5339 2347 5412 ρξεεηριείείε
2368 5340 2868 5412 metusmetus.
2887 5338 2949 5412 ab,
2971 5333 3258 5412 serata???
3269 5332 3624 5412 3999:229-

2051 5403 2128 5452 bis
2160 5395 2258 5468 non
2279 5401 2416 5468 licet.
2441 5399 2589 5450 Forte
2614 5400 2758 5468 etiam
2901 5397 3120 5468 junxerit
3141 5395 3620 5468 ipseAHierongtngg.

2051 5462 2179 5526 quod
2201 5461 2259 5510 ad
2283 5462 2435 5526 ipsam
2457 5472 2603 5526 qualn.
2624 5459 2765 5526 modo
2788 5458 3026 5526 stetitstetit
3067 5458 3624 5526 (ἱειεβδίίοβθΞΡΛΙθὲΡΞῖ

2051 5507 2555 5633 effugia;
2574 5507 2821 5570 habeant.
2857 5507 3062 5570 Interim
3080 5507 3237 5568 Vattc.
3267 5507 3481 5565 Wa
3500 5507 3625 5571 legit

2053 5599 2086 5633 ο
2320 5619 2333 5632 .
3339 5631 3346 5633 _

2053 5597 2140 5648 pro
2162 5595 2333 5635 mauu.
2948 5637 2960 5648 ,

2053 5703 2098 5708 __
2117 5643 2197 5708 (ά)
2218 5641 2372 5708 vatio.
2385 5641 2530 5693 aliter
2551 5652 2792 5693 servorum
2812 5637 3031 5708 auidius,
3041 5640 3296 5708 mentum
3313 5631 3624 5708 εις.

2052 5697 2210 5755 Vétn's
2222 5703 2382 5766 editio
2400 5710 2606 5766 utraque
2631 5714 2749 5752 voce
2771 5704 2980 5758 retenta,
3005 5697 3144 5758 atque
3165 5697 3433 5755 contemptu
3453 5699 3630 5751 parem

2051 5763 2392 5830 mm
