4146 6336
515 367 623 424 563

512 484 901 545 contemptum,
925 472 1119 529 damna
1139 471 1219 528 rei
1242 470 1541 527 familiaris.
1565 441 1830 538 Quamdiu
1844 469 1979 525 vivit
1991 468 2095 536 vir,

513 570 641 624 licet
662 566 872 623 adulter
890 566 981 634 sit,
1002 563 1129 620 licet
1152 563 1442 633 sodomita,
1470 563 1594 619 licet
1616 562 1827 634 ﬂagitiis
1847 560 2097 619 omnibus

511 669 820 730 coopertus,
867 664 922 714 et
960 656 1028 712 ab
1058 671 1224 712 uxore
1270 665 1487 727 propter
1515 655 1631 710 hcce
1660 653 1864 709 scelera
1893 653 2099 711 dereli-

510 759 650 816 ctus,
682 749 905 804 maritus
924 748 1041 819 ejus
1064 756 1361 819 reputatur,
1387 746 1474 802 cui
1499 747 1728 801 alterum
1759 745 1934 801 virum
1956 744 2096 799 acci-

511 856 641 912 pere
666 856 777 896 non
807 840 954 895 licet.
1001 837 1114 894 Nec
1144 837 1433 908 Apostolus
1464 835 1579 892 inec
1608 836 1821 906 propria
1860 834 2096 891 auctori-

512 944 620 990 tate
648 932 912 997 decernit,
957 930 1055 987 sed
1099 929 1318 986 Christo
1362 930 1415 984 in
1462 943 1523 984 se
1570 927 1841 997 loquente,
1891 925 2095 982 Christi

508 1025 674 1082 verba
721 1034 938 1080 secutus
990 1031 1095 1087 est,
1138 1022 1229 1093 qui
1269 1021 1345 1075 ait
1388 1021 1441 1076 in
1472 1018 1803 1090 Evangelio:
1833 1035 1851 1071 ι
1881 1018 1982 1086 Qui
2011 1016 2095 1073 di-

510 1117 674 1172 mittit
694 1132 914 1171 uxorem
934 1129 1105 1181 suam,
1127 1123 1347 1183 excepta
1372 1125 1532 1167 causa
1553 1110 1945 1177 fornicationis,
1971 1109 2094 1164 facit

507 1224 626 1265 eam
656 1208 950 1264 moechari:
979 1216 1034 1262 et
1072 1206 1166 1276 qui
1214 1203 1497 1259 dimissam
1542 1203 1833 1273 acceperit,
1881 1201 2092 1256 adulter

505 1308 588 1355 est
622 1319 642 1354 ι
679 1297 892 1374 (Matth.
918 1298 974 1354 5.
1002 1296 1120 1368 52).
1151 1296 1535 1351 Animadverte
1561 1295 1690 1365 quid
1729 1295 1905 1350 dicat:
1935 1314 1954 1348 ι
1987 1293 2090 1363 Qui

504 1390 782 1445 dimissam
815 1388 1101 1458 acceperit,
1141 1387 1354 1442 adulter
1378 1396 1495 1442 est:
1527 1405 1548 1440 ι
1582 1386 1696 1441 sive
1726 1387 1840 1457 ipsa
1865 1385 2088 1441 dimise—

502 1483 577 1538 rit
603 1483 797 1546 virum,
824 1480 937 1536 sive
958 1496 988 1534 a
1008 1476 1125 1534 vfro
1147 1478 1366 1534 dimissa
1394 1480 1484 1546 sit,
1507 1478 1721 1534 adulter
1748 1488 1831 1533 est
1855 1478 1946 1549 qni
1969 1492 2089 1533 eam

501 1572 793 1644 acceperit.
824 1571 981 1629 Unde
1030 1581 1086 1628 et
1127 1571 1373 1641 Apostoli
1413 1586 1631 1643 gravem
1662 1572 1895 1642 conjugii
1922 1572 2089 1627 sarci-

499 1679 625 1720 nam
655 1664 1056 1735 intelligentes:
1094 1680 1115 1715 ι
1151 1663 1207 1718 Si
1235 1663 1309 1719 ita
1336 1673 1446 1734 est,
1471 1663 1738 1735 inquiunt,
1773 1679 1883 1721 non
1922 1679 2087 1734 expe-

498 1756 579 1812 dit
602 1755 802 1811 homini
850 1769 1071 1811 uxorem
1103 1754 1367 1824 accipere.
1397 1776 1417 1807 ι
1470 1754 1553 1811 Ad
1605 1770 1742 1827 quos
1787 1755 2084 1814 Dominus:

502 1863 523 1897 ι
552 1844 651 1914 Qui
679 1853 874 1915 potest,
905 1844 1096 1915 inquit,
1124 1858 1338 1915 capere,
1372 1844 1551 1915 capiat
1581 1864 1601 1897 ι
1625 1843 1839 1919 (Hau/1.
1875 1846 1961 1903 19.
1993 1848 2081 1903 10.

495 1947 544 1990 et
590 1936 702 2008 12).
746 1935 1049 2007 Statimque
1077 1936 1179 1992 sub
1224 1936 1477 2007 exemplo
1504 1936 1663 1991 trium
1685 1938 2082 2004 cunuchorum,

491 2031 813 2103 virginitatis
844 2030 1005 2086 infert
1030 2029 1435 2097 beatitudinem,
1462 2045 1582 2101 qua:
1601 2030 1745 2085 nulla
1769 2031 1947 2087 carnis
1964 2031 2083 2103 lege

495 2132 729 2179 tenetur.

562 2218 619 2272 4.
658 2215 843 2287 Neque
873 2216 1006 2273 satis
1029 2216 1461 2273 animadvertere
1490 2218 1660 2291 potui,
1687 2218 1815 2289 quid
1844 2219 1917 2275 sit
1936 2220 2079 2291 quod

492 2306 674 2364 dicere
696 2307 885 2373 voluit,
914 2308 1021 2363 alio
1049 2308 1167 2364 viro
1190 2323 1286 2379 per
1314 2310 1419 2364 vim
1442 2319 1680 2379 accepto.
1703 2310 1841 2377 Quid
1858 2320 1962 2379 est,
1987 2328 2083 2382 per

480 2399 604 2454 vim
625 2398 880 2469 accepto?
908 2397 1243 2471 Congregata
1283 2400 1535 2456 videlicet
1578 2400 1949 2470 multitudine,
1981 2419 2081 2457 no-

492 2489 692 2545 lentem
720 2491 897 2559 rapuit
925 2509 940 2551 :
976 2488 1054 2563 (a)
1081 2501 1134 2546 et
1179 2507 1345 2562 quare
1373 2501 1556 2561 postea
1604 2502 1872 2563 raptorem
1920 2504 2071 2564 rapta

492 2597 598 2637 non
628 2584 868 2639 dimisit?
896 2584 1061 2655 Legat
1092 2585 1261 2641 libros
1292 2587 1481 2658 Moysi,
1511 2597 1565 2642 et
1592 2589 1831 2645 inveniet
1854 2590 2078 2663 despon-

489 2682 660 2728 satam
688 2675 822 2741 viro,
851 2677 973 2731 siin
1005 2678 1221 2733 civitate
1258 2676 1418 2733 fuerit
1445 2694 1723 2749 oppressa,
1750 2690 1802 2737 et
1831 2698 1935 2738 non
1961 2685 2074 2739 cla-

489 2769 735 2834 maverit,
768 2770 942 2840 puniri
965 2771 1116 2842 quasi
1137 2772 1432 2828 adulteram
1459 2772 1634 2847 (Deut.
1667 2774 1784 2846 22).
1817 2776 1873 2832 Si
1896 2788 2076 2834 autem

488 2862 546 2918 in
574 2877 703 2934 agro
730 2878 987 2935 oppressa
1032 2864 1120 2931 sit,
1172 2865 1443 2920 innoxiam
1492 2880 1613 2921 esse
1662 2881 1689 2920 a
1736 2869 1971 2937 scelere;
2019 2880 2075 2925 et

488 2955 781 3011 violentum
802 2955 1007 3027 legibus
1034 2956 1332 3028 subjaccre.
1356 2956 1498 3029 Ergo
1526 2968 1579 3014 et
1608 2959 1705 3016 ista
1731 2975 1906 3029 soror,
1931 2977 2071 3033 qum,

489 3060 548 3106 ut
579 3051 728 3119 dicit,
756 3044 863 3106 vim
892 3066 1051 3123 passa
1098 3061 1202 3118 est,
1233 3061 1290 3107 ιιι
1330 3052 1487 3107 alteri
1515 3053 1854 3125 jungeretur,
1887 3056 1931 3110 si
1960 3056 2075 3111 vult

489 3160 685 3216 corpus
699 3143 901 3200 ChriSIi
922 3146 1190 3215 accipere,
1211 3152 1267 3201 et
1289 3162 1393 3201 non
1411 3145 1653 3201 adultera
1672 3148 1929 3219 reputari,
1951 3159 2075 3219 agat

489 3235 892 3305 paenitentiam:
925 3238 996 3291 ita
1029 3238 1322 3305 duntaxat,
1354 3247 1410 3293 nt
1436 3240 1675 3295 secundo
1694 3241 1827 3304 viro,
1856 3241 1946 3311 qui
1966 3258 2073 3298 non

487 3328 785 3399 appellatur
802 3328 903 3394 vir,
923 3328 1018 3384 sed
1036 3329 1266 3396 adulter,
1288 3344 1319 3384 a
1343 3338 1582 3399 tempore
1605 3331 1937 3400 poenitentia:
1956 3348 2070 3388 non

489 3420 790 3490 copuletur.
823 3419 974 3489 Quod
1002 3422 1046 3478 si
1073 3422 1121 3476 ei
1151 3420 1343 3477 durum
1385 3423 1610 3488 videtur,
1656 3433 1710 3477 et
1748 3423 1913 3480 semel
1937 3424 2071 3480 dileo

488 3519 634 3567 ctum
653 3526 758 3565 non
776 3522 953 3581 potest
972 3512 1365 3583 derelinquere,
1383 3528 1481 3568 nec
1501 3512 1757 3584 praeferre
1788 3514 2071 3570 Dominum

487 3601 745 3671 voluptati
774 3644 787 3667 ,
818 3602 1001 3657 audiat
1030 3603 1345 3673 Apostolum
1390 3605 1814 3662 conclamantem
1850 3625 1862 3661 :
1903 3625 1922 3657 ι
1956 3608 2071 3663 Non

456 3724 457 3727 η
488 3694 709 3762 potestis
739 3695 960 3751 calicem
991 3696 1201 3752 Domini
1220 3697 1425 3767 bibere,
1445 3708 1498 3754 et
1525 3697 1749 3755 calicem
1779 3699 2074 3757 daemonio-

411 3823 418 3830 .
485 3802 625 3842 rum.
657 3786 772 3843 Non
820 3790 1043 3860 potestis
1078 3806 1281 3847 mensa:
1316 3792 1525 3847 Domini
1568 3794 1987 3863 communicare,
2018 3804 2074 3851 et

484 3894 685 3935 mensa:
706 3880 1089 3937 dmmoniorum
1119 3904 1137 3936 ι
1157 3884 1231 3957 (1.
1251 3884 1370 3940 Cor.
1394 3884 1478 3941 10.
1498 3884 1616 3958 20).
1638 3887 1705 3941 Et
1722 3887 1773 3941 in
1792 3887 1896 3941 alio
1917 3888 2033 3943 loco
2054 3906 2069 3943 :

489 3990 508 4022 ι
542 3971 672 4039 Qua:
697 3975 1108 4032 communicatio
1130 3977 1234 4032 luci
1263 3992 1326 4032 ac
1348 3977 1623 4033 tenebris?
1646 3977 1747 4046 Qui
1772 3993 2071 4035 consensus

480 4050 801 4131 Christo,et
826 4064 1016 4120 Belial?
1045 4085 1065 4118 ι
1103 4065 1180 4135 (2.
1211 4065 1331 4122 Cor.
1365 4068 1417 4122 6.
1450 4067 1536 4122 14.
1567 4067 1682 4139 15.)
1715 4067 1847 4122 Rem
1876 4084 2071 4124 novam

484 4152 648 4226 399
720 4154 909 4225 loquor
932 4198 947 4222 ,
992 4156 1103 4211 imo
1156 4172 1261 4211 non
1291 4172 1505 4224 novam,
1534 4157 1629 4213 sed
1659 4167 1916 4226 veterem,
1949 4174 2070 4228 qum

485 4243 683 4297 veteris
707 4242 1037 4300 Testamenti
1066 4247 1386 4302 auctoritate
1418 4250 1676 4303 firmatur.
1709 4250 1763 4305 Si
1791 4251 2073 4321 reliquerit

484 4335 778 4392 secundum
820 4337 1021 4404 virum,
1049 4347 1104 4393 et
1131 4339 1467 4395 reconciliari
1493 4341 1721 4397 voluerit
1747 4344 1933 4413 priori,
1962 4359 2071 4400 non

482 4440 682 4499 potest.
711 4429 980 4503 Scriptum
1010 4440 1092 4487 est
1111 4432 1255 4489 enim
1281 4432 1337 4488 in
1363 4433 1779 4491 Deuteronomio
1808 4455 1821 4489 :
1855 4455 1874 4489 ι
1904 4437 1959 4491 Si
1982 4452 2071 4493 ac-

482 4525 689 4593 ceperit
710 4525 871 4581 homo
897 4539 1141 4603 uxorem,
1165 4535 1221 4581 et
1247 4525 1493 4582 habuerit
1515 4542 1670 4583 eam:
1697 4537 1748 4583 et
1778 4544 1886 4583 non
1914 4529 2069 4584 inve-

481 4617 624 4671 nerit
648 4618 876 4687 gratiam
898 4620 950 4674 in
973 4627 1267 4689 conspectu
1297 4618 1415 4689 ejus
1444 4629 1663 4690 propter
1699 4621 1933 4692 aliquam
1964 4621 2069 4677 fte-

482 4705 727 4773 ditatem,
759 4709 959 4764 scribet
983 4709 1222 4765 libellum
1252 4710 1480 4780 repudii,
1513 4721 1566 4767 et
1593 4710 1668 4785 (b)
1696 4712 1845 4767 dabit
1874 4712 1926 4767 in
1952 4729 2068 4767 ma-

483 4809 586 4848 nus
627 4794 773 4864 ejus;
819 4806 875 4851 et
914 4797 1147 4853 dimittet
1185 4813 1302 4855 eam
1333 4799 1402 4856 de
1454 4801 1615 4857 domo
1660 4817 1777 4857 sua.
1825 4801 2069 4871 Cumque

484 4900 700 4954 egressa
729 4886 955 4943 alterum
981 4891 1227 4945 maritum
1254 4891 1496 4959 duxerit;
1525 4903 1578 4948 et
1594 4894 1687 4949 ille
1711 4909 1922 4964 quoque
1941 4895 2070 4951 ode-

484 4975 561 5029 rit
583 4988 725 5039 eam,
755 4976 1067 5048 dederitque
1097 4980 1145 5034 ei
1175 4981 1414 5036 libellum
1446 4984 1675 5053 repudii,
1713 4995 1769 5041 et
1805 4985 2070 5042 dimiserit

485 5063 555 5119 de
580 5065 740 5121 domo
768 5080 886 5133 sua,
916 5068 1000 5122 vel
1029 5080 1176 5125 certe
1208 5080 1454 5127 mortuus
1494 5072 1675 5139 fuerit,
1725 5091 1832 5130 non
1871 5068 2075 5147 poterit

484 5156 635 5224 prior
661 5157 883 5211 maritus
911 5157 1154 5229 recipet’e
1179 5175 1297 5215 eam
1328 5161 1383 5215 in
1429 5178 1688 5218 uxorem:
1715 5166 1837 5234 quia
1869 5167 2068 5234 polluta

486 5259 589 5318 est,
619 5258 675 5306 et
697 5249 1071 5307 abominabilis
1097 5253 1234 5308 facta
1255 5264 1339 5310 est
1364 5270 1545 5309 coram
1572 5255 1819 5315 Domino.
1843 5257 1920 5313 Ne
1941 5273 2067 5328 pec-

486 5356 609 5398 care
640 5340 808 5398 facias
837 5352 1033 5400 terram
1065 5354 1233 5411 tuam,
1265 5362 1425 5415 quam
1472 5347 1729 5402 Dominus
1773 5350 1914 5406 Deus
1945 5360 2069 5407 tuus

487 5432 705 5488 tradidit
721 5435 816 5490 tibi
846 5434 1220 5506 possidendam
1242 5435 1449 5507 »(υειιι.
1463 5436 1554 5490 24.
1576 5438 1627 5492 1.
1648 5448 1693 5491 et
1712 5442 1895 5510 seqq.).
1915 5440 2068 5498 Unde

530 5650 623 5720 .(a)
639 5650 790 5720 .ldem
816 5650 971 5703 Vatic.
988 5690 1002 5710 ,
1039 5655 1085 5703 et
1120 5649 1277 5700 virum
1314 5654 1478 5713 postea
1508 5661 1601 5700 non
1639 5656 1882 5713 raptorem
1924 5658 2067 5718 rapta

485 5710 991 5777 άιιῃιειίλεςαικειε.
1077 5772 1088 5777 _
1127 5771 1167 5777 __
1240 5771 1253 5777 _
1388 5769 1419 5777 __
1477 5770 1523 5777 ,ν
1642 5773 1691 5777 __

486 5749 1033 5895 ;;§)"'Q'ui?t§$’ﬁs.'°er
1055 5771 1188 5824 dabit
1207 5771 1272 5833 ei,
1296 5778 1342 5823 et
1364 5769 1784 5833 dimittet,~vitiose
1808 5780 1972 5825 tamen
2010 5779 2066 5825 ut

1783 353 2027 413 SANCTI
2063 351 2438 411 HIERONYMI

3688 359 3795 417 565

2206 465 2433 522 obsecro
2464 473 2537 531 te,
2568 473 2629 521 ut
2668 466 2964 524 consoleris
2988 481 3129 533 eam,
3178 468 3287 525 imo
3318 482 3578 539 provoces
3601 471 3671 528 ad
3701 487 3794 530 sa-

2204 556 2393 613 lutem.
2424 557 2658 613 Putridae
2682 571 2873 617 carnes
2892 557 3040 617 ferro
3059 559 3301 631 indigent
3325 570 3381 617 et
3400 565 3640 619 cauterio
3659 582 3674 612 2
3691 581 3795 622 nec

2205 658 2289 705 est
2339 647 2618 706 medicina:
2666 651 2843 721 culpa,
2890 651 2986 707 sed
3035 651 3315 721 vulneris,
3365 667 3493 709 cum
3537 653 3793 712 clementi

2202 743 2519 800 crudelitate
2544 757 2650 800 non
2680 745 2849 815 parcit
2891 745 3155 813 medicus,
3189 754 3249 801 ut
3287 756 3492 818 parcat,
3523 748 3701 817 sevit,
3731 758 3791 805 ut

2202 835 2543 891 misereatur.

2271 927 2326 983 5.
2369 925 2445 997 (c)
2487 927 2691 996 Terta,
2723 928 2776 983 id
2821 938 2925 995 εει,
2972 938 3212 985 extrema
3253 931 3548 1002 prapositio
3577 940 3664 987 tua
3690 933 3790 990 fuit

2199 1015 2267 1072 de
2293 1017 2485 1075 eadem
2516 1019 2758 1090 Apostoli
2810 1019 3072 1090 Epistola,
3122 1020 3213 1077 ubi
3266 1021 3335 1078 de
3385 1027 3788 1083 resurrectione

2198 1106 2499 1177 disputans,
2528 1108 2674 1164 venit
2699 1109 2765 1164 ad
2794 1124 2917 1165 eum
2948 1110 3147 1177 locum,
3171 1111 3224 1166 in
3255 1127 3362 1182 quo
3390 1114 3647 1184 scriptum
3677 1126 3781 1171 est:

2204 1214 2224 1248 ι
2258 1195 2482 1268 Oportet
2506 1200 2647 1254 enim
2672 1213 2794 1256 eum
2818 1215 3062 1271 regnare,
3092 1200 3264 1257 donec
3285 1211 3449 1273 ponat
3470 1218 3659 1260 omnes
3680 1206 3785 1261 ini-

2198 1290 2367 1346 micos
2402 1306 2529 1347 suos
2557 1291 2657 1347 sub
2684 1291 2912 1362 pedibus
2951 1293 3082 1348 suis.
3114 1291 3416 1350 Novissime
3464 1304 3642 1351 autem
3674 1296 3781 1353 ini-

2197 1382 2332 1437 mica
2348 1381 2660 1439 destruetur
2688 1399 2854 1441 mors.
2876 1381 3066 1440 Omnia
3097 1385 3239 1440 enim
3267 1385 3505 1457 subjecta
3537 1396 3662 1443 sunt
3681 1389 3782 1445 sub

2195 1471 2421 1541 pedibus
2461 1474 2578 1545 ejus
2612 1494 2631 1528 ι
2675 1476 2752 1547 (1.
2799 1474 2918 1531 Cor.
2970 1475 3060 1533 15.
3101 1474 3193 1532 25.
3242 1473 3358 1549 26).
3412 1476 3545 1532 Cum
3599 1488 3778 1535 autem

2191 1564 2410 1635 dixerit,
2438 1568 2560 1638 quia
2590 1567 2772 1623 omnia
2800 1568 3042 1639 subjecta
3082 1576 3209 1626 srnt
3249 1570 3322 1637 ei,
3369 1569 3510 1626 haud
3557 1572 3778 1629 dubium

2190 1659 2319 1730 quin
2362 1669 2554 1730 praeter
2581 1676 2705 1717 eum
2731 1663 2822 1732 qui
2848 1661 3075 1731 subjecit
3120 1661 3171 1718 ei
3215 1663 3415 1718 omnia.
3461 1663 3599 1719 Cum
3647 1682 3777 1722 vero

2190 1750 2430 1821 subjecta
2464 1750 2516 1807 ei
2554 1750 2755 1808 fuerint
2797 1753 2998 1819 omnia,
3030 1759 3158 1808 tunc
3185 1760 3241 1808 et
3270 1754 3384 1825 ipse
3412 1754 3581 1811 Filius
3607 1757 3775 1827 subji-

2189 1842 2361 1897 cietur
2386 1843 2457 1910 ei,
2486 1842 2576 1914 qui
2616 1843 2718 1899 sibi
2747 1844 2976 1914 subjecit
3013 1843 3226 1911 omnia;
3260 1864 3280 1898 ι
3312 1854 3373 1900 ιιι
3398 1846 3469 1902 sit
3495 1848 3633 1903 Deus
3659 1864 3776 1904 om-

2188 1936 2276 1991 nia
2304 1937 2357 1991 in
2383 1936 2651 1992 omnibus.
2682 1954 2703 1989 ι
2735 1937 2801 1991 Et
2826 1937 2995 1992 miror
3020 1945 3077 1993 te
3105 1936 3210 1992 hoc
3234 1952 3266 1993 a
3290 1953 3377 1993 me
3397 1954 3643 2009 quaerere
3671 1956 3774 1997 vo-

2187 2027 2371 2097 luisse,
2411 2044 2534 2086 cum
2579 2039 2798 2085 sanctus
2823 2029 3059 2086 Hilarius
3076 2029 3430 2087 Pictaviensis
3448 2030 3768 2104 Episcopus,

2186 2121 2527 2177 undecimum
2567 2121 2762 2178 librum
2783 2130 2976 2178 contra
3006 2122 3241 2178 Arianos
3265 2121 3367 2178 hac
3393 2124 3690 2194 quastione
3715 2133 3773 2181 et

2184 2213 2453 2270 solutione
2472 2213 2844 2286 compleverit.
2867 2212 3072 2270 Tamen
3099 2227 3267 2285 pauca
3294 2214 3482 2270 saltem
3507 2214 3766 2272 dicamus.

2181 2303 2354 2362 Omne
2381 2306 2439 2361 in
2463 2305 2566 2362 hoc
2589 2303 2904 2362 scandalum
2950 2313 3054 2372 est,
3080 2319 3249 2375 quare
3279 2304 3447 2361 Filius
3476 2306 3616 2361 Patri
3643 2306 3770 2362 sub-

2176 2397 2355 2468 jectus
2390 2414 2510 2455 esse
2554 2398 2784 2454 dicatur.
2835 2397 2971 2467 Quid
3013 2406 3099 2455 est
3127 2398 3336 2468 turpius
3381 2399 3495 2456 sive
3522 2399 3763 2469 inferius,

2181 2488 2326 2545 Patri
2367 2489 2561 2560 subjici
2609 2488 2775 2561 (quod
2803 2503 2947 2559 stepe
2977 2488 3190 2560 pietatis
3217 2498 3322 2555 est,
3362 2499 3420 2545 ut
3461 2491 3516 2545 in
3554 2490 3767 2548 Psalmo

2180 2582 2433 2637 scribitur
2457 2600 2501 2636 ιι
2522 2580 2709 2637 Nonne
2728 2581 2837 2636 Deo
2852 2580 3097 2651 subjecta
3114 2581 3215 2636 erit
3235 2582 3409 2635 anima
3436 2579 3593 2638 mea!
3616 2579 3762 2653 »[Ρε.

2179 2674 2269 2729 (il.
2303 2672 2424 2747 1])
2477 2690 2545 2729 an
2594 2673 2855 2744 cruciﬁgi,
2900 2683 2956 2729 et
2998 2672 3341 2728 maledictum
3386 2673 3559 2728 crucis
3610 2672 3765 2729 fieri?

2183 2783 2203 2817 ι
2240 2764 2550 2821 Maledictus
2572 2766 2713 2820 enim
2745 2765 2922 2821 omnis
2946 2766 3035 2836 qui
3064 2764 3259 2835 pendet
3280 2766 3331 2820 in
3359 2765 3502 2836 ligno
3528 2783 3547 2818 ι
3581 2765 3761 2836 (Deut.

2176 2854 2263 2911 2i.
2314 2856 2428 2927 25).
2469 2856 2573 2926 Qui
2613 2872 2742 2928 ergo
2763 2872 2860 2928 pro
2886 2855 3041 2912 nobis
3082 2855 3420 2911 maledictum
3453 2855 3623 2911 factus
3653 2867 3759 2926 est,

2178 2959 2234 3003 ut
2251 2963 2348 3004 nos
2374 2948 2442 3004 de
2467 2948 2844 3004 maledictione
2867 2948 3140 3013 liberaret,
3165 2947 3376 3002 miraris
3405 2946 3449 3001 si
3476 2961 3574 3017 pro
3601 2947 3762 3021 nobis

2176 3041 2450 3112 Stibjectus
2474 3042 2566 3110 sit,
2586 3051 2644 3098 ut
2668 3058 2767 3097 nos
2785 3042 2926 3097 Patri
2957 3041 3115 3097 faciat
3139 3056 3257 3097 esse
3281 3040 3550 3110 subjectos
3575 3039 3763 3098 dicens

2176 3135 2228 3187 in
2251 3132 2580 3203 Evangelio:
2612 3151 2633 3186 ι
2663 3132 2831 3188 Nemo
2861 3132 3004 3188 vadit
3026 3132 3092 3187 ad
3115 3133 3345 3198 Patrem,
3372 3133 3471 3186 nisi
3504 3148 3599 3202 per
3619 3148 3703 3187 me
3732 3152 3753 3185 ι

2177 3224 2375 3297 (Joan.
2400 3226 2485 3280 14.
2512 3224 2567 3295 6)
2609 3244 2621 3279 :
2657 3227 2727 3283 Et
2758 3243 2776 3277 ι
2803 3225 2938 3280 Cum
3011 3226 3173 3296 300
3243 3223 3505 3280 exaltalus
3530 3225 3681 3279 fuero
3727 3241 3758 3279 a

2178 3327 2339 3383 terra,
2370 3318 2547 3373 omnia
2566 3317 2773 3372 traham
2793 3316 2858 3371 ad
2886 3332 2973 3372 me
2996 3335 3015 3369 ι
3040 3314 3144 3386 (lb.
3168 3316 3255 3371 12.
3284 3314 3397 3388 52).
3430 3314 3674 3371 Christus
3702 3317 3757 3372 in

2179 3409 2259 3462 his
2285 3409 2373 3478 qui
2402 3408 2586 3463 fideles
2624 3416 2771 3476 sunt,
2803 3408 3079 3477 subjectus
3105 3416 3189 3463 est
3214 3407 3393 3463 Patri:
3418 3408 3540 3479 quia
3568 3409 3758 3464 omnes

2175 3500 2500 3569 credentes,
2557 3502 2668 3557 imo
2722 3515 2883 3556 omne
2928 3500 3203 3555 hominum
3249 3515 3455 3571 genus,
3512 3494 3763 3570 corporis"

2176 3594 2343 3665 ipsius
2364 3594 2603 3648 membra
2628 3602 2960 3663 reputantur.
2984 3592 3042 3648 In
3071 3594 3154 3648 his
3180 3601 3357 3648 autem
3380 3592 3465 3663 qui
3494 3591 3751 3648 increduli

2176 3694 2318 3748 sunt,
2352 3683 2405 3738 id
2433 3694 2533 3749 est,
2566 3682 2766 3739 Judmis
2795 3692 2851 3738 ct
2880 3683 3121 3739 Ethnicis
3149 3691 3205 3737 et
3241 3681 3537 3750 Haereticis,
3565 3681 3751 3737 insub-

2170 3775 2344 3844 jcctus
2370 3790 2492 3829 esse
2520 3775 2737 3841 dicitur,
2769 3774 2891 3846 quia
2926 3788 3048 3844 pars
3096 3773 3457 3830 membrorum
3496 3771 3612 3843 ejus
3645 3787 3754 3827 non

2175 3875 2260 3921 εει
2297 3866 2539 3936 subjecta
2572 3866 2718 3921 ﬁdei.
2746 3866 2802 3920 In
2837 3867 2944 3921 line
2972 3873 3154 3921 autem
3182 3864 3365 3921 mundi
3398 3880 3521 3921 cum
3575 3865 3753 3919 omnia

2174 3960 2413 4015 membra
2438 3970 2749 4030 regnantem
2781 3955 3330 4026 viderint'Cltristum,
3358 3957 3408 4012 id
3434 3965 3535 4024 est,
3561 3972 3754 4026 corpus

2174 4069 2349 4118 suum,
2377 4053 2538 4108 etiam
2565 4054 2675 4122 ipsa
2701 4051 3052 4122 subjicientur
3078 4051 3312 4119 Christo,
3339 4049 3392 4105 id
3418 4058 3520 4114 est,
3542 4048 3754 4119 corpori

2173 4159 2292 4210 suo,
2317 4154 2375 4199 ut
2396 4160 2554 4197 ιιιιιιιε
2570 4143 2769 4198 Christi
2794 4158 2989 4213 corpus
3010 4142 3326 4214 subjiciatur
3347 4141 3473 4207 Deo,
3495 4149 3549 4194 et
3571 4139 3711 4194 Patri
3734 4156 3749 4201 ;

2181 4254 2198 4287 ι
2237 4244 2292 4288 ιιι
2315 4236 2385 4288 sit
2417 4235 2557 4290 Deus
2591 4235 2770 4289 omnia
2814 4235 2867 4288 in
2918 4235 3189 4291 omnibus.
3217 4253 3237 4287 ι
3271 4232 3385 4288 Non
3413 4231 3517 4285 ait:
3549 4249 3568 4280 ι
3599 4239 3654 4283 ιιι
3685 4230 3756 4283 sit

2174 4326 2332 4380 Pater
2357 4326 2534 4379 omnia
2568 4326 2619 4378 in
2642 4325 2924 4390 omnibus;
2955 4343 2975 4377 ι
3005 4323 3099 4380 sed
3129 4344 3149 4377 ι
3173 4334 3232 4379 ιιι
3258 4324 3328 4379 sit
3354 4323 3531 4377 Deus:
3563 4339 3580 4371 ι
3609 4319 3752 4389 quod

2175 4417 2444 4486 proprium
2493 4431 2687 4470 nomen
2718 4425 2801 4471 est
2839 4416 3134 4481 Trinitatis,
3187 4424 3243 4471 et
3285 4425 3389 4470 tam
3419 4413 3487 4468 ad
3517 4413 3749 4476 Patrem,

2172 4523 2330 4578 quam
2361 4507 2425 4561 ad
2456 4506 2648 4560 Filium
2681 4515 2736 4561 et
2762 4506 3020 4576 Spiritum
3048 4507 3301 4562 Sanctum
3340 4504 3527 4560 referri
3556 4511 3751 4573 potest,

2174 4609 2230 4651 ut
2257 4597 2559 4650 humanitas
2585 4597 2897 4666 subjiciatur
2915 4597 3202 4652 divinitati.
3232 4596 3624 4651 Humanitatem
3654 4594 3755 4648 hoc

2172 4689 2292 4744 loco
2338 4688 2587 4753 dicimus,
2635 4702 2738 4743 non
2788 4688 3251 4744 mansuetudinem
3295 4698 3349 4744 et
3392 4687 3751 4751 clementiam,

2171 4794 2329 4849 quam
2360 4778 2531 4835 (ἶνιεεί
2562 4787 2904 4851 φιλανθρωπίαν
2932 4789 3143 4847 vocant,
3170 4778 3263 4834 sed
3291 4794 3452 4835 omne
3475 4777 3751 4833 hominum

2170 4886 2360 4940 genus.
2393 4870 2560 4924 Porro
2582 4870 2722 4940 quod
2745 4869 2839 4937 ait,
2870 4889 2888 4922 ι
2925 4880 2982 4924 ιιι
3010 4870 3082 4925 sit
3110 4870 3252 4924 Deus
3276 4870 3457 4925 omnia
3491 4869 3542 4922 in
3576 4867 3756 4922 omni-

2172 4961 2293 5029 bus,
2324 4979 2342 5013 ι
2371 4960 2475 5017 hoc
2516 4975 2677 5016 sensu
2723 4960 3095 5030 accipiendum
3140 4969 3257 5016 est:
3289 4959 3548 5015 Dominus
3595 4967 3756 5027 atque

2169 5052 2414 5108 Salvator
2447 5061 2629 5107 noster
2655 5066 2795 5106 nunc
2818 5052 2995 5105 omnia
3025 5066 3131 5105 non
3164 5059 3247 5107 est
3274 5052 3327 5106 in
3354 5050 3628 5117 omnibus,
3660 5048 3757 5104 sed

2170 5159 2295 5216 pars
2317 5147 2367 5200 in
2389 5145 2631 5216 singulis.
2664 5144 2821 5199 Verbi
2847 5144 3041 5213 gratia,
3073 5144 3126 5198 in
3153 5144 3445 5201 Salomone
3471 5142 3754 5213 sapientia,

2169 5235 2223 5290 in
2257 5234 2420 5290 David
2449 5234 2679 5300 bonitas,
2713 5235 2765 5288 in
2793 5233 2895 5288 Job
2916 5233 3193 5303 patientia,
3234 5235 3287 5288 in
3320 5232 3542 5289 Daniele
3566 5231 3752 5302 cogni-

2170 5326 2246 5382 tio
2273 5325 2596 5392 futurorum,
2626 5326 2680 5379 in
2710 5325 2870 5380 Petro
2913 5324 3068 5391 fides,
3119 5326 3173 5380 in
3215 5326 3448 5381 Pltinees
3497 5332 3553 5379 et
3591 5323 3759 5378 Paulo

2169 5419 2336 5487 zelus,
2368 5419 2422 5473 in
2445 5417 2650 5474 Joanne
2676 5417 2971 5488 virginitas,
2996 5417 3050 5474 in
3090 5417 3302 5473 caeteris
3347 5426 3566 5474 caitera.
3621 5416 3757 5471 Cum

2232 5588 2303 5650 (c)
2340 5589 2478 5653 Hinc
2489 5587 2698 5653 alteram
2741 5590 2993 5653 epistolam
3018 5592 3256 5652 inciliunt
3277 5592 3391 5642 Mss.
3419 5601 3624 5643 veteres
3646 5593 3759 5643 libri

2168 5649 2445 5718 Vaticanus,
2461 5649 2844 5718 Nonantulanus,
2866 5651 3070 5718 aliique,
3097 5649 3187 5701 hac
3204 5656 3761 5718 praepositaepigraphe

2170 5711 2421 5778 exanimo,
2448 5728 2470 5756 ιι
2491 5711 2774 5778 Epistolaris
2796 5726 2959 5778 sermo
2971 5711 3040 5762 ad
3064 5711 3217 5778 quem
3230 5711 3399 5778 supra.
3416 5711 3757 5778 vel'ej'usdent

2168 5768 2452 5836 Epistolar‘is
2488 5768 2773 5836 responsio,
2800 5773 2931 5836 unde
2973 5768 3135 5836 supr'a.
3162 5768 3438 5836 PrOpositio
3470 5768 3649 5827 fuit-de
3675 5790 3758 5826 ca-

2168 5830 2282 5881 dem
2305 5830 2541 5894 Apostoli,
2564 5830 2587 5876 ἱ
2612 5839 2709 5882 etc.
2736 5832 2829 5882 Vel
2857 5852 2879 5880 ιι
2901 5830 3177 5894 Propositio
3202 5830 3283 5885 tua
3308 5836 3412 5887 fuit.
3439 5854 3461 5883 ι
