  <div class='ocr_page' id='page_1' title='image "/cluster/home/n/w/nwhite01/storage/ocr_20150623/22/hvd.32044015471378/342.png"; bbox 0 0 4146 6336; ppageno 0'>
   <div class='ocr_carea' id='block_1_1' title="bbox 374 381 484 440">
    <p class='ocr_par' dir='ltr' id='par_1_1' title="bbox 374 381 484 440">
     <span class='ocr_line' id='line_1_1' title="bbox 374 381 484 440; baseline 0.009 -1"><span class='ocrx_word' id='word_1_1' title='bbox 374 381 484 440; x_wconf 74' lang='lat'><strong>665</strong></span> 
     </span>
    </p>
   </div>
   <div class='ocr_carea' id='block_1_2' title="bbox 375 476 1958 554">
    <p class='ocr_par' dir='ltr' id='par_1_2' title="bbox 375 476 1958 554">
     <span class='ocr_line' id='line_1_2' title="bbox 375 476 1958 554; baseline -0.016 0"><span class='ocrx_word' id='word_1_2' title='bbox 375 510 555 554; x_wconf 81' lang='lat' dir='ltr'><strong>autem</strong></span> <span class='ocrx_word' id='word_1_3' title='bbox 581 509 762 552; x_wconf 90' lang='lat' dir='ltr'><strong>rerum</strong></span> <span class='ocrx_word' id='word_1_4' title='bbox 802 490 1040 548; x_wconf 91' lang='lat' dir='ltr'><strong>omnium</strong></span> <span class='ocrx_word' id='word_1_5' title='bbox 1069 487 1194 543; x_wconf 86' lang='lat' dir='ltr'><strong>finis</strong></span> <span class='ocrx_word' id='word_1_6' title='bbox 1218 480 1517 549; x_wconf 90' lang='lat' dir='ltr'><strong>advenerit,</strong></span> <span class='ocrx_word' id='word_1_7' title='bbox 1544 490 1672 534; x_wconf 89' lang='lat' dir='ltr'><strong>tunc</strong></span> <span class='ocrx_word' id='word_1_8' title='bbox 1698 476 1877 533; x_wconf 82' lang='lat' dir='ltr'><strong>omnia</strong></span> <span class='ocrx_word' id='word_1_9' title='bbox 1902 476 1958 530; x_wconf 92' lang='lat' dir='ltr'><strong>in</strong></span> 
     </span>
    </p>
   </div>
   <div class='ocr_carea' id='block_1_3' title="bbox 377 569 1958 653">
    <p class='ocr_par' dir='ltr' id='par_1_3' title="bbox 377 569 1958 653">
     <span class='ocr_line' id='line_1_3' title="bbox 377 569 1958 653; baseline -0.015 -9"><span class='ocrx_word' id='word_1_10' title='bbox 377 588 624 643; x_wconf 91' lang='lat' dir='ltr'><strong>omnibus</strong></span> <span class='ocrx_word' id='word_1_11' title='bbox 649 586 772 653; x_wconf 90' lang='lat' dir='ltr'><strong>erit,</strong></span> <span class='ocrx_word' id='word_1_12' title='bbox 806 592 866 639; x_wconf 94' lang='lat' dir='ltr'><strong>ut</strong></span> <span class='ocrx_word' id='word_1_13' title='bbox 902 579 1093 651; x_wconf 75' lang='lat' dir='ltr'><strong>singuli</strong></span> <span class='ocrx_word' id='word_1_14' title='bbox 1143 577 1457 634; x_wconf 88' lang='lat' dir='ltr'><strong>Sanctorum</strong></span> <span class='ocrx_word' id='word_1_15' title='bbox 1502 586 1691 626; x_wconf 88' lang='lat' dir='ltr'><strong>omnes</strong></span> <span class='ocrx_word' id='word_1_16' title='bbox 1731 569 1958 624; x_wconf 76' lang='lat' dir='ltr'><strong>virtutes</strong></span> 
     </span>
    </p>
   </div>
   <div class='ocr_carea' id='block_1_4' title="bbox 378 662 1586 749">
    <p class='ocr_par' dir='ltr' id='par_1_4' title="bbox 378 662 1586 749">
     <span class='ocr_line' id='line_1_4' title="bbox 378 662 1586 749; baseline -0.015 -14"><span class='ocrx_word' id='word_1_17' title='bbox 378 677 634 749; x_wconf 75' lang='lat' dir='ltr'><strong>habeant,</strong></span> <span class='ocrx_word' id='word_1_18' title='bbox 660 687 718 735; x_wconf 89' lang='lat' dir='ltr'><strong>ut</strong></span> <span class='ocrx_word' id='word_1_19' title='bbox 741 676 811 734; x_wconf 90' lang='lat' dir='ltr'><strong>sit</strong></span> <span class='ocrx_word' id='word_1_20' title='bbox 834 674 1084 732; x_wconf 78' lang='lat' dir='ltr'><strong>Christus</strong></span> <span class='ocrx_word' id='word_1_21' title='bbox 1113 678 1256 726; x_wconf 92' lang='lat' dir='ltr'><strong>totus</strong></span> <span class='ocrx_word' id='word_1_22' title='bbox 1282 668 1335 721; x_wconf 93' lang='lat' dir='ltr'><strong>in</strong></span> <span class='ocrx_word' id='word_1_23' title='bbox 1363 662 1586 720; x_wconf 87' lang='lat' dir='ltr'><strong>cunctis.</strong></span> 
     </span>
    </p>
   </div>
   <div class='ocr_carea' id='block_1_5' title="bbox 856 795 1452 870">
    <p class='ocr_par' dir='ltr' id='par_1_5' title="bbox 856 795 1452 870">
     <span class='ocr_line' id='line_1_5' title="bbox 856 795 1452 870; baseline -0.02 -7"><span class='ocrx_word' id='word_1_24' title='bbox 856 802 1184 863; x_wconf 79' lang='lat' dir='ltr'><strong>EPISTOLA</strong></span> <span class='ocrx_word' id='word_1_25' title='bbox 1222 797 1335 856; x_wconf 81' lang='lat' dir='ltr'><strong>LVI</strong></span> <span class='ocrx_word' id='word_1_26' title='bbox 1375 795 1452 870; x_wconf 89' lang='lat' dir='ltr'><strong>(a)</strong></span> 
     </span>
    </p>
   </div>
   <div class='ocr_carea' id='block_1_6' title="bbox 782 945 1566 998">
    <p class='ocr_par' dir='ltr' id='par_1_6' title="bbox 782 945 1566 998">
     <span class='ocr_line' id='line_1_6' title="bbox 782 945 1566 998; baseline -0.017 0"><span class='ocrx_word' id='word_1_27' title='bbox 782 953 1057 998; x_wconf 69' lang='lat' dir='ltr'><strong>AUGUSTI!&quot;</strong></span> <span class='ocrx_word' id='word_1_28' title='bbox 1094 952 1164 993; x_wconf 77' lang='grc' dir='ltr'><strong>ΔΙ)</strong></span> <span class='ocrx_word' id='word_1_29' title='bbox 1199 945 1566 991; x_wconf 72' lang='lat' dir='ltr'><strong>BIERONYIUI.</strong></span> 
     </span>
    </p>
   </div>
   <div class='ocr_carea' id='block_1_7' title="bbox 378 1059 1959 1153">
    <p class='ocr_par' dir='ltr' id='par_1_7' title="bbox 378 1059 1959 1153">
     <span class='ocr_line' id='line_1_7' title="bbox 378 1059 1959 1153; baseline -0.015 -16"><span class='ocrx_word' id='word_1_30' title='bbox 378 1081 691 1153; x_wconf 70' lang='lat' dir='ltr'><strong>Augustinus</strong></span> <span class='ocrx_word' id='word_1_31' title='bbox 718 1077 1030 1148; x_wconf 78' lang='lat' dir='ltr'><strong>Hieronymo</strong></span> <span class='ocrx_word' id='word_1_32' title='bbox 1048 1072 1112 1129; x_wconf 81' lang='lat' dir='ltr'><strong>de</strong></span> <span class='ocrx_word' id='word_1_33' title='bbox 1141 1087 1270 1127; x_wconf 82' lang='lat' dir='ltr'><strong>nova</strong></span> <span class='ocrx_word' id='word_1_34' title='bbox 1295 1080 1408 1139; x_wconf 80' lang='lat' dir='ltr'><strong>post</strong></span> <span class='ocrx_word' id='word_1_35' title='bbox 1446 1064 1621 1121; x_wconf 77' lang='lat' dir='ltr'><strong>LXX.</strong></span> <span class='ocrx_word' id='word_1_36' title='bbox 1652 1062 1830 1153; x_wconf 64' lang='lat' dir='ltr'><strong>veteris</strong></span> <span class='ocrx_word' id='word_1_37' title='bbox 1859 1059 1959 1153; x_wconf 83' lang='lat' dir='ltr'><strong>Te-</strong></span> 
     </span>
    </p>
   </div>
   <div class='ocr_carea' id='block_1_8' title="bbox 448 1152 1958 1236">
    <p class='ocr_par' dir='ltr' id='par_1_8' title="bbox 448 1152 1958 1236">
     <span class='ocr_line' id='line_1_8' title="bbox 448 1152 1958 1236; baseline -0.017 -6"><span class='ocrx_word' id='word_1_38' title='bbox 448 1152 684 1230; x_wconf 76' lang='lat' dir='ltr'><strong>stamenti</strong></span> <span class='ocrx_word' id='word_1_39' title='bbox 724 1170 972 1235; x_wconf 75' lang='lat' dir='ltr'><strong><em>versione,</em></strong></span> <span class='ocrx_word' id='word_1_40' title='bbox 1020 1167 1180 1236; x_wconf 81' lang='lat' dir='ltr'><strong>deque</strong></span> <span class='ocrx_word' id='word_1_41' title='bbox 1216 1161 1373 1218; x_wconf 84' lang='lat' dir='ltr'><strong>Petro</strong></span> <span class='ocrx_word' id='word_1_42' title='bbox 1396 1158 1698 1232; x_wconf 74' lang='lat' dir='ltr'><strong>reprehenso</strong></span> <span class='ocrx_word' id='word_1_43' title='bbox 1729 1152 1958 1219; x_wconf 48' lang='lat' dir='ltr'><strong>a&#39;Paulo</strong></span> 
     </span>
    </p>
   </div>
   <div class='ocr_carea' id='block_1_9' title="bbox 448 1242 1957 1330">
    <p class='ocr_par' dir='ltr' id='par_1_9' title="bbox 448 1242 1957 1330">
     <span class='ocr_line' id='line_1_9' title="bbox 448 1242 1957 1330; baseline -0.016 -11"><span class='ocrx_word' id='word_1_44' title='bbox 448 1264 517 1319; x_wconf 80' lang='lat' dir='ltr'><strong>ad</strong></span> <span class='ocrx_word' id='word_1_45' title='bbox 546 1261 720 1318; x_wconf 79' lang='lat' dir='ltr'><strong>Gaiat.</strong></span> <span class='ocrx_word' id='word_1_46' title='bbox 746 1260 801 1314; x_wconf 70' lang='grc' dir='ltr'><strong>Ξ.</strong></span> <span class='ocrx_word' id='word_1_47' title='bbox 829 1257 1159 1330; x_wconf 68' lang='lat' dir='ltr'><strong>expostulatis</strong></span> <span class='ocrx_word' id='word_1_48' title='bbox 1178 1254 1242 1310; x_wconf 85' lang='lat' dir='ltr'><strong>de</strong></span> <span class='ocrx_word' id='word_1_49' title='bbox 1266 1260 1500 1323; x_wconf 79' lang='lat' dir='ltr'><strong>suscepto</strong></span> <span class='ocrx_word' id='word_1_50' title='bbox 1530 1248 1649 1302; x_wconf 78' lang='lat' dir='ltr'><strong>hinc</strong></span> <span class='ocrx_word' id='word_1_51' title='bbox 1673 1242 1957 1317; x_wconf 82' lang='lat' dir='ltr'><strong>patrocinio</strong></span> 
     </span>
    </p>
   </div>
   <div class='ocr_carea' id='block_1_10' title="bbox 447 1352 954 1425">
    <p class='ocr_par' dir='ltr' id='par_1_10' title="bbox 447 1352 954 1425">
     <span class='ocr_line' id='line_1_10' title="bbox 447 1352 954 1425; baseline -0.012 -13"><span class='ocrx_word' id='word_1_52' title='bbox 447 1354 700 1412; x_wconf 77' lang='lat' dir='ltr'><strong>utendacii</strong></span> <span class='ocrx_word' id='word_1_53' title='bbox 723 1352 954 1425; x_wconf 75' lang='lat' dir='ltr'><strong>ofﬁciosi.</strong></span> 
     </span>
    </p>
   </div>
   <div class='ocr_carea' id='block_1_11' title="bbox 379 1468 1959 1561">
    <p class='ocr_par' dir='ltr' id='par_1_11' title="bbox 379 1468 1959 1561">
     <span class='ocr_line' id='line_1_11' title="bbox 379 1468 1959 1561; baseline -0.013 -17"><span class='ocrx_word' id='word_1_54' title='bbox 379 1487 453 1561; x_wconf 70' lang='grc' dir='ltr'><strong>(ὸ)</strong></span> <span class='ocrx_word' id='word_1_55' title='bbox 495 1486 722 1543; x_wconf 91' lang='lat' dir='ltr'><strong>Domino</strong></span> <span class='ocrx_word' id='word_1_56' title='bbox 750 1480 1121 1547; x_wconf 89' lang='lat' dir='ltr'><strong>dilectissimo,</strong></span> <span class='ocrx_word' id='word_1_57' title='bbox 1149 1488 1207 1535; x_wconf 91' lang='lat' dir='ltr'><strong>et</strong></span> <span class='ocrx_word' id='word_1_58' title='bbox 1227 1476 1377 1534; x_wconf 88' lang='lat' dir='ltr'><strong>cultu</strong></span> <span class='ocrx_word' id='word_1_59' title='bbox 1415 1471 1793 1532; x_wconf 76' lang='lat' dir='ltr'><strong>sincerissima:</strong></span> <span class='ocrx_word' id='word_1_60' title='bbox 1816 1468 1959 1526; x_wconf 88' lang='lat' dir='ltr'><strong>cari-</strong></span> 
     </span>
    </p>
   </div>
   <div class='ocr_carea' id='block_1_12' title="bbox 448 1562 1957 1647">
    <p class='ocr_par' dir='ltr' id='par_1_12' title="bbox 448 1562 1957 1647">
     <span class='ocr_line' id='line_1_12' title="bbox 448 1562 1957 1647; baseline -0.011 -13"><span class='ocrx_word' id='word_1_61' title='bbox 448 1578 572 1634; x_wconf 87' lang='lat' dir='ltr'><strong>tatis</strong></span> <span class='ocrx_word' id='word_1_62' title='bbox 596 1574 942 1647; x_wconf 89' lang='lat' dir='ltr'><strong>obsequendo</strong></span> <span class='ocrx_word' id='word_1_63' title='bbox 963 1580 1124 1642; x_wconf 89' lang='lat' dir='ltr'><strong>atque</strong></span> <span class='ocrx_word' id='word_1_64' title='bbox 1142 1567 1517 1641; x_wconf 84' lang='lat' dir='ltr'><strong>amplectende</strong></span> <span class='ocrx_word' id='word_1_65' title='bbox 1539 1564 1693 1621; x_wconf 88' lang='lat' dir='ltr'><strong>fratri</strong></span> <span class='ocrx_word' id='word_1_66' title='bbox 1714 1573 1770 1620; x_wconf 91' lang='lat' dir='ltr'><strong>ct</strong></span> <span class='ocrx_word' id='word_1_67' title='bbox 1796 1562 1957 1619; x_wconf 87' lang='lat' dir='ltr'><strong>Com-</strong></span> 
     </span>
    </p>
   </div>
   <div class='ocr_carea' id='block_1_13' title="bbox 447 1664 1483 1742">
    <p class='ocr_par' dir='ltr' id='par_1_13' title="bbox 447 1664 1483 1742">
     <span class='ocr_line' id='line_1_13' title="bbox 447 1664 1483 1742; baseline -0.011 -16"><span class='ocrx_word' id='word_1_68' title='bbox 447 1670 759 1742; x_wconf 85' lang='lat' dir='ltr'><strong>presbytero</strong></span> <span class='ocrx_word' id='word_1_69' title='bbox 784 1666 1095 1722; x_wconf 70' lang='lat' dir='ltr'><strong>HIBRONYIO</strong></span> <span class='ocrx_word' id='word_1_70' title='bbox 1130 1664 1483 1719; x_wconf 74' lang='lat' dir='ltr'><strong>AUGUSTINUS.</strong></span> 
     </span>
    </p>
   </div>
   <div class='ocr_carea' id='block_1_14' title="bbox 449 1745 1961 1829">
    <p class='ocr_par' dir='ltr' id='par_1_14' title="bbox 449 1745 1961 1829">
     <span class='ocr_line' id='line_1_14' title="bbox 449 1745 1961 1829; baseline -0.011 -12"><span class='ocrx_word' id='word_1_71' title='bbox 449 1761 502 1817; x_wconf 73' lang='grc'><strong>1.</strong></span> <span class='ocrx_word' id='word_1_72' title='bbox 548 1779 569 1813; x_wconf 77' lang='grc' dir='ltr'>ι</span> <span class='ocrx_word' id='word_1_73' title='bbox 591 1758 874 1829; x_wconf 83' lang='lat' dir='ltr'><strong>Nunquam</strong></span> <span class='ocrx_word' id='word_1_74' title='bbox 903 1770 1056 1828; x_wconf 69' lang='lat' dir='ltr'><strong>teque</strong></span> <span class='ocrx_word' id='word_1_75' title='bbox 1102 1753 1384 1825; x_wconf 84' lang='lat' dir='ltr'><strong>quisquam</strong></span> <span class='ocrx_word' id='word_1_76' title='bbox 1423 1761 1531 1807; x_wconf 90' lang='lat' dir='ltr'><strong>tam</strong></span> <span class='ocrx_word' id='word_1_77' title='bbox 1559 1748 1715 1805; x_wconf 90' lang='lat' dir='ltr'><strong>facile</strong></span> <span class='ocrx_word' id='word_1_78' title='bbox 1739 1745 1961 1804; x_wconf 84' lang='lat' dir='ltr'><strong>cuilibet</strong></span> 
     </span>
    </p>
   </div>
   <div class='ocr_carea' id='block_1_15' title="bbox 378 1840 1959 1921">
    <p class='ocr_par' dir='ltr' id='par_1_15' title="bbox 378 1840 1959 1921">
     <span class='ocr_line' id='line_1_15' title="bbox 378 1840 1959 1921; baseline -0.009 -11"><span class='ocrx_word' id='word_1_79' title='bbox 378 1852 630 1919; x_wconf 86' lang='lat' dir='ltr'><strong>innotuit,</strong></span> <span class='ocrx_word' id='word_1_80' title='bbox 652 1865 813 1921; x_wconf 88' lang='lat' dir='ltr'><strong>quam</strong></span> <span class='ocrx_word' id='word_1_81' title='bbox 838 1847 971 1904; x_wconf 89' lang='lat' dir='ltr'><strong>mihi</strong></span> <span class='ocrx_word' id='word_1_82' title='bbox 991 1856 1207 1903; x_wconf 88' lang='lat' dir='ltr'><strong>tuorum</strong></span> <span class='ocrx_word' id='word_1_83' title='bbox 1279 1845 1438 1917; x_wconf 79' lang='lat'><strong>301</strong></span> <span class='ocrx_word' id='word_1_84' title='bbox 1512 1844 1568 1898; x_wconf 91' lang='lat' dir='ltr'><strong>in</strong></span> <span class='ocrx_word' id='word_1_85' title='bbox 1587 1840 1815 1919; x_wconf 87' lang='lat' dir='ltr'><strong>Domino</strong></span> <span class='ocrx_word' id='word_1_86' title='bbox 1840 1848 1959 1895; x_wconf 90' lang='lat' dir='ltr'><strong>stu-</strong></span> 
     </span>
    </p>
   </div>
   <div class='ocr_carea' id='block_1_16' title="bbox 377 1930 1957 2015">
    <p class='ocr_par' dir='ltr' id='par_1_16' title="bbox 377 1930 1957 2015">
     <span class='ocr_line' id='line_1_16' title="bbox 377 1930 1957 2015; baseline -0.011 -13"><span class='ocrx_word' id='word_1_87' title='bbox 377 1946 587 2002; x_wconf 84' lang='lat' dir='ltr'><strong>diorum</strong></span> <span class='ocrx_word' id='word_1_88' title='bbox 639 1943 821 2015; x_wconf 89' lang='lat' dir='ltr'><strong>quieta</strong></span> <span class='ocrx_word' id='word_1_89' title='bbox 847 1942 1053 2006; x_wconf 58' lang='lat' dir='ltr'><strong>laetitia,</strong></span> <span class='ocrx_word' id='word_1_90' title='bbox 1099 1948 1155 1996; x_wconf 85' lang='lat' dir='ltr'><strong>et</strong></span> <span class='ocrx_word' id='word_1_91' title='bbox 1189 1953 1319 1995; x_wconf 90' lang='lat' dir='ltr'><strong>vere</strong></span> <span class='ocrx_word' id='word_1_92' title='bbox 1346 1934 1660 1993; x_wconf 80' lang='lat' dir='ltr'><strong>exercitatio</strong></span> <span class='ocrx_word' id='word_1_93' title='bbox 1699 1930 1957 1989; x_wconf 87' lang='lat' dir='ltr'><strong>liberalis.</strong></span> 
     </span>
    </p>
   </div>
   <div class='ocr_carea' id='block_1_17' title="bbox 379 2028 1959 2106">
    <p class='ocr_par' dir='ltr' id='par_1_17' title="bbox 379 2028 1959 2106">
     <span class='ocr_line' id='line_1_17' title="bbox 379 2028 1959 2106; baseline -0.011 -13"><span class='ocrx_word' id='word_1_94' title='bbox 379 2036 692 2106; x_wconf 84' lang='lat' dir='ltr'><strong>Quanquam</strong></span> <span class='ocrx_word' id='word_1_95' title='bbox 728 2047 858 2104; x_wconf 85' lang='lat' dir='ltr'><strong>ergo</strong></span> <span class='ocrx_word' id='word_1_96' title='bbox 895 2030 1208 2103; x_wconf 85' lang='lat' dir='ltr'><strong>percupiam</strong></span> <span class='ocrx_word' id='word_1_97' title='bbox 1244 2028 1465 2085; x_wconf 86' lang='lat' dir='ltr'><strong>omnino</strong></span> <span class='ocrx_word' id='word_1_98' title='bbox 1490 2034 1547 2083; x_wconf 87' lang='lat' dir='ltr'><strong>te</strong></span> <span class='ocrx_word' id='word_1_99' title='bbox 1570 2038 1752 2091; x_wconf 90' lang='lat' dir='ltr'><strong>nosse,</strong></span> <span class='ocrx_word' id='word_1_100' title='bbox 1780 2032 1959 2077; x_wconf 88' lang='lat' dir='ltr'><strong>tamen</strong></span> 
     </span>
    </p>
   </div>
   <div class='ocr_carea' id='block_1_18' title="bbox 378 2116 1957 2199">
    <p class='ocr_par' dir='ltr' id='par_1_18' title="bbox 378 2116 1957 2199">
     <span class='ocr_line' id='line_1_18' title="bbox 378 2116 1957 2199; baseline -0.009 -15"><span class='ocrx_word' id='word_1_101' title='bbox 378 2128 626 2199; x_wconf 81' lang='lat' dir='ltr'><strong>exiguum</strong></span> <span class='ocrx_word' id='word_1_102' title='bbox 678 2125 928 2199; x_wconf 84' lang='lat' dir='ltr'><strong>quiddam</strong></span> <span class='ocrx_word' id='word_1_103' title='bbox 961 2125 1036 2180; x_wconf 92' lang='lat' dir='ltr'><strong>tui</strong></span> <span class='ocrx_word' id='word_1_104' title='bbox 1067 2122 1138 2197; x_wconf 81' lang='grc' dir='ltr'><strong>(ο)</strong></span> <span class='ocrx_word' id='word_1_105' title='bbox 1166 2122 1346 2179; x_wconf 89' lang='lat' dir='ltr'><strong>minus</strong></span> <span class='ocrx_word' id='word_1_106' title='bbox 1389 2119 1584 2189; x_wconf 88' lang='lat' dir='ltr'><strong>habeo,</strong></span> <span class='ocrx_word' id='word_1_107' title='bbox 1615 2116 1957 2189; x_wconf 66' lang='lat' dir='ltr'><strong>prasentiam</strong></span> 
     </span>
    </p>
   </div>
   <div class='ocr_carea' id='block_1_19' title="bbox 378 2213 1963 2292">
    <p class='ocr_par' dir='ltr' id='par_1_19' title="bbox 378 2213 1963 2292">
     <span class='ocr_line' id='line_1_19' title="bbox 378 2213 1963 2292; baseline -0.009 -14"><span class='ocrx_word' id='word_1_108' title='bbox 378 2221 631 2278; x_wconf 83' lang='lat' dir='ltr'><strong>videlicet</strong></span> <span class='ocrx_word' id='word_1_109' title='bbox 652 2219 897 2292; x_wconf 87' lang='lat' dir='ltr'><strong>corporis</strong></span> <span class='ocrx_word' id='word_1_110' title='bbox 916 2237 930 2274; x_wconf 91' lang='lat'><strong>:</strong></span> <span class='ocrx_word' id='word_1_111' title='bbox 949 2232 1110 2290; x_wconf 89' lang='lat' dir='ltr'><strong>quam</strong></span> <span class='ocrx_word' id='word_1_112' title='bbox 1136 2216 1308 2287; x_wconf 85' lang='lat' dir='ltr'><strong>ipsam</strong></span> <span class='ocrx_word' id='word_1_113' title='bbox 1327 2213 1489 2271; x_wconf 87' lang='lat' dir='ltr'><strong>etiam</strong></span> <span class='ocrx_word' id='word_1_114' title='bbox 1520 2221 1703 2283; x_wconf 88' lang='lat' dir='ltr'><strong>postea</strong></span> <span class='ocrx_word' id='word_1_115' title='bbox 1727 2225 1886 2281; x_wconf 90' lang='lat' dir='ltr'><strong>quam</strong></span> <span class='ocrx_word' id='word_1_116' title='bbox 1910 2217 1963 2264; x_wconf 92' lang='lat' dir='ltr'><strong>te</strong></span> 
     </span>
    </p>
   </div>
   <div class='ocr_carea' id='block_1_20' title="bbox 378 2303 1965 2384">
    <p class='ocr_par' dir='ltr' id='par_1_20' title="bbox 378 2303 1965 2384">
     <span class='ocr_line' id='line_1_20' title="bbox 378 2303 1965 2384; baseline -0.01 -11"><span class='ocrx_word' id='word_1_117' title='bbox 378 2315 720 2372; x_wconf 82' lang='lat' dir='ltr'><strong>beatissimus</strong></span> <span class='ocrx_word' id='word_1_118' title='bbox 749 2329 896 2370; x_wconf 91' lang='lat' dir='ltr'><strong>nunc</strong></span> <span class='ocrx_word' id='word_1_119' title='bbox 924 2312 1246 2384; x_wconf 89' lang='lat' dir='ltr'><strong>Episcopus,</strong></span> <span class='ocrx_word' id='word_1_120' title='bbox 1278 2319 1405 2365; x_wconf 91' lang='lat' dir='ltr'><strong>tunc</strong></span> <span class='ocrx_word' id='word_1_121' title='bbox 1432 2321 1564 2362; x_wconf 85' lang='lat' dir='ltr'><strong>vero</strong></span> <span class='ocrx_word' id='word_1_122' title='bbox 1591 2306 1702 2377; x_wconf 90' lang='lat' dir='ltr'><strong>jam</strong></span> <span class='ocrx_word' id='word_1_123' title='bbox 1741 2303 1965 2374; x_wconf 83' lang='lat' dir='ltr'><strong>Episco-</strong></span> 
     </span>
    </p>
   </div>
   <div class='ocr_carea' id='block_1_21' title="bbox 376 2398 1963 2478">
    <p class='ocr_par' dir='ltr' id='par_1_21' title="bbox 376 2398 1963 2478">
     <span class='ocr_line' id='line_1_21' title="bbox 376 2398 1963 2478; baseline -0.009 -15"><span class='ocrx_word' id='word_1_124' title='bbox 376 2414 506 2478; x_wconf 89' lang='lat' dir='ltr'><strong>patu</strong></span> <span class='ocrx_word' id='word_1_125' title='bbox 546 2406 761 2478; x_wconf 91' lang='lat' dir='ltr'><strong>dignus,</strong></span> <span class='ocrx_word' id='word_1_126' title='bbox 804 2405 970 2461; x_wconf 81' lang='lat' dir='ltr'><strong>frater</strong></span> <span class='ocrx_word' id='word_1_127' title='bbox 999 2402 1076 2474; x_wconf 82' lang='grc' dir='ltr'><strong>(ά)</strong></span> <span class='ocrx_word' id='word_1_128' title='bbox 1104 2401 1328 2473; x_wconf 84' lang='lat' dir='ltr'><strong>Alypius</strong></span> <span class='ocrx_word' id='word_1_129' title='bbox 1353 2398 1508 2464; x_wconf 89' lang='lat' dir='ltr'><strong>vidit,</strong></span> <span class='ocrx_word' id='word_1_130' title='bbox 1551 2409 1904 2466; x_wconf 86' lang='lat' dir='ltr'><strong>remeansque</strong></span> <span class='ocrx_word' id='word_1_131' title='bbox 1932 2408 1963 2450; x_wconf 91' lang='lat' dir='ltr'><strong>a</strong></span> 
     </span>
    </p>
   </div>
   <div class='ocr_carea' id='block_1_22' title="bbox 376 2495 1964 2567">
    <p class='ocr_par' dir='ltr' id='par_1_22' title="bbox 376 2495 1964 2567">
     <span class='ocr_line' id='line_1_22' title="bbox 376 2495 1964 2567; baseline -0.009 -10"><span class='ocrx_word' id='word_1_132' title='bbox 376 2514 467 2556; x_wconf 86' lang='lat' dir='ltr'><strong>me</strong></span> <span class='ocrx_word' id='word_1_133' title='bbox 491 2501 642 2556; x_wconf 84' lang='lat' dir='ltr'><strong>visus</strong></span> <span class='ocrx_word' id='word_1_134' title='bbox 670 2507 774 2565; x_wconf 90' lang='lat' dir='ltr'><strong>est,</strong></span> <span class='ocrx_word' id='word_1_135' title='bbox 806 2509 1007 2567; x_wconf 88' lang='lat' dir='ltr'><strong>negare</strong></span> <span class='ocrx_word' id='word_1_136' title='bbox 1036 2509 1145 2550; x_wconf 89' lang='lat' dir='ltr'><strong>non</strong></span> <span class='ocrx_word' id='word_1_137' title='bbox 1197 2506 1435 2563; x_wconf 87' lang='lat' dir='ltr'><strong>possum,</strong></span> <span class='ocrx_word' id='word_1_138' title='bbox 1486 2504 1677 2560; x_wconf 85' lang='lat' dir='ltr'><strong>magna</strong></span> <span class='ocrx_word' id='word_1_139' title='bbox 1718 2504 1782 2543; x_wconf 80' lang='lat' dir='ltr'><strong>ex</strong></span> <span class='ocrx_word' id='word_1_140' title='bbox 1810 2495 1964 2557; x_wconf 89' lang='lat' dir='ltr'><strong>parte</strong></span> 
     </span>
    </p>
   </div>
   <div class='ocr_carea' id='block_1_23' title="bbox 374 2577 1963 2656">
    <p class='ocr_par' dir='ltr' id='par_1_23' title="bbox 374 2577 1963 2656">
     <span class='ocr_line' id='line_1_23' title="bbox 374 2577 1963 2656; baseline -0.011 -9"><span class='ocrx_word' id='word_1_141' title='bbox 374 2591 681 2647; x_wconf 80' lang='lat' dir='ltr'><strong>milti‘esse</strong></span> <span class='ocrx_word' id='word_1_142' title='bbox 724 2588 902 2644; x_wconf 87' lang='lat' dir='ltr'><strong>relatu</strong></span> <span class='ocrx_word' id='word_1_143' title='bbox 935 2586 1053 2656; x_wconf 86' lang='lat' dir='ltr'><strong>ejus</strong></span> <span class='ocrx_word' id='word_1_144' title='bbox 1101 2585 1452 2654; x_wconf 88' lang='lat' dir='ltr'><strong>impressam:</strong></span> <span class='ocrx_word' id='word_1_145' title='bbox 1484 2589 1540 2636; x_wconf 90' lang='lat' dir='ltr'><strong>et</strong></span> <span class='ocrx_word' id='word_1_146' title='bbox 1567 2587 1690 2634; x_wconf 88' lang='lat' dir='ltr'><strong>ante</strong></span> <span class='ocrx_word' id='word_1_147' title='bbox 1735 2577 1963 2633; x_wconf 78' lang='lat' dir='ltr'><strong>reditum</strong></span> 
     </span>
    </p>
   </div>
   <div class='ocr_carea' id='block_1_24' title="bbox 372 2667 1963 2743">
    <p class='ocr_par' dir='ltr' id='par_1_24' title="bbox 372 2667 1963 2743">
     <span class='ocr_line' id='line_1_24' title="bbox 372 2667 1963 2743; baseline -0.011 -5"><span class='ocrx_word' id='word_1_148' title='bbox 372 2694 504 2738; x_wconf 89' lang='lat' dir='ltr'><strong>cum</strong></span> <span class='ocrx_word' id='word_1_149' title='bbox 554 2687 612 2734; x_wconf 89' lang='lat' dir='ltr'><strong>te</strong></span> <span class='ocrx_word' id='word_1_150' title='bbox 649 2677 741 2733; x_wconf 93' lang='lat' dir='ltr'><strong>ille</strong></span> <span class='ocrx_word' id='word_1_151' title='bbox 778 2677 852 2733; x_wconf 90' lang='lat' dir='ltr'><strong>ibi</strong></span> <span class='ocrx_word' id='word_1_152' title='bbox 892 2674 1131 2741; x_wconf 83' lang='lat' dir='ltr'><strong>videbat,</strong></span> <span class='ocrx_word' id='word_1_153' title='bbox 1162 2681 1218 2730; x_wconf 89' lang='lat' dir='ltr'><strong>et</strong></span> <span class='ocrx_word' id='word_1_154' title='bbox 1245 2687 1346 2743; x_wconf 88' lang='lat' dir='ltr'><strong>ego</strong></span> <span class='ocrx_word' id='word_1_155' title='bbox 1373 2670 1640 2735; x_wconf 90' lang='lat' dir='ltr'><strong>videbam,</strong></span> <span class='ocrx_word' id='word_1_156' title='bbox 1669 2667 1763 2723; x_wconf 88' lang='lat' dir='ltr'><strong>sed</strong></span> <span class='ocrx_word' id='word_1_157' title='bbox 1789 2667 1963 2722; x_wconf 89' lang='lat' dir='ltr'><strong>oculis</strong></span> 
     </span>
    </p>
   </div>
   <div class='ocr_carea' id='block_1_25' title="bbox 372 2759 1963 2842">
    <p class='ocr_par' dir='ltr' id='par_1_25' title="bbox 372 2759 1963 2842">
     <span class='ocr_line' id='line_1_25' title="bbox 372 2759 1963 2842; baseline -0.008 -16"><span class='ocrx_word' id='word_1_158' title='bbox 372 2771 516 2842; x_wconf 92' lang='lat' dir='ltr'><strong>ejus.</strong></span> <span class='ocrx_word' id='word_1_159' title='bbox 546 2768 663 2825; x_wconf 90' lang='lat' dir='ltr'><strong>Non</strong></span> <span class='ocrx_word' id='word_1_160' title='bbox 691 2768 837 2824; x_wconf 89' lang='lat' dir='ltr'><strong>enim</strong></span> <span class='ocrx_word' id='word_1_161' title='bbox 877 2767 1059 2822; x_wconf 87' lang='lat' dir='ltr'><strong>animo</strong></span> <span class='ocrx_word' id='word_1_162' title='bbox 1084 2779 1170 2821; x_wconf 89' lang='lat' dir='ltr'><strong>me</strong></span> <span class='ocrx_word' id='word_1_163' title='bbox 1193 2771 1356 2835; x_wconf 89' lang='lat' dir='ltr'><strong>atque</strong></span> <span class='ocrx_word' id='word_1_164' title='bbox 1399 2762 1571 2827; x_wconf 90' lang='lat' dir='ltr'><strong>illum,</strong></span> <span class='ocrx_word' id='word_1_165' title='bbox 1613 2759 1709 2816; x_wconf 88' lang='lat' dir='ltr'><strong>sed</strong></span> <span class='ocrx_word' id='word_1_166' title='bbox 1738 2772 1963 2829; x_wconf 89' lang='lat' dir='ltr'><strong>corpore</strong></span> 
     </span>
    </p>
   </div>
   <div class='ocr_carea' id='block_1_26' title="bbox 375 2847 1964 2932">
    <p class='ocr_par' dir='ltr' id='par_1_26' title="bbox 375 2847 1964 2932">
     <span class='ocr_line' id='line_1_26' title="bbox 375 2847 1964 2932; baseline -0.009 -13"><span class='ocrx_word' id='word_1_167' title='bbox 375 2862 535 2928; x_wconf 89' lang='lat' dir='ltr'><strong>duos,</strong></span> <span class='ocrx_word' id='word_1_168' title='bbox 563 2861 652 2932; x_wconf 91' lang='lat' dir='ltr'><strong>qui</strong></span> <span class='ocrx_word' id='word_1_169' title='bbox 675 2857 908 2923; x_wconf 85' lang='lat' dir='ltr'><strong>noverit,</strong></span> <span class='ocrx_word' id='word_1_170' title='bbox 941 2856 1156 2922; x_wconf 80' lang='lat' dir='ltr'><strong>dixerit,</strong></span> <span class='ocrx_word' id='word_1_171' title='bbox 1185 2853 1471 2910; x_wconf 90' lang='lat' dir='ltr'><strong>concordia</strong></span> <span class='ocrx_word' id='word_1_172' title='bbox 1503 2852 1781 2907; x_wconf 83' lang='lat' dir='ltr'><strong>dumtaxat</strong></span> <span class='ocrx_word' id='word_1_173' title='bbox 1805 2858 1860 2906; x_wconf 91' lang='lat' dir='ltr'><strong>et</strong></span> <span class='ocrx_word' id='word_1_174' title='bbox 1885 2847 1964 2904; x_wconf 87' lang='lat' dir='ltr'><strong>fa-</strong></span> 
     </span>
    </p>
   </div>
   <div class='ocr_carea' id='block_1_27' title="bbox 376 2940 1966 3025">
    <p class='ocr_par' dir='ltr' id='par_1_27' title="bbox 376 2940 1966 3025">
     <span class='ocr_line' id='line_1_27' title="bbox 376 2940 1966 3025; baseline -0.008 -17"><span class='ocrx_word' id='word_1_175' title='bbox 376 2951 685 3008; x_wconf 86' lang='lat' dir='ltr'><strong>miliaritate</strong></span> <span class='ocrx_word' id='word_1_176' title='bbox 710 2949 991 3017; x_wconf 87' lang='lat' dir='ltr'><strong>fidissima,</strong></span> <span class='ocrx_word' id='word_1_177' title='bbox 1019 2962 1127 3003; x_wconf 91' lang='lat' dir='ltr'><strong>non</strong></span> <span class='ocrx_word' id='word_1_178' title='bbox 1149 2944 1377 3025; x_wconf 75' lang='lat' dir='ltr'><strong>meritis,</strong></span> <span class='ocrx_word' id='word_1_179' title='bbox 1397 2944 1589 3015; x_wconf 89' lang='lat' dir='ltr'><strong>quibus</strong></span> <span class='ocrx_word' id='word_1_180' title='bbox 1612 2943 1702 2998; x_wconf 92' lang='lat' dir='ltr'><strong>ille</strong></span> <span class='ocrx_word' id='word_1_181' title='bbox 1730 2940 1966 2997; x_wconf 88' lang='lat' dir='ltr'><strong>antecel-</strong></span> 
     </span>
    </p>
   </div>
   <div class='ocr_carea' id='block_1_28' title="bbox 377 3035 1963 3114">
    <p class='ocr_par' dir='ltr' id='par_1_28' title="bbox 377 3035 1963 3114">
     <span class='ocr_line' id='line_1_28' title="bbox 377 3035 1963 3114; baseline -0.009 -12"><span class='ocrx_word' id='word_1_182' title='bbox 377 3045 457 3102; x_wconf 89' lang='lat' dir='ltr'><strong>lit.</strong></span> <span class='ocrx_word' id='word_1_183' title='bbox 485 3044 621 3113; x_wconf 85' lang='lat' dir='ltr'><strong>Quia</strong></span> <span class='ocrx_word' id='word_1_184' title='bbox 649 3057 779 3114; x_wconf 82' lang='lat' dir='ltr'><strong>ergo</strong></span> <span class='ocrx_word' id='word_1_185' title='bbox 806 3056 894 3098; x_wconf 92' lang='lat' dir='ltr'><strong>me</strong></span> <span class='ocrx_word' id='word_1_186' title='bbox 923 3040 1168 3112; x_wconf 88' lang='lat' dir='ltr'><strong>primitus</strong></span> <span class='ocrx_word' id='word_1_187' title='bbox 1188 3037 1564 3094; x_wconf 90' lang='lat' dir='ltr'><strong>communione</strong></span> <span class='ocrx_word' id='word_1_188' title='bbox 1590 3035 1828 3106; x_wconf 89' lang='lat' dir='ltr'><strong>spiritus,</strong></span> <span class='ocrx_word' id='word_1_189' title='bbox 1856 3049 1963 3105; x_wconf 90' lang='lat' dir='ltr'><strong>quo</strong></span> 
     </span>
    </p>
   </div>
   <div class='ocr_carea' id='block_1_29' title="bbox 377 3125 1961 3207">
    <p class='ocr_par' dir='ltr' id='par_1_29' title="bbox 377 3125 1961 3207">
     <span class='ocr_line' id='line_1_29' title="bbox 377 3125 1961 3207; baseline -0.008 -14"><span class='ocrx_word' id='word_1_190' title='bbox 377 3138 432 3193; x_wconf 92' lang='lat' dir='ltr'><strong>in</strong></span> <span class='ocrx_word' id='word_1_191' title='bbox 458 3151 622 3192; x_wconf 89' lang='lat' dir='ltr'><strong>unum</strong></span> <span class='ocrx_word' id='word_1_192' title='bbox 655 3135 728 3207; x_wconf 89' lang='lat' dir='ltr'><strong>(e)</strong></span> <span class='ocrx_word' id='word_1_193' title='bbox 759 3132 1027 3190; x_wconf 87' lang='lat' dir='ltr'><strong>nectimur</strong></span> <span class='ocrx_word' id='word_1_194' title='bbox 1046 3150 1062 3188; x_wconf 93' lang='lat'><strong>:</strong></span> <span class='ocrx_word' id='word_1_195' title='bbox 1083 3129 1278 3187; x_wconf 89' lang='lat' dir='ltr'><strong>deinde</strong></span> <span class='ocrx_word' id='word_1_196' title='bbox 1306 3128 1450 3187; x_wconf 90' lang='lat' dir='ltr'><strong>illius</strong></span> <span class='ocrx_word' id='word_1_197' title='bbox 1475 3142 1547 3184; x_wconf 80' lang='lat' dir='ltr'><strong>ex</strong></span> <span class='ocrx_word' id='word_1_198' title='bbox 1581 3141 1677 3182; x_wconf 92' lang='lat' dir='ltr'><strong>ore</strong></span> <span class='ocrx_word' id='word_1_199' title='bbox 1698 3126 1810 3196; x_wconf 87' lang='lat' dir='ltr'><strong>jam</strong></span> <span class='ocrx_word' id='word_1_200' title='bbox 1834 3125 1961 3181; x_wconf 90' lang='lat' dir='ltr'><strong>dili-</strong></span> 
     </span>
    </p>
   </div>
   <div class='ocr_carea' id='block_1_30' title="bbox 379 3220 1960 3301">
    <p class='ocr_par' dir='ltr' id='par_1_30' title="bbox 379 3220 1960 3301">
     <span class='ocr_line' id='line_1_30' title="bbox 379 3220 1960 3301; baseline -0.006 -16"><span class='ocrx_word' id='word_1_201' title='bbox 379 3229 481 3301; x_wconf 89' lang='lat' dir='ltr'><strong>gis,</strong></span> <span class='ocrx_word' id='word_1_202' title='bbox 527 3242 867 3300; x_wconf 83' lang='lat' dir='ltr'><strong>nequaquam</strong></span> <span class='ocrx_word' id='word_1_203' title='bbox 911 3223 1273 3295; x_wconf 90' lang='lat' dir='ltr'><strong>impudenter,</strong></span> <span class='ocrx_word' id='word_1_204' title='bbox 1314 3222 1465 3293; x_wconf 86' lang='lat' dir='ltr'><strong>quasi</strong></span> <span class='ocrx_word' id='word_1_205' title='bbox 1510 3220 1702 3290; x_wconf 85' lang='lat' dir='ltr'><strong>aliquis</strong></span> <span class='ocrx_word' id='word_1_206' title='bbox 1727 3220 1960 3289; x_wconf 86' lang='lat' dir='ltr'><strong>ignotus,</strong></span> 
     </span>
    </p>
   </div>
   <div class='ocr_carea' id='block_1_31' title="bbox 380 3311 1963 3390">
    <p class='ocr_par' dir='ltr' id='par_1_31' title="bbox 380 3311 1963 3390">
     <span class='ocr_line' id='line_1_31' title="bbox 380 3311 1963 3390; baseline -0.008 -13"><span class='ocrx_word' id='word_1_207' title='bbox 380 3318 699 3377; x_wconf 81' lang='lat' dir='ltr'><strong>commendo</strong></span> <span class='ocrx_word' id='word_1_208' title='bbox 723 3316 1065 3390; x_wconf 76' lang='lat' dir='ltr'><strong>germanitati</strong></span> <span class='ocrx_word' id='word_1_209' title='bbox 1097 3323 1201 3370; x_wconf 83' lang='lat' dir='ltr'><strong>tuae</strong></span> <span class='ocrx_word' id='word_1_210' title='bbox 1231 3314 1451 3368; x_wconf 87' lang='lat' dir='ltr'><strong>fratrem</strong></span> <span class='ocrx_word' id='word_1_211' title='bbox 1482 3311 1563 3384; x_wconf 81' lang='grc' dir='ltr'><strong>(Ῑ)</strong></span> <span class='ocrx_word' id='word_1_212' title='bbox 1596 3311 1963 3378; x_wconf 89' lang='lat' dir='ltr'><strong>Profuturum,</strong></span> 
     </span>
    </p>
   </div>
   <div class='ocr_carea' id='block_1_32' title="bbox 381 3406 1964 3484">
    <p class='ocr_par' dir='ltr' id='par_1_32' title="bbox 381 3406 1964 3484">
     <span class='ocr_line' id='line_1_32' title="bbox 381 3406 1964 3484; baseline -0.004 -16"><span class='ocrx_word' id='word_1_213' title='bbox 381 3427 539 3484; x_wconf 89' lang='lat' dir='ltr'><strong>quem</strong></span> <span class='ocrx_word' id='word_1_214' title='bbox 566 3412 765 3468; x_wconf 86' lang='lat' dir='ltr'><strong>nostris</strong></span> <span class='ocrx_word' id='word_1_215' title='bbox 805 3410 1110 3476; x_wconf 87' lang='lat' dir='ltr'><strong>conatibus,</strong></span> <span class='ocrx_word' id='word_1_216' title='bbox 1161 3406 1358 3463; x_wconf 90' lang='lat' dir='ltr'><strong>deinde</strong></span> <span class='ocrx_word' id='word_1_217' title='bbox 1396 3406 1669 3476; x_wconf 90' lang='lat' dir='ltr'><strong>adjutorio</strong></span> <span class='ocrx_word' id='word_1_218' title='bbox 1698 3414 1789 3461; x_wconf 92' lang='lat' dir='ltr'><strong>tuo</strong></span> <span class='ocrx_word' id='word_1_219' title='bbox 1838 3418 1964 3461; x_wconf 91' lang='lat' dir='ltr'><strong>vere</strong></span> 
     </span>
    </p>
   </div>
   <div class='ocr_carea' id='block_1_33' title="bbox 382 3498 1965 3575">
    <p class='ocr_par' dir='ltr' id='par_1_33' title="bbox 382 3498 1965 3575">
     <span class='ocr_line' id='line_1_33' title="bbox 382 3498 1965 3575; baseline -0.004 -15"><span class='ocrx_word' id='word_1_220' title='bbox 382 3502 717 3575; x_wconf 88' lang='lat' dir='ltr'><strong>profuturum</strong></span> <span class='ocrx_word' id='word_1_221' title='bbox 745 3516 1063 3574; x_wconf 89' lang='lat' dir='ltr'><strong>speramus:</strong></span> <span class='ocrx_word' id='word_1_222' title='bbox 1095 3500 1198 3555; x_wconf 89' lang='lat' dir='ltr'><strong>nisi</strong></span> <span class='ocrx_word' id='word_1_223' title='bbox 1250 3498 1386 3554; x_wconf 89' lang='lat' dir='ltr'><strong>forte</strong></span> <span class='ocrx_word' id='word_1_224' title='bbox 1433 3498 1577 3568; x_wconf 90' lang='lat' dir='ltr'><strong>quod</strong></span> <span class='ocrx_word' id='word_1_225' title='bbox 1620 3499 1740 3554; x_wconf 89' lang='lat' dir='ltr'><strong>talis</strong></span> <span class='ocrx_word' id='word_1_226' title='bbox 1779 3508 1880 3564; x_wconf 90' lang='lat' dir='ltr'><strong>est,</strong></span> <span class='ocrx_word' id='word_1_227' title='bbox 1908 3508 1965 3553; x_wconf 91' lang='lat' dir='ltr'><strong>ut</strong></span> 
     </span>
    </p>
   </div>
   <div class='ocr_carea' id='block_1_34' title="bbox 382 3589 1967 3666">
    <p class='ocr_par' dir='ltr' id='par_1_34' title="bbox 382 3589 1967 3666">
     <span class='ocr_line' id='line_1_34' title="bbox 382 3589 1967 3666; baseline -0.004 -16"><span class='ocrx_word' id='word_1_228' title='bbox 382 3594 498 3665; x_wconf 87' lang='lat' dir='ltr'><strong>ipse</strong></span> <span class='ocrx_word' id='word_1_229' title='bbox 526 3594 619 3650; x_wconf 89' lang='lat' dir='ltr'><strong>tibi</strong></span> <span class='ocrx_word' id='word_1_230' title='bbox 650 3610 745 3666; x_wconf 91' lang='lat' dir='ltr'><strong>per</strong></span> <span class='ocrx_word' id='word_1_231' title='bbox 773 3608 896 3649; x_wconf 93' lang='lat' dir='ltr'><strong>eum</strong></span> <span class='ocrx_word' id='word_1_232' title='bbox 928 3592 1053 3646; x_wconf 81' lang='lat' dir='ltr'><strong>fiam</strong></span> <span class='ocrx_word' id='word_1_233' title='bbox 1091 3589 1538 3657; x_wconf 89' lang='lat' dir='ltr'><strong>commendatior,</strong></span> <span class='ocrx_word' id='word_1_234' title='bbox 1566 3604 1725 3659; x_wconf 88' lang='lat' dir='ltr'><strong>quam</strong></span> <span class='ocrx_word' id='word_1_235' title='bbox 1755 3589 1843 3644; x_wconf 91' lang='lat' dir='ltr'><strong>ille</strong></span> <span class='ocrx_word' id='word_1_236' title='bbox 1871 3604 1967 3660; x_wconf 90' lang='lat' dir='ltr'><strong>per</strong></span> 
     </span>
    </p>
   </div>
   <div class='ocr_carea' id='block_1_35' title="bbox 382 3681 1969 3746">
    <p class='ocr_par' dir='ltr' id='par_1_35' title="bbox 382 3681 1969 3746">
     <span class='ocr_line' id='line_1_35' title="bbox 382 3681 1969 3746; baseline -0.003 -5"><span class='ocrx_word' id='word_1_237' title='bbox 382 3701 490 3741; x_wconf 91' lang='lat' dir='ltr'><strong>me.</strong></span> <span class='ocrx_word' id='word_1_238' title='bbox 514 3685 779 3741; x_wconf 79' lang='lat' dir='ltr'><strong>Hactenus</strong></span> <span class='ocrx_word' id='word_1_239' title='bbox 798 3684 1027 3740; x_wconf 88' lang='lat' dir='ltr'><strong>fortasse</strong></span> <span class='ocrx_word' id='word_1_240' title='bbox 1056 3682 1292 3739; x_wconf 85' lang='lat' dir='ltr'><strong>scribere</strong></span> <span class='ocrx_word' id='word_1_241' title='bbox 1311 3681 1610 3746; x_wconf 89' lang='lat' dir='ltr'><strong>debuerim,</strong></span> <span class='ocrx_word' id='word_1_242' title='bbox 1645 3681 1689 3736; x_wconf 89' lang='lat' dir='ltr'><strong>si</strong></span> <span class='ocrx_word' id='word_1_243' title='bbox 1715 3696 1836 3737; x_wconf 90' lang='lat' dir='ltr'><strong>esse</strong></span> <span class='ocrx_word' id='word_1_244' title='bbox 1856 3685 1969 3737; x_wconf 89' lang='lat' dir='ltr'><strong>vel-</strong></span> 
     </span>
    </p>
   </div>
   <div class='ocr_carea' id='block_1_36' title="bbox 385 3772 1966 3847">
    <p class='ocr_par' dir='ltr' id='par_1_36' title="bbox 385 3772 1966 3847">
     <span class='ocr_line' id='line_1_36' title="bbox 385 3772 1966 3847; baseline -0.003 -16"><span class='ocrx_word' id='word_1_245' title='bbox 385 3776 493 3831; x_wconf 92' lang='lat' dir='ltr'><strong>lem</strong></span> <span class='ocrx_word' id='word_1_246' title='bbox 519 3775 863 3847; x_wconf 91' lang='lat' dir='ltr'><strong>epistolarum</strong></span> <span class='ocrx_word' id='word_1_247' title='bbox 876 3773 1201 3831; x_wconf 88' lang='lat' dir='ltr'><strong>solemnium</strong></span> <span class='ocrx_word' id='word_1_248' title='bbox 1223 3786 1376 3827; x_wconf 86' lang='lat' dir='ltr'><strong>more</strong></span> <span class='ocrx_word' id='word_1_249' title='bbox 1396 3779 1711 3829; x_wconf 89' lang='lat' dir='ltr'><strong>contentus:</strong></span> <span class='ocrx_word' id='word_1_250' title='bbox 1735 3772 1830 3827; x_wconf 89' lang='lat' dir='ltr'><strong>sed</strong></span> <span class='ocrx_word' id='word_1_251' title='bbox 1848 3787 1966 3827; x_wconf 87' lang='lat' dir='ltr'><strong>sca-</strong></span> 
     </span>
    </p>
   </div>
   <div class='ocr_carea' id='block_1_37' title="bbox 385 3852 1969 3939">
    <p class='ocr_par' dir='ltr' id='par_1_37' title="bbox 385 3852 1969 3939">
     <span class='ocr_line' id='line_1_37' title="bbox 385 3852 1969 3939; baseline -0.003 -16"><span class='ocrx_word' id='word_1_252' title='bbox 385 3876 461 3923; x_wconf 88' lang='lat' dir='ltr'><strong>tet</strong></span> <span class='ocrx_word' id='word_1_253' title='bbox 487 3869 693 3924; x_wconf 88' lang='lat' dir='ltr'><strong>animus</strong></span> <span class='ocrx_word' id='word_1_254' title='bbox 718 3868 773 3923; x_wconf 93' lang='lat' dir='ltr'><strong>in</strong></span> <span class='ocrx_word' id='word_1_255' title='bbox 794 3866 1032 3939; x_wconf 87' lang='lat' dir='ltr'><strong>loquelas</strong></span> <span class='ocrx_word' id='word_1_256' title='bbox 1057 3852 1534 3921; x_wconf 78' lang='lat' dir='ltr'><strong>communicandas</strong></span> <span class='ocrx_word' id='word_1_257' title='bbox 1561 3873 1736 3919; x_wconf 89' lang='lat' dir='ltr'><strong>tecum</strong></span> <span class='ocrx_word' id='word_1_258' title='bbox 1764 3864 1832 3920; x_wconf 91' lang='lat' dir='ltr'><strong>de</strong></span> <span class='ocrx_word' id='word_1_259' title='bbox 1856 3874 1969 3921; x_wconf 89' lang='lat' dir='ltr'><strong>stu-</strong></span> 
     </span>
    </p>
   </div>
   <div class='ocr_carea' id='block_1_38' title="bbox 383 3954 1968 4031">
    <p class='ocr_par' dir='ltr' id='par_1_38' title="bbox 383 3954 1968 4031">
     <span class='ocr_line' id='line_1_38' title="bbox 383 3954 1968 4031; baseline 0 -18"><span class='ocrx_word' id='word_1_260' title='bbox 383 3958 484 4014; x_wconf 85' lang='lat' dir='ltr'><strong>diis</strong></span> <span class='ocrx_word' id='word_1_261' title='bbox 511 3961 727 4025; x_wconf 88' lang='lat' dir='ltr'><strong>nostris,</strong></span> <span class='ocrx_word' id='word_1_262' title='bbox 757 3975 875 4031; x_wconf 72' lang='lat' dir='ltr'><strong>qua:</strong></span> <span class='ocrx_word' id='word_1_263' title='bbox 922 3957 1181 4013; x_wconf 88' lang='lat' dir='ltr'><strong>habemus</strong></span> <span class='ocrx_word' id='word_1_264' title='bbox 1224 3956 1279 4010; x_wconf 94' lang='lat' dir='ltr'><strong>in</strong></span> <span class='ocrx_word' id='word_1_265' title='bbox 1322 3954 1535 4011; x_wconf 87' lang='lat' dir='ltr'><strong>Christo</strong></span> <span class='ocrx_word' id='word_1_266' title='bbox 1561 3955 1691 4011; x_wconf 81' lang='lat' dir='ltr'><strong>Jesu</strong></span> <span class='ocrx_word' id='word_1_267' title='bbox 1740 3956 1968 4014; x_wconf 89' lang='lat' dir='ltr'><strong>Domino</strong></span> 
     </span>
    </p>
   </div>
   <div class='ocr_carea' id='block_1_39' title="bbox 385 4040 1965 4121">
    <p class='ocr_par' dir='ltr' id='par_1_39' title="bbox 385 4040 1965 4121">
     <span class='ocr_line' id='line_1_39' title="bbox 385 4040 1965 4121; baseline -0.002 -15"><span class='ocrx_word' id='word_1_268' title='bbox 385 4059 600 4118; x_wconf 90' lang='lat' dir='ltr'><strong>nostro;</strong></span> <span class='ocrx_word' id='word_1_269' title='bbox 629 4052 718 4121; x_wconf 92' lang='lat' dir='ltr'><strong>qui</strong></span> <span class='ocrx_word' id='word_1_270' title='bbox 746 4050 901 4106; x_wconf 90' lang='lat' dir='ltr'><strong>nobis</strong></span> <span class='ocrx_word' id='word_1_271' title='bbox 921 4049 1116 4104; x_wconf 90' lang='lat' dir='ltr'><strong>multas</strong></span> <span class='ocrx_word' id='word_1_272' title='bbox 1137 4046 1394 4103; x_wconf 88' lang='lat' dir='ltr'><strong>utilitates</strong></span> <span class='ocrx_word' id='word_1_273' title='bbox 1422 4054 1477 4101; x_wconf 89' lang='lat' dir='ltr'><strong>et</strong></span> <span class='ocrx_word' id='word_1_274' title='bbox 1501 4040 1690 4101; x_wconf 87' lang='lat' dir='ltr'><strong>viatica</strong></span> <span class='ocrx_word' id='word_1_275' title='bbox 1720 4046 1965 4119; x_wconf 79' lang='lat' dir='ltr'><strong>quaedam</strong></span> 
     </span>
    </p>
   </div>
   <div class='ocr_carea' id='block_1_40' title="bbox 386 4136 1968 4215">
    <p class='ocr_par' dir='ltr' id='par_1_40' title="bbox 386 4136 1968 4215">
     <span class='ocr_line' id='line_1_40' title="bbox 386 4136 1968 4215; baseline -0.003 -18"><span class='ocrx_word' id='word_1_276' title='bbox 386 4143 738 4215; x_wconf 86' lang='lat' dir='ltr'><strong>demonstrati</strong></span> <span class='ocrx_word' id='word_1_277' title='bbox 766 4158 797 4197; x_wconf 90' lang='lat' dir='ltr'><strong>a</strong></span> <span class='ocrx_word' id='word_1_278' title='bbox 825 4158 886 4198; x_wconf 84' lang='lat' dir='ltr'><strong>se</strong></span> <span class='ocrx_word' id='word_1_279' title='bbox 912 4142 1139 4207; x_wconf 90' lang='lat' dir='ltr'><strong>itineris,</strong></span> <span class='ocrx_word' id='word_1_280' title='bbox 1168 4140 1331 4195; x_wconf 88' lang='lat' dir='ltr'><strong>etiam</strong></span> <span class='ocrx_word' id='word_1_281' title='bbox 1363 4136 1457 4211; x_wconf 84' lang='lat' dir='ltr'><strong>[aL</strong></span> <span class='ocrx_word' id='word_1_282' title='bbox 1487 4139 1849 4194; x_wconf 82' lang='lat' dir='ltr'><strong>demonstravit</strong></span> <span class='ocrx_word' id='word_1_283' title='bbox 1884 4140 1968 4194; x_wconf 81' lang='lat' dir='ltr'><strong>iti-</strong></span> 
     </span>
    </p>
   </div>
   <div class='ocr_carea' id='block_1_41' title="bbox 385 4230 1969 4307">
    <p class='ocr_par' dir='ltr' id='par_1_41' title="bbox 385 4230 1969 4307">
     <span class='ocr_line' id='line_1_41' title="bbox 385 4230 1969 4307; baseline 0.001 -20"><span class='ocrx_word' id='word_1_284' title='bbox 385 4233 551 4299; x_wconf 80' lang='lat' dir='ltr'><strong>ueris;</strong></span> <span class='ocrx_word' id='word_1_285' title='bbox 594 4244 641 4289; x_wconf 84' lang='lat' dir='ltr'><strong>et</strong></span> <span class='ocrx_word' id='word_1_286' title='bbox 676 4233 839 4307; x_wconf 71' lang='lat' dir='ltr'><strong>jam]</strong></span> <span class='ocrx_word' id='word_1_287' title='bbox 866 4250 959 4304; x_wconf 90' lang='lat' dir='ltr'><strong>per</strong></span> <span class='ocrx_word' id='word_1_288' title='bbox 986 4244 1129 4289; x_wconf 87' lang='lat' dir='ltr'><strong>tuam</strong></span> <span class='ocrx_word' id='word_1_289' title='bbox 1156 4230 1432 4286; x_wconf 81' lang='lat' dir='ltr'><strong>caritatem</strong></span> <span class='ocrx_word' id='word_1_290' title='bbox 1478 4245 1583 4287; x_wconf 91' lang='lat' dir='ltr'><strong>non</strong></span> <span class='ocrx_word' id='word_1_291' title='bbox 1622 4231 1969 4289; x_wconf 90' lang='lat' dir='ltr'><strong>mediocriter</strong></span> 
     </span>
    </p>
   </div>
   <div class='ocr_carea' id='block_1_42' title="bbox 385 4325 1039 4397">
    <p class='ocr_par' dir='ltr' id='par_1_42' title="bbox 385 4325 1039 4397">
     <span class='ocr_line' id='line_1_42' title="bbox 385 4325 1039 4397; baseline -0.002 -17"><span class='ocrx_word' id='word_1_292' title='bbox 385 4326 688 4382; x_wconf 82' lang='lat' dir='ltr'><strong>ministrare</strong></span> <span class='ocrx_word' id='word_1_293' title='bbox 716 4325 981 4397; x_wconf 82' lang='lat' dir='ltr'><strong>dignatur.</strong></span> <span class='ocrx_word' id='word_1_294' title='bbox 1019 4346 1039 4379; x_wconf 75' lang='grc' dir='ltr'><strong><em>ι</em></strong></span> 
     </span>
    </p>
   </div>
   <div class='ocr_carea' id='block_1_43' title="bbox 454 4421 1965 4495">
    <p class='ocr_par' dir='ltr' id='par_1_43' title="bbox 454 4421 1965 4495">
     <span class='ocr_line' id='line_1_43' title="bbox 454 4421 1965 4495; baseline 0.002 -20"><span class='ocrx_word' id='word_1_295' title='bbox 454 4421 509 4475; x_wconf 79' lang='grc'><strong>2.</strong></span> <span class='ocrx_word' id='word_1_296' title='bbox 541 4442 561 4475; x_wconf 77' lang='grc' dir='ltr'>ι</span> <span class='ocrx_word' id='word_1_297' title='bbox 590 4424 825 4479; x_wconf 82' lang='lat' dir='ltr'><strong>Petimus</strong></span> <span class='ocrx_word' id='word_1_298' title='bbox 848 4440 996 4495; x_wconf 82' lang='lat' dir='ltr'><strong>ergo,</strong></span> <span class='ocrx_word' id='word_1_299' title='bbox 1020 4434 1073 4480; x_wconf 94' lang='lat' dir='ltr'><strong>et</strong></span> <span class='ocrx_word' id='word_1_300' title='bbox 1093 4424 1368 4480; x_wconf 83' lang='lat' dir='ltr'><strong>nobiscum</strong></span> <span class='ocrx_word' id='word_1_301' title='bbox 1400 4424 1531 4495; x_wconf 85' lang='lat' dir='ltr'><strong>petit</strong></span> <span class='ocrx_word' id='word_1_302' title='bbox 1550 4424 1728 4481; x_wconf 89' lang='lat' dir='ltr'><strong>omnis</strong></span> <span class='ocrx_word' id='word_1_303' title='bbox 1753 4422 1965 4481; x_wconf 81' lang='lat' dir='ltr'><strong>Africa—</strong></span> 
     </span>
    </p>
   </div>
   <div class='ocr_carea' id='block_1_44' title="bbox 451 4577 1901 4645">
    <p class='ocr_par' dir='ltr' id='par_1_44' title="bbox 451 4577 1901 4645">
     <span class='ocr_line' id='line_1_44' title="bbox 451 4577 1901 4645; baseline -0.001 -13"><span class='ocrx_word' id='word_1_304' title='bbox 451 4581 523 4645; x_wconf 75' lang='grc' dir='ltr'><strong>(ᾳ)</strong></span> <span class='ocrx_word' id='word_1_305' title='bbox 560 4581 688 4645; x_wconf 58' lang='grc' dir='ltr'><strong>έιίαδ</strong></span> <span class='ocrx_word' id='word_1_306' title='bbox 709 4581 788 4631; x_wconf 81' lang='lat'><strong>86.</strong></span> <span class='ocrx_word' id='word_1_307' title='bbox 805 4579 992 4645; x_wconf 70' lang='lat' dir='ltr'><strong>scripta</strong></span> <span class='ocrx_word' id='word_1_308' title='bbox 1325 4579 1435 4645; x_wconf 58' lang='grc'><strong>594,</strong></span> <span class='ocrx_word' id='word_1_309' title='bbox 1462 4579 1668 4645; x_wconf 85' lang='lat' dir='ltr'><strong>sed</strong></span> <span class='ocrx_word' id='word_1_310' title='bbox 1687 4577 1901 4645; x_wconf 70' lang='lat' dir='ltr'><strong>reddita.</strong></span> 
     </span>
    </p>
   </div>
   <div class='ocr_carea' id='block_1_45' title="bbox 452 4642 1965 4706">
    <p class='ocr_par' dir='ltr' id='par_1_45' title="bbox 452 4642 1965 4706">
     <span class='ocr_line' id='line_1_45' title="bbox 452 4642 1965 4706; baseline -0.001 -14"><span class='ocrx_word' id='word_1_311' title='bbox 452 4642 527 4706; x_wconf 70' lang='grc' dir='ltr'><strong>(ὁ)</strong></span> <span class='ocrx_word' id='word_1_312' title='bbox 557 4643 895 4695; x_wconf 87' lang='lat' dir='ltr'><strong>Cisterciensis</strong></span> <span class='ocrx_word' id='word_1_313' title='bbox 913 4642 1020 4706; x_wconf 58' lang='lat' dir='ltr'><strong>&#39;Ms.</strong></span> <span class='ocrx_word' id='word_1_314' title='bbox 1047 4642 1379 4706; x_wconf 77' lang='lat' dir='ltr'><strong>referentibus</strong></span> <span class='ocrx_word' id='word_1_315' title='bbox 1398 4642 1739 4706; x_wconf 78' lang='lat' dir='ltr'><strong>Benedictinis</strong></span> <span class='ocrx_word' id='word_1_316' title='bbox 1763 4642 1965 4706; x_wconf 75' lang='lat' dir='ltr'><strong>editori-</strong></span> 
     </span>
    </p>
   </div>
   <div class='ocr_carea' id='block_1_46' title="bbox 386 4703 1967 4767">
    <p class='ocr_par' dir='ltr' id='par_1_46' title="bbox 386 4703 1967 4767">
     <span class='ocr_line' id='line_1_46' title="bbox 386 4703 1967 4767; baseline 0.001 -15"><span class='ocrx_word' id='word_1_317' title='bbox 386 4703 477 4755; x_wconf 84' lang='lat' dir='ltr'><strong>bus</strong></span> <span class='ocrx_word' id='word_1_318' title='bbox 501 4703 563 4756; x_wconf 49' lang='lat' dir='ltr'><strong>&#39;S.</strong></span> <span class='ocrx_word' id='word_1_319' title='bbox 595 4708 871 4767; x_wconf 79' lang='lat' dir='ltr'><strong>Augustini,</strong></span> <span class='ocrx_word' id='word_1_320' title='bbox 904 4721 928 4751; x_wconf 73' lang='grc' dir='ltr'>ι</span> <span class='ocrx_word' id='word_1_321' title='bbox 949 4704 1253 4767; x_wconf 76' lang='lat' dir='ltr'><strong>observando</strong></span> <span class='ocrx_word' id='word_1_322' title='bbox 1284 4712 1447 4767; x_wconf 84' lang='lat' dir='ltr'><strong>atque</strong></span> <span class='ocrx_word' id='word_1_323' title='bbox 1461 4704 1825 4767; x_wconf 77' lang='lat' dir='ltr'><strong>subsequendo,</strong></span> <span class='ocrx_word' id='word_1_324' title='bbox 1865 4717 1967 4753; x_wconf 83' lang='lat' dir='ltr'><strong>ma-</strong></span> 
     </span>
    </p>
   </div>
   <div class='ocr_carea' id='block_1_47' title="bbox 386 4764 1969 4879">
    <p class='ocr_par' dir='ltr' id='par_1_47' title="bbox 386 4764 1969 4879">
     <span class='ocr_line' id='line_1_47' title="bbox 386 4764 1969 4879; baseline -0.001 -63"><span class='ocrx_word' id='word_1_325' title='bbox 386 4769 558 4879; x_wconf 47' lang='lat' dir='ltr'><strong>gistre</strong></span> <span class='ocrx_word' id='word_1_326' title='bbox 581 4764 946 4830; x_wconf 64' lang='lat' dir='ltr'><strong>amplecteudo;</strong></span> <span class='ocrx_word' id='word_1_327' title='bbox 961 4775 1054 4815; x_wconf 87' lang='lat' dir='ltr'><strong>etc.</strong></span> <span class='ocrx_word' id='word_1_328' title='bbox 1081 4766 1132 4814; x_wconf 91' lang='lat' dir='ltr'><strong>in</strong></span> <span class='ocrx_word' id='word_1_329' title='bbox 1155 4764 1610 4814; x_wconf 46' lang='lat' dir='ltr'><strong>Domino—salutem.</strong></span> <span class='ocrx_word' id='word_1_330' title='bbox 1628 4764 1657 4809; x_wconf 64' lang='grc' dir='ltr'><strong>3ο</strong></span> <span class='ocrx_word' id='word_1_331' title='bbox 1688 4764 1827 4816; x_wconf 86' lang='lat' dir='ltr'><strong>Unus</strong></span> <span class='ocrx_word' id='word_1_332' title='bbox 1848 4779 1969 4816; x_wconf 85' lang='lat' dir='ltr'><strong>vero</strong></span> 
     </span>
     <span class='ocr_line' id='line_1_48' title="bbox 424 4825 1965 4879; baseline 0.001 -3"><span class='ocrx_word' id='word_1_333' title='bbox 424 4843 478 4876; x_wconf 88' lang='lat' dir='ltr'><strong>or</strong></span> <span class='ocrx_word' id='word_1_334' title='bbox 517 4829 711 4879; x_wconf 84' lang='lat' dir='ltr'><strong>eiensis.</strong></span> <span class='ocrx_word' id='word_1_335' title='bbox 743 4842 898 4879; x_wconf 85' lang='lat' dir='ltr'><strong>nenes</strong></span> <span class='ocrx_word' id='word_1_336' title='bbox 927 4828 1277 4879; x_wconf 73' lang='lat' dir='ltr'><strong>Martianzeum.</strong></span> <span class='ocrx_word' id='word_1_337' title='bbox 1307 4827 1356 4874; x_wconf 86' lang='lat' dir='ltr'><strong>in</strong></span> <span class='ocrx_word' id='word_1_338' title='bbox 1380 4827 1494 4879; x_wconf 78' lang='lat' dir='ltr'><strong>line.</strong></span> <span class='ocrx_word' id='word_1_339' title='bbox 1536 4825 1824 4879; x_wconf 70' lang='lat' dir='ltr'><strong>Augustinus</strong></span> <span class='ocrx_word' id='word_1_340' title='bbox 1846 4837 1965 4878; x_wconf 74' lang='lat' dir='ltr'><strong>Pre-</strong></span> 
     </span>
    </p>
   </div>
   <div class='ocr_carea' id='block_1_48' title="bbox 424 4825 1965 4892">
    <p class='ocr_par' dir='ltr' id='par_1_48' title="bbox 424 4825 1965 4892">
     <span class='ocr_line' id='line_1_49' title="bbox 424 4825 1965 4892; baseline 0.001 -16"><span class='ocrx_word' id='word_1_341' title='bbox 424 4825 711 4892; x_wconf 57' lang='lat' dir='ltr'><strong>orbeiensi&#39;s,</strong></span> <span class='ocrx_word' id='word_1_342' title='bbox 743 4842 898 4892; x_wconf 82' lang='lat' dir='ltr'><strong>penes</strong></span> <span class='ocrx_word' id='word_1_343' title='bbox 927 4828 1277 4892; x_wconf 67' lang='lat' dir='ltr'><strong>Martianzeuut,</strong></span> <span class='ocrx_word' id='word_1_344' title='bbox 1307 4827 1356 4874; x_wconf 87' lang='lat' dir='ltr'><strong>in</strong></span> <span class='ocrx_word' id='word_1_345' title='bbox 1380 4827 1501 4892; x_wconf 73' lang='lat' dir='ltr'><strong>line,</strong></span> <span class='ocrx_word' id='word_1_346' title='bbox 1536 4825 1824 4891; x_wconf 56' lang='lat' dir='ltr'><strong>Augustulus</strong></span> <span class='ocrx_word' id='word_1_347' title='bbox 1846 4837 1965 4878; x_wconf 73' lang='lat' dir='ltr'><strong>Pre-</strong></span> 
     </span>
    </p>
   </div>
   <div class='ocr_carea' id='block_1_49' title="bbox 385 4886 1604 4959">
    <p class='ocr_par' dir='ltr' id='par_1_49' title="bbox 385 4886 1604 4959">
     <span class='ocr_line' id='line_1_50' title="bbox 385 4886 1604 4959; baseline -0.003 -21"><span class='ocrx_word' id='word_1_348' title='bbox 385 4889 681 4959; x_wconf 51' lang='lat' dir='ltr'><strong>sbyter-zona</strong></span> <span class='ocrx_word' id='word_1_349' title='bbox 699 4886 762 4959; x_wconf 77' lang='lat' dir='ltr'><strong>de</strong></span> <span class='ocrx_word' id='word_1_350' title='bbox 786 4904 842 4940; x_wconf 90' lang='lat' dir='ltr'><strong>re</strong></span> <span class='ocrx_word' id='word_1_351' title='bbox 861 4892 1031 4959; x_wconf 70' lang='lat' dir='ltr'><strong>confer</strong></span> <span class='ocrx_word' id='word_1_352' title='bbox 1050 4889 1199 4959; x_wconf 55' lang='lat' dir='ltr'><strong>Nonis</strong></span> <span class='ocrx_word' id='word_1_353' title='bbox 1217 4886 1604 4959; x_wconf 72' lang='lat' dir='ltr'><strong>Chronologicas.</strong></span> 
     </span>
    </p>
   </div>
   <div class='ocr_carea' id='block_1_50' title="bbox 451 4947 1964 5015">
    <p class='ocr_par' dir='ltr' id='par_1_50' title="bbox 451 4947 1964 5015">
     <span class='ocr_line' id='line_1_51' title="bbox 451 4947 1964 5015; baseline -0.001 -14"><span class='ocrx_word' id='word_1_354' title='bbox 451 4947 519 5015; x_wconf 66' lang='lat' dir='ltr'><strong>&#39;(c)</strong></span> <span class='ocrx_word' id='word_1_355' title='bbox 548 4947 788 5003; x_wconf 75' lang='lat' dir='ltr'><strong>Victorius</strong></span> <span class='ocrx_word' id='word_1_356' title='bbox 824 4965 996 5002; x_wconf 79' lang='lat' dir='ltr'><strong>munus</strong></span> <span class='ocrx_word' id='word_1_357' title='bbox 1018 4951 1159 5015; x_wconf 77' lang='lat' dir='ltr'><strong>legit,</strong></span> <span class='ocrx_word' id='word_1_358' title='bbox 1182 4961 1329 5011; x_wconf 87' lang='lat' dir='ltr'><strong>quam</strong></span> <span class='ocrx_word' id='word_1_359' title='bbox 1352 4947 1618 5015; x_wconf 78' lang='lat' dir='ltr'><strong>lectionem</strong></span> <span class='ocrx_word' id='word_1_360' title='bbox 1640 4950 1710 4997; x_wconf 89' lang='lat' dir='ltr'><strong>sic</strong></span> <span class='ocrx_word' id='word_1_361' title='bbox 1737 4947 1964 5011; x_wconf 81' lang='lat' dir='ltr'><strong>explicat,</strong></span> 
     </span>
    </p>
   </div>
   <div class='ocr_carea' id='block_1_51' title="bbox 386 5010 1968 5076">
    <p class='ocr_par' dir='ltr' id='par_1_51' title="bbox 386 5010 1968 5076">
     <span class='ocr_line' id='line_1_52' title="bbox 386 5010 1968 5076; baseline -0.001 -14"><span class='ocrx_word' id='word_1_362' title='bbox 386 5022 442 5062; x_wconf 88' lang='lat' dir='ltr'><strong>ut</strong></span> <span class='ocrx_word' id='word_1_363' title='bbox 454 5010 723 5076; x_wconf 64' lang='lat' dir='ltr'><strong>praesentia</strong></span> <span class='ocrx_word' id='word_1_364' title='bbox 739 5017 972 5076; x_wconf 85' lang='lat' dir='ltr'><strong>corporis,</strong></span> <span class='ocrx_word' id='word_1_365' title='bbox 989 5010 1192 5076; x_wconf 73' lang='lat' dir='ltr'><strong>alterius</strong></span> <span class='ocrx_word' id='word_1_366' title='bbox 1204 5010 1391 5076; x_wconf 75' lang='lat' dir='ltr'><strong>tantum</strong></span> <span class='ocrx_word' id='word_1_367' title='bbox 1407 5010 1565 5059; x_wconf 86' lang='lat' dir='ltr'><strong>relatu</strong></span> <span class='ocrx_word' id='word_1_368' title='bbox 1587 5010 1823 5073; x_wconf 86' lang='lat' dir='ltr'><strong>percepta</strong></span> <span class='ocrx_word' id='word_1_369' title='bbox 1839 5045 1854 5070; x_wconf 90' lang='lat'><strong>,</strong></span> <span class='ocrx_word' id='word_1_370' title='bbox 1880 5024 1968 5075; x_wconf 88' lang='lat' dir='ltr'><strong>pro</strong></span> 
     </span>
    </p>
   </div>
   <div class='ocr_carea' id='block_1_52' title="bbox 389 5071 1563 5138">
    <p class='ocr_par' dir='ltr' id='par_1_52' title="bbox 389 5071 1563 5138">
     <span class='ocr_line' id='line_1_53' title="bbox 389 5071 1563 5138; baseline -0.004 -15"><span class='ocrx_word' id='word_1_371' title='bbox 389 5071 570 5138; x_wconf 72' lang='lat' dir='ltr'><strong>exiguo</strong></span> <span class='ocrx_word' id='word_1_372' title='bbox 590 5089 800 5125; x_wconf 90' lang='lat' dir='ltr'><strong>munere</strong></span> <span class='ocrx_word' id='word_1_373' title='bbox 824 5071 933 5125; x_wconf 84' lang='lat' dir='ltr'><strong>iteic</strong></span> <span class='ocrx_word' id='word_1_374' title='bbox 954 5071 1017 5138; x_wconf 79' lang='lat' dir='ltr'><strong>sit</strong></span> <span class='ocrx_word' id='word_1_375' title='bbox 1037 5071 1334 5138; x_wconf 72' lang='lat' dir='ltr'><strong>accipienda.</strong></span> <span class='ocrx_word' id='word_1_376' title='bbox 1456 5133 1469 5138; x_wconf 88' lang='lat'><em>_</em></span> <span class='ocrx_word' id='word_1_377' title='bbox 1559 5081 1563 5085; x_wconf 78' lang='lat'><strong>&#39;</strong></span> 
     </span>
    </p>
   </div>
   <div class='ocr_carea' id='block_1_53' title="bbox 454 5132 1968 5202">
    <p class='ocr_par' dir='ltr' id='par_1_53' title="bbox 454 5132 1968 5202">
     <span class='ocr_line' id='line_1_54' title="bbox 454 5132 1968 5202; baseline -0.003 -15"><span class='ocrx_word' id='word_1_378' title='bbox 454 5132 529 5201; x_wconf 69' lang='grc' dir='ltr'><strong>(ἃ)</strong></span> <span class='ocrx_word' id='word_1_379' title='bbox 565 5138 770 5202; x_wconf 79' lang='lat' dir='ltr'><strong>Alypius</strong></span> <span class='ocrx_word' id='word_1_380' title='bbox 805 5150 884 5202; x_wconf 85' lang='lat' dir='ltr'><strong>an.</strong></span> <span class='ocrx_word' id='word_1_381' title='bbox 922 5136 1032 5202; x_wconf 62' lang='lat'><strong>594.</strong></span> <span class='ocrx_word' id='word_1_382' title='bbox 1058 5132 1155 5184; x_wconf 82' lang='lat' dir='ltr'><strong>hoc</strong></span> <span class='ocrx_word' id='word_1_383' title='bbox 1171 5147 1354 5194; x_wconf 81' lang='lat' dir='ltr'><strong>nempe</strong></span> <span class='ocrx_word' id='word_1_384' title='bbox 1379 5133 1573 5202; x_wconf 63' lang='lat' dir='ltr'><strong>eodem,</strong></span> <span class='ocrx_word' id='word_1_385' title='bbox 1597 5146 1696 5196; x_wconf 86' lang='lat' dir='ltr'><strong>quo</strong></span> <span class='ocrx_word' id='word_1_386' title='bbox 1721 5132 1827 5202; x_wconf 60' lang='lat' dir='ltr'><strong>haec</strong></span> <span class='ocrx_word' id='word_1_387' title='bbox 1845 5134 1968 5202; x_wconf 77' lang='lat' dir='ltr'><strong>scri-</strong></span> 
     </span>
    </p>
   </div>
   <div class='ocr_carea' id='block_1_54' title="bbox 389 5194 1968 5262">
    <p class='ocr_par' dir='ltr' id='par_1_54' title="bbox 389 5194 1968 5262">
     <span class='ocr_line' id='line_1_55' title="bbox 389 5194 1968 5262; baseline -0.001 -14"><span class='ocrx_word' id='word_1_388' title='bbox 389 5194 542 5261; x_wconf 81' lang='lat' dir='ltr'><strong>psisse</strong></span> <span class='ocrx_word' id='word_1_389' title='bbox 571 5194 786 5251; x_wconf 71' lang='lat' dir='ltr'><strong>creditur</strong></span> <span class='ocrx_word' id='word_1_390' title='bbox 822 5200 1154 5262; x_wconf 74' lang='lat' dir='ltr'><strong>Augustinus,</strong></span> <span class='ocrx_word' id='word_1_391' title='bbox 1192 5204 1388 5261; x_wconf 89' lang='lat' dir='ltr'><strong>creatus</strong></span> <span class='ocrx_word' id='word_1_392' title='bbox 1423 5203 1501 5246; x_wconf 84' lang='lat' dir='ltr'><strong>est</strong></span> <span class='ocrx_word' id='word_1_393' title='bbox 1521 5194 1743 5258; x_wconf 65' lang='lat' dir='ltr'><strong>Tagastae</strong></span> <span class='ocrx_word' id='word_1_394' title='bbox 1765 5194 1968 5259; x_wconf 81' lang='lat' dir='ltr'><strong>Episco-</strong></span> 
     </span>
    </p>
   </div>
   <div class='ocr_carea' id='block_1_55' title="bbox 388 5274 1971 5389">
    <p class='ocr_par' dir='ltr' id='par_1_55' title="bbox 388 5274 1971 5389">
     <span class='ocr_line' id='line_1_56' title="bbox 388 5274 1971 5389; baseline -0.003 -15"><span class='ocrx_word' id='word_1_395' title='bbox 388 5274 521 5387; x_wconf 59' lang='grc' dir='ltr'><strong>Ρυῗὲ)</strong></span> <span class='ocrx_word' id='word_1_396' title='bbox 556 5322 698 5389; x_wconf 70' lang='lat' dir='ltr'><strong>Haud</strong></span> <span class='ocrx_word' id='word_1_397' title='bbox 722 5323 854 5372; x_wconf 90' lang='lat' dir='ltr'><strong>bene</strong></span> <span class='ocrx_word' id='word_1_398' title='bbox 873 5321 1182 5389; x_wconf 67' lang='lat' dir='ltr'><strong>Martianteus</strong></span> <span class='ocrx_word' id='word_1_399' title='bbox 1196 5318 1335 5389; x_wconf 77' lang='lat' dir='ltr'><strong>juxta</strong></span> <span class='ocrx_word' id='word_1_400' title='bbox 1358 5318 1665 5389; x_wconf 79' lang='lat' dir='ltr'><strong>Erasmianos</strong></span> <span class='ocrx_word' id='word_1_401' title='bbox 1686 5319 1897 5389; x_wconf 76' lang='lat' dir='ltr'><strong>codices,</strong></span> <span class='ocrx_word' id='word_1_402' title='bbox 1917 5319 1971 5370; x_wconf 81' lang='lat' dir='ltr'><strong>in</strong></span> 
     </span>
    </p>
   </div>
   <div class='ocr_carea' id='block_1_56' title="bbox 390 5381 1969 5446">
    <p class='ocr_par' dir='ltr' id='par_1_56' title="bbox 390 5381 1969 5446">
     <span class='ocr_line' id='line_1_57' title="bbox 390 5381 1969 5446; baseline -0.002 -13"><span class='ocrx_word' id='word_1_403' title='bbox 390 5381 537 5435; x_wconf 69' lang='lat' dir='ltr'><strong>unum</strong></span> <span class='ocrx_word' id='word_1_404' title='bbox 548 5383 765 5444; x_wconf 80' lang='lat' dir='ltr'><strong>nitimur,</strong></span> <span class='ocrx_word' id='word_1_405' title='bbox 803 5384 933 5446; x_wconf 92' lang='lat' dir='ltr'><strong>quod</strong></span> <span class='ocrx_word' id='word_1_406' title='bbox 956 5381 1196 5446; x_wconf 75' lang='lat' dir='ltr'><strong>Victorius</strong></span> <span class='ocrx_word' id='word_1_407' title='bbox 1208 5381 1433 5441; x_wconf 82' lang='lat' dir='ltr'><strong>castigat,</strong></span> <span class='ocrx_word' id='word_1_408' title='bbox 1460 5381 1629 5438; x_wconf 87' lang='lat' dir='ltr'><strong>verbo,</strong></span> <span class='ocrx_word' id='word_1_409' title='bbox 1654 5386 1709 5430; x_wconf 87' lang='lat' dir='ltr'><strong>ut</strong></span> <span class='ocrx_word' id='word_1_410' title='bbox 1730 5381 1815 5441; x_wconf 89' lang='lat' dir='ltr'><strong>ait,</strong></span> <span class='ocrx_word' id='word_1_411' title='bbox 1833 5395 1969 5431; x_wconf 89' lang='lat' dir='ltr'><strong>eom-</strong></span> 
     </span>
    </p>
   </div>
   <div class='ocr_carea' id='block_1_57' title="bbox 390 5443 1175 5508">
    <p class='ocr_par' dir='ltr' id='par_1_57' title="bbox 390 5443 1175 5508">
     <span class='ocr_line' id='line_1_58' title="bbox 390 5443 1175 5508; baseline -0.006 -15"><span class='ocrx_word' id='word_1_412' title='bbox 390 5447 631 5497; x_wconf 89' lang='lat' dir='ltr'><strong>munionis</strong></span> <span class='ocrx_word' id='word_1_413' title='bbox 650 5446 809 5508; x_wconf 82' lang='lat' dir='ltr'><strong>magis</strong></span> <span class='ocrx_word' id='word_1_414' title='bbox 820 5443 1175 5508; x_wconf 72' lang='lat' dir='ltr'><strong>respondente.</strong></span> 
     </span>
    </p>
   </div>
   <div class='ocr_carea' id='block_1_58' title="bbox 457 5499 1968 5571">
    <p class='ocr_par' dir='ltr' id='par_1_58' title="bbox 457 5499 1968 5571">
     <span class='ocr_line' id='line_1_59' title="bbox 457 5499 1968 5571; baseline -0.002 -14"><span class='ocrx_word' id='word_1_415' title='bbox 457 5508 518 5571; x_wconf 80' lang='lat' dir='ltr'><em>(ﬂ</em></span> <span class='ocrx_word' id='word_1_416' title='bbox 536 5499 845 5571; x_wconf 58' lang='lat' dir='ltr'><strong>Profuturus</strong></span> <span class='ocrx_word' id='word_1_417' title='bbox 866 5499 962 5555; x_wconf 77' lang='lat' dir='ltr'><strong>isie</strong></span> <span class='ocrx_word' id='word_1_418' title='bbox 994 5516 1103 5571; x_wconf 82' lang='lat' dir='ltr'><strong>cum</strong></span> <span class='ocrx_word' id='word_1_419' title='bbox 1136 5502 1230 5551; x_wconf 89' lang='lat' dir='ltr'><strong>iter</strong></span> <span class='ocrx_word' id='word_1_420' title='bbox 1251 5502 1304 5571; x_wconf 82' lang='lat' dir='ltr'><strong>in</strong></span> <span class='ocrx_word' id='word_1_421' title='bbox 1331 5499 1640 5571; x_wconf 66' lang='lat' dir='ltr'><strong>Palaestinam</strong></span> <span class='ocrx_word' id='word_1_422' title='bbox 1663 5503 1968 5571; x_wconf 63' lang='lat' dir='ltr'><strong>aggredere-</strong></span> 
     </span>
    </p>
   </div>
   <div class='ocr_carea' id='block_1_59' title="bbox 390 5562 1972 5632">
    <p class='ocr_par' dir='ltr' id='par_1_59' title="bbox 390 5562 1972 5632">
     <span class='ocr_line' id='line_1_60' title="bbox 390 5562 1972 5632; baseline -0.001 -16"><span class='ocrx_word' id='word_1_423' title='bbox 390 5562 509 5632; x_wconf 48' lang='lat' dir='ltr'><strong>tur;</strong></span> <span class='ocrx_word' id='word_1_424' title='bbox 523 5570 700 5621; x_wconf 69' lang='lat' dir='ltr'><strong>Cirthae</strong></span> <span class='ocrx_word' id='word_1_425' title='bbox 722 5568 990 5632; x_wconf 81' lang='lat' dir='ltr'><strong>EpiseOpus</strong></span> <span class='ocrx_word' id='word_1_426' title='bbox 997 5567 1169 5632; x_wconf 85' lang='lat' dir='ltr'><strong>jussus</strong></span> <span class='ocrx_word' id='word_1_427' title='bbox 1191 5568 1300 5632; x_wconf 58' lang='lat' dir='ltr'><strong>est,</strong></span> <span class='ocrx_word' id='word_1_428' title='bbox 1321 5571 1372 5611; x_wconf 89' lang='lat' dir='ltr'><strong>et</strong></span> <span class='ocrx_word' id='word_1_429' title='bbox 1394 5562 1535 5624; x_wconf 85' lang='lat' dir='ltr'><strong>paulo</strong></span> <span class='ocrx_word' id='word_1_430' title='bbox 1559 5572 1664 5625; x_wconf 81' lang='lat' dir='ltr'><strong>post</strong></span> <span class='ocrx_word' id='word_1_431' title='bbox 1680 5562 1821 5632; x_wconf 67' lang='lat' dir='ltr'><strong>obiit.</strong></span> <span class='ocrx_word' id='word_1_432' title='bbox 1844 5566 1972 5616; x_wconf 84' lang='lat' dir='ltr'><strong>Hinc</strong></span> 
     </span>
    </p>
   </div>
   <div class='ocr_carea' id='block_1_60' title="bbox 390 5622 1970 5696">
    <p class='ocr_par' dir='ltr' id='par_1_60' title="bbox 390 5622 1970 5696">
     <span class='ocr_line' id='line_1_61' title="bbox 390 5622 1970 5696; baseline -0.001 -19"><span class='ocrx_word' id='word_1_433' title='bbox 390 5627 441 5677; x_wconf 90' lang='lat' dir='ltr'><strong>S.</strong></span> <span class='ocrx_word' id='word_1_434' title='bbox 466 5622 877 5696; x_wconf 57' lang='lat' dir='ltr'><strong>liiet&#39;onymo&#39;non</strong></span> <span class='ocrx_word' id='word_1_435' title='bbox 900 5622 978 5678; x_wconf 80' lang='lat' dir='ltr'><strong>est</strong></span> <span class='ocrx_word' id='word_1_436' title='bbox 994 5622 1105 5696; x_wconf 67' lang='lat' dir='ltr'><strong>itaet}</strong></span> <span class='ocrx_word' id='word_1_437' title='bbox 1128 5622 1331 5696; x_wconf 66' lang='lat' dir='ltr'><strong>epistola</strong></span> <span class='ocrx_word' id='word_1_438' title='bbox 1356 5622 1418 5672; x_wconf 74' lang='lat' dir='ltr'><strong>eo</strong></span> <span class='ocrx_word' id='word_1_439' title='bbox 1440 5622 1662 5696; x_wconf 79' lang='lat' dir='ltr'><strong>tempore</strong></span> <span class='ocrx_word' id='word_1_440' title='bbox 1684 5626 1970 5696; x_wconf 5' lang='lat' dir='ltr'><strong>reddgitaJ-ut</strong></span> 
     </span>
    </p>
   </div>
   <div class='ocr_carea' id='block_1_61' title="bbox 393 5664 1969 5756">
    <p class='ocr_par' dir='ltr' id='par_1_61' title="bbox 393 5664 1969 5756">
     <span class='ocr_line' id='line_1_62' title="bbox 393 5664 1969 5756; baseline 0 0"><span class='ocrx_word' id='word_1_441' title='bbox 393 5664 1283 5756; x_wconf 58' lang='grc' dir='ltr'><strong>δὲ’ἑὲῖ“ῧι“ῑῖ·ἱι“ἷεῗὲἓ”μεὶἷσεῖὲξυεῖξειξξ</strong></span> <span class='ocrx_word' id='word_1_442' title='bbox 1300 5664 1969 5756; x_wconf 49' lang='grc' dir='ltr'><strong>Αυξυειέειῖὣῖιεεῖιῖιῖέῗιῑίὲῖ</strong></span> 
     </span>
    </p>
   </div>
   <div class='ocr_carea' id='block_1_62' title="bbox 389 5743 1969 5815">
    <p class='ocr_par' dir='ltr' id='par_1_62' title="bbox 389 5743 1969 5815">
     <span class='ocr_line' id='line_1_63' title="bbox 389 5743 1969 5815; baseline 0.001 -16"><span class='ocrx_word' id='word_1_443' title='bbox 389 5743 579 5815; x_wconf 56' lang='lat' dir='ltr'><strong>{uiuere</strong></span> <span class='ocrx_word' id='word_1_444' title='bbox 596 5766 762 5805; x_wconf 84' lang='lat' dir='ltr'><strong>autem</strong></span> <span class='ocrx_word' id='word_1_445' title='bbox 784 5752 928 5815; x_wconf 83' lang='lat' dir='ltr'><strong>hujus</strong></span> <span class='ocrx_word' id='word_1_446' title='bbox 948 5743 1195 5815; x_wconf 74' lang='lat' dir='ltr'><strong>Profutqu</strong></span> <span class='ocrx_word' id='word_1_447' title='bbox 1218 5746 1364 5815; x_wconf 63' lang='lat' dir='ltr'><strong>etiam</strong></span> <span class='ocrx_word' id='word_1_448' title='bbox 1380 5743 1619 5815; x_wconf 64' lang='lat' dir='ltr'><strong>Paulinus</strong></span> <span class='ocrx_word' id='word_1_449' title='bbox 1642 5747 1784 5815; x_wconf 75' lang='lat' dir='ltr'><strong>epist.</strong></span> <span class='ocrx_word' id='word_1_450' title='bbox 1808 5748 1888 5797; x_wconf 78' lang='lat'><strong>32.</strong></span> <span class='ocrx_word' id='word_1_451' title='bbox 1917 5758 1969 5800; x_wconf 89' lang='lat' dir='ltr'><strong>et</strong></span> 
     </span>
    </p>
   </div>
   <div class='ocr_carea' id='block_1_63' title="bbox 389 5805 1967 5878">
    <p class='ocr_par' dir='ltr' id='par_1_63' title="bbox 389 5805 1967 5878">
     <span class='ocr_line' id='line_1_64' title="bbox 389 5805 1967 5878; baseline 0.004 -22"><span class='ocrx_word' id='word_1_452' title='bbox 389 5810 599 5865; x_wconf 75' lang='lat' dir='ltr'><strong>Evodius</strong></span> <span class='ocrx_word' id='word_1_453' title='bbox 624 5815 728 5866; x_wconf 81' lang='lat'><strong>158.</strong></span> <span class='ocrx_word' id='word_1_454' title='bbox 754 5805 882 5878; x_wconf 62' lang='lat' dir='ltr'><strong>quoii</strong></span> <span class='ocrx_word' id='word_1_455' title='bbox 904 5819 1020 5863; x_wconf 83' lang='lat' dir='ltr'><strong>ante</strong></span> <span class='ocrx_word' id='word_1_456' title='bbox 1045 5822 1133 5861; x_wconf 90' lang='lat' dir='ltr'><strong>nos</strong></span> <span class='ocrx_word' id='word_1_457' title='bbox 1157 5806 1492 5858; x_wconf 86' lang='lat' dir='ltr'><strong>Benedictiuis</strong></span> <span class='ocrx_word' id='word_1_458' title='bbox 1524 5805 1793 5857; x_wconf 79' lang='lat' dir='ltr'><strong>editoribus</strong></span> <span class='ocrx_word' id='word_1_459' title='bbox 1830 5817 1967 5862; x_wconf 80' lang='lat' dir='ltr'><strong>nota-</strong></span> 
     </span>
    </p>
   </div>
   <div class='ocr_carea' id='block_1_64' title="bbox 1757 339 2260 417">
    <p class='ocr_par' dir='ltr' id='par_1_64' title="bbox 1757 339 2260 417">
     <span class='ocr_line' id='line_1_65' title="bbox 1757 339 2260 417; baseline -0.012 1"><span class='ocrx_word' id='word_1_460' title='bbox 1757 339 2088 417; x_wconf 78' lang='lat' dir='ltr'><strong>EPISTULA</strong></span> <span class='ocrx_word' id='word_1_461' title='bbox 2125 357 2260 413; x_wconf 83' lang='lat' dir='ltr'><strong>LVI.</strong></span> 
     </span>
    </p>
   </div>
   <div class='ocr_carea' id='block_1_65' title="bbox 3536 368 3640 426">
    <p class='ocr_par' dir='ltr' id='par_1_65' title="bbox 3536 368 3640 426">
     <span class='ocr_line' id='line_1_66' title="bbox 3536 368 3640 426; baseline 0.01 -1"><span class='ocrx_word' id='word_1_462' title='bbox 3536 368 3640 426; x_wconf 83' lang='lat'><strong>566</strong></span> 
     </span>
    </p>
   </div>
   <div class='ocr_carea' id='block_1_66' title="bbox 2065 471 3640 556">
    <p class='ocr_par' dir='ltr' id='par_1_66' title="bbox 2065 471 3640 556">
     <span class='ocr_line' id='line_1_67' title="bbox 2065 471 3640 556; baseline 0.01 -30"><span class='ocrx_word' id='word_1_463' title='bbox 2065 487 2255 527; x_wconf 86' lang='lat' dir='ltr'><strong>narum</strong></span> <span class='ocrx_word' id='word_1_464' title='bbox 2280 471 2648 529; x_wconf 85' lang='lat' dir='ltr'><strong>Ecclesiarum</strong></span> <span class='ocrx_word' id='word_1_465' title='bbox 2676 474 2912 532; x_wconf 88' lang='lat' dir='ltr'><strong>studiosa</strong></span> <span class='ocrx_word' id='word_1_466' title='bbox 2937 477 3189 547; x_wconf 86' lang='lat' dir='ltr'><strong>societas,</strong></span> <span class='ocrx_word' id='word_1_467' title='bbox 3215 487 3274 536; x_wconf 87' lang='lat' dir='ltr'><strong>ut</strong></span> <span class='ocrx_word' id='word_1_468' title='bbox 3299 480 3352 537; x_wconf 92' lang='lat' dir='ltr'><strong>in</strong></span> <span class='ocrx_word' id='word_1_469' title='bbox 3380 482 3640 556; x_wconf 87' lang='lat' dir='ltr'><strong>interpre-</strong></span> 
     </span>
    </p>
   </div>
   <div class='ocr_carea' id='block_1_67' title="bbox 2064 561 3640 644">
    <p class='ocr_par' dir='ltr' id='par_1_67' title="bbox 2064 561 3640 644">
     <span class='ocr_line' id='line_1_68' title="bbox 2064 561 3640 644; baseline 0.012 -28"><span class='ocrx_word' id='word_1_470' title='bbox 2064 561 2242 617; x_wconf 84' lang='lat' dir='ltr'><strong>tandis</strong></span> <span class='ocrx_word' id='word_1_471' title='bbox 2293 576 2480 619; x_wconf 90' lang='lat' dir='ltr'><strong>eorum</strong></span> <span class='ocrx_word' id='word_1_472' title='bbox 2529 563 2679 621; x_wconf 89' lang='lat' dir='ltr'><strong>libris</strong></span> <span class='ocrx_word' id='word_1_473' title='bbox 2721 566 2814 635; x_wconf 88' lang='lat' dir='ltr'><strong>qui</strong></span> <span class='ocrx_word' id='word_1_474' title='bbox 2857 566 3042 625; x_wconf 67' lang='lat' dir='ltr'><strong>Graece</strong></span> <span class='ocrx_word' id='word_1_475' title='bbox 3085 570 3387 644; x_wconf 85' lang='lat' dir='ltr'><strong>Scripturas</strong></span> <span class='ocrx_word' id='word_1_476' title='bbox 3428 586 3640 635; x_wconf 80' lang='lat' dir='ltr'><strong>nostras</strong></span> 
     </span>
    </p>
   </div>
   <div class='ocr_carea' id='block_1_68' title="bbox 2064 656 3640 737">
    <p class='ocr_par' dir='ltr' id='par_1_68' title="bbox 2064 656 3640 737">
     <span class='ocr_line' id='line_1_69' title="bbox 2064 656 3640 737; baseline 0.012 -29"><span class='ocrx_word' id='word_1_477' title='bbox 2064 670 2222 726; x_wconf 91' lang='lat' dir='ltr'><strong>quam</strong></span> <span class='ocrx_word' id='word_1_478' title='bbox 2249 656 2451 726; x_wconf 87' lang='lat' dir='ltr'><strong>optime</strong></span> <span class='ocrx_word' id='word_1_479' title='bbox 2478 665 2858 723; x_wconf 86' lang='lat' dir='ltr'><strong>tractaverunt,</strong></span> <span class='ocrx_word' id='word_1_480' title='bbox 2887 674 3070 716; x_wconf 90' lang='lat' dir='ltr'><strong>curam</strong></span> <span class='ocrx_word' id='word_1_481' title='bbox 3098 672 3257 735; x_wconf 88' lang='lat' dir='ltr'><strong>atque</strong></span> <span class='ocrx_word' id='word_1_482' title='bbox 3282 682 3504 737; x_wconf 90' lang='lat' dir='ltr'><strong>operam</strong></span> <span class='ocrx_word' id='word_1_483' title='bbox 3533 669 3640 725; x_wconf 86' lang='lat' dir='ltr'><strong>im-</strong></span> 
     </span>
    </p>
   </div>
   <div class='ocr_carea' id='block_1_69' title="bbox 2062 744 3640 826">
    <p class='ocr_par' dir='ltr' id='par_1_69' title="bbox 2062 744 3640 826">
     <span class='ocr_line' id='line_1_70' title="bbox 2062 744 3640 826; baseline 0.011 -26"><span class='ocrx_word' id='word_1_484' title='bbox 2062 744 2299 815; x_wconf 88' lang='lat' dir='ltr'><strong>pendere</strong></span> <span class='ocrx_word' id='word_1_485' title='bbox 2341 762 2447 802; x_wconf 93' lang='lat' dir='ltr'><strong>non</strong></span> <span class='ocrx_word' id='word_1_486' title='bbox 2494 748 2753 819; x_wconf 83' lang='lat' dir='ltr'><strong>graveris.</strong></span> <span class='ocrx_word' id='word_1_487' title='bbox 2796 749 2957 805; x_wconf 83' lang='lat' dir='ltr'><strong>Potes</strong></span> <span class='ocrx_word' id='word_1_488' title='bbox 2995 752 3138 808; x_wconf 89' lang='lat' dir='ltr'><strong>enim</strong></span> <span class='ocrx_word' id='word_1_489' title='bbox 3167 755 3385 815; x_wconf 82' lang='lat' dir='ltr'><strong>efficere</strong></span> <span class='ocrx_word' id='word_1_490' title='bbox 3408 801 3425 826; x_wconf 91' lang='lat'><strong>,</strong></span> <span class='ocrx_word' id='word_1_491' title='bbox 3458 768 3515 815; x_wconf 91' lang='lat' dir='ltr'><strong>ut</strong></span> <span class='ocrx_word' id='word_1_492' title='bbox 3541 775 3640 818; x_wconf 91' lang='lat' dir='ltr'><strong>nos</strong></span> 
     </span>
    </p>
   </div>
   <div class='ocr_carea' id='block_1_70' title="bbox 2061 839 3647 923">
    <p class='ocr_par' dir='ltr' id='par_1_70' title="bbox 2061 839 3647 923">
     <span class='ocr_line' id='line_1_71' title="bbox 2061 839 3647 923; baseline 0.01 -31"><span class='ocrx_word' id='word_1_493' title='bbox 2061 854 2275 910; x_wconf 90' lang='lat' dir='ltr'><strong>quoque</strong></span> <span class='ocrx_word' id='word_1_494' title='bbox 2317 839 2607 896; x_wconf 88' lang='lat' dir='ltr'><strong>habeamus</strong></span> <span class='ocrx_word' id='word_1_495' title='bbox 2645 839 2765 896; x_wconf 89' lang='lat' dir='ltr'><strong>illos</strong></span> <span class='ocrx_word' id='word_1_496' title='bbox 2806 842 2942 898; x_wconf 88' lang='lat' dir='ltr'><strong>tales</strong></span> <span class='ocrx_word' id='word_1_497' title='bbox 2971 844 3138 912; x_wconf 88' lang='lat' dir='ltr'><strong>viros,</strong></span> <span class='ocrx_word' id='word_1_498' title='bbox 3170 856 3227 904; x_wconf 90' lang='lat' dir='ltr'><strong>et</strong></span> <span class='ocrx_word' id='word_1_499' title='bbox 3270 865 3433 906; x_wconf 89' lang='lat' dir='ltr'><strong>unum</strong></span> <span class='ocrx_word' id='word_1_500' title='bbox 3473 853 3647 923; x_wconf 83' lang='lat' dir='ltr'><strong>potis—</strong></span> 
     </span>
    </p>
   </div>
   <div class='ocr_carea' id='block_1_71' title="bbox 2060 931 3640 1015">
    <p class='ocr_par' dir='ltr' id='par_1_71' title="bbox 2060 931 3640 1015">
     <span class='ocr_line' id='line_1_72' title="bbox 2060 931 3640 1015; baseline 0.009 -30"><span class='ocrx_word' id='word_1_501' title='bbox 2060 931 2255 987; x_wconf 90' lang='lat' dir='ltr'><strong>simum</strong></span> <span class='ocrx_word' id='word_1_502' title='bbox 2293 947 2450 1003; x_wconf 89' lang='lat' dir='ltr'><strong>quem</strong></span> <span class='ocrx_word' id='word_1_503' title='bbox 2475 940 2530 988; x_wconf 90' lang='lat' dir='ltr'><strong>tn</strong></span> <span class='ocrx_word' id='word_1_504' title='bbox 2572 932 2825 990; x_wconf 88' lang='lat' dir='ltr'><strong>libentius</strong></span> <span class='ocrx_word' id='word_1_505' title='bbox 2851 934 2905 989; x_wconf 92' lang='lat' dir='ltr'><strong>in</strong></span> <span class='ocrx_word' id='word_1_506' title='bbox 2938 935 3041 989; x_wconf 88' lang='lat' dir='ltr'><strong>tuis</strong></span> <span class='ocrx_word' id='word_1_507' title='bbox 3066 936 3257 995; x_wconf 86' lang='lat' dir='ltr'><strong>litteris</strong></span> <span class='ocrx_word' id='word_1_508' title='bbox 3281 953 3440 997; x_wconf 82' lang='lat' dir='ltr'><strong>sonas</strong></span> <span class='ocrx_word' id='word_1_509' title='bbox 3478 941 3640 1015; x_wconf 81' lang='lat' dir='ltr'><strong>[Ori-</strong></span> 
     </span>
    </p>
   </div>
   <div class='ocr_carea' id='block_1_72' title="bbox 2060 1020 3640 1097">
    <p class='ocr_par' dir='ltr' id='par_1_72' title="bbox 2060 1020 3640 1097">
     <span class='ocr_line' id='line_1_73' title="bbox 2060 1020 3640 1097; baseline 0.009 -21"><span class='ocrx_word' id='word_1_510' title='bbox 2060 1020 2277 1095; x_wconf 80' lang='lat' dir='ltr'><strong>genem].</strong></span> <span class='ocrx_word' id='word_1_511' title='bbox 2299 1022 2374 1077; x_wconf 89' lang='lat' dir='ltr'><strong>De</strong></span> <span class='ocrx_word' id='word_1_512' title='bbox 2401 1024 2675 1081; x_wconf 84' lang='lat' dir='ltr'><strong>vertendis</strong></span> <span class='ocrx_word' id='word_1_513' title='bbox 2700 1034 2879 1081; x_wconf 91' lang='lat' dir='ltr'><strong>autem</strong></span> <span class='ocrx_word' id='word_1_514' title='bbox 2907 1026 2960 1080; x_wconf 91' lang='lat' dir='ltr'><strong>in</strong></span> <span class='ocrx_word' id='word_1_515' title='bbox 2986 1026 3217 1097; x_wconf 77' lang='lat' dir='ltr'><strong>linguam</strong></span> <span class='ocrx_word' id='word_1_516' title='bbox 3240 1028 3481 1087; x_wconf 85' lang='lat' dir='ltr'><strong>Latinam</strong></span> <span class='ocrx_word' id='word_1_517' title='bbox 3511 1048 3640 1090; x_wconf 86' lang='lat' dir='ltr'><strong>san-</strong></span> 
     </span>
    </p>
   </div>
   <div class='ocr_carea' id='block_1_73' title="bbox 2059 1112 3641 1183">
    <p class='ocr_par' dir='ltr' id='par_1_73' title="bbox 2059 1112 3641 1183">
     <span class='ocr_line' id='line_1_74' title="bbox 2059 1112 3641 1183; baseline 0.008 -14"><span class='ocrx_word' id='word_1_518' title='bbox 2059 1113 2163 1169; x_wconf 88' lang='lat' dir='ltr'><strong>ctis</strong></span> <span class='ocrx_word' id='word_1_519' title='bbox 2184 1113 2379 1171; x_wconf 88' lang='lat' dir='ltr'><strong>litteris</strong></span> <span class='ocrx_word' id='word_1_520' title='bbox 2394 1112 2702 1183; x_wconf 89' lang='lat' dir='ltr'><strong>Canonicis,</strong></span> <span class='ocrx_word' id='word_1_521' title='bbox 2724 1117 2968 1173; x_wconf 87' lang='lat' dir='ltr'><strong>laborare</strong></span> <span class='ocrx_word' id='word_1_522' title='bbox 2989 1127 3039 1174; x_wconf 93' lang='lat' dir='ltr'><strong>te</strong></span> <span class='ocrx_word' id='word_1_523' title='bbox 3055 1119 3249 1175; x_wconf 92' lang='lat' dir='ltr'><strong>nollem</strong></span> <span class='ocrx_word' id='word_1_524' title='bbox 3264 1121 3364 1177; x_wconf 88' lang='lat' dir='ltr'><strong>nisi</strong></span> <span class='ocrx_word' id='word_1_525' title='bbox 3390 1138 3456 1179; x_wconf 89' lang='lat' dir='ltr'><strong>eo</strong></span> <span class='ocrx_word' id='word_1_526' title='bbox 3482 1125 3641 1183; x_wconf 93' lang='lat' dir='ltr'><strong>modo</strong></span> 
     </span>
    </p>
   </div>
   <div class='ocr_carea' id='block_1_74' title="bbox 2060 1204 3641 1287">
    <p class='ocr_par' dir='ltr' id='par_1_74' title="bbox 2060 1204 3641 1287">
     <span class='ocr_line' id='line_1_75' title="bbox 2060 1204 3641 1287; baseline 0.009 -28"><span class='ocrx_word' id='word_1_527' title='bbox 2060 1220 2171 1276; x_wconf 90' lang='lat' dir='ltr'><strong>quo</strong></span> <span class='ocrx_word' id='word_1_528' title='bbox 2197 1204 2298 1262; x_wconf 81' lang='lat' dir='ltr'><strong>Job</strong></span> <span class='ocrx_word' id='word_1_529' title='bbox 2325 1206 2705 1278; x_wconf 86' lang='lat' dir='ltr'><strong>interpretatus</strong></span> <span class='ocrx_word' id='word_1_530' title='bbox 2749 1217 2833 1264; x_wconf 88' lang='lat' dir='ltr'><strong>est</strong></span> <span class='ocrx_word' id='word_1_531' title='bbox 2862 1228 2876 1264; x_wconf 93' lang='lat'><strong>:</strong></span> <span class='ocrx_word' id='word_1_532' title='bbox 2910 1220 2965 1266; x_wconf 94' lang='lat' dir='ltr'><strong>ut</strong></span> <span class='ocrx_word' id='word_1_533' title='bbox 2994 1212 3160 1284; x_wconf 85' lang='lat' dir='ltr'><strong>signis</strong></span> <span class='ocrx_word' id='word_1_534' title='bbox 3198 1212 3470 1285; x_wconf 83' lang='lat' dir='ltr'><strong>adhibitis,</strong></span> <span class='ocrx_word' id='word_1_535' title='bbox 3515 1220 3641 1287; x_wconf 90' lang='lat' dir='ltr'><strong>quid</strong></span> 
     </span>
    </p>
   </div>
   <div class='ocr_carea' id='block_1_75' title="bbox 2061 1297 3643 1379">
    <p class='ocr_par' dir='ltr' id='par_1_75' title="bbox 2061 1297 3643 1379">
     <span class='ocr_line' id='line_1_76' title="bbox 2061 1297 3643 1379; baseline 0.009 -26"><span class='ocrx_word' id='word_1_536' title='bbox 2061 1297 2203 1354; x_wconf 90' lang='lat' dir='ltr'><strong>inter</strong></span> <span class='ocrx_word' id='word_1_537' title='bbox 2242 1298 2381 1354; x_wconf 88' lang='lat' dir='ltr'><strong>hanc</strong></span> <span class='ocrx_word' id='word_1_538' title='bbox 2422 1310 2586 1368; x_wconf 90' lang='lat' dir='ltr'><strong>tuam,</strong></span> <span class='ocrx_word' id='word_1_539' title='bbox 2620 1311 2673 1357; x_wconf 93' lang='lat' dir='ltr'><strong>et</strong></span> <span class='ocrx_word' id='word_1_540' title='bbox 2693 1301 3037 1375; x_wconf 85' lang='lat' dir='ltr'><strong>Septuaginta</strong></span> <span class='ocrx_word' id='word_1_541' title='bbox 3060 1347 3074 1371; x_wconf 91' lang='lat'><strong>,</strong></span> <span class='ocrx_word' id='word_1_542' title='bbox 3107 1320 3331 1376; x_wconf 89' lang='lat' dir='ltr'><strong>quorum</strong></span> <span class='ocrx_word' id='word_1_543' title='bbox 3357 1315 3442 1363; x_wconf 85' lang='lat' dir='ltr'><strong>est</strong></span> <span class='ocrx_word' id='word_1_544' title='bbox 3467 1311 3643 1379; x_wconf 85' lang='lat' dir='ltr'><strong>gravis</strong></span> 
     </span>
    </p>
   </div>
   <div class='ocr_carea' id='block_1_76' title="bbox 2060 1389 3643 1469">
    <p class='ocr_par' dir='ltr' id='par_1_76' title="bbox 2060 1389 3643 1469">
     <span class='ocr_line' id='line_1_77' title="bbox 2060 1389 3643 1469; baseline 0.009 -26"><span class='ocrx_word' id='word_1_545' title='bbox 2060 1389 2193 1444; x_wconf 89' lang='lat' dir='ltr'><strong>sima</strong></span> <span class='ocrx_word' id='word_1_546' title='bbox 2216 1392 2524 1457; x_wconf 88' lang='lat' dir='ltr'><strong>auctoritas,</strong></span> <span class='ocrx_word' id='word_1_547' title='bbox 2548 1393 3038 1464; x_wconf 85' lang='lat' dir='ltr'><strong>interpretationem</strong></span> <span class='ocrx_word' id='word_1_548' title='bbox 3059 1395 3239 1464; x_wconf 89' lang='lat' dir='ltr'><strong>distet,</strong></span> <span class='ocrx_word' id='word_1_549' title='bbox 3256 1410 3527 1469; x_wconf 84' lang='lat' dir='ltr'><strong>appareat.</strong></span> <span class='ocrx_word' id='word_1_550' title='bbox 3542 1399 3643 1457; x_wconf 81' lang='lat' dir='ltr'><strong>Sa-</strong></span> 
     </span>
    </p>
   </div>
   <div class='ocr_carea' id='block_1_77' title="bbox 2061 1483 3643 1558">
    <p class='ocr_par' dir='ltr' id='par_1_77' title="bbox 2061 1483 3643 1558">
     <span class='ocr_line' id='line_1_78' title="bbox 2061 1483 3643 1558; baseline 0.007 -22"><span class='ocrx_word' id='word_1_551' title='bbox 2061 1483 2130 1537; x_wconf 91' lang='lat' dir='ltr'><strong>tis</strong></span> <span class='ocrx_word' id='word_1_552' title='bbox 2153 1492 2330 1539; x_wconf 90' lang='lat' dir='ltr'><strong>autem</strong></span> <span class='ocrx_word' id='word_1_553' title='bbox 2355 1499 2561 1553; x_wconf 89' lang='lat' dir='ltr'><strong>nequeo</strong></span> <span class='ocrx_word' id='word_1_554' title='bbox 2586 1486 2786 1552; x_wconf 89' lang='lat' dir='ltr'><strong>mirari,</strong></span> <span class='ocrx_word' id='word_1_555' title='bbox 2806 1487 2851 1542; x_wconf 91' lang='lat' dir='ltr'><strong>si</strong></span> <span class='ocrx_word' id='word_1_556' title='bbox 2868 1485 3267 1558; x_wconf 80' lang='lat' dir='ltr'><strong>aliquid&#39;adltuc</strong></span> <span class='ocrx_word' id='word_1_557' title='bbox 3292 1489 3343 1544; x_wconf 92' lang='lat' dir='ltr'><strong>in</strong></span> <span class='ocrx_word' id='word_1_558' title='bbox 3369 1490 3643 1548; x_wconf 80' lang='lat' dir='ltr'><strong>Hebraicis</strong></span> 
     </span>
    </p>
   </div>
   <div class='ocr_carea' id='block_1_78' title="bbox 2060 1571 3645 1652">
    <p class='ocr_par' dir='ltr' id='par_1_78' title="bbox 2060 1571 3645 1652">
     <span class='ocr_line' id='line_1_79' title="bbox 2060 1571 3645 1652; baseline 0.006 -25"><span class='ocrx_word' id='word_1_559' title='bbox 2060 1571 2254 1629; x_wconf 85' lang='lat' dir='ltr'><strong>litteris</strong></span> <span class='ocrx_word' id='word_1_560' title='bbox 2278 1583 2333 1629; x_wconf 90' lang='lat' dir='ltr'><strong>et</strong></span> <span class='ocrx_word' id='word_1_561' title='bbox 2404 1575 2566 1647; x_wconf 74' lang='lat'><strong>302</strong></span> <span class='ocrx_word' id='word_1_562' title='bbox 2639 1577 3038 1647; x_wconf 78' lang='lat' dir='ltr'><strong>exemplaribus</strong></span> <span class='ocrx_word' id='word_1_563' title='bbox 3069 1579 3370 1648; x_wconf 90' lang='lat' dir='ltr'><strong>invenitur,</strong></span> <span class='ocrx_word' id='word_1_564' title='bbox 3395 1582 3535 1652; x_wconf 91' lang='lat' dir='ltr'><strong>quod</strong></span> <span class='ocrx_word' id='word_1_565' title='bbox 3568 1591 3645 1638; x_wconf 89' lang='lat' dir='ltr'><strong>tot</strong></span> 
     </span>
    </p>
   </div>
   <div class='ocr_carea' id='block_1_79' title="bbox 2061 1662 3644 1743">
    <p class='ocr_par' dir='ltr' id='par_1_79' title="bbox 2061 1662 3644 1743">
     <span class='ocr_line' id='line_1_80' title="bbox 2061 1662 3644 1743; baseline 0.006 -26"><span class='ocrx_word' id='word_1_566' title='bbox 2061 1662 2384 1734; x_wconf 87' lang='lat' dir='ltr'><strong>lnterpretes</strong></span> <span class='ocrx_word' id='word_1_567' title='bbox 2412 1665 2551 1721; x_wconf 89' lang='lat' dir='ltr'><strong>illius</strong></span> <span class='ocrx_word' id='word_1_568' title='bbox 2580 1666 2771 1737; x_wconf 77' lang='lat' dir='ltr'><strong>lingua:</strong></span> <span class='ocrx_word' id='word_1_569' title='bbox 2812 1668 3162 1736; x_wconf 90' lang='lat' dir='ltr'><strong>peritissimos</strong></span> <span class='ocrx_word' id='word_1_570' title='bbox 3204 1669 3415 1743; x_wconf 87' lang='lat' dir='ltr'><strong>fugerit.</strong></span> <span class='ocrx_word' id='word_1_571' title='bbox 3445 1670 3644 1727; x_wconf 87' lang='lat' dir='ltr'><strong>Omitto</strong></span> 
     </span>
    </p>
   </div>
   <div class='ocr_carea' id='block_1_80' title="bbox 2061 1754 3645 1833">
    <p class='ocr_par' dir='ltr' id='par_1_80' title="bbox 2061 1754 3645 1833">
     <span class='ocr_line' id='line_1_81' title="bbox 2061 1754 3645 1833; baseline 0.007 -25"><span class='ocrx_word' id='word_1_572' title='bbox 2061 1755 2205 1809; x_wconf 90' lang='lat' dir='ltr'><strong>enim</strong></span> <span class='ocrx_word' id='word_1_573' title='bbox 2231 1754 2597 1826; x_wconf 87' lang='lat' dir='ltr'><strong>Septuaginta,</strong></span> <span class='ocrx_word' id='word_1_574' title='bbox 2621 1757 2687 1811; x_wconf 88' lang='lat' dir='ltr'><strong>de</strong></span> <span class='ocrx_word' id='word_1_575' title='bbox 2714 1772 2938 1827; x_wconf 88' lang='lat' dir='ltr'><strong>quorum</strong></span> <span class='ocrx_word' id='word_1_576' title='bbox 2963 1760 3045 1815; x_wconf 85' lang='lat' dir='ltr'><strong>vel</strong></span> <span class='ocrx_word' id='word_1_577' title='bbox 3075 1761 3307 1826; x_wconf 89' lang='lat' dir='ltr'><strong>consilii,</strong></span> <span class='ocrx_word' id='word_1_578' title='bbox 3332 1760 3414 1816; x_wconf 88' lang='lat' dir='ltr'><strong>vel</strong></span> <span class='ocrx_word' id='word_1_579' title='bbox 3443 1762 3645 1833; x_wconf 88' lang='lat' dir='ltr'><strong>majore</strong></span> 
     </span>
    </p>
   </div>
   <div class='ocr_carea' id='block_1_81' title="bbox 2061 1847 3644 1924">
    <p class='ocr_par' dir='ltr' id='par_1_81' title="bbox 2061 1847 3644 1924">
     <span class='ocr_line' id='line_1_82' title="bbox 2061 1847 3644 1924; baseline 0.007 -25"><span class='ocrx_word' id='word_1_580' title='bbox 2061 1847 2280 1916; x_wconf 88' lang='lat' dir='ltr'><strong>spiritus</strong></span> <span class='ocrx_word' id='word_1_581' title='bbox 2304 1847 2609 1912; x_wconf 87' lang='lat' dir='ltr'><strong>concordia,</strong></span> <span class='ocrx_word' id='word_1_582' title='bbox 2636 1864 2793 1919; x_wconf 89' lang='lat' dir='ltr'><strong>quam</strong></span> <span class='ocrx_word' id='word_1_583' title='bbox 2825 1851 2868 1905; x_wconf 88' lang='lat' dir='ltr'><strong>si</strong></span> <span class='ocrx_word' id='word_1_584' title='bbox 2901 1847 2994 1922; x_wconf 91' lang='lat' dir='ltr'><strong>[al.</strong></span> <span class='ocrx_word' id='word_1_585' title='bbox 3015 1850 3180 1924; x_wconf 71' lang='lat' dir='ltr'><strong>quasi]</strong></span> <span class='ocrx_word' id='word_1_586' title='bbox 3209 1867 3344 1907; x_wconf 92' lang='lat' dir='ltr'><strong>unus</strong></span> <span class='ocrx_word' id='word_1_587' title='bbox 3369 1852 3530 1909; x_wconf 88' lang='lat' dir='ltr'><strong>homo</strong></span> <span class='ocrx_word' id='word_1_588' title='bbox 3555 1869 3644 1910; x_wconf 90' lang='lat' dir='ltr'><strong>es-</strong></span> 
     </span>
    </p>
   </div>
   <div class='ocr_carea' id='block_1_82' title="bbox 2062 1937 3645 2012">
    <p class='ocr_par' dir='ltr' id='par_1_82' title="bbox 2062 1937 3645 2012">
     <span class='ocr_line' id='line_1_83' title="bbox 2062 1937 3645 2012; baseline 0.007 -21"><span class='ocrx_word' id='word_1_589' title='bbox 2062 1944 2180 2002; x_wconf 88' lang='lat' dir='ltr'><strong>set,</strong></span> <span class='ocrx_word' id='word_1_590' title='bbox 2203 1952 2308 1992; x_wconf 91' lang='lat' dir='ltr'><strong>non</strong></span> <span class='ocrx_word' id='word_1_591' title='bbox 2335 1937 2507 1993; x_wconf 84' lang='lat' dir='ltr'><strong>audeo</strong></span> <span class='ocrx_word' id='word_1_592' title='bbox 2533 1939 2584 1993; x_wconf 86' lang='lat' dir='ltr'><strong>in</strong></span> <span class='ocrx_word' id='word_1_593' title='bbox 2608 1940 2839 2010; x_wconf 88' lang='lat' dir='ltr'><strong>aliquam</strong></span> <span class='ocrx_word' id='word_1_594' title='bbox 2868 1951 3071 2012; x_wconf 91' lang='lat' dir='ltr'><strong>partem</strong></span> <span class='ocrx_word' id='word_1_595' title='bbox 3100 1951 3302 1999; x_wconf 88' lang='lat' dir='ltr'><strong>certam</strong></span> <span class='ocrx_word' id='word_1_596' title='bbox 3343 1943 3483 2001; x_wconf 89' lang='lat' dir='ltr'><strong>ferre</strong></span> <span class='ocrx_word' id='word_1_597' title='bbox 3518 1961 3645 2001; x_wconf 88' lang='lat' dir='ltr'><strong>scn-</strong></span> 
     </span>
    </p>
   </div>
   <div class='ocr_carea' id='block_1_83' title="bbox 2064 2028 3646 2102">
    <p class='ocr_par' dir='ltr' id='par_1_83' title="bbox 2064 2028 3646 2102">
     <span class='ocr_line' id='line_1_84' title="bbox 2064 2028 3646 2102; baseline 0.006 -18"><span class='ocrx_word' id='word_1_598' title='bbox 2064 2028 2317 2095; x_wconf 85' lang='lat' dir='ltr'><strong>tentiam;</strong></span> <span class='ocrx_word' id='word_1_599' title='bbox 2350 2030 2449 2084; x_wconf 92' lang='lat' dir='ltr'><strong>nisi</strong></span> <span class='ocrx_word' id='word_1_600' title='bbox 2473 2030 2612 2101; x_wconf 89' lang='lat' dir='ltr'><strong>quod</strong></span> <span class='ocrx_word' id='word_1_601' title='bbox 2632 2032 2711 2086; x_wconf 88' lang='lat' dir='ltr'><strong>eis</strong></span> <span class='ocrx_word' id='word_1_602' title='bbox 2733 2033 3167 2102; x_wconf 55' lang='lat' dir='ltr'><strong>praeminentem</strong></span> <span class='ocrx_word' id='word_1_603' title='bbox 3191 2036 3559 2092; x_wconf 90' lang='lat' dir='ltr'><strong>auctoritatem</strong></span> <span class='ocrx_word' id='word_1_604' title='bbox 3590 2037 3646 2094; x_wconf 88' lang='lat' dir='ltr'><strong>in</strong></span> 
     </span>
    </p>
   </div>
   <div class='ocr_carea' id='block_1_84' title="bbox 2064 2120 3647 2184">
    <p class='ocr_par' dir='ltr' id='par_1_84' title="bbox 2064 2120 3647 2184">
     <span class='ocr_line' id='line_1_85' title="bbox 2064 2120 3647 2184; baseline 0.006 -10"><span class='ocrx_word' id='word_1_605' title='bbox 2064 2120 2168 2175; x_wconf 90' lang='lat' dir='ltr'><strong>hoc</strong></span> <span class='ocrx_word' id='word_1_606' title='bbox 2178 2134 2398 2175; x_wconf 91' lang='lat' dir='ltr'><strong>munere</strong></span> <span class='ocrx_word' id='word_1_607' title='bbox 2410 2121 2525 2176; x_wconf 91' lang='lat' dir='ltr'><strong>sine</strong></span> <span class='ocrx_word' id='word_1_608' title='bbox 2538 2124 2903 2178; x_wconf 86' lang='lat' dir='ltr'><strong>controversia</strong></span> <span class='ocrx_word' id='word_1_609' title='bbox 2928 2125 3260 2181; x_wconf 89' lang='lat' dir='ltr'><strong>tribuendam</strong></span> <span class='ocrx_word' id='word_1_610' title='bbox 3279 2127 3549 2183; x_wconf 81' lang='lat' dir='ltr'><strong>existimo.</strong></span> <span class='ocrx_word' id='word_1_611' title='bbox 3568 2127 3647 2184; x_wconf 92' lang='lat' dir='ltr'><strong>llli</strong></span> 
     </span>
    </p>
   </div>
   <div class='ocr_carea' id='block_1_85' title="bbox 2064 2209 3645 2288">
    <p class='ocr_par' dir='ltr' id='par_1_85' title="bbox 2064 2209 3645 2288">
     <span class='ocr_line' id='line_1_86' title="bbox 2064 2209 3645 2288; baseline 0.006 -24"><span class='ocrx_word' id='word_1_612' title='bbox 2064 2223 2153 2265; x_wconf 93' lang='lat' dir='ltr'><strong>me</strong></span> <span class='ocrx_word' id='word_1_613' title='bbox 2169 2209 2287 2280; x_wconf 90' lang='lat' dir='ltr'><strong>plus</strong></span> <span class='ocrx_word' id='word_1_614' title='bbox 2298 2218 2533 2275; x_wconf 89' lang='lat' dir='ltr'><strong>movent,</strong></span> <span class='ocrx_word' id='word_1_615' title='bbox 2549 2212 2637 2281; x_wconf 89' lang='lat' dir='ltr'><strong>qui</strong></span> <span class='ocrx_word' id='word_1_616' title='bbox 2662 2226 2785 2267; x_wconf 89' lang='lat' dir='ltr'><strong>cum</strong></span> <span class='ocrx_word' id='word_1_617' title='bbox 2808 2214 3135 2283; x_wconf 91' lang='lat' dir='ltr'><strong>posteriores</strong></span> <span class='ocrx_word' id='word_1_618' title='bbox 3149 2216 3645 2288; x_wconf 90' lang='lat' dir='ltr'><strong>interpretarentur,</strong></span> 
     </span>
    </p>
   </div>
   <div class='ocr_carea' id='block_1_86' title="bbox 2065 2300 3648 2379">
    <p class='ocr_par' dir='ltr' id='par_1_86' title="bbox 2065 2300 3648 2379">
     <span class='ocr_line' id='line_1_87' title="bbox 2065 2300 3648 2379; baseline 0.005 -23"><span class='ocrx_word' id='word_1_619' title='bbox 2065 2310 2119 2356; x_wconf 90' lang='lat' dir='ltr'><strong>et</strong></span> <span class='ocrx_word' id='word_1_620' title='bbox 2157 2300 2439 2357; x_wconf 90' lang='lat' dir='ltr'><strong>verborum</strong></span> <span class='ocrx_word' id='word_1_621' title='bbox 2463 2301 2897 2374; x_wconf 90' lang='lat' dir='ltr'><strong>locutionumque</strong></span> <span class='ocrx_word' id='word_1_622' title='bbox 2927 2303 3270 2360; x_wconf 68' lang='lat' dir='ltr'><strong>Hebraearum</strong></span> <span class='ocrx_word' id='word_1_623' title='bbox 3316 2307 3456 2361; x_wconf 89' lang='lat' dir='ltr'><strong>viam</strong></span> <span class='ocrx_word' id='word_1_624' title='bbox 3488 2318 3648 2379; x_wconf 88' lang='lat' dir='ltr'><strong>atque</strong></span> 
     </span>
    </p>
   </div>
   <div class='ocr_carea' id='block_1_87' title="bbox 2065 2392 3648 2468">
    <p class='ocr_par' dir='ltr' id='par_1_87' title="bbox 2065 2392 3648 2468">
     <span class='ocr_line' id='line_1_88' title="bbox 2065 2392 3648 2468; baseline 0.006 -20"><span class='ocrx_word' id='word_1_625' title='bbox 2065 2393 2278 2464; x_wconf 88' lang='lat' dir='ltr'><strong>regulas</strong></span> <span class='ocrx_word' id='word_1_626' title='bbox 2310 2392 2577 2449; x_wconf 88' lang='lat' dir='ltr'><strong>mordicus</strong></span> <span class='ocrx_word' id='word_1_627' title='bbox 2606 2393 2687 2466; x_wconf 92' lang='lat' dir='ltr'><strong>(ut</strong></span> <span class='ocrx_word' id='word_1_628' title='bbox 2714 2393 2903 2468; x_wconf 87' lang='lat' dir='ltr'><strong>fertur)</strong></span> <span class='ocrx_word' id='word_1_629' title='bbox 2934 2404 3197 2464; x_wconf 90' lang='lat' dir='ltr'><strong>tenerent,</strong></span> <span class='ocrx_word' id='word_1_630' title='bbox 3232 2415 3338 2454; x_wconf 92' lang='lat' dir='ltr'><strong>non</strong></span> <span class='ocrx_word' id='word_1_631' title='bbox 3364 2401 3534 2455; x_wconf 91' lang='lat' dir='ltr'><strong>solum</strong></span> <span class='ocrx_word' id='word_1_632' title='bbox 3564 2402 3648 2457; x_wconf 87' lang='lat' dir='ltr'><strong>in-</strong></span> 
     </span>
    </p>
   </div>
   <div class='ocr_carea' id='block_1_88' title="bbox 2067 2490 3646 2565">
    <p class='ocr_par' dir='ltr' id='par_1_88' title="bbox 2067 2490 3646 2565">
     <span class='ocr_line' id='line_1_89' title="bbox 2067 2490 3646 2565; baseline 0.008 -25"><span class='ocrx_word' id='word_1_633' title='bbox 2067 2494 2150 2540; x_wconf 89' lang='lat' dir='ltr'><strong>ter</strong></span> <span class='ocrx_word' id='word_1_634' title='bbox 2173 2501 2232 2542; x_wconf 91' lang='lat' dir='ltr'><strong>se</strong></span> <span class='ocrx_word' id='word_1_635' title='bbox 2252 2501 2358 2543; x_wconf 91' lang='lat' dir='ltr'><strong>non</strong></span> <span class='ocrx_word' id='word_1_636' title='bbox 2380 2497 2803 2557; x_wconf 89' lang='lat' dir='ltr'><strong>consenserunt;</strong></span> <span class='ocrx_word' id='word_1_637' title='bbox 2829 2490 2922 2546; x_wconf 91' lang='lat' dir='ltr'><strong>sed</strong></span> <span class='ocrx_word' id='word_1_638' title='bbox 2938 2491 3096 2546; x_wconf 89' lang='lat' dir='ltr'><strong>etiam</strong></span> <span class='ocrx_word' id='word_1_639' title='bbox 3119 2493 3444 2565; x_wconf 89' lang='lat' dir='ltr'><strong>reliquerunt</strong></span> <span class='ocrx_word' id='word_1_640' title='bbox 3460 2496 3646 2565; x_wconf 90' lang='lat' dir='ltr'><strong>multa,</strong></span> 
     </span>
    </p>
   </div>
   <div class='ocr_carea' id='block_1_89' title="bbox 2066 2580 3650 2654">
    <p class='ocr_par' dir='ltr' id='par_1_89' title="bbox 2066 2580 3650 2654">
     <span class='ocr_line' id='line_1_90' title="bbox 2066 2580 3650 2654; baseline 0.01 -24"><span class='ocrx_word' id='word_1_641' title='bbox 2066 2592 2185 2647; x_wconf 77' lang='lat' dir='ltr'><strong>qua:</strong></span> <span class='ocrx_word' id='word_1_642' title='bbox 2209 2586 2358 2633; x_wconf 88' lang='lat' dir='ltr'><strong>tanto</strong></span> <span class='ocrx_word' id='word_1_643' title='bbox 2388 2588 2508 2649; x_wconf 90' lang='lat' dir='ltr'><strong>post</strong></span> <span class='ocrx_word' id='word_1_644' title='bbox 2534 2580 2769 2636; x_wconf 85' lang='lat' dir='ltr'><strong>eruenda</strong></span> <span class='ocrx_word' id='word_1_645' title='bbox 2796 2591 2849 2636; x_wconf 92' lang='lat' dir='ltr'><strong>et</strong></span> <span class='ocrx_word' id='word_1_646' title='bbox 2875 2583 3147 2654; x_wconf 91' lang='lat' dir='ltr'><strong>prodenda</strong></span> <span class='ocrx_word' id='word_1_647' title='bbox 3186 2598 3546 2644; x_wconf 89' lang='lat' dir='ltr'><strong>remanerent.</strong></span> <span class='ocrx_word' id='word_1_648' title='bbox 3590 2589 3650 2646; x_wconf 92' lang='lat' dir='ltr'><strong>Si</strong></span> 
     </span>
    </p>
   </div>
   <div class='ocr_carea' id='block_1_90' title="bbox 2066 2669 3650 2749">
    <p class='ocr_par' dir='ltr' id='par_1_90' title="bbox 2066 2669 3650 2749">
     <span class='ocr_line' id='line_1_91' title="bbox 2066 2669 3650 2749; baseline 0.008 -24"><span class='ocrx_word' id='word_1_649' title='bbox 2066 2670 2209 2725; x_wconf 89' lang='lat' dir='ltr'><strong>enim</strong></span> <span class='ocrx_word' id='word_1_650' title='bbox 2237 2669 2463 2725; x_wconf 88' lang='lat' dir='ltr'><strong>obscura</strong></span> <span class='ocrx_word' id='word_1_651' title='bbox 2493 2681 2637 2738; x_wconf 89' lang='lat' dir='ltr'><strong>sunt,</strong></span> <span class='ocrx_word' id='word_1_652' title='bbox 2680 2680 2730 2727; x_wconf 94' lang='lat' dir='ltr'><strong>te</strong></span> <span class='ocrx_word' id='word_1_653' title='bbox 2768 2688 2980 2744; x_wconf 90' lang='lat' dir='ltr'><strong>quoque</strong></span> <span class='ocrx_word' id='word_1_654' title='bbox 3017 2674 3070 2729; x_wconf 92' lang='lat' dir='ltr'><strong>in</strong></span> <span class='ocrx_word' id='word_1_655' title='bbox 3112 2675 3215 2731; x_wconf 91' lang='lat' dir='ltr'><strong>illis</strong></span> <span class='ocrx_word' id='word_1_656' title='bbox 3260 2675 3367 2732; x_wconf 90' lang='lat' dir='ltr'><strong>falli</strong></span> <span class='ocrx_word' id='word_1_657' title='bbox 3414 2680 3650 2749; x_wconf 90' lang='lat' dir='ltr'><strong>potuisse</strong></span> 
     </span>
    </p>
   </div>
   <div class='ocr_carea' id='block_1_91' title="bbox 2065 2761 3651 2842">
    <p class='ocr_par' dir='ltr' id='par_1_91' title="bbox 2065 2761 3651 2842">
     <span class='ocr_line' id='line_1_92' title="bbox 2065 2761 3651 2842; baseline 0.008 -28"><span class='ocrx_word' id='word_1_658' title='bbox 2065 2761 2337 2816; x_wconf 89' lang='lat' dir='ltr'><strong>creditur:</strong></span> <span class='ocrx_word' id='word_1_659' title='bbox 2366 2761 2409 2816; x_wconf 91' lang='lat' dir='ltr'><strong>si</strong></span> <span class='ocrx_word' id='word_1_660' title='bbox 2439 2773 2616 2817; x_wconf 90' lang='lat' dir='ltr'><strong>autem</strong></span> <span class='ocrx_word' id='word_1_661' title='bbox 2648 2763 2948 2832; x_wconf 89' lang='lat' dir='ltr'><strong>manifesta,</strong></span> <span class='ocrx_word' id='word_1_662' title='bbox 2977 2765 3055 2838; x_wconf 89' lang='lat' dir='ltr'><strong>(g)</strong></span> <span class='ocrx_word' id='word_1_663' title='bbox 3089 2766 3204 2823; x_wconf 92' lang='lat' dir='ltr'><strong>illos</strong></span> <span class='ocrx_word' id='word_1_664' title='bbox 3237 2768 3287 2822; x_wconf 92' lang='lat' dir='ltr'><strong>in</strong></span> <span class='ocrx_word' id='word_1_665' title='bbox 3317 2770 3394 2824; x_wconf 93' lang='lat' dir='ltr'><strong>eis</strong></span> <span class='ocrx_word' id='word_1_666' title='bbox 3423 2770 3532 2825; x_wconf 83' lang='lat' dir='ltr'><strong>falli</strong></span> <span class='ocrx_word' id='word_1_667' title='bbox 3554 2786 3651 2842; x_wconf 86' lang='lat' dir='ltr'><strong>po-</strong></span> 
     </span>
    </p>
   </div>
   <div class='ocr_carea' id='block_1_92' title="bbox 2068 2852 3650 2929">
    <p class='ocr_par' dir='ltr' id='par_1_92' title="bbox 2068 2852 3650 2929">
     <span class='ocr_line' id='line_1_93' title="bbox 2068 2852 3650 2929; baseline 0.008 -23"><span class='ocrx_word' id='word_1_668' title='bbox 2068 2852 2232 2908; x_wconf 88' lang='lat' dir='ltr'><strong>tuisse</strong></span> <span class='ocrx_word' id='word_1_669' title='bbox 2257 2867 2361 2907; x_wconf 90' lang='lat' dir='ltr'><strong>non</strong></span> <span class='ocrx_word' id='word_1_670' title='bbox 2392 2852 2648 2908; x_wconf 92' lang='lat' dir='ltr'><strong>creditur.</strong></span> <span class='ocrx_word' id='word_1_671' title='bbox 2680 2853 2849 2925; x_wconf 85' lang='lat' dir='ltr'><strong>Hujus</strong></span> <span class='ocrx_word' id='word_1_672' title='bbox 2878 2857 3038 2927; x_wconf 82' lang='lat' dir='ltr'><strong>igitur</strong></span> <span class='ocrx_word' id='word_1_673' title='bbox 3060 2859 3135 2912; x_wconf 87' lang='lat' dir='ltr'><strong>rei</strong></span> <span class='ocrx_word' id='word_1_674' title='bbox 3168 2874 3263 2929; x_wconf 88' lang='lat' dir='ltr'><strong>pro</strong></span> <span class='ocrx_word' id='word_1_675' title='bbox 3301 2869 3385 2914; x_wconf 90' lang='lat' dir='ltr'><strong>tua</strong></span> <span class='ocrx_word' id='word_1_676' title='bbox 3426 2863 3650 2919; x_wconf 86' lang='lat' dir='ltr'><strong>caritate</strong></span> 
     </span>
    </p>
   </div>
   <div class='ocr_carea' id='block_1_93' title="bbox 2065 2944 3548 3013">
    <p class='ocr_par' dir='ltr' id='par_1_93' title="bbox 2065 2944 3548 3013">
     <span class='ocr_line' id='line_1_94' title="bbox 2065 2944 3548 3013; baseline 0.007 -16"><span class='ocrx_word' id='word_1_677' title='bbox 2065 2944 2321 3013; x_wconf 79' lang='lat' dir='ltr'><strong>expositis</strong></span> <span class='ocrx_word' id='word_1_678' title='bbox 2344 2945 2539 3010; x_wconf 87' lang='lat' dir='ltr'><strong>causis,</strong></span> <span class='ocrx_word' id='word_1_679' title='bbox 2568 2955 2771 3000; x_wconf 91' lang='lat' dir='ltr'><strong>certum</strong></span> <span class='ocrx_word' id='word_1_680' title='bbox 2799 2963 2886 3003; x_wconf 90' lang='lat' dir='ltr'><strong>me</strong></span> <span class='ocrx_word' id='word_1_681' title='bbox 2909 2947 3068 3003; x_wconf 89' lang='lat' dir='ltr'><strong>facias</strong></span> <span class='ocrx_word' id='word_1_682' title='bbox 3088 2950 3501 3008; x_wconf 85' lang='lat' dir='ltr'><strong>obsecraverim.</strong></span> <span class='ocrx_word' id='word_1_683' title='bbox 3528 2974 3548 3007; x_wconf 74' lang='grc' dir='ltr'><strong><em>ι</em></strong></span> 
     </span>
    </p>
   </div>
   <div class='ocr_carea' id='block_1_94' title="bbox 2137 3034 3649 3113">
    <p class='ocr_par' dir='ltr' id='par_1_94' title="bbox 2137 3034 3649 3113">
     <span class='ocr_line' id='line_1_95' title="bbox 2137 3034 3649 3113; baseline 0.006 -21"><span class='ocrx_word' id='word_1_684' title='bbox 2137 3038 2191 3092; x_wconf 76' lang='lat'><strong>5.</strong></span> <span class='ocrx_word' id='word_1_685' title='bbox 2243 3034 2516 3091; x_wconf 84' lang='lat' dir='ltr'><strong>Simulatio</strong></span> <span class='ocrx_word' id='word_1_686' title='bbox 2566 3039 2901 3107; x_wconf 80' lang='lat' dir='ltr'><strong>patrocinium</strong></span> <span class='ocrx_word' id='word_1_687' title='bbox 2949 3041 3214 3096; x_wconf 82' lang='lat' dir='ltr'><strong>mendacii.</strong></span> <span class='ocrx_word' id='word_1_688' title='bbox 3269 3061 3287 3094; x_wconf 76' lang='grc' dir='ltr'>σ</span> <span class='ocrx_word' id='word_1_689' title='bbox 3314 3042 3442 3113; x_wconf 81' lang='lat' dir='ltr'><strong>Legi</strong></span> <span class='ocrx_word' id='word_1_690' title='bbox 3488 3044 3649 3101; x_wconf 85' lang='lat' dir='ltr'><strong>etiam</strong></span> 
     </span>
    </p>
   </div>
   <div class='ocr_carea' id='block_1_95' title="bbox 2064 3127 3651 3209">
    <p class='ocr_par' dir='ltr' id='par_1_95' title="bbox 2064 3127 3651 3209">
     <span class='ocr_line' id='line_1_96' title="bbox 2064 3127 3651 3209; baseline 0.006 -26"><span class='ocrx_word' id='word_1_691' title='bbox 2064 3127 2307 3199; x_wconf 80' lang='lat' dir='ltr'><strong>quaedam</strong></span> <span class='ocrx_word' id='word_1_692' title='bbox 2352 3130 2570 3199; x_wconf 87' lang='lat' dir='ltr'><strong>scripta,</strong></span> <span class='ocrx_word' id='word_1_693' title='bbox 2602 3145 2730 3209; x_wconf 78' lang='lat' dir='ltr'><strong>qua:</strong></span> <span class='ocrx_word' id='word_1_694' title='bbox 2776 3138 2865 3184; x_wconf 90' lang='lat' dir='ltr'><strong>tua</strong></span> <span class='ocrx_word' id='word_1_695' title='bbox 2913 3130 3237 3200; x_wconf 89' lang='lat' dir='ltr'><strong>dicerentur,</strong></span> <span class='ocrx_word' id='word_1_696' title='bbox 3287 3135 3339 3188; x_wconf 93' lang='lat' dir='ltr'><strong>in</strong></span> <span class='ocrx_word' id='word_1_697' title='bbox 3384 3134 3651 3206; x_wconf 88' lang='lat' dir='ltr'><strong>Epistolas</strong></span> 
     </span>
    </p>
   </div>
   <div class='ocr_carea' id='block_1_96' title="bbox 2067 3220 3653 3295">
    <p class='ocr_par' dir='ltr' id='par_1_96' title="bbox 2067 3220 3653 3295">
     <span class='ocr_line' id='line_1_97' title="bbox 2067 3220 3653 3295; baseline 0.005 -20"><span class='ocrx_word' id='word_1_698' title='bbox 2067 3220 2305 3291; x_wconf 85' lang='lat' dir='ltr'><strong>Apostoli</strong></span> <span class='ocrx_word' id='word_1_699' title='bbox 2338 3220 2507 3286; x_wconf 84' lang='lat' dir='ltr'><strong>Pauli,</strong></span> <span class='ocrx_word' id='word_1_700' title='bbox 2534 3237 2758 3292; x_wconf 89' lang='lat' dir='ltr'><strong>quarum</strong></span> <span class='ocrx_word' id='word_1_701' title='bbox 2796 3238 2954 3278; x_wconf 89' lang='lat' dir='ltr'><strong>unam</strong></span> <span class='ocrx_word' id='word_1_702' title='bbox 2981 3223 3046 3279; x_wconf 91' lang='lat' dir='ltr'><strong>ad</strong></span> <span class='ocrx_word' id='word_1_703' title='bbox 3078 3223 3291 3281; x_wconf 85' lang='lat' dir='ltr'><strong>Galatas</strong></span> <span class='ocrx_word' id='word_1_704' title='bbox 3314 3269 3330 3295; x_wconf 92' lang='lat'><strong>,</strong></span> <span class='ocrx_word' id='word_1_705' title='bbox 3376 3243 3495 3282; x_wconf 88' lang='lat' dir='ltr'><strong>cmn</strong></span> <span class='ocrx_word' id='word_1_706' title='bbox 3522 3244 3653 3285; x_wconf 85' lang='lat' dir='ltr'><strong>eno-</strong></span> 
     </span>
    </p>
   </div>
   <div class='ocr_carea' id='block_1_97' title="bbox 2066 3302 3651 3388">
    <p class='ocr_par' dir='ltr' id='par_1_97' title="bbox 2066 3302 3651 3388">
     <span class='ocr_line' id='line_1_98' title="bbox 2066 3302 3651 3388; baseline 0.006 -22"><span class='ocrx_word' id='word_1_707' title='bbox 2066 3310 2195 3366; x_wconf 90' lang='lat' dir='ltr'><strong>dare</strong></span> <span class='ocrx_word' id='word_1_708' title='bbox 2219 3311 2410 3378; x_wconf 86' lang='lat' dir='ltr'><strong>vclles,</strong></span> <span class='ocrx_word' id='word_1_709' title='bbox 2438 3313 2582 3366; x_wconf 91' lang='lat' dir='ltr'><strong>venit</strong></span> <span class='ocrx_word' id='word_1_710' title='bbox 2611 3302 2664 3366; x_wconf 87' lang='lat' dir='ltr'><strong>in</strong></span> <span class='ocrx_word' id='word_1_711' title='bbox 2696 3328 2884 3369; x_wconf 90' lang='lat' dir='ltr'><strong>manus</strong></span> <span class='ocrx_word' id='word_1_712' title='bbox 2914 3313 3064 3370; x_wconf 92' lang='lat' dir='ltr'><strong>locus</strong></span> <span class='ocrx_word' id='word_1_713' title='bbox 3088 3315 3202 3384; x_wconf 91' lang='lat' dir='ltr'><strong>ille,</strong></span> <span class='ocrx_word' id='word_1_714' title='bbox 3230 3332 3336 3387; x_wconf 90' lang='lat' dir='ltr'><strong>quo</strong></span> <span class='ocrx_word' id='word_1_715' title='bbox 3365 3320 3651 3388; x_wconf 81' lang='lat' dir='ltr'><strong>Apostolus</strong></span> 
     </span>
    </p>
   </div>
   <div class='ocr_carea' id='block_1_98' title="bbox 2067 3403 3654 3480">
    <p class='ocr_par' dir='ltr' id='par_1_98' title="bbox 2067 3403 3654 3480">
     <span class='ocr_line' id='line_1_99' title="bbox 2067 3403 3654 3480; baseline 0.005 -21"><span class='ocrx_word' id='word_1_716' title='bbox 2067 3403 2260 3459; x_wconf 88' lang='lat' dir='ltr'><strong>Petrus</strong></span> <span class='ocrx_word' id='word_1_717' title='bbox 2287 3418 2316 3457; x_wconf 89' lang='lat' dir='ltr'><strong>a</strong></span> <span class='ocrx_word' id='word_1_718' title='bbox 2346 3404 2645 3474; x_wconf 88' lang='lat' dir='ltr'><strong>perniciosa</strong></span> <span class='ocrx_word' id='word_1_719' title='bbox 2668 3407 3010 3463; x_wconf 89' lang='lat' dir='ltr'><strong>simulatione</strong></span> <span class='ocrx_word' id='word_1_720' title='bbox 3036 3418 3337 3464; x_wconf 86' lang='lat' dir='ltr'><strong>revocatur.</strong></span> <span class='ocrx_word' id='word_1_721' title='bbox 3371 3410 3444 3465; x_wconf 87' lang='lat' dir='ltr'><strong>lbi</strong></span> <span class='ocrx_word' id='word_1_722' title='bbox 3477 3419 3654 3480; x_wconf 84' lang='lat' dir='ltr'><strong>patro-</strong></span> 
     </span>
    </p>
   </div>
   <div class='ocr_carea' id='block_1_99' title="bbox 2067 3496 3751 3570">
    <p class='ocr_par' dir='ltr' id='par_1_99' title="bbox 2067 3496 3751 3570">
     <span class='ocr_line' id='line_1_100' title="bbox 2067 3496 3751 3570; baseline 0.004 -20"><span class='ocrx_word' id='word_1_723' title='bbox 2067 3497 2265 3551; x_wconf 90' lang='lat' dir='ltr'><strong>cinium</strong></span> <span class='ocrx_word' id='word_1_724' title='bbox 2292 3496 2555 3552; x_wconf 90' lang='lat' dir='ltr'><strong>mendacii</strong></span> <span class='ocrx_word' id='word_1_725' title='bbox 2579 3509 2886 3569; x_wconf 87' lang='lat' dir='ltr'><strong>susceptum</strong></span> <span class='ocrx_word' id='word_1_726' title='bbox 2913 3513 3056 3565; x_wconf 91' lang='lat' dir='ltr'><strong>esse,</strong></span> <span class='ocrx_word' id='word_1_727' title='bbox 3080 3501 3162 3555; x_wconf 91' lang='lat' dir='ltr'><strong>vel</strong></span> <span class='ocrx_word' id='word_1_728' title='bbox 3190 3501 3288 3556; x_wconf 89' lang='lat' dir='ltr'><strong>abs</strong></span> <span class='ocrx_word' id='word_1_729' title='bbox 3319 3511 3370 3558; x_wconf 92' lang='lat' dir='ltr'><strong>te</strong></span> <span class='ocrx_word' id='word_1_730' title='bbox 3396 3502 3485 3557; x_wconf 90' lang='lat' dir='ltr'><strong>tali</strong></span> <span class='ocrx_word' id='word_1_731' title='bbox 3514 3503 3650 3570; x_wconf 90' lang='lat' dir='ltr'><strong>viro,</strong></span> <span class='ocrx_word' id='word_1_732' title='bbox 3740 3526 3751 3533; x_wconf 87' lang='lat'><strong><em>-</em></strong></span> 
     </span>
    </p>
   </div>
   <div class='ocr_carea' id='block_1_100' title="bbox 2067 3580 3651 3663">
    <p class='ocr_par' dir='ltr' id='par_1_100' title="bbox 2067 3580 3651 3663">
     <span class='ocr_line' id='line_1_101' title="bbox 2067 3580 3651 3663; baseline 0.001 -17"><span class='ocrx_word' id='word_1_733' title='bbox 2067 3592 2153 3646; x_wconf 91' lang='lat' dir='ltr'><strong>vel</strong></span> <span class='ocrx_word' id='word_1_734' title='bbox 2197 3605 2227 3645; x_wconf 86' lang='lat' dir='ltr'><strong>a</strong></span> <span class='ocrx_word' id='word_1_735' title='bbox 2275 3592 2549 3661; x_wconf 88' lang='lat' dir='ltr'><strong>quopiam,</strong></span> <span class='ocrx_word' id='word_1_736' title='bbox 2595 3580 2826 3646; x_wconf 17' lang='lat' dir='ltr'><strong>si’alius</strong></span> <span class='ocrx_word' id='word_1_737' title='bbox 2872 3591 2960 3646; x_wconf 90' lang='lat' dir='ltr'><strong>illa</strong></span> <span class='ocrx_word' id='word_1_738' title='bbox 3002 3594 3237 3663; x_wconf 87' lang='lat' dir='ltr'><strong>scripsit,</strong></span> <span class='ocrx_word' id='word_1_739' title='bbox 3285 3592 3492 3661; x_wconf 83' lang='lat' dir='ltr'><strong>fateor,</strong></span> <span class='ocrx_word' id='word_1_740' title='bbox 3546 3611 3651 3649; x_wconf 89' lang='lat' dir='ltr'><strong>non</strong></span> 
     </span>
    </p>
   </div>
   <div class='ocr_carea' id='block_1_101' title="bbox 2067 3680 3651 3754">
    <p class='ocr_par' dir='ltr' id='par_1_101' title="bbox 2067 3680 3651 3754">
     <span class='ocr_line' id='line_1_102' title="bbox 2067 3680 3651 3754; baseline 0.003 -17"><span class='ocrx_word' id='word_1_741' title='bbox 2067 3680 2411 3737; x_wconf 85' lang='lat' dir='ltr'><strong>mediocriter</strong></span> <span class='ocrx_word' id='word_1_742' title='bbox 2447 3680 2623 3749; x_wconf 90' lang='lat' dir='ltr'><strong>doleo,</strong></span> <span class='ocrx_word' id='word_1_743' title='bbox 2656 3681 2829 3737; x_wconf 91' lang='lat' dir='ltr'><strong>donec</strong></span> <span class='ocrx_word' id='word_1_744' title='bbox 2853 3682 3168 3739; x_wconf 89' lang='lat' dir='ltr'><strong>refellantur</strong></span> <span class='ocrx_word' id='word_1_745' title='bbox 3198 3684 3267 3754; x_wconf 90' lang='lat' dir='ltr'><strong>(si</strong></span> <span class='ocrx_word' id='word_1_746' title='bbox 3308 3684 3442 3740; x_wconf 84' lang='lat' dir='ltr'><strong>forte</strong></span> <span class='ocrx_word' id='word_1_747' title='bbox 3482 3686 3651 3741; x_wconf 88' lang='lat' dir='ltr'><strong>refelli</strong></span> 
     </span>
    </p>
   </div>
   <div class='ocr_carea' id='block_1_102' title="bbox 2068 3774 3655 3844">
    <p class='ocr_par' dir='ltr' id='par_1_102' title="bbox 2068 3774 3655 3844">
     <span class='ocr_line' id='line_1_103' title="bbox 2068 3774 3655 3844; baseline 0.002 -15"><span class='ocrx_word' id='word_1_748' title='bbox 2068 3774 2330 3844; x_wconf 89' lang='lat' dir='ltr'><strong>possunt)</strong></span> <span class='ocrx_word' id='word_1_749' title='bbox 2360 3789 2420 3829; x_wconf 92' lang='lat' dir='ltr'><strong>ea</strong></span> <span class='ocrx_word' id='word_1_750' title='bbox 2453 3788 2572 3843; x_wconf 76' lang='lat' dir='ltr'><strong>qua:</strong></span> <span class='ocrx_word' id='word_1_751' title='bbox 2601 3789 2687 3829; x_wconf 93' lang='lat' dir='ltr'><strong>me</strong></span> <span class='ocrx_word' id='word_1_752' title='bbox 2712 3784 2949 3828; x_wconf 83' lang='lat' dir='ltr'><strong>movent.</strong></span> <span class='ocrx_word' id='word_1_753' title='bbox 2983 3774 3108 3829; x_wconf 84' lang='lat' dir='ltr'><strong>Mihi</strong></span> <span class='ocrx_word' id='word_1_754' title='bbox 3137 3776 3280 3831; x_wconf 93' lang='lat' dir='ltr'><strong>enim</strong></span> <span class='ocrx_word' id='word_1_755' title='bbox 3307 3776 3517 3832; x_wconf 88' lang='lat' dir='ltr'><strong>videtur</strong></span> <span class='ocrx_word' id='word_1_756' title='bbox 3536 3778 3655 3833; x_wconf 78' lang='lat' dir='ltr'><strong>exi-</strong></span> 
     </span>
    </p>
   </div>
   <div class='ocr_carea' id='block_1_103' title="bbox 2050 3864 3654 3935">
    <p class='ocr_par' dir='ltr' id='par_1_103' title="bbox 2050 3864 3654 3935">
     <span class='ocr_line' id='line_1_104' title="bbox 2050 3864 3654 3935; baseline 0.002 -16"><span class='ocrx_word' id='word_1_757' title='bbox 2050 3864 2357 3920; x_wconf 87' lang='lat' dir='ltr'><strong>&#39;tiosissime</strong></span> <span class='ocrx_word' id='word_1_758' title='bbox 2385 3866 2530 3920; x_wconf 91' lang='lat' dir='ltr'><strong>credi</strong></span> <span class='ocrx_word' id='word_1_759' title='bbox 2560 3865 2771 3935; x_wconf 86' lang='lat' dir='ltr'><strong>aliquod</strong></span> <span class='ocrx_word' id='word_1_760' title='bbox 2801 3866 2852 3919; x_wconf 92' lang='lat' dir='ltr'><strong>in</strong></span> <span class='ocrx_word' id='word_1_761' title='bbox 2884 3867 3083 3920; x_wconf 89' lang='lat' dir='ltr'><strong>sanctis</strong></span> <span class='ocrx_word' id='word_1_762' title='bbox 3115 3867 3264 3922; x_wconf 91' lang='lat' dir='ltr'><strong>libris</strong></span> <span class='ocrx_word' id='word_1_763' title='bbox 3294 3866 3477 3923; x_wconf 88' lang='lat' dir='ltr'><strong>haberi</strong></span> <span class='ocrx_word' id='word_1_764' title='bbox 3499 3884 3654 3924; x_wconf 88' lang='lat' dir='ltr'><strong>meu-</strong></span> 
     </span>
    </p>
   </div>
   <div class='ocr_carea' id='block_1_104' title="bbox 2069 3955 3750 4031">
    <p class='ocr_par' dir='ltr' id='par_1_104' title="bbox 2069 3955 3750 4031">
     <span class='ocr_line' id='line_1_105' title="bbox 2069 3955 3750 4031; baseline 0 -19"><span class='ocrx_word' id='word_1_765' title='bbox 2069 3956 2302 4025; x_wconf 89' lang='lat' dir='ltr'><strong>dacium,</strong></span> <span class='ocrx_word' id='word_1_766' title='bbox 2329 3955 2383 4010; x_wconf 89' lang='lat' dir='ltr'><strong>id</strong></span> <span class='ocrx_word' id='word_1_767' title='bbox 2409 3964 2513 4022; x_wconf 90' lang='lat' dir='ltr'><strong>est,</strong></span> <span class='ocrx_word' id='word_1_768' title='bbox 2537 3971 2630 4011; x_wconf 92' lang='lat' dir='ltr'><strong>eos</strong></span> <span class='ocrx_word' id='word_1_769' title='bbox 2653 3955 2916 4022; x_wconf 89' lang='lat' dir='ltr'><strong>homines,</strong></span> <span class='ocrx_word' id='word_1_770' title='bbox 2937 3970 3034 4025; x_wconf 91' lang='lat' dir='ltr'><strong>per</strong></span> <span class='ocrx_word' id='word_1_771' title='bbox 3058 3970 3192 4025; x_wconf 89' lang='lat' dir='ltr'><strong>quos</strong></span> <span class='ocrx_word' id='word_1_772' title='bbox 3217 3956 3371 4012; x_wconf 91' lang='lat' dir='ltr'><strong>nobis</strong></span> <span class='ocrx_word' id='word_1_773' title='bbox 3397 3958 3485 4013; x_wconf 91' lang='lat' dir='ltr'><strong>illa</strong></span> <span class='ocrx_word' id='word_1_774' title='bbox 3511 3958 3656 4014; x_wconf 83' lang='lat' dir='ltr'><strong>Scri-</strong></span> <span class='ocrx_word' id='word_1_775' title='bbox 3742 4022 3750 4031; x_wconf 29' lang='grc' dir='ltr'><em>α</em></span> 
     </span>
    </p>
   </div>
   <div class='ocr_carea' id='block_1_105' title="bbox 2072 4047 3657 4120">
    <p class='ocr_par' dir='ltr' id='par_1_105' title="bbox 2072 4047 3657 4120">
     <span class='ocr_line' id='line_1_106' title="bbox 2072 4047 3657 4120; baseline 0.001 -16"><span class='ocrx_word' id='word_1_776' title='bbox 2072 4059 2225 4120; x_wconf 89' lang='lat' dir='ltr'><strong>ptura</strong></span> <span class='ocrx_word' id='word_1_777' title='bbox 2256 4047 2555 4103; x_wconf 84' lang='lat' dir='ltr'><strong>ministrata</strong></span> <span class='ocrx_word' id='word_1_778' title='bbox 2584 4057 2668 4102; x_wconf 89' lang='lat' dir='ltr'><strong>est</strong></span> <span class='ocrx_word' id='word_1_779' title='bbox 2692 4058 2851 4118; x_wconf 90' lang='lat' dir='ltr'><strong>atque</strong></span> <span class='ocrx_word' id='word_1_780' title='bbox 2876 4049 3176 4119; x_wconf 85' lang='lat' dir='ltr'><strong>conscripta</strong></span> <span class='ocrx_word' id='word_1_781' title='bbox 3197 4091 3213 4117; x_wconf 91' lang='lat'><strong>,</strong></span> <span class='ocrx_word' id='word_1_782' title='bbox 3241 4050 3440 4120; x_wconf 90' lang='lat' dir='ltr'><strong>aliquid</strong></span> <span class='ocrx_word' id='word_1_783' title='bbox 3468 4052 3520 4106; x_wconf 91' lang='lat' dir='ltr'><strong>in</strong></span> <span class='ocrx_word' id='word_1_784' title='bbox 3545 4056 3657 4106; x_wconf 87' lang='lat' dir='ltr'><strong>suis</strong></span> 
     </span>
    </p>
   </div>
   <div class='ocr_carea' id='block_1_106' title="bbox 2071 4138 3656 4211">
    <p class='ocr_par' dir='ltr' id='par_1_106' title="bbox 2071 4138 3656 4211">
     <span class='ocr_line' id='line_1_107' title="bbox 2071 4138 3656 4211; baseline 0.001 -14"><span class='ocrx_word' id='word_1_785' title='bbox 2071 4141 2222 4197; x_wconf 90' lang='lat' dir='ltr'><strong>libris</strong></span> <span class='ocrx_word' id='word_1_786' title='bbox 2256 4139 2425 4196; x_wconf 91' lang='lat' dir='ltr'><strong>fuisse</strong></span> <span class='ocrx_word' id='word_1_787' title='bbox 2459 4138 2735 4195; x_wconf 91' lang='lat' dir='ltr'><strong>mentitos.</strong></span> <span class='ocrx_word' id='word_1_788' title='bbox 2763 4139 2880 4194; x_wconf 83' lang='lat' dir='ltr'><strong>Alia</strong></span> <span class='ocrx_word' id='word_1_789' title='bbox 2908 4140 3104 4210; x_wconf 88' lang='lat' dir='ltr'><strong>quippe</strong></span> <span class='ocrx_word' id='word_1_790' title='bbox 3134 4142 3357 4211; x_wconf 74' lang='lat' dir='ltr'><strong>quzestio</strong></span> <span class='ocrx_word' id='word_1_791' title='bbox 3377 4150 3480 4209; x_wconf 90' lang='lat' dir='ltr'><strong>est,</strong></span> <span class='ocrx_word' id='word_1_792' title='bbox 3507 4142 3656 4198; x_wconf 89' lang='lat' dir='ltr'><strong>Sitne</strong></span> 
     </span>
    </p>
   </div>
   <div class='ocr_carea' id='block_1_107' title="bbox 2071 4229 3653 4303">
    <p class='ocr_par' dir='ltr' id='par_1_107' title="bbox 2071 4229 3653 4303">
     <span class='ocr_line' id='line_1_108' title="bbox 2071 4229 3653 4303; baseline 0.001 -16"><span class='ocrx_word' id='word_1_793' title='bbox 2071 4230 2356 4303; x_wconf 89' lang='lat' dir='ltr'><strong>aliquando</strong></span> <span class='ocrx_word' id='word_1_794' title='bbox 2372 4230 2583 4286; x_wconf 87' lang='lat' dir='ltr'><strong>mentiri</strong></span> <span class='ocrx_word' id='word_1_795' title='bbox 2602 4229 2698 4284; x_wconf 91' lang='lat' dir='ltr'><strong>viri</strong></span> <span class='ocrx_word' id='word_1_796' title='bbox 2720 4230 2844 4285; x_wconf 89' lang='lat' dir='ltr'><strong>boni</strong></span> <span class='ocrx_word' id='word_1_797' title='bbox 2872 4248 2885 4284; x_wconf 89' lang='lat'><strong>:</strong></span> <span class='ocrx_word' id='word_1_798' title='bbox 2904 4239 2957 4286; x_wconf 91' lang='lat' dir='ltr'><strong>et</strong></span> <span class='ocrx_word' id='word_1_799' title='bbox 2976 4231 3077 4285; x_wconf 91' lang='lat' dir='ltr'><strong>alia</strong></span> <span class='ocrx_word' id='word_1_800' title='bbox 3099 4232 3324 4302; x_wconf 68' lang='lat' dir='ltr'><strong>quaastio</strong></span> <span class='ocrx_word' id='word_1_801' title='bbox 3341 4242 3444 4301; x_wconf 89' lang='lat' dir='ltr'><strong>est,</strong></span> <span class='ocrx_word' id='word_1_802' title='bbox 3466 4232 3653 4290; x_wconf 85' lang='lat' dir='ltr'><strong>Utrum</strong></span> 
     </span>
    </p>
   </div>
   <div class='ocr_carea' id='block_1_108' title="bbox 2072 4323 3659 4397">
    <p class='ocr_par' dir='ltr' id='par_1_108' title="bbox 2072 4323 3659 4397">
     <span class='ocr_line' id='line_1_109' title="bbox 2072 4323 3659 4397; baseline 0.001 -16"><span class='ocrx_word' id='word_1_803' title='bbox 2072 4326 2392 4396; x_wconf 89' lang='lat' dir='ltr'><strong>scriptorem</strong></span> <span class='ocrx_word' id='word_1_804' title='bbox 2420 4334 2724 4379; x_wconf 89' lang='lat' dir='ltr'><strong>sanctarum</strong></span> <span class='ocrx_word' id='word_1_805' title='bbox 2753 4323 3149 4394; x_wconf 88' lang='lat' dir='ltr'><strong>Scripturarum</strong></span> <span class='ocrx_word' id='word_1_806' title='bbox 3173 4326 3381 4381; x_wconf 91' lang='lat' dir='ltr'><strong>mentiri</strong></span> <span class='ocrx_word' id='word_1_807' title='bbox 3406 4337 3659 4397; x_wconf 86' lang='lat' dir='ltr'><strong>oportue-</strong></span> 
     </span>
    </p>
   </div>
   <div class='ocr_carea' id='block_1_109' title="bbox 2072 4404 3701 4489">
    <p class='ocr_par' dir='ltr' id='par_1_109' title="bbox 2072 4404 3701 4489">
     <span class='ocr_line' id='line_1_110' title="bbox 2072 4404 3701 4489; baseline 0.001 -16"><span class='ocrx_word' id='word_1_808' title='bbox 2072 4419 2143 4473; x_wconf 90' lang='lat' dir='ltr'><strong>rit</strong></span> <span class='ocrx_word' id='word_1_809' title='bbox 2170 4436 2182 4471; x_wconf 92' lang='lat'><strong>:</strong></span> <span class='ocrx_word' id='word_1_810' title='bbox 2214 4419 2321 4473; x_wconf 90' lang='lat' dir='ltr'><strong>imo</strong></span> <span class='ocrx_word' id='word_1_811' title='bbox 2374 4432 2501 4473; x_wconf 89' lang='lat' dir='ltr'><strong>vero</strong></span> <span class='ocrx_word' id='word_1_812' title='bbox 2544 4432 2649 4472; x_wconf 92' lang='lat' dir='ltr'><strong>non</strong></span> <span class='ocrx_word' id='word_1_813' title='bbox 2690 4417 2792 4472; x_wconf 86' lang='lat' dir='ltr'><strong>alia</strong></span> <span class='ocrx_word' id='word_1_814' title='bbox 2815 4460 2831 4485; x_wconf 93' lang='lat'><strong>,</strong></span> <span class='ocrx_word' id='word_1_815' title='bbox 2860 4417 2954 4474; x_wconf 85' lang='lat' dir='ltr'><strong>sed</strong></span> <span class='ocrx_word' id='word_1_816' title='bbox 2987 4418 3129 4472; x_wconf 89' lang='lat' dir='ltr'><strong>nulla</strong></span> <span class='ocrx_word' id='word_1_817' title='bbox 3158 4428 3239 4473; x_wconf 92' lang='lat' dir='ltr'><strong>est</strong></span> <span class='ocrx_word' id='word_1_818' title='bbox 3268 4421 3510 4489; x_wconf 72' lang='lat' dir='ltr'><strong>qttrestio.</strong></span> <span class='ocrx_word' id='word_1_819' title='bbox 3544 4421 3656 4474; x_wconf 81' lang='lat' dir='ltr'><strong>Ad-</strong></span> <span class='ocrx_word' id='word_1_820' title='bbox 3698 4404 3701 4405; x_wconf 15' lang='grc' dir='ltr'><em>ν</em></span> 
     </span>
    </p>
   </div>
   <div class='ocr_carea' id='block_1_110' title="bbox 2072 4510 3655 4582">
    <p class='ocr_par' dir='ltr' id='par_1_110' title="bbox 2072 4510 3655 4582">
     <span class='ocr_line' id='line_1_111' title="bbox 2072 4510 3655 4582; baseline -0.001 -15"><span class='ocrx_word' id='word_1_821' title='bbox 2072 4514 2237 4569; x_wconf 86' lang='lat' dir='ltr'><strong>misso</strong></span> <span class='ocrx_word' id='word_1_822' title='bbox 2264 4513 2406 4568; x_wconf 87' lang='lat' dir='ltr'><strong>enim</strong></span> <span class='ocrx_word' id='word_1_823' title='bbox 2447 4510 2617 4566; x_wconf 88' lang='lat' dir='ltr'><strong>semel</strong></span> <span class='ocrx_word' id='word_1_824' title='bbox 2663 4511 2715 4565; x_wconf 89' lang='lat' dir='ltr'><strong>in</strong></span> <span class='ocrx_word' id='word_1_825' title='bbox 2764 4519 2967 4565; x_wconf 87' lang='lat' dir='ltr'><strong>tantum</strong></span> <span class='ocrx_word' id='word_1_826' title='bbox 3013 4511 3340 4565; x_wconf 87' lang='lat' dir='ltr'><strong>auctoritatis</strong></span> <span class='ocrx_word' id='word_1_827' title='bbox 3389 4511 3655 4582; x_wconf 88' lang='lat' dir='ltr'><strong>fastigium</strong></span> 
     </span>
    </p>
   </div>
   <div class='ocr_carea' id='block_1_111' title="bbox 2072 4600 3654 4672">
    <p class='ocr_par' dir='ltr' id='par_1_111' title="bbox 2072 4600 3654 4672">
     <span class='ocr_line' id='line_1_112' title="bbox 2072 4600 3654 4672; baseline -0.002 -12"><span class='ocrx_word' id='word_1_828' title='bbox 2072 4605 2320 4660; x_wconf 80' lang='lat' dir='ltr'><strong>officioso</strong></span> <span class='ocrx_word' id='word_1_829' title='bbox 2360 4604 2541 4672; x_wconf 83' lang='lat' dir='ltr'><strong>aiiquo</strong></span> <span class='ocrx_word' id='word_1_830' title='bbox 2584 4601 2901 4666; x_wconf 88' lang='lat' dir='ltr'><strong>mendacio,</strong></span> <span class='ocrx_word' id='word_1_831' title='bbox 2945 4600 3090 4654; x_wconf 91' lang='lat' dir='ltr'><strong>nulla</strong></span> <span class='ocrx_word' id='word_1_832' title='bbox 3138 4600 3349 4655; x_wconf 91' lang='lat' dir='ltr'><strong>illorum</strong></span> <span class='ocrx_word' id='word_1_833' title='bbox 3398 4601 3654 4657; x_wconf 88' lang='lat' dir='ltr'><strong>librorum</strong></span> 
     </span>
    </p>
   </div>
   <div class='ocr_carea' id='block_1_112' title="bbox 2070 4693 3659 4770">
    <p class='ocr_par' dir='ltr' id='par_1_112' title="bbox 2070 4693 3659 4770">
     <span class='ocr_line' id='line_1_113' title="bbox 2070 4693 3659 4770; baseline 0 -20"><span class='ocrx_word' id='word_1_834' title='bbox 2070 4697 2330 4770; x_wconf 90' lang='lat' dir='ltr'><strong>particula</strong></span> <span class='ocrx_word' id='word_1_835' title='bbox 2374 4694 2691 4758; x_wconf 88' lang='lat' dir='ltr'><strong>remanebit,</strong></span> <span class='ocrx_word' id='word_1_836' title='bbox 2733 4708 2851 4763; x_wconf 83' lang='lat' dir='ltr'><strong>quae</strong></span> <span class='ocrx_word' id='word_1_837' title='bbox 2895 4706 3034 4757; x_wconf 92' lang='lat' dir='ltr'><strong>non,</strong></span> <span class='ocrx_word' id='word_1_838' title='bbox 3080 4700 3136 4746; x_wconf 93' lang='lat' dir='ltr'><strong>ut</strong></span> <span class='ocrx_word' id='word_1_839' title='bbox 3176 4693 3368 4763; x_wconf 88' lang='lat' dir='ltr'><strong>cuique</strong></span> <span class='ocrx_word' id='word_1_840' title='bbox 3396 4694 3659 4750; x_wconf 72' lang='lat' dir='ltr'><strong>videbitur</strong></span> 
     </span>
    </p>
   </div>
   <div class='ocr_carea' id='block_1_113' title="bbox 2070 4782 3660 4852">
    <p class='ocr_par' dir='ltr' id='par_1_113' title="bbox 2070 4782 3660 4852">
     <span class='ocr_line' id='line_1_114' title="bbox 2070 4782 3660 4852; baseline -0.003 -6"><span class='ocrx_word' id='word_1_841' title='bbox 2070 4791 2159 4846; x_wconf 89' lang='lat' dir='ltr'><strong>vel</strong></span> <span class='ocrx_word' id='word_1_842' title='bbox 2187 4790 2252 4844; x_wconf 90' lang='lat' dir='ltr'><strong>ad</strong></span> <span class='ocrx_word' id='word_1_843' title='bbox 2279 4803 2457 4843; x_wconf 87' lang='lat' dir='ltr'><strong>mores</strong></span> <span class='ocrx_word' id='word_1_844' title='bbox 2485 4785 2739 4848; x_wconf 82' lang='lat' dir='ltr'><strong>difﬁcilis,</strong></span> <span class='ocrx_word' id='word_1_845' title='bbox 2767 4784 2850 4839; x_wconf 89' lang='lat' dir='ltr'><strong>vel</strong></span> <span class='ocrx_word' id='word_1_846' title='bbox 2879 4784 2944 4838; x_wconf 89' lang='lat' dir='ltr'><strong>ad</strong></span> <span class='ocrx_word' id='word_1_847' title='bbox 2978 4782 3135 4838; x_wconf 83' lang='lat' dir='ltr'><strong>fidem</strong></span> <span class='ocrx_word' id='word_1_848' title='bbox 3173 4784 3499 4841; x_wconf 81' lang='lat' dir='ltr'><strong>incredibilis</strong></span> <span class='ocrx_word' id='word_1_849' title='bbox 3522 4827 3538 4852; x_wconf 91' lang='lat'><strong>,</strong></span> <span class='ocrx_word' id='word_1_850' title='bbox 3566 4803 3660 4842; x_wconf 68' lang='grc' dir='ltr'><strong>ρει-ο</strong></span> 
     </span>
    </p>
   </div>
   <div class='ocr_carea' id='block_1_114' title="bbox 2071 4873 3660 4949">
    <p class='ocr_par' dir='ltr' id='par_1_114' title="bbox 2071 4873 3660 4949">
     <span class='ocr_line' id='line_1_115' title="bbox 2071 4873 3660 4949; baseline -0.003 -14"><span class='ocrx_word' id='word_1_851' title='bbox 2071 4881 2192 4936; x_wconf 89' lang='lat' dir='ltr'><strong>dem</strong></span> <span class='ocrx_word' id='word_1_852' title='bbox 2237 4876 2689 4949; x_wconf 83' lang='lat' dir='ltr'><strong>perniciosissima</strong></span> <span class='ocrx_word' id='word_1_853' title='bbox 2732 4873 2913 4945; x_wconf 85' lang='lat' dir='ltr'><strong>regula</strong></span> <span class='ocrx_word' id='word_1_854' title='bbox 2960 4873 3027 4928; x_wconf 90' lang='lat' dir='ltr'><strong>ad</strong></span> <span class='ocrx_word' id='word_1_855' title='bbox 3077 4874 3385 4931; x_wconf 85' lang='lat' dir='ltr'><strong>mentientis</strong></span> <span class='ocrx_word' id='word_1_856' title='bbox 3427 4878 3660 4931; x_wconf 89' lang='lat' dir='ltr'><strong>auctoris</strong></span> 
     </span>
    </p>
   </div>
   <div class='ocr_carea' id='block_1_115' title="bbox 2071 4952 3662 5033">
    <p class='ocr_par' dir='ltr' id='par_1_115' title="bbox 2071 4952 3662 5033">
     <span class='ocr_line' id='line_1_116' title="bbox 2071 4952 3662 5033; baseline -0.002 -7"><span class='ocrx_word' id='word_1_857' title='bbox 2071 4970 2352 5026; x_wconf 89' lang='lat' dir='ltr'><strong>consilium</strong></span> <span class='ocrx_word' id='word_1_858' title='bbox 2376 4952 2715 5033; x_wconf 83' lang='lat' dir='ltr'><strong>officiumque</strong></span> <span class='ocrx_word' id='word_1_859' title='bbox 2742 4964 3029 5020; x_wconf 83' lang='lat' dir='ltr'><strong>referatur.</strong></span> <span class='ocrx_word' id='word_1_860' title='bbox 3062 4965 3115 5020; x_wconf 90' lang='lat' dir='ltr'><strong>Si</strong></span> <span class='ocrx_word' id='word_1_861' title='bbox 3139 4967 3280 5020; x_wconf 90' lang='lat' dir='ltr'><strong>enim</strong></span> <span class='ocrx_word' id='word_1_862' title='bbox 3305 4966 3662 5024; x_wconf 81' lang='lat' dir='ltr'><strong>mentiebatur</strong></span> 
     </span>
    </p>
   </div>
   <div class='ocr_carea' id='block_1_116' title="bbox 2073 5058 3661 5136">
    <p class='ocr_par' dir='ltr' id='par_1_116' title="bbox 2073 5058 3661 5136">
     <span class='ocr_line' id='line_1_117' title="bbox 2073 5058 3661 5136; baseline -0.001 -17"><span class='ocrx_word' id='word_1_863' title='bbox 2073 5063 2361 5136; x_wconf 80' lang='lat' dir='ltr'><strong>Apostolus</strong></span> <span class='ocrx_word' id='word_1_864' title='bbox 2390 5059 2586 5116; x_wconf 89' lang='lat' dir='ltr'><strong>Paulus</strong></span> <span class='ocrx_word' id='word_1_865' title='bbox 2621 5074 2740 5114; x_wconf 91' lang='lat' dir='ltr'><strong>cum</strong></span> <span class='ocrx_word' id='word_1_866' title='bbox 2781 5058 3098 5129; x_wconf 84' lang='lat' dir='ltr'><strong>Apostolum</strong></span> <span class='ocrx_word' id='word_1_867' title='bbox 3130 5059 3348 5115; x_wconf 85' lang='lat' dir='ltr'><strong>Petrum</strong></span> <span class='ocrx_word' id='word_1_868' title='bbox 3375 5062 3661 5132; x_wconf 80' lang='lat' dir='ltr'><strong>objurgans</strong></span> 
     </span>
    </p>
   </div>
   <div class='ocr_carea' id='block_1_117' title="bbox 2138 5192 3664 5261">
    <p class='ocr_par' dir='ltr' id='par_1_117' title="bbox 2138 5192 3664 5261">
     <span class='ocr_line' id='line_1_118' title="bbox 2138 5192 3664 5261; baseline -0.002 -15"><span class='ocrx_word' id='word_1_869' title='bbox 2138 5196 2211 5261; x_wconf 78' lang='lat' dir='ltr'><strong>(g)</strong></span> <span class='ocrx_word' id='word_1_870' title='bbox 2247 5196 2432 5261; x_wconf 78' lang='lat' dir='ltr'><strong>Iterum</strong></span> <span class='ocrx_word' id='word_1_871' title='bbox 2458 5203 2511 5244; x_wconf 90' lang='lat' dir='ltr'><strong>et</strong></span> <span class='ocrx_word' id='word_1_872' title='bbox 2542 5194 2690 5261; x_wconf 70' lang='lat' dir='ltr'><strong>tertio</strong></span> <span class='ocrx_word' id='word_1_873' title='bbox 2713 5192 3018 5261; x_wconf 66' lang='lat' dir='ltr'><strong>Martianazus</strong></span> <span class='ocrx_word' id='word_1_874' title='bbox 3039 5198 3228 5253; x_wconf 78' lang='lat' dir='ltr'><strong>peccat,</strong></span> <span class='ocrx_word' id='word_1_875' title='bbox 3253 5200 3440 5261; x_wconf 83' lang='lat' dir='ltr'><strong>ut_cum</strong></span> <span class='ocrx_word' id='word_1_876' title='bbox 3461 5192 3664 5243; x_wconf 84' lang='lat' dir='ltr'><strong>Erasmo</strong></span> 
     </span>
    </p>
   </div>
   <div class='ocr_carea' id='block_1_118' title="bbox 2072 5252 3664 5321">
    <p class='ocr_par' dir='ltr' id='par_1_118' title="bbox 2072 5252 3664 5321">
     <span class='ocr_line' id='line_1_119' title="bbox 2072 5252 3664 5321; baseline -0.003 -12"><span class='ocrx_word' id='word_1_877' title='bbox 2072 5252 2231 5321; x_wconf 59' lang='lat' dir='ltr'><strong>faciat,</strong></span> <span class='ocrx_word' id='word_1_878' title='bbox 2274 5257 2471 5321; x_wconf 79' lang='lat' dir='ltr'><strong>legens,</strong></span> <span class='ocrx_word' id='word_1_879' title='bbox 2504 5274 2527 5301; x_wconf 73' lang='lat' dir='ltr'><strong>tt</strong></span> <span class='ocrx_word' id='word_1_880' title='bbox 2562 5253 2614 5303; x_wconf 91' lang='lat' dir='ltr'><strong>Si</strong></span> <span class='ocrx_word' id='word_1_881' title='bbox 2650 5252 3122 5321; x_wconf 68' lang='lat' dir='ltr'><strong>autettt__matt_ifeSLa,</strong></span> <span class='ocrx_word' id='word_1_882' title='bbox 3146 5252 3449 5321; x_wconf 77' lang='lat' dir='ltr'><strong>superfluum</strong></span> <span class='ocrx_word' id='word_1_883' title='bbox 3475 5263 3573 5321; x_wconf 56' lang='lat' dir='ltr'><strong>est,</strong></span> <span class='ocrx_word' id='word_1_884' title='bbox 3612 5264 3664 5304; x_wconf 83' lang='lat' dir='ltr'><strong>te</strong></span> 
     </span>
    </p>
   </div>
   <div class='ocr_carea' id='block_1_119' title="bbox 2073 5314 3664 5379">
    <p class='ocr_par' dir='ltr' id='par_1_119' title="bbox 2073 5314 3664 5379">
     <span class='ocr_line' id='line_1_120' title="bbox 2073 5314 3664 5379; baseline -0.003 -9"><span class='ocrx_word' id='word_1_885' title='bbox 2073 5314 2289 5371; x_wconf 80' lang='lat' dir='ltr'><strong>voluisse</strong></span> <span class='ocrx_word' id='word_1_886' title='bbox 2329 5314 2596 5379; x_wconf 80' lang='lat' dir='ltr'><strong>éxplanare</strong></span> <span class='ocrx_word' id='word_1_887' title='bbox 2617 5350 2632 5374; x_wconf 91' lang='lat'><strong>,</strong></span> <span class='ocrx_word' id='word_1_888' title='bbox 2658 5316 2783 5379; x_wconf 78' lang='lat' dir='ltr'><strong>quod</strong></span> <span class='ocrx_word' id='word_1_889' title='bbox 2817 5314 2927 5379; x_wconf 90' lang='lat' dir='ltr'><strong>illos</strong></span> <span class='ocrx_word' id='word_1_890' title='bbox 2956 5315 3115 5379; x_wconf 72' lang='lat' dir='ltr'><strong>latere</strong></span> <span class='ocrx_word' id='word_1_891' title='bbox 3139 5327 3235 5379; x_wconf 84' lang='lat' dir='ltr'><strong>non</strong></span> <span class='ocrx_word' id='word_1_892' title='bbox 3272 5317 3447 5376; x_wconf 85' lang='lat' dir='ltr'><strong>potuit.</strong></span> <span class='ocrx_word' id='word_1_893' title='bbox 3472 5332 3496 5361; x_wconf 80' lang='grc'><strong>»</strong></span> <span class='ocrx_word' id='word_1_894' title='bbox 3543 5318 3664 5379; x_wconf 82' lang='lat' dir='ltr'><strong>Quae</strong></span> 
     </span>
    </p>
   </div>
   <div class='ocr_carea' id='block_1_120' title="bbox 2075 5374 3665 5439">
    <p class='ocr_par' dir='ltr' id='par_1_120' title="bbox 2075 5374 3665 5439">
     <span class='ocr_line' id='line_1_121' title="bbox 2075 5374 3665 5439; baseline -0.006 -6"><span class='ocrx_word' id='word_1_895' title='bbox 2075 5383 2251 5439; x_wconf 87' lang='lat' dir='ltr'><strong>verba,</strong></span> <span class='ocrx_word' id='word_1_896' title='bbox 2273 5388 2329 5430; x_wconf 89' lang='lat' dir='ltr'><strong>ut</strong></span> <span class='ocrx_word' id='word_1_897' title='bbox 2350 5374 2568 5429; x_wconf 75' lang='lat' dir='ltr'><strong>notatum</strong></span> <span class='ocrx_word' id='word_1_898' title='bbox 2598 5374 2932 5439; x_wconf 68' lang='lat' dir='ltr'><strong>est&#39;V&#39;ictorio,</strong></span> <span class='ocrx_word' id='word_1_899' title='bbox 2956 5374 3239 5439; x_wconf 77' lang='lat' dir='ltr'><strong>Hieronymi</strong></span> <span class='ocrx_word' id='word_1_900' title='bbox 3262 5374 3379 5439; x_wconf 80' lang='lat' dir='ltr'><strong>sunt.</strong></span> <span class='ocrx_word' id='word_1_901' title='bbox 3396 5412 3410 5436; x_wconf 93' lang='lat'><strong>,</strong></span> <span class='ocrx_word' id='word_1_902' title='bbox 3427 5389 3535 5439; x_wconf 82' lang='lat' dir='ltr'><strong>non</strong></span> <span class='ocrx_word' id='word_1_903' title='bbox 3559 5377 3665 5439; x_wconf 72' lang='lat' dir='ltr'><strong>An-</strong></span> 
     </span>
    </p>
   </div>
   <div class='ocr_carea' id='block_1_121' title="bbox 2074 5436 3662 5506">
    <p class='ocr_par' dir='ltr' id='par_1_121' title="bbox 2074 5436 3662 5506">
     <span class='ocr_line' id='line_1_122' title="bbox 2074 5436 3662 5506; baseline -0.006 -12"><span class='ocrx_word' id='word_1_904' title='bbox 2074 5436 2275 5506; x_wconf 86' lang='lat' dir='ltr'><strong>gustini,</strong></span> <span class='ocrx_word' id='word_1_905' title='bbox 2301 5454 2365 5491; x_wconf 85' lang='lat' dir='ltr'><strong>ex</strong></span> <span class='ocrx_word' id='word_1_906' title='bbox 2393 5438 2624 5506; x_wconf 75' lang='lat' dir='ltr'><strong>epistola,</strong></span> <span class='ocrx_word' id='word_1_907' title='bbox 2649 5438 3002 5506; x_wconf 87' lang='lat' dir='ltr'><strong>cujus_i_nitium</strong></span> <span class='ocrx_word' id='word_1_908' title='bbox 3030 5436 3323 5506; x_wconf 38' lang='lat' dir='ltr'><strong>Treslsimut,</strong></span> <span class='ocrx_word' id='word_1_909' title='bbox 3350 5439 3402 5506; x_wconf 71' lang='lat' dir='ltr'><strong>in</strong></span> <span class='ocrx_word' id='word_1_910' title='bbox 3426 5437 3553 5506; x_wconf 81' lang='lat' dir='ltr'><strong>hunc</strong></span> <span class='ocrx_word' id='word_1_911' title='bbox 3588 5436 3662 5486; x_wconf 88' lang='lat' dir='ltr'><strong>lo-</strong></span> 
     </span>
    </p>
   </div>
   <div class='ocr_carea' id='block_1_122' title="bbox 2073 5497 3664 5567">
    <p class='ocr_par' dir='ltr' id='par_1_122' title="bbox 2073 5497 3664 5567">
     <span class='ocr_line' id='line_1_123' title="bbox 2073 5497 3664 5567; baseline -0.004 -13"><span class='ocrx_word' id='word_1_912' title='bbox 2073 5497 2182 5556; x_wconf 67' lang='lat' dir='ltr'><strong>cum</strong></span> <span class='ocrx_word' id='word_1_913' title='bbox 2203 5497 2460 5567; x_wconf 68' lang='lat' dir='ltr'><strong>perperam</strong></span> <span class='ocrx_word' id='word_1_914' title='bbox 2481 5497 2679 5567; x_wconf 80' lang='lat' dir='ltr'><strong>adscita,</strong></span> <span class='ocrx_word' id='word_1_915' title='bbox 2694 5497 2886 5563; x_wconf 75' lang='lat' dir='ltr'><strong>probis,</strong></span> <span class='ocrx_word' id='word_1_916' title='bbox 2905 5511 3015 5567; x_wconf 70' lang='lat' dir='ltr'><strong>qua:</strong></span> <span class='ocrx_word' id='word_1_917' title='bbox 3040 5511 3102 5566; x_wconf 75' lang='lat' dir='ltr'><strong>ex</strong></span> <span class='ocrx_word' id='word_1_918' title='bbox 3122 5497 3492 5567; x_wconf 43' lang='lat' dir='ltr'><strong>ltisslomnlbus,</strong></span> <span class='ocrx_word' id='word_1_919' title='bbox 3512 5504 3664 5561; x_wconf 85' lang='lat' dir='ltr'><strong>atque</strong></span> 
     </span>
    </p>
   </div>
   <div class='ocr_carea' id='block_1_123' title="bbox 2076 5556 3665 5629">
    <p class='ocr_par' dir='ltr' id='par_1_123' title="bbox 2076 5556 3665 5629">
     <span class='ocr_line' id='line_1_124' title="bbox 2076 5556 3665 5629; baseline 0.003 -13"><span class='ocrx_word' id='word_1_920' title='bbox 2076 5556 2222 5629; x_wconf 66' lang='lat' dir='ltr'><strong>editis</strong></span> <span class='ocrx_word' id='word_1_921' title='bbox 2241 5556 2494 5629; x_wconf 62' lang='lat' dir='ltr'><strong>plerisque</strong></span> <span class='ocrx_word' id='word_1_922' title='bbox 2530 5556 2881 5619; x_wconf 74' lang='lat' dir='ltr'><strong>restituuntur,</strong></span> <span class='ocrx_word' id='word_1_923' title='bbox 2908 5556 3019 5629; x_wconf 75' lang='lat' dir='ltr'><strong>illos</strong></span> <span class='ocrx_word' id='word_1_924' title='bbox 3050 5556 3191 5629; x_wconf 79' lang='lat' dir='ltr'><strong>eis</strong></span> <span class='ocrx_word' id='word_1_925' title='bbox 3212 5556 3550 5629; x_wconf 67' lang='grc' dir='ltr'><strong>ῆιιίί,ρριαξξεε</strong></span> <span class='ocrx_word' id='word_1_926' title='bbox 3570 5556 3665 5629; x_wconf 62' lang='grc' dir='ltr'><strong>ἧφι</strong></span> 
     </span>
    </p>
   </div>
   <div class='ocr_carea' id='block_1_124' title="bbox 2074 5618 3667 5680">
    <p class='ocr_par' dir='ltr' id='par_1_124' title="bbox 2074 5618 3667 5680">
     <span class='ocr_line' id='line_1_125' title="bbox 2074 5618 3667 5680; baseline -0.006 -2"><span class='ocrx_word' id='word_1_927' title='bbox 2074 5618 2312 5678; x_wconf 64' lang='lat' dir='ltr'><strong>creditur.</strong></span> <span class='ocrx_word' id='word_1_928' title='bbox 2351 5618 2625 5675; x_wconf 71' lang='lat' dir='ltr'><strong>Prbbautur</strong></span> <span class='ocrx_word' id='word_1_929' title='bbox 2664 5632 2828 5671; x_wconf 88' lang='lat' dir='ltr'><strong>autem</strong></span> <span class='ocrx_word' id='word_1_930' title='bbox 2867 5624 3015 5671; x_wconf 86' lang='lat' dir='ltr'><strong>etiam</strong></span> <span class='ocrx_word' id='word_1_931' title='bbox 3051 5618 3350 5680; x_wconf 80' lang='lat' dir='ltr'><strong>Hieronymi</strong></span> <span class='ocrx_word' id='word_1_932' title='bbox 3379 5620 3667 5680; x_wconf 77' lang='lat' dir='ltr'><strong>testimonio</strong></span> 
     </span>
    </p>
   </div>
   <div class='ocr_carea' id='block_1_125' title="bbox 2074 5678 3667 5749">
    <p class='ocr_par' dir='ltr' id='par_1_125' title="bbox 2074 5678 3667 5749">
     <span class='ocr_line' id='line_1_126' title="bbox 2074 5678 3667 5749; baseline -0.006 -10"><span class='ocrx_word' id='word_1_933' title='bbox 2074 5692 2219 5739; x_wconf 85' lang='lat' dir='ltr'><strong>citata</strong></span> <span class='ocrx_word' id='word_1_934' title='bbox 2251 5683 2485 5749; x_wconf 76' lang='lat' dir='ltr'><strong>Epistula,</strong></span> <span class='ocrx_word' id='word_1_935' title='bbox 2516 5684 2634 5749; x_wconf 85' lang='lat' dir='ltr'><strong>dum</strong></span> <span class='ocrx_word' id='word_1_936' title='bbox 2655 5684 2862 5749; x_wconf 69' lang='lat' dir='ltr'><strong>haee_ex_</strong></span> <span class='ocrx_word' id='word_1_937' title='bbox 2886 5681 3160 5749; x_wconf 50' lang='lat' dir='ltr'><strong>Augustino</strong></span> <span class='ocrx_word' id='word_1_938' title='bbox 3197 5678 3379 5749; x_wconf 74' lang='lat' dir='ltr'><strong>repetit</strong></span> <span class='ocrx_word' id='word_1_939' title='bbox 3404 5693 3444 5749; x_wconf 86' lang='lat'><strong>:_</strong></span> <span class='ocrx_word' id='word_1_940' title='bbox 3461 5697 3485 5726; x_wconf 65' lang='grc' dir='ltr'>ς</span> <span class='ocrx_word' id='word_1_941' title='bbox 3507 5678 3560 5728; x_wconf 90' lang='lat' dir='ltr'><strong>Si</strong></span> <span class='ocrx_word' id='word_1_942' title='bbox 3581 5681 3667 5730; x_wconf 82' lang='lat' dir='ltr'><strong>ob-</strong></span> 
     </span>
    </p>
   </div>
   <div class='ocr_carea' id='block_1_126' title="bbox 2073 5740 3665 5809">
    <p class='ocr_par' dir='ltr' id='par_1_126' title="bbox 2073 5740 3665 5809">
     <span class='ocr_line' id='line_1_127' title="bbox 2073 5740 3665 5809; baseline -0.006 -9"><span class='ocrx_word' id='word_1_943' title='bbox 2073 5763 2217 5800; x_wconf 88' lang='lat' dir='ltr'><strong>scura</strong></span> <span class='ocrx_word' id='word_1_944' title='bbox 2239 5786 2252 5809; x_wconf 93' lang='lat'><strong>,</strong></span> <span class='ocrx_word' id='word_1_945' title='bbox 2294 5740 2351 5809; x_wconf 68' lang='lat' dir='ltr'><strong>ie</strong></span> <span class='ocrx_word' id='word_1_946' title='bbox 2387 5740 2585 5809; x_wconf 78' lang='lat' dir='ltr'><strong>quoque</strong></span> <span class='ocrx_word' id='word_1_947' title='bbox 2623 5746 2673 5809; x_wconf 85' lang='lat' dir='ltr'><strong>in</strong></span> <span class='ocrx_word' id='word_1_948' title='bbox 2710 5744 2810 5794; x_wconf 90' lang='lat' dir='ltr'><strong>illis</strong></span> <span class='ocrx_word' id='word_1_949' title='bbox 2837 5742 2938 5792; x_wconf 87' lang='lat' dir='ltr'><strong>falli</strong></span> <span class='ocrx_word' id='word_1_950' title='bbox 2971 5740 3192 5809; x_wconf 60' lang='lat' dir='ltr'><strong>potuisse</strong></span> <span class='ocrx_word' id='word_1_951' title='bbox 3231 5740 3665 5809; x_wconf 73' lang='lat' dir='ltr'><strong>credendumest.‘</strong></span> 
     </span>
    </p>
   </div>
   <div class='ocr_carea' id='block_1_127' title="bbox 2076 5799 3666 5869">
    <p class='ocr_par' dir='ltr' id='par_1_127' title="bbox 2076 5799 3666 5869">
     <span class='ocr_line' id='line_1_128' title="bbox 2076 5799 3666 5869; baseline -0.004 -9"><span class='ocrx_word' id='word_1_952' title='bbox 2076 5812 2161 5860; x_wconf 88' lang='lat' dir='ltr'><strong>Sin</strong></span> <span class='ocrx_word' id='word_1_953' title='bbox 2199 5799 2474 5869; x_wconf 58' lang='lat' dir='ltr'><strong>m’anifesia,</strong></span> <span class='ocrx_word' id='word_1_954' title='bbox 2504 5799 2621 5856; x_wconf 82' lang='lat' dir='ltr'><strong>illos</strong></span> <span class='ocrx_word' id='word_1_955' title='bbox 2652 5807 2702 5855; x_wconf 91' lang='lat' dir='ltr'><strong>in</strong></span> <span class='ocrx_word' id='word_1_956' title='bbox 2735 5809 2809 5855; x_wconf 87' lang='lat' dir='ltr'><strong>eis</strong></span> <span class='ocrx_word' id='word_1_957' title='bbox 2848 5814 2945 5854; x_wconf 89' lang='lat' dir='ltr'><strong>non</strong></span> <span class='ocrx_word' id='word_1_958' title='bbox 2978 5799 3078 5852; x_wconf 77' lang='lat' dir='ltr'><strong>falli</strong></span> <span class='ocrx_word' id='word_1_959' title='bbox 3114 5801 3331 5864; x_wconf 83' lang='lat' dir='ltr'><strong>potuisse</strong></span> <span class='ocrx_word' id='word_1_960' title='bbox 3355 5804 3666 5867; x_wconf 75' lang='lat' dir='ltr'><strong>perSpicttum</strong></span> 
     </span>
    </p>
   </div>
   <div class='ocr_carea' id='block_1_128' title="bbox 2079 5880 2220 5921">
    <p class='ocr_par' dir='ltr' id='par_1_128' title="bbox 2079 5880 2220 5921">
     <span class='ocr_line' id='line_1_129' title="bbox 2079 5880 2220 5921; baseline -0.021 0"><span class='ocrx_word' id='word_1_961' title='bbox 2079 5880 2220 5921; x_wconf 63' lang='lat' dir='ltr'><strong>est.»</strong></span> 
     </span>
    </p>
   </div>
  </div>
