4146 6336
496 319 603 377 567

497 430 704 486 diceret
722 445 734 480 :
751 425 812 482 Si
831 434 884 479 tu
905 440 1017 478 cum
1033 424 1104 478 sis
1150 422 1310 496 303
1347 421 1584 489 Judtens,
1607 421 1890 485 Centiliter,
1911 427 1957 473 et
1979 432 2079 470 non

496 518 712 573 Judaicc
752 517 908 583 vivis,
945 515 1370 586 quemadmodum
1405 515 1541 585 cogis
1576 523 1745 584 gentes
1769 509 2082 583 judaizare.’

502 627 522 662 ι
549 609 618 663 Et
632 617 780 664 recte
801 606 876 662 illi
896 607 1175 663 videbatur
1195 607 1384 662 Petrus
1407 606 1616 671 fecisse,
1633 620 1792 674 quem
1812 619 1916 658 non
1936 611 2080 658 recte

498 698 694 754 fecisse
724 707 779 754 et
805 698 959 766 dixit,
979 707 1033 754 et
1049 699 1262 769 scripsit
1285 717 1304 751 ι
1325 696 1524 770 (Galat.
1552 697 1607 755 2.
1639 698 1705 753 14
1724 697 1776 767 );
1801 715 1820 748 ‹
1845 705 1903 750 ιιι
1926 695 2080 766 quasi

497 789 708 846 animos
752 789 1188 844 tumultuantium
1232 789 1499 844 deliniret.
1547 787 1684 855 Quid
1724 785 2078 857 respondebi-

495 895 636 949 mus,
660 897 782 938 cum
805 883 1206 938 exsurrexerint
1226 882 1462 952 perversi
1494 879 1760 944 homines,
1791 878 2081 949 prohiben-

496 983 578 1030 tes
603 975 833 1046 nuptias,
866 991 1000 1046 quos
1030 975 1235 1031 futuros
1264 975 1377 1043 ipse
1407 971 1820 1044 przenuntiavit;
1850 979 1906 1026 et
1929 969 2081 1024 dixe-

494 1068 605 1123 rint
632 1077 800 1123 totum
828 1068 957 1124 illud
983 1068 1124 1140 quod
1151 1067 1289 1124 idem
1322 1067 1604 1137 Apostolus
1623 1065 1690 1120 de
1709 1063 2079 1120 matrimonio-

494 1173 613 1214 rum
648 1159 770 1230 jure
795 1159 1056 1215 ﬁrmando
1081 1160 1292 1214 locutus
1333 1169 1436 1226 est,
1469 1168 1686 1228 propter
1709 1157 1956 1211 homines
1985 1154 2077 1227 qui

494 1251 779 1307 dilectione
819 1251 910 1325 [aL
940 1250 1220 1323 dilectioni]
1251 1252 1536 1322 coniugum
1571 1249 1877 1305 tumultuari
1921 1257 2078 1319 pote-

494 1353 633 1408 rant,
662 1342 824 1398 fuisse
846 1342 1124 1397 mentitum
1150 1359 1164 1395 :
1188 1342 1390 1398 scilicet
1412 1357 1514 1396 non
1537 1341 1676 1412 quod
1702 1341 1802 1395 hoc
1823 1339 2074 1404 senserit,

493 1433 588 1488 sed
619 1443 673 1488 ut
700 1433 910 1488 illorum
937 1434 1238 1503 placaretur
1265 1433 1600 1489 adversitas?
1628 1433 1742 1488 Non
1771 1432 1916 1488 enim
1942 1446 2078 1501 Opus

493 1535 576 1580 est
603 1525 766 1580 multa
794 1539 1238 1580 commemorare.
1281 1525 1513 1581 Possunt
1548 1526 1690 1580 enim
1723 1525 1888 1579 videri
1917 1524 2076 1578 etiam

493 1617 562 1672 de
589 1617 831 1673 laudibus
859 1618 950 1672 Dei
985 1632 1106 1672 esse
1131 1616 1372 1673 ofﬁciosa
1401 1617 1699 1682 mendacia,
1722 1625 1782 1671 ut
1809 1615 1947 1685 apud
1975 1615 2077 1669 ho-

493 1711 666 1765 mines
697 1712 958 1781 pigriores
983 1711 1199 1766 dilectio
1228 1712 1343 1781 ejus
1369 1711 1613 1766 ardescat
1633 1729 1646 1765 :
1665 1719 1821 1780 atque
1849 1709 1920 1764 ita
1951 1722 2078 1763 nus-

492 1820 648 1875 quant
675 1817 822 1859 certa
850 1804 951 1859 erit
993 1803 1047 1859 in
1074 1804 1276 1860 sanctis
1309 1805 1484 1859 literis
1509 1813 1670 1859 castm
1701 1803 1938 1858 veritatis
1976 1817 2077 1855 au-

489 1899 728 1953 ctoritas.
759 1897 950 1954 Nonne
979 1899 1300 1953 attendimus
1320 1898 1567 1954 eumdem
1593 1897 1928 1966 Apostolum,
1952 1910 2075 1950 cum

490 1989 689 2057 ingenti
707 2005 832 2044 cura
849 1991 1088 2045 veritatis
1099 1988 1558 2051 commendandae,
1573 1988 1807 2045 dicere);
1829 1987 1892 2041 Si
1907 1995 2075 2040 autem

489 2077 722 2135 Christus
739 2097 837 2135 non
854 2082 1149 2147 resurrexit,
1165 2083 1330 2136 inanis
1351 2091 1423 2136 est
1441 2080 1733 2150 prazdicalio
1753 2090 1945 2144 nostra,
1963 2080 2078 2132 ina-

489 2173 568 2226 nis
589 2183 659 2226 est
681 2183 725 2228 et
743 2175 868 2242 ﬁdes
889 2185 1070 2230 vestra.
1096 2173 1386 2228 Inuenimur
1401 2182 1565 2227 autem
1583 2182 1628 2227 et
1645 2171 1767 2244 falsi
1780 2182 1925 2226 testes
1943 2170 2076 2226 Dei:

489 2267 609 2336 quia
635 2267 972 2322 testimonium
999 2268 1221 2323 diximus
1250 2268 1492 2322 adversus
1520 2266 1683 2322 Deum
1706 2308 1720 2332 ,
1751 2266 1886 2338 quod
1909 2267 2074 2320 susci-

493 2361 613 2412 tavit
634 2361 910 2428 Christum,
929 2378 1076 2431 quem
1095 2378 1194 2415 non
1215 2362 1469 2415 suscitavit
1499 2361 1544 2430 (1
1561 2401 1574 2415 .
1599 2359 1716 2414 Cor.
1743 2361 1830 2414 15.
1852 2360 1939 2414 14.
1961 2359 2074 2428 15).

495 2467 516 2500 ε
551 2451 607 2506 Si
636 2452 754 2520 quis
783 2451 905 2506 huic
929 2451 1133 2506 diceret
1153 2471 1165 2506 :
1185 2452 1313 2523 quid
1344 2453 1396 2507 in
1433 2452 1533 2506 hoc
1551 2451 1829 2506 mendacio
1851 2450 2075 2522 perhor-

491 2543 658 2596 rescis
678 2584 693 2606 ,
721 2558 842 2597 cum
874 2543 925 2596 id
952 2543 1151 2598 dixeris
1171 2586 1186 2608 ,
1219 2543 1359 2614 quod
1390 2545 1550 2598 etiam
1581 2544 1626 2597 si
1655 2543 1844 2597 falsum
1876 2541 1985 2609 sit,
2008 2540 2074 2596 ad

492 2632 702 2688 laudem
727 2633 818 2688 Dei
841 2635 1070 2690 maxime
1092 2636 1355 2705 pertinet?
1383 2634 1573 2689 Nonne
1594 2634 1750 2703 hujus
1779 2634 2076 2688 detestatus

494 2725 778 2792 insaniam,
809 2726 1000 2796 quibus
1021 2736 1203 2798 posset
1229 2726 1407 2782 verbis
1434 2736 1488 2783 et
1516 2726 1990 2797 significationibus
2020 2725 2074 2778 in

497 2819 670 2874 lucem
713 2819 1003 2890 penetralia
1045 2819 1125 2873 sui
1163 2818 1340 2874 cordis
1375 2817 1648 2890 aperiret?
1691 2818 1938 2874 Clamans
1968 2831 2075 2871 non

494 2914 730 2978 minore,
783 2921 874 2966 aut
921 2913 1146 2967 fortasse
1184 2913 1346 2967 etiam
1389 2911 1593 2982 majore
1629 2910 1831 2965 scelere
1867 2908 1920 2964 in
1965 2907 2075 2963 Deo

492 3003 695 3059 laudari
723 3003 1026 3070 falsitatem,
1050 3018 1209 3073 quam
1231 3003 1513 3058 veritatem
1538 3000 1868 3070 vituperari?
1893 3002 2074 3069 Agen-

491 3095 620 3151 dum
668 3104 750 3151 est
789 3095 966 3166 igitur,
1000 3105 1058 3149 ut
1101 3093 1169 3150 ad
1208 3093 1567 3164 cognitionem
1598 3091 1897 3147 divinarum
1925 3091 2074 3148 Scri-
2137 3159 2140 3162 ,

496 3195 766 3254 pturarum
809 3187 929 3241 talis
967 3185 1131 3241 homo
1177 3183 1420 3252 accedat,
1452 3183 1543 3256 qui
1582 3183 1650 3239 de
1691 3184 1888 3238 sanctis
1925 3181 2076 3239 libris

496 3287 601 3330 tam
628 3285 811 3332 sancte
839 3285 892 3332 et
917 3278 1184 3332 veraciter
1211 3277 1499 3343 existimet,
1531 3284 1589 3330 ut
1615 3276 1750 3330 nolit
1773 3275 1950 3346 aliqua
1977 3291 2073 3331 eo-

495 3385 612 3422 rum
640 3379 788 3438 parte
809 3369 1058 3425 delectari
1080 3385 1179 3441 per
1197 3369 1433 3425 ofﬁciosa
1454 3369 1730 3426 mendacia
1755 3385 1771 3424 ε
1796 3372 2076 3441 potiusque

497 3459 548 3514 id
570 3460 710 3531 quod
739 3476 842 3514 non
866 3461 1134 3531 intelligit,
1163 3471 1417 3528 transeat,
1449 3478 1613 3533 quam
1642 3477 1737 3517 cor
1761 3478 1917 3517 suum
1941 3478 2076 3534 prm-

498 3551 632 3606 ferat
657 3551 728 3605 illi
752 3551 979 3606 veritati.
1017 3551 1264 3608 Profecto
1303 3553 1444 3608 enim
1485 3568 1606 3608 cum
1634 3553 1735 3608 hoc
1757 3553 1902 3616 dicit,
1929 3555 2076 3608 credi

496 3629 598 3698 sibi
637 3643 838 3712 expetit
865 3663 878 3696 :
910 3651 964 3698 et
993 3642 1044 3698 id
1075 3644 1218 3716 agit,
1257 3653 1314 3700 ut
1345 3644 1643 3701 divinarum
1679 3643 2074 3716 Scripturarum

496 3737 905 3791 auctoritatibus
936 3752 1040 3792 non
1068 3738 1404 3793 credamus.»

566 3826 621 3880 4.
657 3845 676 3877 ‹
708 3825 773 3881 Et
799 3842 898 3897 ego
923 3827 1139 3898 quidem
1167 3829 1644 3900 qualibuscumque
1669 3829 1874 3884 viribus
1893 3872 1908 3894 ,
1943 3845 2112 3900 quaso

497 3918 752 3974 Dominus
773 3921 1028 3990 suggerit,
1059 3921 1236 3975 omnia
1263 3921 1349 3976 illa
1373 3921 1676 3976 testimonia
1700 3937 1819 3991 qua:
1840 3919 2078 3976 adhibita

495 4019 656 4079 sunt,
688 4012 1026 4067 adstruendae
1058 4015 1268 4068 utilitati
1301 4013 1564 4071 mendacii
1588 4055 1603 4081 ,
1646 4015 1804 4069 aliter
1829 4023 2080 4085 oportere

497 4103 722 4172 intelligi
763 4104 1122 4171 ostenderem,
1162 4115 1220 4159 ut
1260 4106 1456 4176 ubique
1485 4120 1672 4161 eorum
1701 4105 1854 4159 ﬁrma
1881 4107 2080 4162 veritas

497 4192 801 4248 doceretur.
825 4193 992 4261 Quam
1023 4195 1163 4248 enim
1188 4195 1488 4248 testimonia
1518 4195 1790 4250 mendacia
1823 4211 1942 4251 esse
1974 4213 2079 4252 non

498 4283 828 4349 debent,tam
843 4300 949 4340 non
968 4285 1163 4342 debent
1177 4285 1358 4340 favere
1376 4286 1786 4342 mendacio.Sed
1807 4288 1906 4344 hoc
1925 4289 2080 4344 intel-

499 4374 732 4445 ligentiae
761 4384 862 4430 tua:
890 4376 1153 4446 relinquo.
1179 4375 1406 4428 Admota
1433 4376 1575 4429 enim
1603 4375 1820 4430 lectioni
1850 4377 2077 4446 diligen-

499 4467 620 4522 tiori
648 4468 1093 4533 consideratione,
1118 4468 1285 4522 multo
1308 4468 1358 4522 id
1387 4467 1614 4522 fortasse
1640 4467 1848 4524 facilius
1873 4469 2081 4524 videbis

499 4574 657 4628 quam
685 4575 803 4630 ego.
849 4559 926 4616 Ad
958 4559 1094 4614 hanc
1132 4569 1310 4614 autem
1359 4558 1842 4614 considerationem
1918 4558 2080 4632 304

500 4660 654 4721 coget
681 4661 732 4706 te
760 4655 945 4722 pictas,
979 4669 1080 4725 qua
1112 4653 1391 4725 cognoscis
1420 4653 1678 4708 fluctuare
1705 4654 2079 4709 auctoritatem

501 4743 896 4812 Scripturarum
927 4745 1249 4811 divinarum,
1279 4755 1338 4800 ut
1367 4746 1418 4800 in
1450 4747 1528 4800 eis
1553 4743 1692 4816 quod
1713 4746 1826 4799 vult
1852 4750 2081 4816 quisque

501 4833 722 4888 credat:
746 4833 886 4903 quod
931 4851 1036 4888 non
1065 4835 1196 4900 vult,
1228 4851 1332 4890 non
1375 4835 1559 4891 credat
1592 4854 1605 4891 :
1635 4835 1683 4892 si
1713 4838 1879 4892 semel
1923 4836 2083 4892 fuerit

504 4937 842 4994 persuasum,
866 4924 1040 4993 aliqua
1071 4925 1277 4981 ratione
1299 4927 1414 4980 illos
1444 4927 1590 4982 viros
1620 4943 1713 4997 per
1749 4943 1884 4998 quos
1925 4930 2082 4986 nobis

507 5012 622 5068 haec
645 5014 939 5068 ministrata
977 5024 1116 5079 sunt,
1160 5015 1210 5068 in
1251 5016 1540 5086 Scripturis
1564 5019 1677 5072 suis
1703 5018 1944 5074 ofﬁciose
1983 5037 2080 5091 po-

504 5105 668 5161 tuisse
685 5107 933 5172 mentiri;
960 5106 1059 5160 nisi
1079 5105 1213 5160 forte
1243 5108 1454 5177 regulas
1473 5108 1728 5176 quasdam
1749 5111 1972 5166 daturus
1999 5126 2079 5177 es,

501 5197 698 5264 quibus
725 5197 1030 5249 noverimus
1068 5197 1154 5249 ubi
1193 5207 1436 5264 oporteat
1481 5199 1721 5265 mentiri,
1757 5208 1810 5256 et
1837 5202 1925 5256 ubi
1973 5217 2080 5256 non

502 5296 767 5361 oporteat.
787 5287 938 5355 Quod
964 5289 1008 5342 si
1032 5287 1144 5342 ﬁeri
1173 5298 1367 5358 potest,
1384 5291 1530 5344 nullo
1549 5291 1708 5346 modo
1735 5294 2082 5350 mendacibus

502 5382 781 5450 dubiisque
803 5379 1097 5434 rationibus
1121 5379 1171 5433 id
1197 5381 1462 5445 explices,
1477 5397 1680 5452 quasso.
1707 5383 1819 5439 Nec
1845 5401 1930 5440 me
1952 5401 2084 5441 one-

501 5477 822 5537 rosum,aut
866 5468 1226 5541 impudentem
1266 5469 1510 5541 judices,
1557 5486 1653 5542 per
1693 5473 2080 5531 humanitatem

513 5561 911 5616 veracissimam
956 5561 1166 5617 Domini
1195 5563 1382 5619 nostri.
1423 5562 1559 5619 Nam
1584 5604 1601 5632 ,
1633 5575 1693 5619 ut
1740 5581 1846 5620 non
1902 5567 2077 5622 dicam

505 5654 666 5719 nulla,
695 5663 841 5710 certe
868 5671 971 5710 non
997 5669 1183 5725 magna
1212 5655 1388 5725 culpa,
1419 5671 1569 5712 meus
1588 5672 1738 5712 error
1767 5659 1974 5713 veritati
2005 5657 2081 5714 fa-

503 5755 626 5800 vet:
655 5747 700 5804 si
741 5758 886 5805 rectc
919 5750 968 5804 iu
1002 5760 1051 5804 te
1077 5750 1269 5806 veritas
1302 5759 1474 5821 potest
1503 5751 1678 5807 favere
1709 5752 2009 5808 mendacio.

1770 303 2014 364 SANCTl
2047 261 2430 360 uteaouvut

3666 317 3771 375 568

2261 418 2313 473 5.
2341 419 2500 474 Multa
2526 422 2628 476 alia
2653 437 2774 478 cum
2803 423 3164 480 sincerissimo
3191 424 3354 482 corde
3385 433 3476 482 tuo
3506 428 3649 501 loqui
3672 449 3769 486 cu-

2188 524 2388 580 perem,
2427 520 2481 566 et
2517 510 2582 567 de
2619 512 2923 569 Christiano
2960 515 3140 570 studio
3182 517 3426 573 conferre
3461 519 3602 574 :sed
3645 521 3769 578 huic

2187 601 2453 658 desiderio
2497 619 2617 659 meo
2655 605 2798 660 nulla
2842 607 3068 677 epistola
3110 609 3241 664 satis
3281 617 3384 664 est.
3427 609 3654 667 Uberius
3682 613 3767 668 id-

2187 691 2358 760 ipsum
2381 708 2596 762 possum
2616 710 2712 765 per
2732 697 2946 752 fratrem
2974 696 3335 765 Profuturum,
3356 716 3514 770 quem
3538 703 3768 758 miscen-

2185 780 2312 838 dum
2342 793 2393 839 et
2424 785 2672 841 alendum
2708 787 2953 842 dulcibus
2993 797 3153 859 atque
3183 789 3400 846 utilibus
3433 793 3765 848 sermocina-

2187 873 2418 929 tionibus
2449 877 2550 930 tuis
2577 879 2782 934 misisse
2807 895 2894 935 me
2924 879 3151 950 gaudeo.
3198 881 3267 936 Et
3301 891 3480 938 tamen
3509 895 3764 953 quantum

2184 965 2398 1030 vellem,
2431 982 2530 1022 nec
2557 968 2667 1036 ipse
2699 966 2871 1041 (quod
2911 970 3026 1039 ejus
3071 986 3200 1041 pace
3238 970 3504 1044 dixerim)
3542 972 3767 1029 forsitan

2183 1060 2357 1129 capit,
2389 1074 2693 1130 quanquam
2734 1061 2809 1134 (a)
2850 1062 2902 1117 in
2948 1063 3118 1118 nihilo
3160 1079 3247 1120 me
3291 1065 3368 1119 illi
3416 1065 3763 1135 praetulerim.

2184 1153 2294 1223 Ego
2317 1153 2458 1208 enim
2489 1169 2574 1209 me
2602 1153 2770 1210 fateor
2794 1157 2867 1210 tui
2894 1158 3261 1226 capaciorem;
3287 1157 3382 1213 sed
3406 1159 3578 1229 ipsum
3607 1159 3766 1216 video

2182 1246 2295 1302 ﬁeri
2322 1247 2638 1317 pleniorem,
2661 1264 2768 1318 quo
2791 1263 2878 1304 me
2898 1249 3016 1305 sine
3038 1249 3374 1306 dubitatione
3393 1252 3690 1315 antecellit,
3711 1261 3767 1307 et

2184 1351 2364 1410 postea
2409 1357 2568 1412 quam
2604 1341 2845 1408 redierit,
2873 1343 3015 1414 quod
3045 1344 3271 1399 Domino
3308 1343 3596 1415 adiuvante
3636 1359 3762 1415 pro-

2182 1441 2394 1500 sperato
2425 1432 2516 1487 ﬁat
2537 1448 2697 1487 cursu
2723 1475 2738 1500 ,
2778 1447 2901 1489 cum
2954 1433 3070 1504 ejus
3117 1435 3348 1504 pectoris
3371 1436 3468 1490 abs
3497 1443 3547 1490 te
3573 1450 3763 1490 cumu-

2184 1525 2271 1578 lati
2300 1525 2568 1596 particeps
2596 1525 2750 1580 fuero
2781 1543 2795 1579 :
2825 1541 2930 1581 non
2955 1536 3036 1580 cst
3061 1526 3402 1593 impleturus,
3423 1525 3566 1596 quod
3597 1527 3650 1580 in
3673 1541 3762 1582 me

2182 1617 2356 1672 adhuc
2379 1633 2603 1672 vacuum
2631 1619 2764 1684 erit,
2793 1628 2952 1688 atque
2979 1617 3194 1673 avidum
3225 1633 3482 1674 sensuum
3524 1629 3758 1674 tuorum.

2183 1710 2256 1764 lta
2287 1711 2399 1775 ﬁet,
2429 1719 2486 1765 ut
2509 1721 2563 1766 et
2591 1726 2691 1782 ego
2721 1711 2882 1766 ctiam
2911 1719 3034 1765 tunc
3056 1711 3298 1782 egentior
3320 1711 3446 1778 sim,
3470 1711 3559 1767 ille
3585 1712 3766 1782 cepio-

2181 1804 2310 1857 sior.
2352 1802 2495 1858 Sane
2533 1802 2674 1858 idem
2716 1803 2882 1858 frater
2908 1802 3084 1873 aliqua
3114 1802 3311 1872 scripta
3339 1811 3519 1858 nostra
3546 1801 3650 1858 fert
3673 1818 3763 1859 se-

2181 1911 2336 1963 cum,
2386 1896 2577 1966 quibus
2621 1894 2894 1968 legendis,
2933 1895 2978 1950 si
3024 1895 3384 1967 dignationem
3431 1896 3761 1966 adhibueris,

2181 1987 2340 2041 ctiam
2372 1987 2634 2042 sinceram
2681 1985 3078 2056 fraternamque
3114 1987 3452 2042 severitatem
3485 1986 3761 2052 adhibeas,

2183 2092 2385 2147 quazso.
2405 2077 2519 2131 Non
2533 2077 2675 2132 enim
2696 2077 2851 2131 aliter
2875 2076 3114 2147 intelligo
3139 2075 3281 2147 quod
3311 2077 3568 2148 scriptum
3596 2085 3677 2132 est
3697 2095 3717 2130 ι
3745 2097 3758 2132 :

2185 2169 2484 2224 Emendabit
2520 2186 2598 2224 me
2631 2169 2804 2240 justus
2842 2169 2895 2222 in
2938 2168 3306 2233 misericordia,
3347 2177 3395 2224 et
3428 2177 3606 2238 arguet
3640 2185 3761 2223 me:

2182 2261 2346 2314 oleum
2373 2271 2542 2316 autem
2561 2260 2837 2329 peccatoris
2862 2277 2964 2314 non
2985 2260 3260 2330 impinguet
3279 2269 3434 2328 caput
3455 2277 3618 2315 meum
3639 2259 3758 2331 (Ps.

2183 2355 2298 2410 140.
2323 2353 2400 2426 5);
2425 2353 2527 2408 nisi
2549 2354 2670 2425 quia
2693 2354 2861 2424 magis
2881 2361 3026 2408 amat
3045 2353 3353 2424 objurgator
3372 2369 3586 2421 sanans,
3601 2369 3760 2424 quam

2181 2445 2426 2502 adulator
2453 2460 2654 2517 ungens
2678 2453 2856 2516 caput.
2903 2444 3010 2500 Eoo
3038 2459 3219 2500 Αστει
3243 2443 3557 2500 difﬁcillime
3588 2445 3760 2500 bonus

2176 2539 2340 2609 judex
2371 2539 2489 2607 lego
2517 2537 2658 2608 quod
2689 2536 3025 2607 scripserim;
3071 2535 3164 2592 sed
3191 2545 3282 2591 aut
3314 2535 3548 2591 timidior
3575 2544 3757 2601 recto,

2180 2639 2272 2684 aut
2295 2629 2556 2699 cupidior.
2585 2627 2754 2684 Video
2779 2629 2938 2683 etiam
2962 2627 3227 2682 interdum
3250 2626 3372 2681 vitia
3397 2641 3548 2692 mea;
3580 2624 3674 2681 sed
3696 2641 3758 2681 ea

2181 2723 2321 2776 malo
2367 2721 2554 2776 audire
2595 2736 2627 2775 a
2671 2719 2747 2792 (ὁ)
2792 2719 3104 2796 melioribus
3150 2736 3165 2772 :
3214 2735 3281 2774 ne
3325 2733 3444 2774 cum
3485 2733 3572 2773 me
3612 2725 3760 2772 recte

2182 2814 2405 2867 fortasse
2433 2810 2852 2882 reprehendero,
2883 2825 3071 2866 rursus
3093 2809 3220 2865 mihi
3248 2809 3486 2864 blandiar
3515 2825 3529 2861 :
3558 2816 3612 2863 et
3638 2821 3756 2862 me-

2183 2902 2459 2958 ticulosam
2501 2902 2632 2958 mihi
2670 2902 2855 2958 videar
2896 2902 2949 2957 in
2993 2916 3080 2958 me
3118 2901 3312 2974 potius,
3357 2914 3516 2971 quam
3552 2897 3758 2970 justam

2182 2994 2368 3051 tulisse
2393 2994 2732 3050 sententiam.
2747 3011 2766 3046 ο

2542 3128 2703 3201 305
2777 3127 3106 3184 EPISTOLA
3146 3125 3279 3183 Lvn
3310 3127 3400 3196 (c).

2746 3283 2814 3322 AD
2839 3282 3200 3323 PAIIACHIUI.

2498 3403 2580 3458 De
2611 3403 2803 3473 optimo
2841 3419 3022 3474 genere
3064 3403 3442 3474 interpretandi.

2181 3535 2338 3601 Cum,
2383 3535 2519 3606 quod
2562 3533 2846 3606 Epiphanii
2897 3536 3202 3605 superiorem
3271 3535 3529 3605 epistolam
3575 3535 3636 3590 51
3693 3536 3764 3588 ad

2251 3626 2504 3681 Joannem
2518 3626 2825 3698 EpiscOpum
2840 3624 3319 3697 Jerosolymitanum
3340 3642 3437 3679 non
3454 3634 3581 3678 recte
3597 3613 3764 3678 trans-

2255 3721 2444 3773 tulisset
2477 3717 2844 3788 Hieronymus,
2874 3717 3196 3770 cavillaretur
3227 3716 3475 3788 Rufﬁnus,
3506 3725 3614 3787 post
3640 3731 3763 3784 que—

2253 3813 2404 3873 relas,
2433 3810 2589 3881 quod,
2615 3825 2668 3864 se
2694 3809 2873 3872 inscio,
2905 3824 2932 3860 e
2958 3808 3154 3862 scriniis
3181 3806 3456 3874 stt/furatus
3502 3807 3763 3878 epistolam

2256 3902 2478 3956 nondum
2504 3902 2649 3971 plene
2676 3899 2992 3956 emendatam
3017 3942 3030 3965 ,
3062 3900 3244 3968 aliquis
3283 3901 3378 3964 sit,
3407 3910 3509 3953 tam
3549 3908 3764 3952 veterum

2255 3997 2479 4048 omnium
2507 3995 2817 4048 eruditorum
2837 4035 2852 4062 ,
2884 4012 3036 4065 quam
3080 4009 3338 4048 sacrarum
3383 3991 3765 4062 Scripturarum

2255 4086 2548 4140 testimoniis
2573 4086 2751 4152 docet,
2780 4086 3033 4157 quodnam
3062 4086 3124 4139 sit
3153 4085 3397 4155 optimum
3425 4098 3580 4154 genus
3607 4083 3762 4135 inter-

2256 4178 2486 4248 pretandi
2509 4219 2524 4245 ,
2553 4177 2684 4232 illud
2724 4178 2911 4232 scilicet
2949 4193 3054 4230 esse
3092 4175 3389 4241 ostendens,
3417 4189 3517 4244 quo
3559 4173 3667 4242 ipse
3712 4172 3765 4225 in

2258 4271 2491 4325 vertenda
2520 4270 2610 4324 illa
2632 4269 2846 4339 epistola
2876 4285 2998 4322 usus
3023 4278 3095 4322 est
3122 4307 3135 4331 ,
3161 4268 3255 4321 hoc
3281 4276 3351 4322 est
3373 4307 3387 4334 ,
3409 4281 3508 4336 quo
3535 4278 3710 4318 sensus
3738 4279 3766 4314 e

2217 4386 2223 4392 -
2257 4379 2426 4428 sensu,
2456 4378 2558 4415 non
2578 4362 2781 4415 uerbum
2809 4376 2836 4413 e
2865 4359 3012 4414 uerbo
3041 4359 3364 4428 transfertur.

2260 4475 2312 4528 1.
2353 4474 2545 4528 Paulus
2582 4473 2904 4543 Apostolus,
2939 4481 3200 4543 praesente
3243 4471 3472 4540 Agrippa
3523 4484 3668 4540 rege,
3697 4467 3767 4523 de

2189 4565 2500 4620 criminibus
2530 4579 2908 4633 responsurus,
2943 4564 3084 4634 quod
3131 4572 3310 4635 posset
3356 4561 3650 4630 intelligere
3677 4560 3767 4628 qui

2189 4657 2466 4711 auditurus
2487 4664 2618 4723 erat,
2650 4671 2869 4712 securus
2916 4655 2984 4711 de
3041 4669 3216 4712 causa:
3257 4655 3478 4708 victoria
3505 4647 3687 4706 statim
3713 4652 3766 4704 in

2192 4750 2448 4820 principio
2475 4747 2577 4802 sibi
2603 4747 2919 4819 gratulatur,
2951 4745 3138 4800 dicens
3165 4762 3179 4798 ;
3216 4764 3236 4796 ι
3273 4744 3348 4798 De
3368 4741 3616 4798 omnibus
3651 4741 3770 4811 qui-

2192 4837 2286 4897 bus
2314 4856 2536 4897 accusor
2572 4857 2602 4897 a
2633 4841 2830 4897 Iudaeis
2856 4881 2870 4906 ,
2898 4853 2932 4894 ο
2963 4855 3054 4894 rex
3099 4837 3328 4908 Agrippa
3353 4877 3368 4901 ,
3408 4836 3655 4890 existimo
3684 4847 3771 4888 me

2193 4935 2426 4998 beatum,
2457 4949 2577 4989 cum
2621 4933 2759 5004 apud
2811 4942 2864 4987 te
2909 4932 3010 4986 sim
3052 4929 3213 4985 hodie
3249 4926 3648 4991 defendendus,
3679 4923 3770 4996 qui

2191 5028 2456 5098 prmeipue
2481 5027 2616 5081 nosti
2646 5034 2864 5080 cunctas
2885 5039 3001 5094 quas
3023 5023 3075 5076 in
3103 5021 3302 5077 Iudaeis
3344 5027 3469 5075 sunt
3489 5026 3774 5073 consuetu-

2191 5119 2342 5174 dines
2365 5128 2421 5174 et
2465 5117 2785 5187 quaestiones
2812 5135 2830 5168 ι
2867 5115 3024 5185 (Act.
3069 5113 3162 5168 26.
3197 5110 3328 5183 15).
3357 5112 3584 5181 Legerat
3627 5109 3771 5164 enim

2191 5208 2320 5264 illud
2341 5206 2560 5280 (d).lesu
2585 5224 2598 5260 :
2624 5225 2643 5258 ι
2679 5207 2872 5261 Beatus
2894 5206 2982 5278 qui
3014 5205 3066 5260 in
3094 5219 3252 5259 aures
3277 5203 3510 5274 loquitur
3551 5200 3772 5255 audien-

2194 5301 2259 5356 tis
2292 5320 2313 5354 ι
2337 5301 2356 5370 (
2378 5299 2536 5354 Eccli.
2690 5297 2758 5352 12
2778 5297 3054 5350 secundum
3076 5293 3227 5350 LXX
3245 5293 3266 5366 )
3289 5309 3305 5359 ;
3333 5303 3388 5350 et
3413 5303 3636 5347 noverat
3659 5299 3774 5344 tan-

2257 5454 2328 5518 (n)
2364 5453 2596 5518 Voculam
2625 5451 2676 5502 in
2708 5451 2972 5518 addidimus
2995 5463 3057 5518 ex
3081 5449 3308 5518 Victoria.
3377 5506 3421 5518 __

2257 5506 2324 5579 μυ)
2362 5517 2576 5575 Quatuor
2601 5511 3118 5579 penes_Benedictinos
3143 5510 3360 5560 editores
3377 5506 3492 5555 Mss.
3521 5518 3534 5554 :
3562 5518 3592 5552 a
3617 5506 3775 5555 cenio-

2191 5575 2322 5642 ι·ἱῦηῂ
2351 5591 2368 5628 :
2393 5575 2850 5642 unusualaioribns.
2903 5632 2914 5642 ο

2257 5640 2326 5701 (c)
2366 5639 2492 5688 Alias
2526 5630 2845 5701 lOl.'Scr_ipta
2869 5632 2988 5683 circ.
3014 5631 3143 5701 med.
3169 5630 3404 5701 (ωε-595..
3464 5689 3473 5701 ⁸
3509 5697 3522 5701 _
3588 5689 3596 5696 .

2257 5689 2333 5762 '(d)
2369 5701 2634 5762 Perperain
2673 5689 2951 5762 quit-lame
2979 5694 3122 5762 editis
3157 5707 3214 5762 ac
3235 5689 3668 5762 Ms._illiltf_(saiit,
3698 5695 3779 5738 est

2196 5755 2324 5812 enini
2348 5755 2570 5812 Jesu'lilii
2595 5755 2781 5817 Sirach,
2806 5757 2888 5818 qui
2915 5756 3059 5817 vulgo
3083 5756 3212 5804 audit
3237 5755 3625 5802 licclesiasticus.
