4146 6336
395 381 496 438 569
513 367 520 373 “

397 508 505 552 tum
522 496 748 551 oratoris
768 496 928 551 verba
948 496 1220 567 proficere,
1246 502 1498 566 quantum
1517 492 1710 562 judicis
1732 492 1970 563 prudcn~

395 590 464 644 tia
493 589 847 658 cognovisset.
880 587 1028 642 Unde
1069 595 1121 641 et
1148 600 1245 656 ego
1271 584 1480 640 beatum
1507 598 1593 638 me
1615 583 1667 637 in
1692 585 1794 636 hoc
1837 583 1970 637 dun-

394 689 537 738 taxat
563 680 776 751 negotio
793 679 992 750 judico,
1011 677 1150 748 quod
1178 677 1317 747 apud
1341 676 1578 732 eruditas
1602 688 1758 730 aures
1806 675 1974 744 impe-

392 775 506 828 rita:
526 772 717 842 linguae
741 785 1094 841 reSponsurus
1141 783 1296 824 sum:
1329 782 1446 840 qua:
1484 765 1668 836 objicit
1711 764 1840 820 mihi
1890 762 1972 820 vel

393 866 738 937 ignorantiam
765 906 780 930 ,
811 864 897 920 vel
918 862 1248 918 mendacium
1273 879 1290 928 ;
1320 861 1366 917 si
1412 869 1503 915 aut
1529 859 1731 915 nescivi
1770 857 1972 912 alienas

390 958 591 1013 litteras
617 971 744 1011 vere
768 955 1130 1027 interpretari,
1152 961 1244 1009 aut
1268 953 1414 1009 nolui
1445 971 1458 1008 :
1488 966 1715 1023 quorum
1744 950 1968 1004 alterum

388 1063 559 1116 error,
590 1048 818 1102 alterum
841 1047 1044 1102 crimen
1066 1053 1168 1101 est.
1200 1046 1275 1100 Ac
1317 1059 1384 1099 ne
1427 1042 1660 1122 forsitan
1695 1048 1972 1096 accusator

385 1153 534 1194 meus
559 1137 837 1203 facilitate,
861 1151 964 1208 qua
1006 1145 1193 1191 cuncta
1245 1134 1510 1206 loquitur,
1539 1140 1594 1188 et
1633 1131 1966 1202 impunitate,

385 1247 487 1304 qua
537 1230 639 1285 sibi
687 1230 849 1284 licere
893 1233 1070 1283 omnia
1122 1235 1288 1297 putat,
1313 1241 1400 1282 me
1451 1239 1664 1295 quoque
1709 1222 1848 1292 apud
1875 1233 1970 1276 vos

383 1331 648 1392 argueret,
679 1329 737 1375 ut
764 1321 960 1390 Papam
991 1319 1344 1390 Epiphanium
1371 1317 1680 1372 criminatus
1699 1321 1800 1376 est,
1834 1313 1970 1367 hanc

383 1413 661 1483 epistolam
692 1412 834 1478 misi,
866 1426 985 1480 quae
1007 1420 1077 1476 te,
1109 1420 1161 1465 et
1189 1423 1288 1480 per
1312 1417 1363 1464 te
1387 1405 1646 1476 alios,qui
1669 1420 1766 1460 nos
1788 1418 1970 1460 amare

381 1504 679 1576 dignantur,
711 1503 788 1558 rei
817 1502 1060 1557 ordinem
1092 1500 1303 1555 doceat.

447 1595 502 1648 2.
551 1593 832 1665 Epipltam'i
857 1594 1036 1647 litterw
1063 1592 1131 1645 ad
1154 1590 1405 1645 Joannem
1436 1588 1768 1659 Episwptmt.
1798 1586 1968 1643 Euse-

378 1687 488 1741 bius
509 1685 857 1740 Cremonensis
879 1682 1052 1738 Graeci
1079 1683 1322 1738 sermonis
1372 1683 1600 1751 ignarus.
1646 1679 1966 1734 Pseudomo-

376 1777 565 1831 nae/ms
589 1776 711 1844 quid
738 1775 914 1846 egerit.
946 1803 1018 1815 -—
1037 1776 1174 1829 Ante
1205 1773 1307 1827 hoc
1360 1771 1527 1826 ferme
1558 1769 1829 1825 biennium
1862 1770 1964 1824 mi-

376 1879 516 1922 serat
539 1867 729 1922 Joanni
758 1866 1026 1936 Episcopo
1075 1863 1410 1934 supradictus
1449 1861 1591 1931 Papa
1636 1861 1964 1931 Epiphanius

375 1959 597 2027 litteras,
626 1975 856 2030 arguens
903 1974 1027 2014 eum
1077 1959 1129 2012 in
1174 1955 1492 2029 quihusdam
1524 1955 1880 2026 dogmatibus,
1911 1964 1965 2010 et

371 2062 553 2122 postea
575 2055 868 2108 clementer
895 2051 961 2106 ad
1003 2049 1370 2122 pmnitentiam
1413 2062 1729 2119 provocans.
1764 2047 1960 2101 Harum

371 2144 696 2214 exemplaria
769 2142 932 2214 306
1004 2141 1248 2196 certatim
1278 2139 1574 2194 Palaestina:
1596 2138 1960 2207 rapiebantur,

369 2237 451 2291 vel
477 2237 545 2292 ob
575 2237 808 2292 auctoris
857 2235 1126 2299 meritum,
1154 2233 1236 2288 vel
1263 2231 1334 2289 ob
1361 2231 1685 2302 elegantiam
1717 2231 1965 2299 scriptio-

369 2328 471 2380 nis.
495 2327 685 2382 Eratin
711 2327 1037 2382 monasterio
1054 2334 1240 2379 nostro
1255 2325 1340 2378 vir
1353 2321 1493 2392 apud
1511 2335 1636 2375 suos
1653 2321 1792 2374 haud
1813 2321 1960 2390 igno-

366 2417 506 2483 bilis,
529 2418 790 2473 Eusebius
811 2415 1204 2482 Cremonensis,
1223 2414 1312 2484 qui
1333 2428 1453 2469 cum
1478 2413 1594 2468 hazc
1612 2413 1847 2483 Epistula
1867 2428 1962 2483 per

365 2511 655 2566 multorum
684 2527 777 2565 ora
822 2510 1085 2573 volitaret,
1110 2521 1165 2564 et
1212 2509 1536 2562 mirarentur
1581 2521 1697 2562 eam
1742 2522 1838 2577 pro
1866 2506 1962 2562 do-

363 2603 534 2656 ctrina
564 2611 618 2658 et
640 2602 866 2672 puritate
887 2600 1184 2669 sermonis,
1212 2599 1354 2655 docti
1393 2599 1592 2669 pariter
1631 2607 1686 2654 et
1723 2598 1954 2664 indocti,

361 2693 582 2762 cmpita
627 2706 714 2746 me
747 2690 942 2746 obnixe
972 2699 1186 2760 petere,
1218 2699 1278 2744 ut
1296 2689 1398 2744 sibi
1443 2704 1561 2744 eam
1610 2689 1663 2744 in
1709 2688 1954 2744 Latinum

360 2792 650 2847 verterem,
681 2792 734 2837 et
761 2791 982 2853 propter
1005 2780 1332 2852 intelligendi
1352 2779 1431 2853 (a)
1466 2780 1767 2836 facilitatem
1798 2795 1955 2850 aper-

361 2876 468 2931 tius
493 2875 815 2947 explicarem
849 2893 862 2929 :
896 2874 1068 2930 (Irasci
1097 2875 1237 2929 enim
1270 2875 1467 2945 eloquii
1495 2857 1708 2944 penitus
1739 2875 1954 2944 ignarus

360 2980 498 3025 erat.
529 2968 654 3024 Feci
711 2968 854 3039 quod
893 2968 1099 3036 voluit;
1131 2969 1409 3039 accitoque
1451 2968 1671 3024 Notario
1701 3011 1716 3037 ,
1758 2970 1951 3040 raptim

361 3063 710 3133 celeriterque
740 3062 972 3118 dictavi:
1002 3078 1067 3118 ex
1091 3062 1169 3136 (1)
1198 3064 1368 3119 latere
1411 3064 1464 3119 in
1503 3065 1688 3134 pagina
1716 3065 1952 3121 breviter

361 3156 642 3223 adnotans,
674 3171 831 3225 quem
860 3157 1182 3211 intrinsecus
1228 3171 1443 3212 sensum
1483 3157 1686 3226 singula
1721 3157 1949 3228 capitula

361 3250 715 3305 continerent.
741 3248 1012 3318 Siquidem
1046 3257 1102 3304 et
1143 3248 1246 3304 hoc
1291 3257 1349 3303 ut
1395 3249 1495 3303 sibi
1545 3249 1646 3304 soli
1695 3249 1946 3317 facerem,

361 3339 554 3410 oppido
581 3339 842 3410 flagitarat
871 3355 886 3406 ;
920 3339 1289 3412 postulavique
1310 3341 1377 3396 ab
1405 3355 1472 3396 eo
1493 3350 1700 3409 mutuo,
1731 3342 1947 3398 utdomi

361 3432 577 3489 haberet
602 3432 878 3504 exemplar
910 3451 922 3488 :
955 3449 1053 3489 nec
1082 3433 1238 3490 facile
1260 3434 1313 3488 in
1331 3434 1520 3505 vulgus
1544 3434 1812 3505 proderet.
1842 3436 1948 3491 Res

361 3527 430 3581 ita
461 3541 601 3580 anno
630 3534 686 3581 et
712 3541 806 3580 sex
833 3526 1105 3581 mensibus
1149 3527 1360 3582 transiit
1385 3543 1398 3580 :
1431 3527 1602 3582 donec
1643 3527 1947 3596 supradicta

361 3617 728 3687 interpretatio
751 3616 819 3672 de
837 3617 1050 3673 scriniis
1080 3617 1196 3688 ejus
1217 3635 1356 3673 novo
1379 3619 1652 3690 prmstigio
1679 3619 1948 3691 Jerosoly-

360 3722 500 3762 mam
547 3707 934 3778 commigravit.
986 3708 1116 3763 Nam
1164 3709 1377 3779 quidem
1419 3709 1944 3776 Pseudomonachus,

359 3799 439 3854 vel
465 3809 681 3870 accepta
718 3800 963 3870 pecunia,
989 3809 1046 3855 ut
1072 3801 1350 3871 perspicue
1385 3799 1608 3871 intelligi
1641 3800 1818 3869 datur,
1860 3801 1945 3856 vel

358 3891 582 3960 gratuita
605 3891 830 3957 malitia,
856 3900 916 3945 ut
945 3892 1210 3946 incassum
1251 3902 1534 3962 corruptor
1590 3894 1778 3947 nititur
1819 3909 1942 3963 per—

357 3981 601 4050 suadere,
631 3983 933 4053 compilatis
958 3984 1160 4039 chartis
1189 3985 1305 4052 ejus
1348 3994 1399 4039 et
1427 3986 1748 4056 sumptibus,
1779 3985 1944 4042 Judas

356 4074 522 4130 factus
571 4083 655 4130 est
722 4077 1279 4148 proditorzdcditque
1339 4079 1661 4135 adversariis
1716 4080 1942 4136 latrandi

356 4175 536 4219 contra
550 4181 634 4222 me
647 4168 1004 4233 occasionem,
1019 4179 1076 4223 ut
1093 4170 1231 4226 inter
1248 4171 1521 4242 imperitos
1535 4171 1939 4239 concionentur,

357 4273 440 4313 me
465 4257 761 4328 falsarium,
791 4277 877 4316 me
906 4263 1126 4316 verbum
1155 4279 1258 4318 non
1284 4265 1623 4334 expressisse
1651 4264 1719 4319 de
1740 4265 1937 4324 verbo:

357 4363 450 4417 pro
466 4351 960 4407 Itonorabilidixisse
977 4355 1314 4421 carissimum,
1345 4365 1398 4410 et
1419 4355 1648 4425 maligna
1678 4356 1942 4425 interpre-

357 4440 568 4506 tatione,
598 4441 740 4511 quod
786 4443 935 4498 nefas
986 4444 1133 4499 dictu
1163 4446 1252 4510 sit,
1294 4451 1666 4514 αιδεσιμώτατον
1694 4455 1936 4514 Παππαν,

356 4531 584 4586 noluisse
615 4534 918 4590 transferre.
951 4533 1076 4590 Haec
1105 4546 1159 4591 et
1201 4536 1500 4592 iStiusmodi
1531 4551 1686 4608 nugas
1715 4539 1936 4592 crimina

354 4638 467 4676 mea
495 4634 638 4679 sunt.

421 4713 472 4766 3.
516 4715 592 4769 Ac
618 4715 844 4785 primum
872 4727 1152 4787 antequam
1197 4718 1264 4772 de
1317 4719 1666 4774 translatione
1716 4734 1939 4790 respon-

353 4803 524 4870 deam,
559 4807 678 4861 volo
709 4808 1036 4877 interrogare
1060 4824 1173 4873 eos,
1198 4808 1288 4877 qui
1319 4809 1574 4862 malitiam
1603 4809 1936 4878 prudentiam

351 4907 542 4953 vocant
572 4915 587 4952 :
619 4898 772 4955 Unde
797 4901 935 4969 apud
963 4916 1056 4954 vos
1075 4901 1349 4969 exemplar
1377 4901 1664 4968 epistolze?
1693 4901 1823 4967 Quis
1840 4901 1936 4956 de-

351 4987 473 5042 dit?
509 5005 611 5060 qua
639 4989 816 5046 fronte
857 4990 1106 5060 profertis
1131 5033 1146 5057 ,
1174 4989 1314 5060 quod
1346 4991 1549 5044 scelere
1593 4989 1938 5046 redemistis?

353 5077 485 5146 Quid
516 5081 655 5151 apud
682 5081 927 5137 homines
952 5090 1123 5138 tutum
1145 5085 1284 5149 erit,
1318 5081 1362 5136 si
1405 5098 1471 5136 ne
1496 5081 1784 5151 parietibus
1819 5082 1934 5152 qui-

354 5171 470 5227 dem
497 5183 552 5230 et
577 5175 790 5230 scriniis
820 5185 1002 5230 nostra
1041 5190 1330 5246 possumus
1367 5185 1574 5231 secreta
1615 5174 1794 5230 celare
1822 5175 1846 5227 ?
1881 5175 1933 5230 Si

356 5274 477 5320 ante
507 5267 787 5322 tribunalia
834 5267 1070 5337 judicum
1090 5309 1105 5334 ,
1140 5269 1241 5323 hoc
1268 5267 1418 5324 vobis
1441 5269 1644 5324 crimen
1673 5268 1935 5339 impinge-

356 5373 466 5414 rem
488 5403 501 5427 ,
529 5377 650 5419 reos
679 5363 883 5433 legibus
921 5360 1257 5432 subjugarem
1282 5402 1298 5428 ,
1331 5379 1448 5432 quas
1476 5364 1638 5418 etiam
1670 5377 1766 5433 pro
1795 5363 1930 5416 utili-

358 5452 549 5510 tatibus
597 5453 712 5511 fisci
740 5495 756 5523 ,
785 5451 1089 5524 noxiis(al.
1141 5453 1332 5523 variis)
1375 5453 1700 5508 delatoribus
1745 5467 1934 5523 ptenas

379 5608 487 5678 .(a)
532 5610 641 5662 Duo
677 5618 846 5663 vetera
891 5607 1192 5671 exemplaria
1225 5605 1506 5670 facultatem
1548 5621 1566 5658 :
1599 5607 1806 5656 fortasse
1849 5619 1930 5657 ve-

513 5733 710 5786 Scilicet
743 5747 805 5783 ex
837 5731 1090 5795 laterculo,
1130 5729 1258 5795 qm.“
1295 5729 1466 5795 Graec?
1497 5729 1673 5795 diem"
1706 5741 1729 5788 ἦ
1762 5740 1925 5795 dm?“

345 5788 534 5904 Ede’sis
573 5797 898 5848 Commentar.
926 5797 972 5844 in
1012 5788 1253 5844 Ezechiel.
1289 5806 1393 5854 cap.
1433 5791 1478 5839 ι..
1529 5805 1572 5840 v.
1615 5791 1654 5840 l.
1683 5803 1817 5840 smne
1841 5791 1928 5842 tibi

407 5869 551 5908 mem.

1730 371 2061 430 EPISTOLA
2085 397 2088 402 -
2139 369 2299 428 LVII.

3549 384 3655 440 570

2077 497 2356 548 Statuunt:
2387 501 2440 547 et
2485 507 2605 547 cum
2660 493 2948 563 suscipiant
2986 494 3338 565 proditionem
3362 536 3378 563 ,
3401 495 3657 551 damnant

2075 583 2422 652 proditorem.
2455 584 2687 640 Lucrum
2715 583 2960 640 videlicet
3007 587 3176 655 placet
3205 603 3219 640 :
3250 587 3498 642 voluntas
3538 585 3657 642 dis-
3703 576 3710 580 ’

2075 673 2254 744 plicet.
2276 675 2350 745 (ὁ)
2380 675 2585 730 Dudum
2608 675 2927 746 llesychium
3002 677 3160 749 307
3234 678 3407 733 virum
3451 679 3656 734 Consuo

2073 767 2240 824 larem
2274 767 2480 840 (contra
2508 782 2664 837 quem
2694 767 2997 822 Patriarcha
3033 769 3293 826 Gamaliel
3313 770 3657 838 gravissimas

2074 861 2311 914 exercuit
2333 858 3011 930 inimicitias)Theodosius
3037 860 3282 931 princeps
3307 862 3480 930 capite
3505 861 3655 915 dam.

2075 951 2392 1022 navit,quod
2417 951 2702 1007 sollicitato
2715 951 2954 1018 Notario,
2970 951 3334 1007 chartasillius
3351 953 3655 1010 invasisset;

2074 1043 2319 1114 Legimus
2338 1046 2388 1099 in
2407 1045 2676 1101 veteribus
2698 1044 2933 1100 historiis
2954 1043 3179 1115 (Τ.ιὶάί
3196 1044 3422 1100 Dec.l.l.
3441 1046 3522 1117 5),
3541 1045 3652 1102 ludi

2073 1136 2406 1206 magistrum,
2427 1138 2515 1207 qui
2533 1137 2862 1193 Faliscorum
2877 1138 3074 1193 liberos
3091 1137 3654 1208 prodiderat,vinctum

2074 1227 2250 1296 pueris
2275 1227 2524 1283 traditum
2548 1246 2562 1295 ;
2593 1229 2726 1284 etad
2757 1245 2850 1284 eos
2873 1245 3006 1300 quos
3027 1229 3306 1300 prodebat,
3331 1230 3614 1284 remissum
3638 1247 3654 1285 :

2072 1332 2172 1371 nec
2196 1318 2508 1374 sceleratam
2540 1320 2791 1390 populum
2820 1320 3119 1375 Romanum
3150 1320 3451 1390 suscepisse
3481 1320 3655 1374 victo-

2071 1410 2242 1482 riam.-
2258 1411 2521 1484 Pyrrhum
2571 1412 2912 1483 Epirotarum
2966 1429 3144 1485 regem
3170 1455 3186 1480 ,
3224 1430 3345 1470 cum
3386 1415 3440 1470 in
3466 1415 3655 1470 castris

2070 1515 2135 1555 ex
2166 1502 2385 1558 vulnere
2414 1514 2727 1573 curaretur,
2758 1505 2951 1561 medici
2979 1507 3058 1559 sui
3092 1505 3395 1576 proditione
3429 1506 3654 1562 interfici

2070 1591 2218 1646 nefas
2269 1594 2420 1649 duxit
2473 1596 2746 1652 Fabricius
2785 1598 2804 1666 (
2845 1597 3036 1652 Florus
3063 1599 3102 1654 ι.
3146 1600 3253 1670 l);
3301 1601 3427 1669 quin
3481 1601 3654 1670 potius

2069 1685 2301 1738 vinctum
2331 1687 2540 1741 remisit
2585 1688 2650 1742 ad
2682 1688 2957 1743 dominum
2978 1731 2994 1756 ,
3028 1698 3086 1744 ut
3112 1690 3290 1745 scelus
3319 1706 3420 1746 nec
3463 1691 3515 1745 in
3546 1691 3652 1745 ad-

2066 1777 2304 1831 versario
2355 1778 2747 1848 comprobaret.
2799 1779 2953 1846 Quod
3005 1779 3148 1850 leges
3195 1781 3458 1850 publica,
3512 1780 3652 1850 quod

2067 1868 2251 1923 hostes
2275 1876 2507 1933 tuentur,
2537 1869 2679 1940 quod
2712 1872 2852 1925 inter
2894 1870 3032 1926 bella
3081 1881 3136 1926 et
3163 1871 3368 1941 gladios
3412 1881 3651 1925 sanctum

2067 1970 2169 2028 est,
2197 1960 2300 2016 hoc
2330 1961 2652 2039 nobis'inter
2678 1963 2970 2020 Monachos
2996 1974 3052 2020 et
3075 1963 3392 2021 Sacerdotes
3429 1964 3650 2032 Christi,

2067 2057 2294 2109 intutum
2330 2054 2450 2109 fuit.
2481 2056 2546 2111 Et
2575 2057 2738 2112 audet
2765 2057 2978 2128 quidam
3001 2073 3070 2113 ex
3099 2058 3179 2112 eis
3206 2057 3434 2112 adducto
3462 2072 3650 2125 super-

2064 2145 2185 2200 eilio
2213 2156 2268 2202 et
2306 2148 2754 2217 concrepantibus
2799 2149 3014 2220 digitis,
3042 2161 3288 2205 eructare
3329 2159 3385 2205 et
3431 2148 3650 2204 dicere:

2063 2235 2199 2302 Quid
2228 2237 2394 2304 enim,
2426 2237 2470 2292 si
2501 2237 2747 2306 redemit,
2776 2239 2819 2292 si
2851 2239 3204 2294 sollicitavit?
3237 2238 3362 2295 fecit
3385 2239 3527 2309 quod
3551 2238 3650 2294 sibi

2066 2325 2278 2395 profuit.
2313 2327 2452 2383 Mm
2481 2343 2728 2384 SCELERIS
2765 2329 3044 2396 defensio;
3076 2331 3226 2400 quasi
3269 2343 3374 2384 non
3397 2337 3452 2385 et
3493 2330 3650 2384 latro-

2065 2435 2158 2474 nes
2183 2428 2238 2474 et
2263 2420 2408 2475 fures
2434 2431 2488 2476 et
2515 2422 2700 2492 pirata:
2717 2421 2933 2487 faciant,
2954 2423 3096 2494 quod
3117 2422 3217 2479 sibi
3237 2422 3469 2493 prodest.
3494 2418 3650 2478 Certe

2064 2514 2243 2565 Annas
2267 2521 2321 2566 et
2360 2512 2591 2582 Caiphas
2628 2514 2946 2570 seducentes
2992 2514 3259 2570 infelicem
3286 2512 3478 2570 ludam
3509 2513 3650 2570 fece-

2061 2614 2184 2658 runt
2212 2603 2353 2676 quod
2376 2605 2473 2660 sibi
2502 2606 2630 2662 utile
2657 2606 3059 2663 existimabant.

2066 2686 2070 2690 ⁷
2128 2699 2182 2752 4.
2217 2697 2352 2752 Volo
2382 2699 2434 2752 in
2480 2697 2737 2754 chartulis
2776 2699 2913 2755 meis
2960 2701 3221 2771 quaslibet
3258 2700 3486 2771 ineptias
3512 2701 3648 2755 scri~

2059 2786 2183 2842 bere
2210 2803 2224 2854 ;
2256 2789 2605 2843 commentari
2645 2788 2713 2844 de
2741 2789 3028 2859 Scripturis
3051 2832 3066 2858 ,
3100 2792 3408 2847 remordere
3449 2791 3647 2847 laeden-

2057 2885 2157 2946 tes,
2197 2877 2442 2948 digerere
2465 2879 2821 2945 stomachum,
2853 2882 2904 2935 in
2931 2881 3064 2936 locis
3087 2897 3174 2937 me
3212 2897 3463 2939 exemere
3501 2899 3646 2938 cum-

2056 2968 2326 3037 munibus,
2353 2979 2407 3025 et
2435 2972 2585 3040 quasi
2617 2971 2828 3027 limatas
2853 2972 2921 3028 ad
2961 2974 3301 3045 pugnandum
3329 2975 3439 3045 (al.
3487 2991 3644 3045 expu-

2051 3063 2350 3134 gnandum)
2379 3066 2595 3134 sagittas
2643 3080 2927 3136 reponere.
2959 3066 3222 3135 Quamdiu
3273 3084 3378 3122 non
3433 3069 3644 3139 profero

2052 3156 2620 3224 cogitata,maledicta,
2650 3171 2757 3210 non
2803 3158 3029 3212 crimina
3055 3169 3178 3214 sunt
3209 3177 3223 3212 :
3255 3159 3364 3215 imo
3409 3175 3476 3214 ne
3526 3176 3642 3214 ma-

2055 3246 2243 3300 ledicta
2272 3247 2507 3316 quidem,
2539 3263 2656 3318 qua:
2681 3262 2839 3302 aures
2865 3249 3090 3318 publica:
3118 3251 3377 3306 nesciant.
3409 3250 3488 3306 Tu
3517 3266 3641 3305 cor-

2052 3353 2267 3408 rumpas
2296 3339 2560 3404 servulos,
2591 3339 2847 3396 Sollicites
2867 3340 3089 3396 clientes
3122 3359 3136 3396 :
3170 3350 3222 3398 et
3247 3383 3262 3408 ,
3293 3353 3350 3396 ut
3375 3343 3426 3396 in
3451 3341 3642 3400 fabulis

2051 3429 2274 3499 legimus
2305 3428 2538 3499 (Metam.
2563 3430 2600 3484 Ι.
2631 3429 2710 3503 4),
2744 3447 2876 3487 auro
2897 3431 2962 3487 ad
2988 3433 3203 3488 Danaen
3232 3444 3499 3504 penetres,
3525 3433 3642 3490 dis-

2048 3520 2406 3591 simulatoque
2432 3520 2574 3592 quod
2605 3521 2794 3577 feceris
2821 3565 2836 3590 ,
2859 3539 2947 3578 me
2973 3523 3246 3578 falsarium
3289 3539 3451 3580 voces
3478 3541 3492 3577 :
3518 3539 3638 3580 cum

2050 3614 2217 3668 multo
2245 3613 2395 3683 pejus
2421 3615 2623 3668 crimen
2651 3614 2954 3670 accusando
2979 3616 3103 3670 inte
3123 3615 3449 3680 confitearis,
3477 3631 3638 3684 quam

2050 3704 2101 3757 in
2147 3719 2232 3758 me
2281 3705 2476 3773 arguis.
2532 3705 2686 3760 Alius
2734 3715 2786 3760 te
2831 3706 3164 3770 haereticum,
3191 3707 3329 3760 alius
3367 3706 3639 3761 insimulat

2048 3793 2353 3863 dogmatum
2383 3808 2775 3862 perversorem.
2810 3795 2979 3851 Taces
3002 3798 3146 3865 ipse:
3177 3796 3501 3864 respondere
3530 3811 3636 3851 non

2040 3882 2212 3939 'audes
2243 3901 2256 3937 :
2287 3884 2632 3954 interpretem
2664 3884 2868 3939 laceras
2899 3901 2914 3951 ;
2943 3884 3009 3940 de
3025 3885 3241 3957 syllabis
3271 3885 3634 3951 calumniaris;

2045 3987 2099 4031 et
2127 3985 2288 4030 totam
2313 3976 2678 4032 defensionem
2723 3978 2797 4031 tui
2841 3987 3015 4047 putas,
3049 3979 3092 4033 si
3130 3979 3322 4033 tacenti
3361 3978 3634 4036 detrahas.

2046 4069 2210 4139 Finge
2227 4069 2282 4124 in
2309 4068 2679 4124 transferendo
2705 4068 2789 4124 vel
2814 4084 3048 4137 errasse,
3066 4070 3150 4125 vel
3181 4071 3528 4125 intermisisse
3549 4087 3636 4128 me

2043 4163 2337 4233 quippiam.
2389 4163 2488 4218 llic
2520 4171 2663 4218 totus
2687 4162 2759 4217 tui
2804 4163 3002 4233 negotii
3031 4163 3386 4234 (al.10tiustui
3405 4165 3632 4236 ingenii)

2043 4253 2208 4308 cardo
2239 4263 2525 4308 versatur:
2556 4253 2671 4309 haec
2718 4264 2806 4309 tua
2846 4264 2928 4310 est
2957 4253 3220 4310 defensio.
3259 4253 3395 4310 Num
3434 4254 3636 4311 idcirco

2045 4355 2097 4398 tu
2121 4360 2227 4399 non
2253 4360 2311 4400 es
2339 4345 2645 4412 hmreticus,
2673 4345 2718 4400 si
2745 4359 2844 4416 ego
2874 4345 3048 4400 malus
3065 4347 3331 4416 interpres
3355 4345 3456 4401 sim
3483 4345 3635 4402 iNeo

2045 4437 2149 4493 hoc
2179 4437 2320 4504 dico,
2357 4436 2499 4508 quod
2530 4447 2583 4492 te
2614 4437 2923 4493 haereticum
2956 4439 3192 4493 noverim
3219 4479 3234 4504 ,
3261 4437 3394 4492 sciat
3421 4438 3509 4493 ille
3543 4439 3634 4507 qui

2042 4531 2331 4598 accusavit,
2355 4531 2561 4586 noverit
2589 4530 2678 4586 ille
2703 4531 2792 4602 qui
2815 4531 3058 4601 scripsit;
3109 4530 3200 4586 sed
3240 4532 3383 4600 quod
3467 4530 3632 4608 308

1945 4625 1964 4631 ”
2040 4626 2415 4681 stultissimum
2487 4624 2558 4678 sit
2605 4632 2911 4678 accusatum
2958 4623 3026 4677 ab
3071 4621 3198 4687 alio,
3223 4623 3382 4677 alium
3445 4623 3630 4678 crimi-

2042 4718 2179 4786 uari,
2198 4727 2253 4773 et
2271 4715 2520 4772 confosso
2547 4715 2780 4784 undique
2807 4729 3054 4784 corpore,
3081 4714 3150 4770 dc
3177 4714 3492 4772 dormientis
3516 4716 3628 4772 vul-

2041 4822 2170 4862 nere
2198 4807 2446 4861 solatium
2468 4819 2727 4874 quaerere.

2111 4901 2164 4956 5.
2221 4899 2492 4952 llaclenus
2540 4896 2617 4952 sic
2697 4897 2904 4952 locutus
2962 4914 3079 4953 sum
3128 4900 3277 4971 quasi
3320 4899 3515 4970 aliquid
3561 4901 3630 4957 de

2043 4993 2275 5061 Epistula
2305 4990 2744 5044 commutaverim
2769 5031 2784 5056 ,
2812 4999 2866 5046 et
2890 4991 3114 5060 simplex
3161 4992 3436 5046 translatio
3462 4994 3629 5062 possit

2040 5099 2278 5138 errorem
2311 5081 2528 5147 habere,
2558 5097 2662 5136 non
2691 5084 2916 5138 crimen.
2968 5083 3116 5139 Nunc
3157 5101 3284 5140 vero
3335 5101 3454 5140 cum
3514 5085 3626 5154 ipsa

2105 5175 2174 5238 (ὁ)
2198 5175 2495 5240 Hesycltium
2520 5174 2650 5240 hunc
2678 5174 2809 5240 (non
2829 5175 3102 5240 Esychium,
3129 5185 3182 5228 ut
3205 5177 3334 5227 male
3358 5176 3476 5225 editi
3499 5189 3625 5240 p_ra:-
3683 5173 3686 5176 ’

2041 5234 2236 5298 ferunt)
2261 5234 2378 5300 eum
2406 5238 2544 5300 inter
2585 5234 2821 5300 consules
2850 5234 2946 5286 non
2978 5240 3036 5287 sit
3071 5241 3312 5300 reperire,
3345 5234 3625 5300 mutandum

2043 5297 2386 5364 putaut’aliqui
2396 5299 2450 5364 _iu
2473 5297 2838 5364 Eutychianum,
2864 5303 2944 5364 qui
2954 5297 3327 5364 jngCas'siodorii
3350 5299 3510 5364 Fastis
3532 5299 3626 5345 sub

2039 5359 2242 5412 Arcadio
2282 5359 2334 5408 ei.
2368 5359 2582 5408 Honorio
2615 5359 2811 5411 Consul.
2847 5359 2927 5410 an.
2952 5363 3062 5410 398.
3098 5363 3361 5411 invenitur.
3388 5359 3487 5407 Sed
3512 5371 3622 5405 cum

2041 5423 2243 5484 (ludum,
2285 5420 2333 5470 ω
2359 5428 2437 5486 est
2459 5435 2633 5483 nuper,
2656 5421 2783 5486 dicat
2805 5423 3128 5486 Hieronymus
3148 5423 3424 5486 damnatum
3445 5418 3572 5486 hunc
3586 5431 3622 5486 ra

2039 5477 2331 5541 Theodosio,
2358 5477 2629 5546 [ligantem
2651 5485 2732 5546 qui
2769 5484 2818 5546 in
2842 5497 2954 5532 eum
2976 5477 3148 5546 capitis
3169 5477 3618 5546 sententiam_tulit,

2039 5547 2175 5597 initio
2209 5537 2328 5616 anni
2361 5544 2470 5593 595.
2510 5537 2727 5616 obieri't;
2770 5544 2925 5616 liquet
2946 5537 3621 5616 .Eu'tdyehianumLcredi'non

2038 5622 2198 5670 posse.
2244 5609 2348 5671 Iino
2373 5597 2986 5671 vergsimillimum'nohis
3023 5597 3248 5671 videttg,
3289 5598 3424 5671 innui
3448 5597 3621 5671 3_Hesy-

2037 5657 2198 5720 chium
2237 5669 2430 5718 Achaia:
2476 5665 2846 5724 Proconsulem,
2889 5666 2947 5714 ad
2979 5678 3128 5724 quem
3168 5657 3427 5724 Theodosii
3462 5657 3540 5724 lex
3571 5657 3618 5709 in

2036 5732 2211 5800 (ndica
2234 5728 2487 5800 Τζιεοάρεσ.
2514 5725 2546 5774 ι·
2588 5721 3148 5800 a'tim;.de'rr_iltcipibvs
3164 5722 3451 5800 Agestes.
3468 5721 3620 5800 Ψε-

2036 5793 2129 5841 bus
2154 5807 2168 5851 ;
2198 5781 2260 5840 et
2283 5789 2566 5838 brevissima
2591 5788 2645 5834 S.
2671 5787 2762 5834 Nili
2791 5803 2834 5848 ej
2854 5781 2989 5835 istola
3007 5781 3017 5786 ⁷
3035 5781 3260 5843 habetur,
3286 5791 3340 5832 ut
3364 5781 3455 5831 alia
3478 5787 3618 5836 omit-

2036 5862 2208 5912 tantus.

3329 6012 3332 6013 ν
3361 5993 3428 6008 _/
