4146 6336
530 347 629 404 571

528 453 768 536 Epistola
783 462 970 518 doceat
986 457 1117 514 nihil
1137 465 1393 513 mutatum
1410 469 1528 512 esse
1547 453 1615 510 de
1627 467 1914 520 sensu,nec
1927 466 2011 508 res
2025 449 2111 504 ad~

528 557 684 622 ditas,
713 569 814 610 nec
841 550 1053 622 aliquod
1076 549 1267 620 dogma
1291 548 1574 604 conﬁctum
1591 587 1608 613 ,
1637 544 1712 618 (a)
1733 564 1752 598 ι
1783 543 2004 598 Faciunt
2029 555 2112 594 na:

527 644 875 716 intelligendo
900 651 958 698 ut
979 641 1111 696 nihil
1134 641 1429 710 intelligant
1453 637 1678 711 (Terent.
1701 635 1850 690 Prol.
1879 631 2068 703 Andr.)
2093 651 2108 688 :

528 749 585 794 et
610 738 737 793 dum
766 736 997 791 alienam
1039 732 1362 803 imperitiam
1387 730 1571 785 volunt
1608 742 1897 798 coarguere
1917 767 1932 792 ,
1957 740 2108 781 suam

527 828 780 900 produnt.
810 826 924 896 Ego
948 825 1089 880 enim
1115 837 1220 879 non
1254 822 1424 877 solum
1447 822 1634 887 lateor,
1665 818 1759 874 sed
1787 818 1951 872 libera
1977 829 2109 870 voce

527 919 810 990 proliteor,
842 932 930 972 me
958 916 1013 971 in
1059 912 1497 983 interpretatione
1538 910 1844 965 Graecorum
1865 947 1882 974 ,
1908 906 2108 976 absque

527 1009 818 1080 Scripturis
850 1007 1048 1062 sanctis
1072 1047 1088 1071 ,
1117 1005 1208 1060 ubi
1249 1012 1304 1059 et
1323 1002 1610 1058 verborum
1641 999 1774 1055 ordo
1804 998 1883 1069 (b)
1907 1005 2108 1068 myste-

527 1103 666 1157 rium
688 1108 792 1166 est,
819 1114 925 1154 non
951 1096 1174 1152 verbum
1191 1111 1222 1151 e
1244 1094 1431 1161 verbo,
1451 1091 1546 1148 sed
1566 1106 1781 1148 sensum
1807 1090 2108 1158 exprimere

527 1195 598 1251 de
614 1207 795 1249 sensu.
818 1190 1108 1259 Habeoque
1137 1187 1295 1256 hujus
1314 1185 1393 1240 rei
1417 1184 1726 1255 magistrum
1747 1181 2000 1247 Tullium,
2016 1179 2107 1250 qui

530 1287 873 1356 Protagoram
925 1280 1180 1347 Platonis,
1205 1289 1259 1334 et
1302 1276 1699 1334 (Economicon
1740 1272 2108 1344 Xenophontis

525 1390 583 1436 et
605 1377 875 1434 Esehinis
890 1389 952 1428 ac
973 1370 1343 1428 Demosuieuis
1392 1369 1525 1423 duas
1545 1380 1728 1423 contra
1755 1381 1816 1421 se
1840 1368 2108 1420 orationes

525 1468 912 1541 pulcherrimas
941 1462 1226 1520 transtulit.
1253 1461 1458 1528 Quanta
1485 1459 1538 1513 in
1565 1458 1672 1512 illis
1687 1443 2104 1527 prmtermiserit,

525 1572 724 1632 quanta
752 1559 1018 1614 addiderit
1042 1595 1054 1622 ,
1083 1567 1279 1624 quanta
1320 1549 1625 1615 mutaverit,
1655 1557 1713 1602 ut
1758 1547 2108 1616 proprietates

525 1654 744 1708 alterius
787 1651 980 1720 linguae
1004 1690 1020 1713 .
1043 1647 1156 1703 suis
1202 1642 1615 1716 proprietatibus
1643 1641 1970 1710 explicaret,
2001 1652 2108 1692 non

523 1755 610 1801 est
635 1743 792 1814 hujus
815 1752 1070 1811 temporis
1099 1740 1298 1793 dicere.
1332 1735 1542 1791 Sufﬁcit
1569 1733 1699 1788 mihi
1740 1733 1907 1801 ipsius
1933 1740 2107 1785 trans-

523 1834 709 1890 latoris
739 1829 1070 1902 (Ciceronis)
1107 1835 1395 1883 auctoritas
1415 1867 1428 1890 ,
1461 1825 1550 1895 qui
1576 1824 1646 1878 ita
1674 1823 1726 1876 in
1751 1822 1984 1892 Prologo
2010 1835 2104 1875 ea-

525 1923 768 1980 rumdem
803 1922 1099 1978 orationum
1142 1920 1347 1974 locutus
1396 1925 1480 1972 est
1511 1934 1523 1969 :
1557 1934 1576 1967 ι
1609 1915 1792 1970 Putavi
1830 1913 1958 1968 mihi
1987 1925 2107 1966 sus-

522 2015 825 2087 cipiendum
864 2015 1100 2068 laborem
1147 2012 1327 2066 utilem
1383 2008 1675 2074 studiosis,
1710 2007 1837 2061 mihi
1890 2006 2106 2077 quidem

525 2107 625 2177 ipsi
647 2121 752 2161 non
780 2104 1165 2160 necessarium.
1193 2100 1443 2158 Converti
1470 2101 1611 2154 enim
1652 2114 1718 2154 ex
1744 2098 1936 2152 Atticis
1969 2095 2108 2150 duo-

523 2212 643 2255 rum
669 2196 1226 2268 eloquentissimorum
1257 2192 1615 2249 nobilissimas
1641 2190 1907 2246 orationes
1927 2231 1941 2256 ,
1971 2189 2110 2244 inter

521 2303 687 2359 seque
714 2288 1030 2355 contrarias,
1060 2285 1334 2342 Eschinis
1360 2293 1414 2339 et
1437 2283 1808 2339 Demosthenis
1831 2299 1846 2334 :
1870 2296 1969 2336 nec
1983 2296 2109 2336 con-

524 2381 679 2447 verti,
711 2389 766 2435 ut
792 2381 1074 2450 interpres,
1105 2378 1198 2435 sed
1221 2387 1278 2432 ut
1305 2376 1516 2443 Orator,
1541 2376 1819 2432 sententiis
1845 2374 2032 2430 iisdem
2053 2381 2109 2430 et

525 2485 711 2524 earum
757 2471 962 2536 formis,
995 2479 1102 2524 tam
1135 2469 1319 2539 ﬁguris
1361 2483 1520 2538 quam
1551 2467 1731 2522 verbis
1774 2466 1840 2521 ad
1868 2475 2105 2521 nostram

523 2560 958 2614 consuetudinem
979 2561 1137 2631 aptis.
1170 2559 1225 2614 In
1241 2560 1430 2630 quibus
1452 2574 1558 2613 non
1577 2558 1793 2612 verbum
1825 2573 1922 2628 pro
1946 2558 2107 2613 verbo

525 2664 746 2705 necesse
791 2649 951 2704 habui
997 2649 1262 2705 reddere:
1293 2649 1390 2704 sed
1437 2663 1605 2718 genus
1638 2663 1796 2703 omne
1826 2649 2106 2704 verborum

523 2741 990 2811 vimque'servavi.
1012 2740 1126 2795 Non
1154 2742 1299 2796 enim
1325 2755 1411 2794 me
1440 2754 1794 2795 annumerare
1837 2755 1898 2794 ea
1923 2741 2106 2796 lectori

523 2832 703 2903 putavi
723 2841 999 2903 oportere,
1033 2829 1131 2888 sed
1176 2842 1426 2902 tanquam
1499 2830 1821 2901 appendere.
1857 2831 2105 2886 Rursum

524 2923 580 2980 in
607 2925 753 2979 calce
775 2923 1042 2979 sermonis
1071 2941 1084 2977 :
1116 2923 1351 2991 Quorum
1373 2937 1492 2992 ego,
1525 2922 1618 2986 ait,
1641 2922 1934 2990 orationes,
1955 2923 2022 2990 si,
2049 2931 2108 2977 ut

522 3015 597 3086 (ε)
621 3030 801 3084 spero,
825 3015 895 3069 ita
917 3028 1248 3084 expressero,
1265 3013 1546 3068 virtutibus
1575 3021 1730 3067 utens
1754 3013 1968 3068 illorum
1991 3027 2106 3067 om-

522 3105 680 3161 nibus
703 3148 718 3173 ,
744 3106 796 3160 id
821 3114 904 3160 est
933 3106 1211 3160 sententiis
1234 3146 1250 3173 ,
1278 3113 1333 3160 et
1375 3119 1559 3160 earum
1588 3105 1770 3176 ﬁguris
1789 3145 1805 3171 ,
1827 3113 1882 3159 et
1923 3119 2102 3160 rerum

522 3202 712 3257 ordine
740 3218 754 3256 :
783 3201 944 3270 verba
985 3215 1309 3270 persequens
1337 3208 1580 3265 eatenus,
1611 3208 1668 3255 ut
1693 3215 1753 3254 ea
1777 3215 1881 3254 non
1904 3201 2101 3256 abhor-

523 3301 676 3348 reant
717 3307 899 3346 amore
930 3301 1129 3346 nostro.
1161 3291 1289 3356 Qute
1315 3291 1360 3345 si
1386 3305 1416 3344 e
1436 3289 1635 3344 Grmcis
1651 3291 1827 3344 omnia
1848 3307 2102 3348 conversa

523 3397 632 3438 non
662 3393 818 3437 erunt
840 3400 854 3432 :
875 3392 1047 3436 tamen
1070 3391 1127 3436 ut
1149 3381 1355 3452 generis
1385 3381 1624 3448 ejusdem
1656 3383 1783 3449 sint,
1803 3385 2102 3438 elaboravi-

523 3489 695 3530 mus.»
717 3474 822 3529 Sed
843 3483 897 3529 et
930 3475 1174 3529 lloratius
1197 3475 1277 3528 vir
1296 3482 1484 3527 acutus
1508 3483 1562 3528 et
1588 3472 1795 3540 doctus,
1829 3474 1928 3528 hoc
1958 3476 2099 3530 idern

523 3565 577 3620 in
650 3565 811 3636 309
879 3567 1007 3618 Arte
1041 3565 1252 3619 l’oetica
1278 3564 1484 3620 erudito
1511 3564 1788 3633 interpreti
1814 3566 2096 3636 przecipit:

654 3677 764 3732 Nec
790 3680 993 3732 verbum
1013 3678 1156 3732 verba
1177 3678 1376 3734 curabis
1405 3676 1633 3744 reddere,
1663 3677 1798 3748 [idus

664 3769 693 3822 1
699 3779 943 3835 nterpres.

518 3884 800 3940 Terentius
850 3883 1219 3952 Menandrum,
1280 3884 1498 3938 Plautus
1546 3894 1600 3939 et
1645 3884 1876 3941 Cecilius
1944 3895 2093 3942 vete-

520 3992 611 4033 res
673 3978 908 4032 comicos
967 3977 1307 4048 interpretati
1355 3987 1499 4032 sunt.
1557 3978 1829 4049 Numquid
1894 3980 2100 4035 hazrent

520 4069 575 4124 in
596 4071 773 4126 verbis
806 4087 819 4124 :
849 4085 912 4125 ac
957 4086 1063 4126 non
1103 4071 1350 4126 decorem
1380 4072 1550 4142 magis
1585 4082 1639 4127 et
1683 4074 2001 4143 elegantiam
2043 4079 2095 4128 in

519 4162 866 4216 translatione
904 4164 1260 4217 Conservam?
1287 4163 1458 4230 Quam
1502 4180 1596 4219 vos
1627 4166 1905 4220 veritatem
1934 4167 2097 4221 inter-

519 4251 855 4320 pretationis,
885 4252 1021 4306 hanc
1047 4254 1241 4307 eruditi
1269 4262 1558 4318 κακοζηλίαν
1583 4265 1913 4324 nuncupant.
1945 4255 2096 4311 Unde

517 4351 570 4398 et
592 4357 690 4413 ego
719 4341 908 4397 doctus
933 4357 963 4396 a
993 4343 1189 4397 talibus
1216 4353 1340 4398 ante
1365 4359 1535 4398 annos
1563 4346 1780 4400 circiter
1804 4347 1886 4419 (Δ)
1920 4348 2092 4417 vigin-

517 4438 578 4504 ti,
602 4446 656 4493 et
685 4436 847 4492 simili
881 4447 1003 4493 tunc
1033 4452 1247 4507 quoque
1273 4451 1458 4492 errore
1486 4436 1746 4506 deceptus
1767 4479 1783 4503 ,
1813 4449 1958 4494 certe
1987 4439 2092 4495 hoc

517 4530 651 4584 mihi
697 4545 728 4583 a
774 4529 928 4585 vobis
955 4529 1317 4600 objiciendum
1369 4527 1653 4593 nesciens,
1699 4544 1818 4582 cum
1879 4530 2092 4585 Eusebii

583 4642 982 4706 («)7Martianteus
1003 4645 1197 4706 quidem
1219 4656 1279 4692 ue
1302 4643 1488 4705 absque
1503 4641 1812 4706 dypbthongo
1835 4642 1884 4706 in
1902 4641 2014 4693 Mss.
2036 4659 2094 4695 se

515 4703 630 4752 dicit
658 4705 902 4751 invenisse
923 4741 936 4761 ,
961 4703 1088 4766 quod
1124 4706 1326 4766 perinde
1351 4703 1427 4754 est
1452 4719 1466 4764 ;
1493 4705 1579 4752 sed
1599 4703 1776 4766 jamdiu
1803 4703 1943 4753 aliter
1977 4720 2095 4756 usus

516 4766 852 4828 obtinuitipro
875 4778 929 4828 eo
953 4765 1078 4828 quod
1096 4765 1165 4815 eat
1187 4767 1317 4824 apud
1342 4775 1530 4828 amcos
1553 4779 1612 4814 ναὶ
1632 4793 1642 4822 ;
1665 4775 1719 4814 ut
1743 4765 1953 4828 loquitur
1974 4767 2093 4817 Dio-

515 4827 705 4874 medes.
730 4825 853 4872 Vide
877 4825 1116 4874 Donatum
1141 4829 1188 4875 in
1211 4828 1344 4875 illum
1367 4827 1588 4876 Terentii
1617 4825 1827 4876 versum:

580 4888 651 4950 (θ)
691 4885 876 4950 Vitiose
911 4896 1015 4936 erat
1039 4890 1085 4934 in
1109 4897 1250 4950 antea
1275 4889 1420 4936 editis
1451 4903 1560 4936 curn
1595 4889 1683 4937 alia
1706 4895 1751 4939 et
1773 4888 2022 4950 particula,
2047 4899 2093 4942 et

515 4949 768 5010 verborum
788 4948 924 5003 ordo,
949 4955 993 4995 et
1012 4949 1291 5010 mysterium
1315 4955 1402 4996 est.

580 5010 647 5070 (ε)
672 5009 936 5071 Perperarn
963 5008 1116 5071 editor
1139 5009 1492 5057 Beuedictinus
1512 5009 1632 5058 sicut
1659 5025 1744 5070 pro
1766 5010 1824 5070 si,
1852 5017 1902 5059 ut
1930 5025 1947 5071 ;
1970 5013 2090 5063 alia-

515 5068 612 5133 que
629 5068 823 5135 passim
857 5068 1150 5135 hujnsmodi,
1177 5079 1228 5118 et
1249 5071 1503 5135 praecipue
1525 5068 1938 5132 interpunctionis
1962 5077 2088 5135 vitia,

515 5130 625 5194 quae
649 5131 877 5194 continuo
899 5130 1112 5194 indicare
1136 5130 1438 5194 haudjacat.

577 5194 654 5254 (d)
687 5191 862 5256 Nullus
881 5190 1083 5256 dubitat,
1104 5193 1217 5256 quin
1258 5190 1595 5256 Hieronymus
1615 5193 1866 5256 scripserit
1888 5195 2090 5256 quinde-

514 5251 608 5305 cim
636 5251 726 5317 pro
762 5251 923 5317 viginti
942 5288 954 5311 ,
982 5265 1075 5317 non
1100 5251 1233 5317 enim
1251 5251 1393 5298 aliter
1417 5253 1664 5317 constabit
1679 5251 1946 5317 tenuiorum
1969 5259 2093 5308 ratio

513 5310 778 5367 Calig-sima
803 5310 831 5375 ᾖ
852 5310 1071 5364 Chronici
1106 5313 1336 5362 versione
1359 5310 1569 5375 au;§80.
1608 5312 1665 5375 ad
1691 5310 1812 5361 hanc
1835 5315 2090 5367 elucubra-

517 5388 611 5428 tam
639 5374 913 5442 epistolam
953 5377 1045 5422 sub
1088 5375 1232 5436 hujus
1266 5373 1378 5442 anni
1415 5371 1527 5442 5:95..
1552 5373 1902 5442 rnediuuiz'Sed
1928 5387 2090 5442 _vete-

513 5453 598 5490 res
638 5429 820 5488 librarii
859 5434 1097 5485 Romanas
1134 5429 1273 5485 notas
1296 5429 1398 5481 XV.
1426 5430 1564 5494 facile
1613 5446 1699 5494 pro
1725 5433 1824 5482 XX.
1847 5439 2090 5490 scribendi

514 5489 827 5562 festinatione
856 5503 1175 5562 acceperunt,
1213 5496 1343 5544 unde
1389 5489 1628 5562 vulgatos
1646 5507 1818 5542 omnes
1856 5508 1998 5562 aeque
2037 5489 2093 5552 ειά

513 5559 627 5611 Mss.
649 5575 772 5623 quos
794 5557 1171 5623 vidimuslibros,
1187 5568 1325 5623 error
1343 5557 1574 5623 pervasit,
1595 5567 1742 5623 quem
1763 5567 1907 5623 nemo
1929 5558 2092 5623 hacte-

514 5635 606 5671 nus
643 5612 998 5670 ahimadvertit.
1026 5612 1200 5671 Confer
1224 5612 1573 5674 Chrduologiea
1595 5612 1740 5676 liujus
1763 5614 1989 5676 Epistulae
2013 5633 2090 5666 ar-

513 5690 744 5742 gumenta
765 5721 778 5741 ,
811 5681 893 5730 ubi
936 5683 1041 5731 haec
1066 5683 1328 5744 perspicue
1348 5675 1738 5744 demonstrantur
1759 5689 1772 5734 ;
1802 5675 1914 5722 heic
1937 5680 2089 5744 enim,

513 5737 701 5792 tametsi
725 5737 864 5792 nobis
883 5744 948 5793 de
973 5737 1140 5795 errore
1162 5737 1349 5794 constat
1372 5775 1386 5800 ,
1410 5741 1601 5787 textum
1625 5737 1882 5786 immutare
1906 5737 2091 5800 absque

513 5802 626 5851 Mss.
651 5816 744 5855 oue
770 5803 945 5860 religio
967 5804 1074 5856 fuit.

1809 332 2056 391 SANCTI
2093 330 2472 389 HIERONYMI

3687 345 3793 400 579.

2221 449 2567 508 Caesariensis
2595 461 2822 525 Χροναδν
2847 455 2901 510 in
2921 454 3169 512 Latinum
3211 466 3498 526 verterem,
3531 459 3621 514 tali
3651 461 3788 516 inter

2217 549 2408 595 etetera
2441 557 2566 598 usus
2595 559 2714 598 sum
2745 545 3098 603 Praefatione:
3139 565 3157 599 ι
3194 547 3422 602 Difﬁcile
3468 557 3551 603 est
3587 551 3789 606 alienas

2216 630 2384 687 lineas
2404 633 2797 704 insequentem,
2819 651 2924 691 non
2947 637 3140 694 alicubi
3157 638 3403 693 excidere
3428 656 3440 692 :
3469 649 3520 694 et
3541 641 3787 707 arduum,

2215 730 2274 776 ut
2298 737 2416 792 quae
2438 723 2490 778 in
2515 723 2616 778 alia
2644 724 2821 796 lingua
2845 727 2980 782 bene
3001 727 3139 783 dicta
3167 738 3322 797 sunt,
3353 731 3600 785 eumdem
3623 731 3790 787 deco-

2214 831 2325 872 rem
2361 817 2412 870 in
2441 817 2792 875 translatione
2813 830 3152 877 conservent.
3187 823 3554 894 Signiﬁcatum
3579 833 3663 879 est
3688 826 3788 879 ali-

2213 909 2337 979 quid
2368 911 2522 965 unius
2545 911 2693 967 verbi
2728 915 3053 984 proprietate
3083 933 3096 968 :
3131 930 3238 972 non
3274 915 3447 974 habeo
3473 932 3653 972 meum
3685 933 3792 988 quo

2215 1001 2266 1057 id
2292 1002 2510 1058 ell‘eram
2541 1023 2557 1060 :
2586 1013 2642 1060 et
2666 1005 2790 1060 dum
2815 1022 2998 1077 quaero
3025 1008 3248 1078 implere
3275 1009 3598 1064 sententiam
3623 1009 3782 1078 longo

2211 1093 2414 1150 ambitu
2434 1136 2451 1161 ,
2480 1097 2567 1151 vix
2596 1096 2774 1153 brevis
2798 1099 2919 1154 vita:
2940 1099 3107 1170 spatia
3136 1098 3230 1170 [al.
3259 1101 3424 1154 brevia
3447 1099 3635 1174 spatia]
3657 1116 3787 1158 con-

2211 1201 2441 1244 summo.
2469 1189 2741 1245 Accedunt
2769 1191 3180 1263 liyperbatorum
3205 1192 3476 1248 anfractus
3504 1235 3520 1260 ,
3546 1177 3792 1249 dissimi¥

2213 1276 2463 1334 litudines
2501 1295 2716 1336 casuum
2742 1323 2756 1349 ,
2789 1283 3076 1339 varietates
3125 1284 3412 1354 ﬁgurarum
3439 1303 3454 1339 :
3480 1286 3650 1355 ipsum
3690 1302 3788 1355 po-

2213 1380 2413 1427 stremo
2447 1388 2601 1428 suum
2622 1414 2637 1439 ,
2665 1384 2718 1430 et
2741 1416 2756 1440 ,
2784 1385 2843 1430 ut
2870 1377 2940 1430 ita
2969 1377 3141 1431 dicam
3171 1419 3185 1442 ,
3214 1377 3557 1432 vernaculum
3595 1377 3788 1448 lingua:

2211 1478 2402 1532 genus.
2428 1464 2484 1519 Si
2513 1465 2579 1519 ad
2609 1468 2829 1521 verbum
2858 1471 3205 1538 interpretor,
3237 1469 3468 1524 absurde
3495 1481 3746 1524 resonant
3770 1489 3784 1527 :

2212 1556 2258 1610 si
2279 1555 2348 1611 ob
2371 1558 2744 1613 necessitatem
2775 1559 2974 1630 aliquid
3003 1559 3054 1614 in
3081 1560 3273 1615 ordine
3301 1601 3315 1625 ,
3347 1561 3434 1616 vel
3460 1561 3510 1615 in
3541 1576 3787 1618 sermone

2215 1657 2509 1716 mutavere,
2542 1650 2610 1703 ab
2631 1650 2941 1720 interpretis
2965 1649 3185 1706 videbor
3211 1651 3392 1706 ofﬁcio
3421 1655 3726 1707 recessisse.
3760 1671 3779 1705 ι

2213 1738 2279 1793 Εῑ
2300 1748 2418 1808 post
2442 1741 2628 1807 multa,
2652 1757 2771 1811 quae
2799 1757 2939 1796 nunc
2970 1743 3219 1813 prosequi
3245 1744 3474 1798 otiosum
3503 1753 3604 1808 est,
3629 1745 3786 1800 etiam

2213 1830 2316 1886 hoc
2359 1831 2539 1887 addidi
2571 1851 2584 1886 ε
2635 1851 2654 1885 ‹
2684 1833 2838 1902 Quod
2866 1835 2912 1890 si
2939 1834 3025 1890 cui
3063 1849 3169 1889 non
3207 1834 3420 1890 videtur
3447 1836 3642 1906 lingua:
3668 1851 3787 1906 gra-

2215 1925 2337 1977 tiam
2362 1925 2412 1978 in
2435 1925 2874 1996 interpretatione
2904 1928 3120 1991 mutari,
3147 1928 3438 1984 llomerum
3469 1929 3533 1984 ad
3568 1930 3782 1985 verbum

2211 2015 2473 2084 exprimat
2505 2016 2557 2070 in
2597 2015 2866 2072 Latinum.
2906 2018 3033 2072 Plus
3058 2019 3257 2089 aliquid
3285 2019 3458 2076 dicam
3491 2038 3504 2074 :
3535 2022 3777 2076 eumdem

2211 2119 2307 2160 sua
2333 2107 2386 2160 in
2405 2107 2579 2176 lingua
2609 2123 2780 2177 prosa:
2809 2109 2987 2164 verbis
3016 2111 3394 2180 interpretetur
3422 2132 3435 2166 :
3463 2111 3668 2167 videbis
3693 2127 3780 2166 or-

2210 2197 2390 2254 dinem
2435 2200 2714 2256 ridiculum
2739 2241 2757 2270 ,
2805 2212 2861 2258 et
2905 2201 3125 2259 Poetam
3171 2203 3666 2274 eloquentissimum
3693 2205 3782 2259 vix

2211 2289 2540 2360 loquentem.
2571 2310 2592 2343 ι

2283 2383 2336 2438 6.
2371 2383 2564 2438 Verum
2594 2399 2662 2440 ne
2685 2399 2926 2440 meorum
2954 2387 3279 2457 scriptorum
3305 2401 3465 2457 parva
3492 2386 3562 2442 sit
3597 2395 3782 2443 aucto-

2211 2476 2382 2544 ritas(
2414 2491 2716 2546 quanquam
2758 2477 2862 2534 hoc
2892 2487 3095 2532 tantum
3124 2478 3354 2549 probare
3381 2479 3640 2534 voluerim
3659 2520 3674 2545 ,
3697 2493 3784 2535 me

2210 2583 2424 2638 semper
2461 2569 2528 2624 ab
2562 2569 2922 2625 adolescentia
2965 2586 3069 2624 non
3117 2571 3315 2637 verba,
3356 2570 3451 2626 sed
3495 2570 3784 2626 sententias

2211 2662 2782 2733 transtulisse),qualis
2822 2678 2984 2732 super
3021 2663 3125 2719 hoc
3159 2679 3358 2734 genere
3385 2662 3784 2734 praelatiuncula

2209 2754 2318 2818 sit,
2359 2755 2411 2808 in
2442 2755 2578 2811 libro
2605 2771 2712 2825 quo
2738 2756 2878 2813 beati
2905 2757 3120 2812 Antonii
3158 2758 3276 2812 Vita
3303 2757 3622 2813 describitur
3657 2758 3675 2827 (
3704 2756 3786 2810 Ex

2212 2845 2524 2917 Prwfatione
2545 2846 2755 2918 Evagrii
2784 2850 2852 2903 ad
2879 2847 3276 2917 Innocentium)
3301 2889 3316 2914 ,
3348 2849 3514 2918 ipsius
3549 2849 3784 2903 lectione

2209 2955 2490 3010 cognosce.
2530 2959 2549 2992 ι
2583 2941 2660 2995 Ex
2703 2941 2807 2996 alia
2849 2943 2902 2997 in
2947 2943 3104 2996 aliam
3145 2942 3374 3013 linguam
3420 2954 3674 3010 expressa
3712 2939 3782 2994 ad

2209 3031 2429 3087 verbum
2476 3032 2756 3088 translatio
2785 3073 2802 3099 ,
2857 3049 3073 3089 sensum
3111 3032 3325 3102 operit;
3357 3040 3412 3087 ct
3455 3031 3618 3087 veluti
3662 3031 3784 3087 laeto

2208 3125 2465 3195 gramine,
2486 3134 2598 3180 sata
2617 3125 2931 3196 strangulat.
2954 3125 3086 3180 Dum
3115 3125 3255 3180 enim
3285 3123 3495 3179 casibus
3522 3134 3574 3178 et
3599 3122 3781 3192 ﬁguris

2207 3217 2562 3272 servitoratio
2585 3257 2601 3282 ,
2631 3217 2773 3286 quod
2801 3218 2947 3272 brevi
2980 3224 3189 3286 poterat
3219 3216 3452 3270 indicare
3482 3229 3732 3269 sermone
3759 3253 3775 3277 ,

2207 3309 2364 3379 longo
2381 3308 2582 3364 ambitu
2602 3309 2926 3381 circumacta
2943 3310 3033 3363 vix
3063 3308 3312 3377 explicat.
3329 3327 3346 3358 ι
3365 3307 3475 3360 lloc
3501 3305 3657 3374 igitur
3677 3319 3779 3373 ego

2208 3403 2399 3466 vitans,
2431 3402 2502 3455 ita
2575 3402 2738 3472 310
2810 3402 3024 3456 beatum
3080 3399 3482 3463 Antonium,te
3537 3405 3772 3466 petente,

2208 3493 2529 3563 transposui,
2558 3501 2617 3548 ut
2649 3493 2778 3546 nihil
2814 3494 2952 3548 desit
2978 3510 3040 3549 ex
3064 3508 3244 3558 sensu,
3265 3507 3384 3545 eum
3413 3489 3604 3560 aliquid
3635 3489 3779 3543 desit

2204 3604 2270 3644 ex
2285 3587 2483 3642 verbis.
2503 3587 2606 3642 Alii
2629 3587 2859 3658 syllabas
2876 3595 3203 3656 aucupentur
3219 3596 3270 3640 et
3293 3584 3496 3638 litteras
3516 3582 3608 3653 [al.
3625 3583 3778 3652 sylla-

2204 3680 2277 3734 bis
2298 3688 2606 3748 occupentur
2629 3678 2914 3750 etiliueris],
2940 3687 2994 3732 tu
3012 3693 3194 3748 qumre
3218 3676 3525 3732 sententias.
3550 3674 3673 3728 Dies
3692 3689 3777 3726 me

2202 3773 2434 3840 deﬁciet,
2461 3774 2509 3827 si
2547 3772 2780 3826 omnium
2811 3772 2898 3842 qui
2930 3770 2996 3826 ad
3023 3786 3238 3826 sensum
3269 3768 3597 3839 interpretati
3630 3775 3775 3830 sunt,

2203 3867 2505 3922 testimonia
2533 3866 2880 3934 replieavero.
2914 3864 3121 3919 Sufﬁcit
3149 3865 3200 3918 in
3232 3862 3479 3934 prarsenti
3508 3861 3777 3915 DOIllillaS-

2202 3973 2261 4014 se
2289 3959 2544 4013 Hilarium
2571 3958 2968 4026 Conlessorem,
3002 3959 3089 4027 qui
3122 3957 3379 4012 llomilias
3407 3958 3457 4009 in
3495 3955 3614 4019 Job,
3642 3963 3696 4008 et
3721 3953 3772 4006 iu

2203 4051 2443 4106 Psaltnos
2472 4059 2724 4104 tractatus
2755 4049 3012 4118 plurimos
3042 4049 3093 4103 in
3121 4049 3367 4104 Latinum
3391 4048 3550 4102 vertit
3574 4062 3603 4101 e
3623 4047 3772 4101 Grae-

2200 4157 2287 4209 co,
2308 4157 2404 4196 nec
2422 4141 2615 4196 assedit
2635 4141 2823 4196 littera:
2844 4141 3172 4208 dormitanti,
3187 4149 3237 4195 et
3259 4140 3435 4209 putida
3457 4140 3774 4194 rusticorum

2203 4235 2645 4303 interpretatione
2691 4249 2750 4287 se
2795 4234 2947 4287 torsit
2977 4250 2990 4285 ε
3019 4231 3111 4286 sed
3141 4233 3290 4302 quasi
3319 4231 3554 4300 captivos
3583 4242 3774 4284 sensus

2201 4327 2253 4380 in
2283 4339 2431 4381 suam
2460 4326 2710 4393 linguam,
2747 4324 2966 4378 victoris
2991 4323 3112 4393 jure
3142 4323 3484 4391 transposuit.

2270 4420 2322 4472 7.
2352 4418 2458 4473 Nec
2481 4418 2581 4471 hoc
2606 4419 2799 4470 mirum
2832 4419 2884 4471 in
2916 4417 3124 4472 caeteris
3151 4416 3328 4470 szeculi
3363 4414 3607 4467 videlicet
3630 4452 3644 4474 ,
3678 4421 3771 4466 aut

2201 4507 2456 4563 Ecclesiae
2477 4507 2625 4571 viris,
2645 4521 2763 4560 cum
2779 4507 3125 4576 Septuaginta
3153 4507 3486 4574 interpretes,
3512 4511 3565 4557 et
3593 4501 3772 4555 Evan-

2198 4599 2401 4669 gelistze
2445 4607 2604 4667 atque
2642 4597 2880 4666 Apostoli
2929 4597 3067 4652 idem
3114 4598 3165 4650 in
3209 4595 3373 4649 sacris
3414 4591 3772 4646 voluminibus

2198 4692 2442 4748 fecerint.
2492 4691 2740 4762 Legimus
2797 4691 2848 4744 in
2899 4691 3078 4746 Marco
3131 4691 3394 4745 dicentem
3447 4686 3770 4740 Dominum:

2199 4785 2440 4840 Taurea
2466 4798 2592 4837 cum
2617 4823 2631 4847 ,
2660 4782 2950 4851 statimque
2976 4781 3278 4850 subjectum
3310 4788 3393 4835 est
3415 4820 3430 4841 ,
3464 4797 3484 4830 ι
3519 4775 3663 4847 quod
3693 4775 3775 4828 in-

2198 4882 2539 4946 terpretatur,
2571 4875 2744 4943 puella
2771 4915 2786 4938 ,
2821 4873 2912 4929 tibi
2941 4873 3081 4939 dico,
3109 4887 3267 4941 surge
3298 4889 3316 4922 ι
3353 4869 3544 4940 (Marc.
3575 4865 3771 4943 5.“).

2199 4972 2465 5040 Arguatur
2509 4967 2848 5036 Evangelista
2895 4965 3163 5020 mendacii
3195 5004 3210 5030 ,
3261 4977 3425 5033 quare
3471 4959 3773 5024 addiderit,

2197 5062 2283 5116 tibi
2309 5062 2422 5114 dico
2445 5102 2460 5128 ,
2502 5075 2624 5114 cum
2665 5060 2719 5111 in
2773 5057 2998 5111 Hebrteo
3027 5066 3232 5110 tantum
3264 5057 3330 5108 sit
3357 5095 3372 5120 ,
3405 5053 3575 5122 puella
3604 5067 3800 5120 surge.

2195 5153 2301 5211 Sed
2333 5161 2390 5205 ut
2424 5157 2793 5221 ἐμφατικώτερον
2829 5148 3068 5212 faceret;
3103 5156 3158 5202 et
3184 5161 3401 5201 sensum
3428 5144 3670 5198 vocantis
3699 5151 3779 5196 at-

2195 5262 2301 5317 que
2325 5243 2632 5310 imperantis
2654 5240 2996 5308 exprimeret,
3020 5240 3242 5304 addidit,
3269 5239 3358 5292 tibi
3380 5237 3514 5291 dico.
3543 5237 3794 5311 Rursum,

2196 5340 2249 5393 in
2271 5334 2518 5390 Mattlneo
2543 5331 2762 5386 redditis
2785 5330 2852 5384 ab
2881 5329 3154 5398 proditore
3178 5329 3312 5385 Juda
3342 5328 3559 5398 triginta
3588 5342 3778 5395 argen-

2197 5430 2337 5486 teis:
2372 5435 2427 5482 et
2453 5432 2636 5495 empto
2674 5438 2740 5478 ex
2780 5423 2859 5478 eis
2886 5436 3017 5492 agro
3045 5423 3213 5493 ﬁguli,
3245 5422 3498 5477 scribitur
3521 5463 3535 5486 ,
3577 5439 3596 5471 ι
3629 5421 3782 5476 Tunc

2197 5522 2473 5592 impletum
2499 5526 2582 5573 est
2605 5516 2747 5586 quod
2790 5515 3046 5583 scriptum
3087 5525 3171 5570 est
3209 5530 3304 5584 per
3325 5515 3616 5569 .lcremiam
3643 5514 3780 5569 Pro-

2199 5615 2433 5685 phetam,
2455 5610 2723 5666 dicentem
2751 5623 2765 5661 :
2796 5615 2850 5661 et
2877 5617 3204 5676 acceperunt
3235 5607 3451 5677 triginta
3492 5617 3779 5677 argenteos

2199 5705 2425 5774 pretium
2447 5700 2750 5772 appretiati,
2771 5697 2914 5767 quod
2934 5698 3369 5766 appretiaverunt
3389 5713 3419 5752 a
3444 5698 3570 5754 ﬁliis
3592 5697 3778 5751 Israel:

2198 5806 2253 5850 et
2281 5791 2539 5846 dederunt
2566 5806 2661 5846 cos
2690 5789 2741 5844 in
2763 5804 2945 5858 agrum
2977 5788 3154 5858 ﬁguli,
3183 5788 3322 5843 sicut
3341 5791 3621 5846 constituit
3651 5789 3792 5847 mihi»
