4146 6336
346 356 453 415 575

348 470 609 530 Dominus
631 484 651 519 ι
679 462 890 535 (Matth.
908 462 998 515 27.
1023 460 1097 529 9).
1128 458 1240 514 lloe
1258 457 1311 512 in
1329 456 1563 513 Jeremia
1585 455 1799 525 penitus
1820 469 1929 509 non

349 563 646 625 invenitur,
674 558 769 614 sed
799 557 853 611 in
879 554 1158 618 Zacharia,
1184 551 1303 607 aliis
1329 550 1500 606 multo
1520 549 1718 615 verbis,
1741 562 1804 603 ac
1822 555 1933 603 toto

349 658 541 714 ordine
568 654 912 720 discrepante
942 667 955 703 :
987 647 1066 719 (ιι)
1090 645 1316 715 Vulgata
1337 643 1537 715 quippe
1565 642 1743 697 Editio
1773 642 1843 695 ita
1873 654 1934 695 se

350 748 513 804 habet
541 762 556 801 :
593 764 614 797 ι
643 745 711 800 Ει
728 742 901 798 dicam
925 739 992 794 ad
1014 753 1143 795 eos:
1165 738 1210 792 si
1233 737 1430 793 bonum
1452 743 1536 791 est
1554 748 1734 791 coram
1759 733 1930 797 vobis,

351 840 475 895 date
506 835 813 893 mercedem
857 831 988 887 mihi
1011 872 1028 896 ,
1055 838 1148 884 aut
1190 828 1420 883 renuite.
1462 827 1530 881 Et
1562 824 1935 897 appenderunt

352 927 657 986 mercedem
684 939 858 980 meam
889 922 1438 993 trigintaargenteos.
1469 918 1723 989 Dixitque
1747 916 1933 972 Domi-

352 1036 452 1078 nus
475 1019 541 1075 ad
567 1032 656 1074 me
679 1035 693 1070 :
721 1016 868 1071 Pone
896 1014 1018 1069 illos
1046 1012 1099 1067 in
1133 1011 1543 1076 conﬂatorium;
1572 1018 1625 1065 et
1649 1007 1932 1064 considera

351 1113 398 1167 si
427 1109 714 1181 probatum
739 1105 848 1175 sit,
885 1104 1027 1160 sicut
1055 1098 1316 1173 probatus
1345 1117 1464 1157 sum
1506 1100 1574 1156 ab
1607 1100 1710 1156 eis.
1743 1098 1810 1153 Et
1841 1097 1933 1152 tuli

353 1203 567 1272 triginta
593 1205 880 1269 argenteos
902 1237 920 1262 ,
949 1204 1009 1252 et
1052 1195 1312 1250 misi‘eos
1352 1194 1407 1248 in
1452 1193 1615 1249 domo
1643 1190 1854 1246 Domini
1879 1191 1933 1244 in

353 1291 725 1349 conﬂatorium
760 1307 780 1342 ι
813 1289 831 1359 (
862 1287 1026 1343 Zaclt.
1054 1288 1142 1344 11.
1190 1287 1275 1341 12.
1306 1286 1376 1341 15
1404 1286 1446 1357 ).
1479 1285 1746 1352 Quantum
1775 1282 1938 1338 distet

355 1387 422 1439 ab
464 1382 826 1455 Evangelistte
865 1378 1175 1436 testimonio
1216 1377 1564 1448 Septuaginta
1609 1374 1889 1430 translatio
1914 1414 1929 1438 ,

354 1477 695 1548 perspicuum
721 1482 821 1529 est.
852 1471 961 1527 Sed
982 1479 1038 1527 et
1059 1472 1108 1526 in
1152 1470 1381 1526 Hebraeo
1426 1484 1547 1525 cum
1577 1481 1769 1524 sensus
1792 1467 1936 1520 idem

354 1570 442 1638 sit,
471 1569 634 1626 verba
654 1576 977 1638 praepostera
999 1573 1143 1633 sunt,
1169 1573 1225 1620 et
1252 1579 1389 1634 pene
1405 1563 1638 1619 diversa.
1668 1563 1767 1617 «Et
1790 1561 1932 1625 dixi,

357 1660 629 1732 inquit,ad
646 1675 781 1716 eos:
811 1659 871 1715 Si
900 1660 1102 1715 bonum
1129 1658 1285 1713 estin
1303 1657 1474 1712 oculis
1500 1656 1718 1724 vestris,
1748 1655 1940 1711 alTerte

357 1753 660 1809 mercedem
689 1766 863 1807 meam
898 1769 911 1804 :
944 1759 1000 1805 et
1027 1742 1074 1805 si
1102 1765 1230 1813 non,
1262 1747 1543 1819 quiescite.
1569 1749 1635 1802 Et
1662 1745 1938 1818 appende-

357 1854 477 1899 runt
504 1844 812 1899 mercedem
834 1857 1008 1897 meam
1027 1841 1241 1910 triginta
1258 1835 1664 1910 argenteos.‘Et
1686 1838 1819 1893 dixit
1836 1837 1940 1893 Do—

359 1938 534 1991 minus
553 1935 621 1990 ad
695 1934 855 2005 311
921 1949 1007 1987 me
1037 1950 1051 1987 :
1085 1932 1294 2002 Projice
1324 1931 1451 1986 illud
1480 1930 1546 1984 ad
1577 1930 1939 1984 statuarium:

358 2027 611 2084 decorum
641 2026 891 2096 pretium,
927 2022 1032 2094 (b)
1058 2022 1205 2093 quod
1233 2021 1564 2092 appretiattts
1592 2035 1710 2074 sum
1742 2018 1812 2073 ab
1839 2018 1937 2072 eis.

362 2122 423 2175 Et
451 2120 546 2174 tuli
573 2120 789 2189 triginta
821 2127 1125 2187 argenteos,
1146 2125 1201 2170 et
1222 2114 1421 2185 projeci
1452 2127 1547 2168 eos
1570 2113 1622 2165 lu
1653 2111 1817 2165 domo
1839 2110 1942 2163 Do-

361 2210 490 2265 mini
516 2210 585 2265 ad
606 2208 951 2265 statuarium.
972 2226 993 2259 ι
1025 2209 1293 2261 Accusent
1323 2204 1638 2271 Apostolnm
1670 2200 1937 2265 falsitatis,

377 2300 499 2371 mod
526 2315 627 2356 nec
653 2313 779 2354 cum
822 2297 1116 2359 liebraico,
1151 2308 1252 2349 uec
1287 2308 1411 2348 cum
1434 2291 1793 2362 Septuaginta
1814 2306 1944 2346 con-

360 2400 512 2463 gruat
539 2389 959 2446 translatoribus
983 2405 997 2442 :
1020 2396 1075 2442 et
1099 2386 1243 2457 quod
1274 2384 1359 2439 his
1385 2383 1560 2453 majus
1582 2393 1688 2448 est,
1719 2392 1866 2439 erret
1890 2384 1943 2438 in

362 2462 598 2546 nomine,
633 2495 734 2550 pro
756 2478 1017 2533 Zacharia
1038 2477 1256 2547 quippe,
1287 2475 1579 2532 Jcremiam
1608 2475 1808 2543 posuit.
1837 2462 1940 2529 Sed

358 2573 499 2628 absit
531 2572 635 2626 hoc
656 2570 727 2625 de
749 2568 1072 2640 pedissequo
1105 2566 1303 2623 Christi
1329 2566 1541 2621 dicere:
1566 2566 1652 2621 cui
1673 2580 1817 2621 cura:
1843 2563 1945 2621 fuit

358 2679 468 2719 non
494 2663 662 2718 verba
698 2668 755 2716 et
800 2658 1034 2729 syllabas
1078 2657 1372 2727 aucupari,
1402 2656 1496 2712 sed
1521 2656 1816 2713 sententias
1842 2655 1944 2710 do-

357 2744 599 2827 gnatum
628 2766 851 2823 ponere.
885 2749 1175 2806 Veniamus
1203 2749 1272 2804 ad
1294 2748 1438 2804 aliud
1466 2748 1709 2819 ejusdem
1733 2746 1944 2802 Zacha-

363 2849 459 2905 riae
488 2846 859 2903 testimonium
878 2882 894 2909 ,
919 2843 1064 2912 quod
1085 2841 1323 2897 Joannes
1347 2840 1690 2910 Evangelista
1719 2839 1947 2896 assumit

360 2943 506 3010 juxta
562 2938 881 2993 Hebraicam
911 2935 1251 2999 ,Veritatem.
1306 2950 1326 2986 ι
1371 2933 1642 2989 Videbunt
1681 2933 1735 2988 in
1787 2948 1946 3003 quem

364 3040 791 3101 compunxerunt
816 3047 835 3080 ι
860 3026 1045 3100 (ΖαεΙι.
1080 3026 1166 3082 12.
1199 3026 1301 3091 10;
1326 3038 1373 3081 et
1391 3025 1551 3080 Joan.
1584 3018 1674 3082 19.
1699 3026 1817 3095 57),
1851 3041 1948 3096 pro

366 3140 469 3195 quo
501 3124 557 3177 in
586 3120 935 3190 Septuaginta
968 3119 1195 3188 legimus
1215 3158 1230 3184 ,
1264 3127 1346 3175 aut
1364 3124 1695 3187 δπιϐλάψονται
1720 3126 1833 3190 πρὸς
1850 3140 1910 3185 μι
1930 3157 1945 3181 ,

366 3218 537 3272 ἀνθ’ὄν
557 3212 1057 3287 impleam,qu
1086 3212 1419 3282 interpretati
1437 3219 1562 3267 sunt
1584 3209 1759 3266 Latini
1785 3227 1799 3264 :
1833 3229 1851 3262 ι
1880 3210 1949 3266 Ει

369 3306 628 3380 aspicient
654 3306 725 3363 ad
754 3321 862 3373 me,
888 3321 987 3377 pro
1013 3305 1099 3360 his
1124 3320 1247 3375 qua:
1276 3304 1566 3362 illuserunt
1589 3345 1607 3374 ,
1638 3305 1755 3361 sive
1776 3304 1948 3362 insul-

425 3409 635 3457 verunt.
673 3418 693 3452 ι
721 3398 1000 3467 Discrepat
1024 3395 1399 3467 Evangelistte,
1422 3396 1771 3468 Septuaginta
1794 3396 1950 3452 inter-

409 3500 579 3548 retum
609 3531 628 3557 ,
660 3497 957 3558 nostraque
983 3487 1267 3543 translatio
1294 3504 1308 3543 :
1339 3495 1396 3543 et
1425 3497 1603 3543 tamen
1634 3502 1949 3545 sermonum

404 3580 872 3652 arietas,‘spiritus
896 3579 1103 3634 unitate
1126 3579 1439 3634 concordat.
1462 3578 1523 3633 In
1550 3578 1803 3634 Mattbteo
1819 3593 1951 3649 quo-

408 3689 474 3729 ue
494 3673 717 3743 legimus
741 3670 1027 3726 Dominum
1049 3668 1431 3740 praedicentem
1453 3670 1729 3741 Apostolis
1750 3670 1948 3741 fugam,

406 3772 426 3818 t
474 3763 578 3819 hoc
622 3764 794 3834 ipsum
834 3761 1110 3824 Zacharia:
1159 3761 1472 3817 testimonio
1513 3762 1950 3818 confirmantem.

417 3856 636 3926 criptum
658 3863 754 3921 est,
776 3855 870 3921 ait,
903 3852 1193 3909 Parentium
1222 3862 1498 3923 pastorem,
1529 3863 1577 3908 et
1600 3855 1954 3925 dispergentur

404 3967 482 4006 ves
509 3953 529 4023 (
557 3949 718 4004 Zach.
743 3949 835 4003 15.
857 3949 889 4002 7
913 3965 929 4014 ;
956 3958 1002 4003 et
1024 3947 1215 4002 Matth.
1246 3946 1339 4003 26.
1366 3947 1431 4002 51
1467 3946 1512 4019 ).
1544 3948 1615 4002 At
1642 3952 1698 4003 in
1723 3947 1954 4019 Septua-

426 4050 515 4096 nta
545 4048 602 4097 et
626 4041 681 4095 in
705 4040 934 4096 Hebraeo
954 4038 1121 4094 multo
1144 4037 1339 4105 aliter;
1371 4052 1481 4092 non
1502 4037 1646 4093 enim
1676 4044 1743 4093 ex
1767 4053 1957 4109 perso.

373 4129 445 4189 nl
469 4134 565 4190 Dei
582 4133 803 4199 dicitur,
824 4142 880 4188 ut
900 4130 1236 4203 Evangelista
1257 4131 1372 4185 vult
1400 4149 1414 4184 :
1444 4129 1541 4187 sed
1562 4145 1629 4187 ex
1649 4130 1954 4202 Prophetas,

377 4225 539 4280 Deum
575 4224 787 4281 Patrem
834 4223 1111 4294 rogantis:
1150 4239 1168 4275 ι
1189 4222 1418 4279 Percute
1452 4231 1747 4293 pastorem,
1771 4233 1825 4280 et
1870 4223 1957 4291 di-

378 4328 693 4392 spergentur
718 4334 866 4374 oves.
894 4336 913 4371 ι
948 4318 1006 4373 In
1046 4322 1150 4374 hoc
1172 4359 1187 4384 ,
1230 4327 1289 4375 ut
1316 4319 1570 4387 arbitror,
1601 4320 1722 4376 loco
1750 4361 1768 4389 ,
1807 4320 1959 4391 juxta

377 4415 729 4486 quorumdam
783 4413 1152 4484 prudentiam,
1200 4414 1541 4486 Evangelista
1596 4416 1792 4488 piaculi
1839 4432 1961 4473 reus

378 4515 491 4571 est,
532 4505 676 4578 quod
707 4520 870 4562 ausus
899 4506 971 4561 sit
1001 4505 1287 4577 Prophetas
1322 4507 1487 4563 verba
1526 4508 1595 4563 ad
1635 4507 1732 4564 Dei
1756 4508 1962 4564 referre

380 4612 685 4668 personam.
703 4596 901 4653 Scribit
925 4598 1266 4669 supradictus
1290 4597 1654 4670 Evangelista,
1682 4600 1752 4656 ad
1771 4601 1962 4669 Angeli

379 4691 666 4757 monitum,
701 4688 893 4745 tulisse
917 4688 1119 4760 Joseph
1145 4691 1426 4760 parvulum
1458 4699 1514 4746 et
1538 4701 1766 4747 matrem
1795 4693 1913 4762 ejus
1945 4712 1959 4756 ;

383 4792 438 4839 et
470 4784 703 4839 intrasse
734 4784 790 4837 in
814 4780 1106 4853 lEgyptum
1135 4821 1152 4849 ,
1171 4781 1375 4852 .ibique
1401 4783 1671 4840 mansisse
1702 4799 1873 4856 usque
1897 4785 1963 4839 ad

383 4874 584 4931 obitum
606 4872 856 4938 Herodis,
874 4882 934 4926 ut
963 4871 1274 4943 impleretur
1291 4873 1432 4941 quod
1459 4872 1661 4927 dictum
1683 4882 1769 4929 est
1794 4888 1826 4929 a
1860 4874 1966 4927 Do-

384 4968 531 5024 mino
562 4982 658 5038 per
688 4964 1054 5036 Prophetam:
1094 4981 1114 5016 ι
1152 4962 1233 5018 Ex
1274 4962 1513 5034 Egypto
1554 4963 1746 5018 vocavi
1798 4965 1965 5019 filium

386 5075 587 5116 meum.
626 5074 648 5111 ι
683 5057 798 5113 Hoc
822 5057 996 5113 nostri
1014 5055 1232 5112 codices
1249 5069 1357 5110 non
1380 5054 1609 5109 habent:
1626 5054 1724 5109 sed
1750 5054 1805 5109 in
1831 5055 1969 5111 Osce

381 5153 533 5221 juxta
572 5151 899 5209 Ilebraicam
938 5148 1194 5205 scribitur
1240 5146 1577 5203 Veritatem:
1614 5166 1634 5201 ι
1665 5146 1799 5216 Quia
1837 5163 1970 5219 puer

376 5244 554 5300 Israel
581 5251 699 5311 est,
729 5250 786 5299 et
819 5239 986 5297 dilexi
1015 5254 1138 5296 eum
1167 5255 1181 5291 :
1212 5248 1268 5295 et
1301 5254 1372 5293 ex
1412 5238 1651 5311 Egypto
1679 5239 1878 5296 vocavi
1908 5242 1973 5312 (ί-

388 5335 518 5393 lium
545 5351 724 5393 meum
747 5353 766 5388 ι
800 5332 970 5405 (Osee.
1002 5332 1086 5387 11.
1117 5329 1199 5402 2).
1232 5330 1336 5386 Pro
1358 5345 1464 5402 quo
1482 5342 1536 5387 et
1562 5331 1615 5387 in
1640 5331 1829 5388 eodem
1855 5331 1956 5387 loc.

388 5416 736 5500 Septuaginta
762 5423 1182 5482 transtulerunt:
1212 5439 1232 5474 ι
1255 5421 1379 5493 quia
1405 5422 1659 5493 parvulus
1683 5432 1765 5478 est
1787 5422 1974 5482 Israel.

455 5565 527 5630 (α)
560 5562 788 5630 Vulgata:
810 5556 1171 5630 nomine,un
1189 5555 1352 5630 semel
1374 5555 1863 5630 liceatadnmnuisse,
1888 5572 1976 5609 ve-

394 5618 473 5676 tus
504 5618 688 5676 Latina
716 5623 877 5673 versio
912 5618 1231 5680 intelligenda
1274 5626 1353 5668 est
1389 5632 1456 5669 ex
1488 5618 1630 5670 LXX.
1654 5621 1869 5671 editione
1891 5633 1978 5670 ex-

394 5701 582 5757 pressa,
598 5697 716 5757 ειμὲ
739 5693 845 5735 mm
866 5680 1401 5757 ιβιηρφξὲξέἒέἓηεέρὲηί
1420 5755 1475 5757 Α,
1498 5756 1519 5757 η
1541 5712 1553 5757 r

458 5726 1374 5815 Wtsfnstﬁqsasaamgsgcf
1381 5726 1785 5805 quemadmodum
1804 5742 1979 5807 legen-

394 5804 525 5861 dum'
534 5808 787 5861 contendit
807 5804 1050 5857 Victorith
1073 5816 1159 5865 pro
1182 5804 1329 5865 quod.

1730 290 2056 388 Εριδτόιηι
2096 325 2253 383 Lvtt.

3511 337 3618 393 571

2036 458 2089 506 et
2107 448 2271 504 dilexi
2293 461 2451 503 eum:
2482 457 2538 503 et
2562 464 2626 505 ex
2659 447 2897 521 Egypto
2922 451 3105 507 vocavi
3123 450 3264 507 filios
3283 450 3456 522 ejus.»
3478 450 3615 507 Num

2034 542 2252 596 omnino
2281 540 2599 610 repudiandi
2617 550 2763 606 sunt,
2792 544 2917 613 quia
2967 545 3128 599 istum
3175 546 3374 611 locum,
3407 545 3499 615 qui
3548 545 3617 600 ad

2034 633 2233 689 Christi
2254 634 2747 705 maximeepertinet
2771 646 3188 705 sacramentum,
3226 639 3389 711 312
3461 639 3620 695 aliter

2036 725 2466 781 transtulerunt?
2493 742 2559 780 an
2591 725 2766 781 danda
2789 727 2970 797 potius
2996 729 3150 783 venia
3190 739 3251 786 ut
3287 730 3616 799 hominibus,

2032 816 2183 888 juxta
2219 817 2403 873 Jacobi
2430 817 2774 884 sententiam,
2802 816 3066 873 dicentis:
3091 836 3110 870 ι
3142 819 3302 874 Multa
3332 835 3637 891 peccamus.

2036 924 2226 966 omnes
2259 928 2272 964 :
2313 919 2389 976 et,
2418 909 2465 964 si
2493 909 2612 979 quis
2633 909 2687 963 in
2715 909 2882 964 verbo
2908 924 3014 964 non
3044 908 3285 977 offendit,
3317 912 3418 967 iste
3438 914 3618 982 perfe—

2030 1010 2152 1055 ctus
2203 1012 2286 1056 est
2321 999 2427 1067 vir,
2463 998 2537 1071 (c)
2578 1009 2633 1055 et
2676 1008 2856 1070 potest
2884 1000 3160 1055 refrenare
3184 1015 3345 1056 omne
3368 1017 3564 1072 corpus
3601 1020 3621 1056 ι

2039 1089 2060 1162 (
2087 1089 2267 1145 Jacob.
2313 1089 2414 1162 5).
2447 1090 2580 1145 Illud
2632 1106 2762 1147 vero
2789 1092 2932 1161 quod
2962 1091 3017 1144 in
3044 1090 3233 1146 eodem
3282 1091 3621 1161 Evangelista

2037 1183 2288 1237 scribitur
2314 1199 2329 1237 :
2365 1201 2384 1235 ι
2416 1183 2485 1238 Ει
2512 1184 2736 1240 veniens
2764 1185 3025 1240 habitavit
3062 1185 3117 1239 in
3144 1184 3363 1239 civitate
3388 1199 3509 1254 quas
3534 1183 3620 1239 di-

2037 1272 2176 1329 citur
2201 1272 2465 1328 Nazareth
2500 1290 2513 1328 :
2544 1284 2601 1330 ut
2626 1275 2941 1345 impleretur
2968 1275 3113 1346 quod
3153 1276 3353 1330 dictum
3395 1282 3481 1331 est
3523 1288 3620 1344 per

2038 1365 2347 1436 prophetas,
2366 1366 2492 1435 quia
2521 1365 2802 1423 Nazaraeus
2828 1366 3108 1424 vocabitur
3140 1386 3159 1419 ι
3187 1366 3398 1436 (Matth.
3426 1384 3481 1421 η.
3504 1364 3621 1437 25).

2039 1457 2419 1528 ReSpondeant
2447 1459 2525 1531 (ά)
2551 1464 2894 1526 λογοδαίδαλοι,
2911 1468 2967 1514 et
2993 1458 3248 1514 fastidiosi
3270 1459 3625 1514 aestimatores

2039 1550 2282 1605 omnium
2305 1549 2681 1605 Tractatorum
2707 1591 2722 1615 ,
2752 1552 2841 1615 ubi
2879 1550 3134 1620 legerint;
3164 1549 3478 1619 diseantque
3505 1553 3572 1619 (ε
3602 1547 3624 1618 )

2039 1640 2094 1695 in
2120 1640 2255 1697 Isaia
2282 1642 2537 1711 positum.
2567 1640 2701 1695 Nam
2731 1642 2782 1695 in
2813 1656 2880 1697 eo
2906 1642 3023 1695 loco
3051 1641 3141 1696 ubi
3171 1656 3271 1696 nos
3299 1640 3523 1711 legimus
3545 1650 3627 1695 at-

2039 1746 2143 1801 que
2170 1732 2539 1786 transtulimus
2569 1748 2585 1788 :
2621 1749 2641 1782 ι
2676 1732 2834 1786 Exiet
2861 1732 3007 1801 virga
3053 1731 3123 1787 de
3162 1733 3340 1787 radice
3369 1731 3545 1797 Jesse,
3572 1740 3628 1787 et

2042 1822 2141 1879 llos
2160 1823 2227 1878 de
2252 1823 2431 1878 radice
2459 1823 2578 1893 ejus
2602 1823 2860 1878 ascendet
2894 1841 2914 1891 ιο
2954 1822 2974 1895 (
3000 1821 3127 1877 Isai.
3157 1823 3243 1877 11.
3273 1824 3299 1877 1
3333 1823 3351 1893 )
3382 1838 3396 1874 :
3437 1822 3489 1876 in
3514 1823 3624 1878 He-

2042 1913 2188 1969 braeo
2232 1912 2388 1983 juxta
2433 1914 2625 1983 linguae
2676 1907 2821 1968 illius
2868 1918 3047 1981 ἰδίωμα
3091 1914 3159 1966 ita
3206 1912 3461 1983 scriptum
3491 1922 3619 1967 est:

2049 2023 2067 2055 ι
2088 2004 2243 2059 Exiet
2270 2007 2413 2073 virga
2442 2004 2508 2058 de
2540 2005 2719 2059 radice
2740 2004 2914 2068 Jesse,
2937 2014 2992 2059 et
3022 2003 3305 2057 Nazaraius
3335 2002 3402 2058 de
3446 2003 3626 2058 radice

2043 2094 2160 2163 ejus
2208 2103 2437 2148 crescet.
2467 2113 2485 2145 ι
2515 2092 2623 2148 Cur
2679 2094 2781 2149 hoc
2828 2094 3130 2149 omiserunt
3182 2093 3550 2164 Septuaginta,
3579 2093 3629 2148 si

2044 2201 2151 2242 non
2183 2186 2309 2240 licet
2342 2185 2640 2241 transferre
2666 2186 2887 2242 verbum
2925 2201 3020 2255 pro
3042 2186 3252 2240 verbo?
3277 2185 3626 2256 Sacrilegium

2046 2276 2261 2343 est,.vel
2289 2275 2513 2341 celasse,
2545 2276 2630 2331 vel
2656 2276 2932 2346 ignorasse
2959 2275 3296 2346 mysterium.

2115 2369 2170 2425 8.
2201 2369 2562 2424 Transeamus
2607 2368 2674 2423 ad
2716 2378 2910 2423 caztera
2943 2387 2955 2422 :
2987 2384 3159 2439 neque
3195 2369 3337 2424 enim
3377 2367 3621 2434 epistolte

2044 2460 2281 2516 brevitas
2303 2461 2502 2531 patitur
2527 2460 2729 2516 diutius
2758 2461 2984 2531 singulis
3007 2461 3303 2517 immorari.
3336 2461 3477 2516 Idem
3498 2459 3632 2515 Mat-

2047 2551 2220 2607 thteus
2262 2552 2495 2620 loquitur
2530 2569 2545 2607 :
2593 2569 2612 2601 ι
2648 2550 2762 2606 Hoc
2796 2559 2976 2605 autem
3013 2559 3179 2605 totum
3213 2551 3406 2605 factum
3445 2558 3547 2616 est,
3570 2559 3632 2607 ut

2047 2643 2415 2712 compleretur
2445 2641 2587 2713 quod
2613 2638 2814 2696 dictum
2837 2651 2919 2696 est
2945 2656 2975 2696 a
3001 2641 3231 2696 Domino
3266 2657 3363 2712 per
3390 2642 3631 2713 Prophe—

2050 2741 2154 2788 tam
2181 2732 2447 2787 dicentem
2483 2751 2496 2784 :
2541 2731 2683 2787 Ecce
2706 2732 2859 2803 virgo
2882 2732 2935 2788 in
2966 2741 3125 2789 utero
3156 2733 3375 2787 habebit
3404 2773 3419 2797 ,
3452 2742 3506 2788 et
3532 2748 3632 2804 pa-

2048 2826 2149 2880 riet
2182 2825 2363 2879 tilium
2390 2865 2404 2888 ,
2455 2833 2511 2880 et
2564 2824 2833 2880 vocabunt
2859 2839 3057 2878 nomen
3112 2823 3230 2894 ejus
3261 2825 3579 2880 Emmanuel
3608 2843 3628 2875 ι

2050 2914 2266 2986 (Matth.
2290 2916 2342 2970 1.
2372 2914 2463 2970 22.
2490 2915 2595 2982 25;
2623 2927 2671 2970 et
2703 2915 2833 2970 Iani.
2857 2917 2910 2970 7.
2940 2915 3030 2987 14)
3092 2915 3248 2984 Quod
3283 2917 3634 2988 Septuaginta

2050 3008 2444 3064 transtulerunt
2474 3026 2489 3062 :
2520 3032 2538 3054 ι
2577 3008 2719 3063 Ecce
2747 3008 2894 3080 virgo
2925 3009 2980 3064 in‘
3002 3016 3157 3064 utero
3184 3010 3431 3079 accipiet,
3455 3022 3509 3066 et
3541 3022 3637 3079 pan

2050 3099 2154 3157 riet
2181 3100 2375 3168 filium,
2408 3108 2466 3156 et
2488 3101 2749 3156 voeabitis
2772 3116 2969 3158 nomen
2997 3102 3115 3172 ejus
3144 3101 3487 3159 Emmanuel.
3524 3123 3543 3156 ι
3574 3104 3632 3160 Si

2049 3195 2212 3249 verba
2237 3191 2632 3248 calumniantur
2654 3191 2748 3266 [aL
2776 3190 3196 3266 calumniantur],
3221 3193 3406 3265 utique
3429 3209 3536 3252 non
3558 3206 3643 3253 est

2052 3284 2192 3341 idem
2217 3324 2234 3352 ,
2268 3302 2287 3335 ι
2317 3283 2536 3340 habebit
2562 3325 2579 3352 ,
2624 3291 2679 3339 et
2719 3284 2984 3353 accipiet;
3016 3298 3195 3354 neque
3242 3287 3555 3355 vocabunt,
3584 3297 3643 3344 et

2055 3376 2335 3432 vocabitis.
2367 3394 2387 3428 ι
2417 3376 2588 3430 Porro
2619 3377 2670 3429 in
2712 3375 2944 3431 ilebrmo
2982 3376 3208 3447 legimus
3228 3377 3302 3433 ita
3325 3378 3584 3449 scriptum
3620 3395 3635 3434 :

2059 3485 2077 3519 ι
2111 3467 2252 3523 Ecce
2291 3468 2442 3536 virgo
2487 3467 2757 3538 concipiet
2800 3475 2856 3523 et
2897 3467 3072 3538 pariet
3106 3467 3300 3536 filium,
3332 3478 3388 3525 et
3425 3470 3640 3525 vocabit

2055 3576 2249 3615 nomen
2273 3561 2392 3631 ejus
2412 3560 2745 3615 Emmanuel.
2778 3578 2797 3613 ι
2828 3559 2944 3615 Non
2967 3561 3168 3627 Achaz,
3200 3561 3292 3632 qui
3318 3561 3642 3632 arguebatur

2054 3650 2401 3716 infidelitatis,
2432 3665 2538 3705 non
2564 3650 2736 3707 Judaei
2759 3652 2850 3722 qui
2876 3659 3031 3706 erant
3056 3651 3340 3706 Dominum
3366 3652 3640 3722 negaturi,

2056 3741 2154 3799 sed
2183 3741 2397 3798 vocabit
2421 3781 2437 3808 ,
2462 3741 2673 3812 inquit,
2702 3742 2815 3812 ipsa
2843 3756 2963 3811 quae
2988 3740 3291 3810 concipiet,
3324 3742 3437 3811 ipsa
3467 3741 3639 3811 virgo,

2057 3851 2176 3908 quae
2197 3835 2391 3906 pariet.
2420 3833 2477 3889 In
2504 3833 2694 3889 eodem
2725 3833 3062 3903 Evangelista
3092 3831 3342 3903 legimus,
3374 3832 3642 3887 Herodem

2057 3926 2124 3982 ad
2163 3926 2454 3982 adventum
2484 3924 2757 3995 Magorum
2787 3923 2955 3979 fuisse
2982 3922 3251 3977 turbatum
3277 3938 3292 3988 ;
3322 3922 3639 3992 Scribisque

2059 4029 2113 4074 et
2137 4017 2519 4075 Sacerdotibus
2539 4016 2881 4088 congregatis
2908 4058 2924 4083 ,
2952 4015 3281 4070 sciscitatum
3303 4014 3371 4071 ab
3395 4014 3475 4070 eis
3502 4055 3517 4079 ,
3551 4015 3642 4070 ubi

2060 4110 2304 4167 Christus
2333 4118 2685 4173 nasceretur;
2718 4106 2949 4177 illosque,
2974 4104 3321 4175 respondisse
3345 4146 3360 4170 ,
3408 4124 3427 4157 ‹
3464 4105 3518 4160 in
3541 4104 3644 4161 Be-

2062 4203 2261 4258 thleem
2287 4200 2439 4256 Juda:
2465 4217 2478 4252 :
2507 4200 2597 4255 Sic
2625 4198 2770 4255 enim
2816 4198 3074 4269 scriptum
3111 4205 3194 4254 est
3224 4197 3277 4253 in
3321 4196 3590 4268 Propheta
3620 4214 3635 4251 :

2065 4294 2132 4350 Et
2157 4304 2210 4349 tu
2238 4292 2517 4349 Bethleem
2548 4301 2688 4348 terra
2709 4291 2869 4359 Juda,
2898 4306 3238 4362 nequaquam
3265 4292 3485 4346 minima
3503 4305 3563 4346 es
3585 4292 3638 4346 in

2063 4388 2287 4444 ducibus
2316 4386 2454 4443 Juda
2481 4404 2493 4442 :
2527 4385 2606 4442 Ex
2629 4394 2681 4443 te
2709 4388 2852 4443 enim
2884 4387 3191 4457 egredietur
3216 4386 3346 4454 dux,
3379 4389 3466 4457 qui
3499 4397 3651 4457 regat
3754 4404 3759 4407 ’

2065 4482 2319 4555 populum
2359 4494 2539 4535 meum
2565 4479 2753 4535 Israel.
2785 4497 2806 4530 ι
2843 4478 2955 4533 Hoc
2990 4478 3296 4546 exemplum
3338 4478 3390 4532 in
3428 4477 3649 4546 Vulgata

2066 4574 2317 4629 Editione
2337 4572 2416 4627 sic
2434 4572 2628 4651 fertur;
2653 4590 2672 4624 ι
2686 4571 2753 4653 Et
2773 4580 2830 4627 tu
2845 4569 3119 4625 Bethleem
3139 4567 3334 4623 domus
3352 4568 3647 4638 Ephratha,

2069 4669 2311 4722 modicus
2335 4679 2415 4731 es,
2436 4662 2503 4734 (ο
2530 4673 2589 4718 ιιι
2614 4664 2690 4718 sis
2748 4661 2907 4733 313
2974 4660 3030 4715 in
3057 4657 3291 4715 millibus
3317 4659 3472 4725 Juda,
3500 4660 3569 4715 de
3600 4670 3653 4717 te

2131 4824 2202 4886 (c)
2228 4822 2416 4872 Iterum
2436 4818 2685 4890 Victorius
2704 4822 2867 4890 potens
2889 4831 2978 4890 pro
2998 4822 3241 4890 etpotest,
3254 4830 3322 4867 ex
3348 4817 3518 4890 Graeco
3541 4824 3655 4890 8y..-

2068 4879 2150 4942 τδςζ
2166 4879 2357 4955 etquos
2372 4882 2613 4931 consuluit
2628 4879 2743 4929 Mss.
2757 4879 3015 4930 codicibus.
3030 4879 3193 4930 Nostri
3215 4882 3352 4941 item,
3367 4883 3487 4943 quin
3508 4883 3657 4932 etiam

2072 4954 2239 4995 exeust
2262 4954 2449 4992 omnes.

2158 5007 2213 5069 tt)
2262 5004 2408 5063 Quasi
2449 5015 2616 5069 meum
2652 5000 2867 5069 artiﬁces
2903 5001 3098 5069 mgrosi.
3131 5001 3311 5069 Cicero
3354 5004 3422 5069 in_
3448 5001 3659 5053 Oratore

2079 5086 2104 5116 ut
2123 5064 2243 5116 Haec
2260 5073 2491 5128 tractasse
2512 5064 3329 5128 '[brasymacbum_(‘.ha_lcedonium,
3350 5065 3578 5128 primum,
3605 5071 3661 5114 et

2073 5127 2362 5179 Leontinum
2401 5125 2564 5190 ferunt
2587 5125 2813 5190 Gorgiam
2838 5141 2853 5177 :
2877 5125 3190 5190 Theodorum
3210 5126 3322 5190 inde
3340 5125 3652 5190 Bgyxantiugm,

2074 5188 2512 5300 mnia-squamatum
2527 5225 2543 5251 ,
2567 5184 3003 5254 (ιιιοξλστοδαδάλους
3034 5186 3246 5250 appellat
3265 5189 3315 5236 in
3337 5184 3544 5236 Plitedro
3566 5186 3655 5236 So-

2075 5265 2157 5300 cra
2276 5267 2300 5296 ῑ
2415 5287 2427 5299 .

2276 5267 2300 5296 ι
2333 5263 2427 5299 θιο.

2075 5259 2300 5376 οτἲὲῗῖιῖ
2316 5259 2682 5376 ἕξοώωθῃιιιιὶἱε
2703 5318 2867 5362 autem
2889 5314 2938 5362 iu
2958 5310 3088 5376 hunc
3109 5309 3327 5376 Matthaei
3345 5308 3521 5376 locum,
3549 5307 3661 5376 ideo

2077 5368 2167 5440 per
2190 5368 2455 5440 prophetas
2493 5373 2701 5440 plurium
2739 5373 3083 5440 numero__dici
3109 5370 3319 5440 mavult,
3364 5368 3510 5440 quod
3533 5368 3660 5427 apud

2079 5432 2267 5488 certum
2288 5432 2507 5498 aliquem
2517 5434 2810 5498 Prophetam
2832 5432 3091 5498 peculiaris
3106 5432 3285 5498 isthazc
3300 5432 3543 5480 sententia
3565 5440 3661 5498 non

2080 5487 2391 5563 reperiamr;
2423 5497 2510 5545 sed
2555 5487 2894 5563 pzﬁmuapud
2932 5507 3117 5563 omnes.
3140 5492 3431 5563 Prophetas,
3471 5487 3663 5563 quantm

2081 5554 2325 5613 Christum
2358 5554 2582 5627 structuris
2614 5554 2856 5627 appellant
2880 5559 3018 5627 ;_‘sic_
3042 5556 3171 5603 enim
3205 5554 3662 5627 “inter:

2083 5607 2519 5695 ιῖιιεεφωττίρυω.
2773 5607 3183 5695 ιεξιςρςρεεςοιι.
3213 5611 3430 5695 at:
3450 5607 3663 5695 sese:

2085 5668 2356 5747 imagini;
2373 5668 2427 5731 ἐι
2448 5668 2540 5730 sub
2561 5668 2653 5731 alia
2670 5668 2922 5731 Samsonis
2942 5675 3100 5725 Judic.
3128 5674 3201 5721 15.
3228 5672 3314 5734 qui
3335 5670 3431 5719 duo
3450 5668 3665 5724 Nazarmt

2086 5742 2320 5794 vocabulo
2340 5741 2570 5794 appellati
2591 5750 2722 5792 sunt.
3396 5793 3400 5794 ν
3448 5772 3455 5777 ~
3626 5791 3637 5794 _

2086 5757 2320 5797 vocabulo
2340 5757 2570 5797 appellati
2591 5757 2722 5792 sunt.
3392 5793 3402 5797 _
3448 5772 3455 5777 .

2151 5754 2320 5795 0301110
2340 5754 2570 5805 appeualt
2591 5754 2722 5792 sunt.
3392 5793 3402 5804 ,
3448 5772 3455 5777 -

2151 5804 2215 5870 (Ῑ)
2248 5804 2456 5854 Voculas
2478 5810 2528 5853 ut
2561 5804 2626 5853 sis
2650 5816 2740 5853 nec
2761 5801 2878 5851 Mss.
2905 5798 3086 5857 nostri,
3110 5808 3203 5846 nec
3227 5798 3522 5844 vetustiores
3560 5791 3663 5842 vul-
