4146 6336
538 351 642 408 575
687 346 695 351 ”

537 467 666 522 mihi
690 463 1085 534 egredietur,ut
1107 460 1175 515 sit
1198 459 1447 531 princeps
1467 458 1519 514 in
1559 459 1738 515 Israel.
1763 478 1782 512 ι
1814 459 2019 528 Quanta
2045 459 2115 514 sit

537 562 676 614 inter
705 557 1008 611 Matthmum
1042 565 1096 610 et
1121 555 1467 627 Septuaginta
1490 555 1774 609 verborum
1804 553 2114 624 ordiuisque

534 651 798 707 discdrdia
827 691 840 714 ,
874 648 1043 719 magis
1086 647 1177 721 [al.
1204 649 1276 703 sic
1301 645 1486 721 ningis]
1517 647 1868 702 admiraberis
1891 688 1906 713 ,
1941 646 1986 701 si
2013 646 2117 700 Ile-

533 744 770 800 braicum
796 743 999 808 videas,
1026 742 1076 796 in
1099 757 1205 812 quo
1232 741 1303 796 ita
1334 741 1590 810 scriptum
1622 749 1706 794 est
1735 757 1748 792 :
1788 757 1808 790 ι
1839 740 1903 794 Et
1929 749 1983 794 tu
2008 739 2110 792 Be-

535 835 735 890 thleem
768 833 1042 904 Ephratha
1067 875 1080 899 ,
1109 834 1364 905 parvulus
1390 847 1449 888 es
1479 833 1531 886 in
1560 831 1795 886 millibus
1819 831 1952 886 .luda
1983 873 1998 895 ,
2043 845 2111 884 ex

511 935 587 982 'te
634 925 768 980 mihi
815 925 1155 996 egredietur,
1188 926 1277 995 qtti
1315 927 1386 978 sit
1424 925 1731 979 dominator
1781 925 1834 978 in
1879 923 2061 978 Israel.
2090 942 2108 975 ι

532 1005 824 1073 Considera
854 1017 1139 1087 gradatim,
1161 1032 1278 1086 qua:
1316 1016 1383 1070 ab
1425 1015 1761 1083 Evangelista
1784 1015 1891 1070 sint
1914 1015 2114 1084 posita:

534 1109 600 1163 Et
627 1119 680 1162 tu
715 1106 968 1162 Bethleem
995 1119 1130 1162 terra
1155 1107 1318 1162 Iuda.
1351 1108 1454 1162 Pro
1478 1150 1491 1171 ,
1535 1117 1670 1161 terra
1699 1106 1840 1160 Iuda
1864 1147 1880 1174 ,
1907 1109 1961 1160 in
1993 1105 2114 1159 Ha:-

531 1199 713 1256 braico
782 1200 943 1254 habet
1005 1199 1276 1269 Epitratlta
1315 1215 1335 1254 :
1377 1201 1429 1254 in
1486 1198 1832 1270 Septuaginta
1869 1239 1883 1264 ,
1935 1198 2115 1251 domus

534 1291 824 1363 Ep/tl'al/m.
859 1291 919 1345 Et
947 1306 1064 1362 pro,
1094 1310 1113 1344 ι
1142 1306 1475 1362 nequaquam
1501 1291 1718 1344 minima
1738 1305 1796 1344 es
1820 1289 1871 1342 in
1891 1287 2116 1343 ducibus

531 1383 688 1447 Juda,
726 1403 744 1436 ι
780 1383 832 1438 ἰη
859 1383 1204 1454 Septuaginta
1229 1383 1421 1454 legitur
1447 1424 1462 1448 ,
1500 1400 1518 1434 ι
1555 1381 1796 1436 modicus
1821 1396 1880 1435 es
1910 1423 1924 1446 ,
1958 1390 2011 1433 ut
2041 1379 2116 1433 sis

533 1475 586 1529 in
643 1475 876 1529 millibus
927 1474 1060 1530 Juda
1100 1493 1113 1529 :
1155 1494 1174 1527 ι
1222 1475 1275 1528 in
1318 1475 1578 1541 Hebrteo,
1617 1493 1637 1526 ι
1675 1473 1926 1544 parvulus
1961 1486 2021 1525 es
2065 1473 2113 1524 in

533 1565 767 1619 millibus
790 1563 924 1620 Juda
944 1581 962 1628 ;
994 1583 1013 1616 ι
1047 1578 1342 1635 sensusque
1383 1565 1685 1620 contrarius
1727 1573 1810 1618 est
1834 1604 1849 1630 ,
1883 1563 2081 1631 Septua

531 1659 677 1728 ginta
711 1657 810 1710 sibi
841 1657 892 1709 in
925 1655 1025 1710 hoc
1051 1655 1313 1710 duntaxat
1343 1656 1461 1710 loco
1487 1665 1541 1710 et
1592 1655 1857 1711 IIebraico
1889 1667 2114 1708 concor-

531 1749 709 1803 dante.
735 1747 1076 1816 Evangelista
1108 1749 1252 1803 enim
1281 1747 1434 1812 dixit,
1459 1749 1602 1817 quod
1625 1762 1732 1800 non
1763 1747 1832 1800 sit
1864 1744 2115 1815 parvulus

532 1841 584 1895 in
612 1841 833 1896 ducibus
856 1840 1006 1901 Juda.
1043 1857 1163 1896 cum
1213 1858 1243 1895 e
1275 1841 1493 1912 regione
1523 1841 1593 1895 sit
1621 1842 1870 1910 positum,
1935 1855 2116 1908 parvu-

531 1934 614 1988 Ius
645 1933 857 2004 quidem
895 1949 954 1987 es
995 1942 1048 1988 et
1088 1932 1368 1996 modicus;
1400 1932 1492 1987 sed
1543 1933 1721 1986 tamen
1775 1931 1842 1986 de
1887 1940 1937 1984 te
1986 1931 2114 1984 mihi

532 2027 754 2096 parvulo
779 2037 832 2080 et
873 2026 1084 2081 modico
1115 2027 1424 2098 egredietur
1452 2027 1559 2081 dux
1602 2029 1656 2082 in
1688 2025 1852 2082 Israel
1879 2067 1894 2092 ,
1925 2042 2117 2081 secun-

531 2119 654 2172 dum
686 2118 814 2172 illud
846 2118 1087 2188 Apostoli
1118 2137 1128 2171 :
1165 2137 1184 2169 ‹
1219 2119 1387 2189 Elegit
1415 2119 1625 2173 infirma
1657 2120 1841 2174 mundi
1872 2121 2030 2182 Deus,
2062 2130 2118 2172 nt

530 2209 820 2264 confundat
848 2208 1002 2264 fortia
1035 2227 1053 2260 ι
1094 2209 1172 2282 (1.
1197 2209 1316 2264 Cor.
1349 2211 1420 2278 1).
1458 2211 1624 2265 Porro
1651 2210 1795 2280 quod
1829 2212 2070 2279 sequitur
2099 2252 2113 2271 ,

547 2317 566 2351 ‹
601 2304 688 2372 qui
732 2309 900 2372 regat,
932 2301 1013 2355 vel
1045 2303 1134 2372 qui
1161 2314 1340 2372 pascm
1374 2304 1625 2374 populum
1655 2321 1830 2359 meum
1865 2304 2059 2371 Israel,
2092 2323 2111 2357 ι

529 2392 688 2447 aliter
718 2394 770 2448 iu
800 2391 1064 2462 Propheta
1093 2408 1214 2448 esse
1241 2397 1585 2465 perspicuum
1613 2408 1716 2449 est.

600 2485 654 2540 9.
695 2485 821 2540 Hmc
850 2487 1048 2557 replico
1091 2505 1193 2542 non
1224 2497 1281 2542 ut
1309 2489 1674 2557 Evangelistas
1706 2505 1924 2560 arguam
1965 2488 2114 2543 falsi-

530 2579 654 2633 tatis
711 2579 837 2651 (hoc
885 2581 1081 2652 quippe
1129 2581 1415 2652 impiorum
1456 2591 1558 2646 est,
1607 2583 1768 2648 Celsi,
1812 2583 2112 2655 Porphyrii,

527 2669 749 2740 Iuliani)
780 2671 873 2726 sed
907 2681 962 2724 ut
1000 2672 1420 2742 reprehensores
1465 2689 1614 2728 meos
1641 2688 1859 2744 arguam
1893 2659 2112 2742 imperi-

530 2763 617 2816 tia:
649 2780 662 2816 :
695 2771 747 2816 et
774 2762 1057 2832 impetrem
1097 2763 1164 2817 ab
1203 2764 1282 2817 eis
1311 2765 1538 2826 veniam,
1574 2773 1630 2817 ut
1659 2765 1958 2818 concedant
1985 2765 2116 2819 mihi

529 2855 582 2909 in
604 2855 831 2924 simplici
851 2856 1100 2926 epistola,
1123 2857 1270 2926 quod
1295 2856 1346 2911 in
1367 2857 1661 2927 Scripturis
1683 2859 1902 2921 sanctis,
1927 2859 2113 2922 velint,

496 2947 717 3032 Jtolint,
764 2947 1035 3016 Apostolis
1071 2949 1380 3002 concessnri
1419 2959 1564 3004 sunt.
1596 2950 1802 3004 Marcus
1842 2950 2116 3021 discipulis

526 3037 685 3112 Petri,
715 3041 784 3094 ita
835 3056 989 3095 suum
1032 3041 1243 3096 orditur
1297 3041 1690 3112 Evangelium:
1730 3061 1747 3094 ι
1781 3043 2110 3111 Principium

526 3111 799 3204 Evangelii
828 3132 956 3189 Jesu
996 3132 1218 3202 Christi,
1266 3135 1404 3189 sicut
1453 3111 1712 3205 scriptum
1761 3146 1842 3190 est
1892 3137 1941 3190 iu
1983 3135 2112 3192 Isaia

527 3224 792 3294 Propheta
829 3243 842 3278 ε
877 3225 1015 3280 Ecce
1042 3240 1143 3297 ego
1171 3226 1324 3280 mitto
1355 3226 1616 3297 Angelum
1661 3243 1837 3282 meum
1881 3239 2006 3284 ante
2035 3230 2114 3282 fa-

525 3315 665 3369 ciem
697 3325 859 3382 tuam,
889 3317 978 3387 qui
1011 3318 1332 3387 przeparabit
1362 3319 1501 3374 viam
1546 3328 1689 3374 tuam
1722 3331 1846 3376 ante
1895 3329 1966 3375 te.
2000 3322 2113 3378 Vox

525 3408 805 3464 clamantis
856 3410 908 3465 in
954 3410 1190 3476 deserto,
1244 3420 1428 3482 parate
1470 3413 1607 3466 viam
1658 3413 1889 3480 Domini,
1939 3424 2113 3468 rectas

527 3501 683 3556 facite
713 3504 934 3557 semitas
959 3503 1095 3573 ejus.
1129 3522 1148 3556 ι
1186 3503 1297 3558 Hoc
1324 3505 1628 3573 exemplum
1658 3520 1721 3560 ex
1750 3505 1958 3560 duobus
1986 3506 2115 3559 Pro-

526 3591 701 3659 phetis
726 3593 1080 3662 compositum
1103 3606 1202 3660 est,
1235 3594 1301 3648 de
1327 3595 1582 3649 Malacltia
1611 3595 1854 3651 videlicet
1883 3606 1936 3652 et
1961 3597 2109 3650 Isaia.

524 3684 656 3740 Nam
688 3687 915 3756 primum
945 3687 1086 3758 quod
1119 3687 1313 3742 dicitur
1343 3706 1356 3741 :
1393 3707 1411 3739 ι
1445 3688 1584 3744 Ecce
1623 3703 1722 3758 ego
1752 3689 1907 3743 mitto
1939 3692 2115 3756 Ange-

525 3778 634 3832 Ium
671 3795 846 3834 meum
893 3791 1018 3835 ante
1069 3779 1257 3836 faciem
1289 3792 1452 3847 tuam,
1495 3782 1582 3852 qui
1617 3783 1935 3851 prmparabit
1977 3783 2112 3835 viam

525 3878 671 3924 tuam
716 3881 842 3926 ante
875 3882 924 3927 te
955 3891 974 3924 ι
1012 3871 1227 3946 (Malae.
1259 3873 1312 3927 5.
1345 3873 1419 3944 1),
1455 3874 1504 3927 in
1539 3874 1806 3929 Malachia:
1835 3873 1938 3929 fine
1979 3875 2112 3929 scri-

524 3972 672 4032 ptum
699 3974 802 4018 est.
830 3963 1075 4034 Sequens
1113 3976 1292 4021 autem
1333 3966 1472 4036 quod
1510 3967 1734 4022 infertur
1762 3987 1775 4021 ι
1809 3986 1829 4019 ι
1860 3967 1974 4023 Vox
2007 3969 2117 4023 cla-

525 4055 721 4108 mantis
753 4057 802 4109 in
849 4057 1089 4122 deserto,
1121 4076 1140 4109 ι
1184 4067 1239 4112 et
1268 4067 1485 4125 czctera,
1519 4059 1570 4114 in
1608 4060 1738 4116 Isaia
1769 4061 2013 4130 legimus.
2048 4063 2116 4116 Et

523 4148 793 4214 quomodo
813 4149 1019 4203 Marcus
1057 4149 1219 4221 314
1271 4152 1448 4206 statim
1470 4152 1520 4206 in
1543 4153 1805 4222 principio
1828 4155 2114 4208 voluminis

525 4239 605 4290 sui
639 4241 832 4307 posuit,
854 4259 871 4290 ι
899 4241 1303 4310 sicutscriptum
1322 4243 1474 4296 estin
1501 4244 1632 4297 Isaia
1657 4244 1951 4314 Propheta:
1980 4245 2116 4300 Ecce

525 4346 626 4402 ego
654 4336 806 4385 mitto
835 4334 1094 4403 Angelum
1141 4351 1317 4389 meum
1349 4355 1367 4387 ι
1399 4335 1535 4406 (1δαὶ
1586 4338 1679 4392 40.
1711 4341 1788 4407 '5),
1823 4340 1964 4408 quod
2007 4357 2110 4395 non

523 4425 776 4478 scribitur
808 4425 860 4478 in
892 4426 1044 4489 Isaia,
1073 4435 1129 4479 ut
1157 4426 1387 4480 diximus
1413 4445 1428 4482 :
1453 4428 1547 4483 sed
1569 4428 1623 4483 in
1653 4429 1907 4485 Malachia
1933 4433 2113 4485 novis-

524 4518 660 4572 simo
689 4518 971 4574 duodecim
997 4518 1424 4588 Prophetarum?
1449 4521 1632 4575 Solvat
1662 4520 1798 4576 hanc
1825 4524 2114 4593 qtta‘stiun-

521 4610 693 4663 culam
737 4612 980 4680 imperita
1025 4612 1370 4682 praesumptio
1400 4629 1413 4666 :
1445 4621 1501 4669 et
1525 4617 1641 4685 jego
1673 4615 1873 4670 erroris
1905 4617 2111 4671 veniam

522 4700 851 4769 deprecabor
923 4704 1064 4759 Idem
1095 4706 1302 4761 Marcus
1331 4707 1536 4763 inducit
1564 4708 1630 4762 ad
1660 4708 1963 4765 Pharismns
1993 4712 2078 4765 Sal
2099 4741 2111 4750 -

521 4800 759 4846 valerem
789 4793 1095 4862 loquentem
1121 4815 1134 4849 :
1173 4815 1193 4849 ι
1223 4797 1506 4870 Nunquam
1547 4800 1754 4872 legistis
1777 4803 1900 4871 quid
1929 4802 2113 4858 fecerit

523 4885 708 4949 David,
736 4887 951 4956 quando
990 4891 1363 4946 necessitatem
1397 4893 1603 4961 habuit,
1648 4903 1702 4950 et
1747 4897 1968 4950 esurivit
1998 4896 2112 4966 ipse

520 4983 577 5030 et
604 4977 734 5030 socii
783 4977 935 5046 ejus;
981 4975 1250 5048 quomodo
1297 4982 1571 5052 ingressus
1608 4985 1824 5042 domum
1873 4989 1963 5042 Dei
2011 4990 2111 5043 sub

521 5065 781 5120 Abiathar
818 5067 1096 5135 Pontifice,
1144 5083 1197 5125 ct
1228 5087 1389 5140 panes
1434 5078 1814 5144 propositionis
1852 5081 2106 5142 comedit,

519 5157 713 5227 quibus
761 5173 865 5212 non
897 5159 1092 5214 licebat
1127 5163 1291 5226 vesci,
1338 5165 1438 5217 nisi
1479 5166 1608 5220 solis
1637 5165 2057 5224 Sacerdotibus?
2087 5193 2103 5223 ι

520 5248 684 5321 (Mar.
728 5249 781 5303 2.
810 5251 901 5306 25.
931 5252 1020 5306 9.6.
1068 5261 1113 5305 et
1141 5251 1268 5306 Luc.
1302 5253 1353 5307 6.
1387 5256 1438 5309 5.
1486 5253 1563 5327 4).
1599 5257 1858 5328 Legamus
1888 5261 2108 5316 Samue-

517 5344 624 5399 Ient
660 5344 811 5400 :sive
841 5345 921 5414 (ut
955 5345 1008 5398 in
1038 5347 1306 5400 communi
1335 5349 1486 5401 titulo
1523 5349 1770 5421 habetur)
1803 5352 2105 5423 Regnorum

517 5438 704 5502 libros,
734 5437 912 5509 ibique
932 5439 1263 5507 reperiemus
1286 5456 1387 5493 non
1413 5441 1661 5494 Abiathar
1681 5446 1936 5514 scriptum
1964 5462 2103 5507 esse,

515 5531 610 5585 sed
663 5532 954 5586 Abimelech
1002 5529 1336 5596 Pontiﬁcem,
1380 5535 1468 5602 qui
1525 5544 1708 5602 postea
1756 5553 1785 5590 a
1831 5539 1970 5608 Doeg
1999 5539 2099 5611 [al.

521 5624 672 5680 Doec.
697 5625 713 5698 ι
738 5642 858 5682 cum
885 5625 1098 5682 caeteris
1122 5621 1526 5691 Sacerdotibus,
1557 5627 1681 5682 Saul
1705 5628 1950 5699 jubcme,
1982 5647 2104 5701 per-

515 5761 613 5818 gati
639 5760 841 5811 habent.
882 5762 1026 5811 Hunc
1063 5773 1182 5810 vero
1217 5760 1425 5811 Maltba‘i
1461 5759 1616 5812 locum
1653 5763 1702 5812 in
1736 5762 2102 5815 Commentariis

518 5833 822 5878 exponemus
843 5833 892 5874 et
916 5823 1298 5873 Conciliabimus.

1823 339 2062 399 SANCTI
2099 337 2468 396 IIIERONYMI

3085 307 3106 332 ο

3700 355 3802 410 576

2219 471 2409 513 cussus
2437 467 2539 514 est.
2576 460 2864 531 Pergamus
2893 461 2959 516 ad
2990 465 3300 535 Apostolum
3323 466 3570 522 Paulum.
3607 467 3806 530 Scribit

2219 551 2285 605 ad
2337 552 2643 607 Corinthios
2689 570 2703 607 :
2751 571 2770 604 ι
2798 554 2854 609 Si
2904 555 3047 609 enim
3092 558 3469 626 cognovissent
3520 559 3803 618 Dominum

2219 644 2424 714 glorim,
2449 660 2555 697 non
2594 644 3004 700 crucifixisseut.
3039 645 3144 703 Sed
3186 650 3324 704 sicut
3369 650 3628 720 scriptum
3672 663 3791 709 est:

2219 737 2369 804 Quod
2396 737 2582 791 oculus
2611 753 2716 792 non
2746 738 2901 806 vidit,
2945 755 3044 794 nec
3079 742 3222 796 auris
3247 743 3475 809 audivit,
3509 759 3608 800 nec
3632 746 3684 801 in
3711 763 3805 804 cor

2221 828 2452 882 hominis
2492 828 2752 895 ascendit,
2782 845 2901 901 quae
2932 835 3251 900 praeparavit
3289 835 3428 889 Deus
3459 835 3776 905 diligentibt.

2220 933 2300 973 se.
2332 937 2350 970 ι
2387 920 2461 990 (a)
2491 919 2676 975 Solent
2714 921 2769 976 in
2814 922 2916 977 hoc
2957 923 3075 978 loco
3115 925 3545 996 apocryphorum
3590 927 3792 996 quidan

2219 1008 2568 1066 deliramenta
2599 1013 2810 1079 sectari,
2865 1024 2924 1069 et
2959 1014 3159 1082 dicere,
3193 1016 3336 1086 quod
3371 1017 3438 1072 de
3484 1019 3801 1092 Apocalyps.

2220 1101 2352 1156 Elian
2395 1104 2762 1159 testimonium
2800 1117 3071 1178 sumptum
3121 1109 3191 1163 sit
3220 1127 3234 1163 :
3261 1125 3384 1164 eum
3413 1111 3467 1165 iu
3497 1111 3630 1165 Isaia
3653 1113 3803 1181 juxta

2223 1193 2541 1250 llebraicum
2581 1197 2651 1250 ita
2695 1197 2903 1268 legatur
2939 1217 2952 1252 :
2987 1217 3007 1251 ‹
3038 1201 3079 1255 Α
3128 1201 3326 1256 saeculo
3368 1216 3474 1256 non
3500 1203 3802 1272 audierunt,

2220 1301 2319 1342 nec
2369 1288 2586 1344 auribus
2637 1299 3012 1361 perceperunt.
3056 1285 3254 1348 Oculus
3292 1307 3397 1347 non
3443 1293 3592 1358 vidit,
3642 1295 3800 1358 Deus,

2219 1377 2420 1448 absque
2439 1389 2510 1441 te,
2525 1395 2644 1449 qua:
2662 1383 2972 1450 praeparasti
2995 1383 3426 1452 exspectantibus
3445 1391 3496 1438 te
3518 1382 3800 1454 ι(1ιαί.64.

2221 1468 2296 1536 4).
2327 1469 2439 1524 Hoc
2479 1471 2824 1542 Septuaginta
2855 1474 3023 1526 tnulto
3053 1475 3209 1528 aliter
3236 1475 3622 1532 transtulerunt
3652 1492 3666 1528 :
3703 1494 3722 1528 ε
3755 1478 3801 1530 Α

2219 1563 2418 1616 sacculo
2447 1579 2554 1618 non
2598 1565 2934 1631 audivimus;
2963 1581 3136 1636 neque
3177 1567 3318 1621 oculi
3360 1567 3528 1622 nostri
3559 1567 3802 1622 viderunt

2223 1654 2387 1709 Deum
2416 1657 2619 1726 absque
2647 1667 2719 1723 te,
2753 1666 2807 1712 et
2831 1659 2912 1728 (l)
2938 1673 3102 1727 opera
3144 1666 3231 1712 tua
3260 1673 3405 1723 vera,
3437 1669 3493 1713 et
3523 1658 3681 1714 facies
3704 1673 3800 1714 ex-

2219 1744 2583 1816 spectan'tibtis
2628 1758 2680 1802 te
2723 1749 3170 1804 misericordiam.
3209 1769 3228 1801 ι
3272 1750 3616 1820 Intelligimus
3663 1751 3802 1804 unde

2219 1848 2490 1908 sumptum
2533 1840 2603 1894 sit
2633 1841 3020 1905 testimonium,
3068 1851 3123 1894 et
3164 1849 3339 1895 tamen
3372 1841 3656 1910 Apostolus
3697 1855 3800 1894 non

2221 1932 2438 1986 verbum
2468 1932 2734 2001 expressit
2755 1947 2785 1986 e
2806 1933 2993 1996 verbo,
3024 1932 3116 1987 sed
3144 1945 3527 2003 παραφρασιχῶς,
3557 1931 3800 1987 eumdem

2219 2037 2433 2078 sensum
2482 2025 2603 2078 aliis
2649 2025 2990 2078 sermonibus
3031 2023 3300 2078 iudicavit.
3355 2025 3414 2078 In
3458 2023 3692 2094 Epistula
3734 2023 3799 2078 ad

2220 2113 2490 2168 Romanos
2523 2113 2662 2168 idem
2692 2116 2980 2185 Apostolus
3009 2115 3205 2170 Paulus
3242 2116 3544 2184 exemplum
3575 2115 3641 2170 de
3669 2115 3798 2169 Isaia

2219 2221 2436 2260 sumens
2465 2223 2478 2258 :
2518 2223 2536 2258 ‹
2569 2206 2728 2272 Ecce,
2757 2209 2946 2277 inquit,
2978 2222 3174 2277 ponam
3207 2209 3260 2261 in
3301 2207 3427 2264 Sion
3458 2207 3684 2276 lapidem
3721 2207 3782 2261 of
3786 2239 3799 2250 ο

2221 2298 2500 2364 fensionis,
2549 2309 2604 2355 et
2629 2311 2834 2370 petram
2870 2301 3105 2355 scandali
3137 2319 3156 2352 ι
3188 2299 3344 2372 (Ιδαὶ.
3368 2303 3422 2356 8.
3457 2302 3565 2369 M),
3593 2301 3799 2355 discor-

2218 2390 2310 2445 dat
2355 2405 2386 2445 a
2424 2391 2797 2446 Translatione
2838 2393 3043 2457 veteri;
3073 2401 3128 2447 et
3156 2403 3334 2448 tamen
3380 2407 3502 2448 cum
3545 2393 3797 2447 IIebraica

2220 2483 2445 2536 veritate
2491 2483 2804 2537 concordat.
2849 2483 2905 2537 In
2943 2482 3288 2554 Septuaginta
3317 2484 3460 2538 enim
3505 2483 3800 2538 contrarius

2218 2585 2410 2628 sensus
2435 2583 2517 2628 est
2547 2592 2560 2628 :
2598 2592 2618 2624 ε
2652 2573 2768 2628 Non
2796 2582 2858 2628 ut
2886 2574 3045 2645 lapidi
3074 2575 3381 2629 offensionis
3423 2575 3798 2637 occurreretis,

2221 2672 2393 2731 neque
2444 2674 2498 2717 ut
2544 2673 2710 2734 petra:
2757 2665 2927 2718 ruina:
2961 2681 2974 2719 :
3010 2683 3031 2716 ι
3084 2679 3202 2718 cum
3253 2665 3542 2734 Apostolus
3590 2679 3800 2734 quoque

2220 2756 2411 2812 Petrus
2481 2758 2642 2831 315
2714 2757 2955 2813 Hebraeis
3003 2759 3270 2828 Pauloque
3314 2751 3674 2822 consentiens,
3727 2760 3799 2811 ita

2219 2853 2491 2920 posuerit:
2519 2870 2538 2903 ε
2569 2850 2864 2906 lucredulis
2888 2861 3066 2906 autem
3092 2851 3226 2920 lapis
3247 2850 3554 2905 olfensionis
3569 2859 3624 2904 et
3648 2857 3822 2919 petrar

2219 2944 2454 3000 scandali
2481 2964 2501 2996 ι
2525 2944 2700 3015 (Rom.
2721 2944 2775 2999 9.
2801 2945 2890 2999 35.
2922 2955 2970 2999 et
2998 2945 3047 3000 Ι.
3076 2943 3215 2998 Patr.
3240 2943 3316 3012 2).
3351 2943 3427 2998 Ex
3457 2944 3650 3012 quibus
3677 2944 3770 2997 uni
3788 2974 3802 2982 -

2218 3037 2387 3092 versis
2429 3038 2768 3106 perspicuum
2809 3045 2914 3104 est,
2945 3037 3226 3107 Apostolus
3271 3043 3325 3090 et
3357 3036 3719 3105 Evangelistas
3745 3036 3800 3088 in

2219 3129 2656 3199 interpretatione
2685 3139 2926 3185 veterum
2963 3130 3378 3199 Scripturarum,
3411 3143 3624 3182 sensum
3657 3143 3800 3198 quar-

2217 3222 2372 3287 sisse,
2407 3238 2510 3275 non
2544 3223 2705 3277 verba
2737 3240 2750 3276 :
2785 3238 2884 3278 nec
2911 3237 3235 3293 magnopere
3262 3221 3331 3276 de
3359 3221 3548 3276 ordine
3591 3235 3794 3276 sermo-

2216 3313 2478 3384 nibusque
2508 3330 2744 3379 curasse,
2776 3315 2903 3369 dum
2936 3313 3224 3369 intellectui
3251 3327 3338 3367 res
3365 3321 3587 3382 pateret.

2289 3408 2376 3463 10.
2419 3408 2589 3462 Lucas
2611 3410 2701 3461 .vir
2744 3408 3080 3477 Apostolicus
3121 3415 3174 3460 et
3217 3405 3550 3474 Evangelista
3596 3404 3798 3470 scribit,

2215 3496 2542 3566 Stephanum
2597 3497 2826 3567 primum
2879 3497 3079 3551 Christi
3143 3496 3432 3567 Martyrem
3482 3497 3534 3548 in
3582 3494 3798 3550 Judaica

2216 3587 2298 3657 (ὁ)
2343 3590 2600 3642 concione
2651 3593 2958 3640 narrantem
2991 3605 3005 3640 :
3036 3604 3054 3637 ι
3083 3585 3141 3640 In
3187 3585 3518 3656 septuaginta
3566 3585 3800 3653 quinque

2215 3678 2495 3732 animabus
2519 3678 2798 3733 descendit
2821 3677 2987 3733 Iacob
3013 3679 3064 3732 in
3087 3677 3375 3749 {Egyptum
3405 3694 3419 3730 :
3442 3687 3490 3732 et
3519 3675 3800 3732 defunctus

2216 3780 2299 3825 est
2329 3770 2461 3839 ipse,
2492 3780 2545 3825 et
2578 3780 2760 3838 patres
2805 3770 2971 3825 nostri
3006 3770 3246 3824 translati
3295 3777 3419 3823 sunt
3445 3769 3499 3823 in
3528 3768 3755 3840 Sychem

2216 3873 2271 3917 et
2300 3863 2458 3933 positi
2483 3873 2608 3918 sunt
2641 3865 2691 3918 in
2719 3865 2970 3933 sepulcro
2995 3863 3136 3933 quod
3164 3864 3294 3918 emit
3333 3862 3600 3918 Abraham
3631 3863 3800 3931 pretio

2215 3956 2418 4026 argenti
2457 3971 2485 4008 a
2513 3956 2636 4009 filiis
2664 3953 2737 4027 (c)
2787 3955 2950 4010 Emor
2976 3955 3142 4024 patris
3165 3955 3392 4023 Sychcm
3421 3973 3440 4006 ι
3467 3953 3602 4025 (Act.
3627 3955 3679 4006 7.
3719 3953 3798 4006 15.

2279 4131 2356 4194 (a)
2384 4131 2638 4194 Praecipue
2653 4130 2924 4194 Gnosticos,
2939 4136 2991 4180 et
3008 4128 3230 4194 Basilidis
3250 4127 3513 4194 discipulos
3534 4131 3802 4194 impugnat,

2218 4199 2270 4241 ut
2293 4190 2356 4242 ex
2385 4208 2428 4253 ei
2451 4190 2588 4242 istola
2614 4195 2671 4254 ad
2707 4193 3020 4254 Desiderium
3048 4193 3383 4241 PeuLatem‘ho
3425 4190 3635 4254 praefixa,
3665 4190 3717 4240 et
3739 4206 3800 4240 ex

2215 4267 2322 4315 cap.
2364 4254 2528 4302 LXIV.
2565 4257 2613 4303 iu
2656 4253 2825 4303 Isaiam
2861 4253 3091 4302 latissime
3131 4261 3358 4315 apparet;
3400 4254 3487 4302 sed
3527 4267 3619 4301 nec
3643 4255 3804 4305 evadit

2217 4329 2473 4365 censuram
2515 4317 2788 4378 Origenes,
2830 4318 2913 4378 (ιιιὶ
2954 4316 3116 4365 'I'ract.
3141 4317 3219 4378 35$.
3245 4316 3303 4364 ad
3329 4315 3496 4378 Matth.
3521 4315 3600 4362 27.
3629 4316 3804 4378 eadem

2215 4377 2396 4438 docuit,
2416 4383 2468 4438 et
2494 4379 2540 4426 in
2563 4376 2694 4427 nullo
2715 4376 2954 4438 singulari
2985 4378 3108 4427 libro
3131 4376 3220 4426 hoc
3246 4377 3446 4438 positum
3470 4377 3803 4438 testimonium

2217 4437 2424 4488 inveniri
2466 4439 2620 4493 dixit.
2667 4440 2761 4489 nisi
2792 4436 2858 4490 in
2902 4438 3096 4490 secretis
3124 4436 3252 4488 Elia
3287 4436 3547 4499 I'ropltetw.
3597 4436 3698 4484 Hac
3735 4438 3804 4483 (Ιυ

2401 4501 2545 4549 etiam
2587 4502 2926 4568 Hegesippum
2970 4511 3166 4553 accusat
3208 4498 3383 4568 Steph.
3413 4498 3646 4568 Gobarusu
3674 4501 3804 4568 apud

2217 4563 2460 4625 I’hotium,
2482 4566 2608 4625 quod
2635 4559 2790 4613 hocce
2811 4559 3140 4614 iestimouiutu
3165 4576 3248 4624 pro
3274 4559 3389 4625 falso
3409 4559 3802 4625 respuct'_it._Vid.

2215 4637 2327 4688 quae
2349 4619 2466 4672 alibi
2489 4619 2773 4688 adnotamus
2799 4627 2844 4674 iu
2870 4627 3039 4675 Isaiam
3072 4640 3117 4674 c.
3141 4619 3218 4688 (ξι.
3245 4630 3296 4671 ct
3319 4623 3368 4688 iu
3390 4621 3628 4688 citataad
3655 4619 3802 4672 Desi-

2214 4682 2407 4751 derittm
2433 4687 2657 4751 epistola.
2686 4688 2874 4737 Vitiose
2914 4696 3079 4738 autem
3109 4687 3303 4751 quidam
3336 4683 3483 4736 Codd.
3522 4682 3584 4733 de
3622 4694 3801 4746 Apocu-

2215 4747 2347 4812 ιω)ξί
2364 4747 2603 4812 Ecclesia.

2285 4809 2360 4878 ib)
2386 4810 2602 4878 _C_isterc.
2631 4810 2680 4858 in
2704 4809 3244 4878 {udaica‘contqttiona
3380 4870 3392 4878 _
3505 4870 3516 4878 .
3561 4868 3580 4878 ﬂ

2278 4867 2352 4937 (cf
2383 4873 2518 4922 Idem
2541 4882 2680 4937 Euwr
2703 4871 2795 4937 filii
2817 4874 3035 4937 sychem.
3062 4873 3164 4937 Nec
3186 4870 3453 4937 contendo,
3477 4870 3518 4937 s_i
3559 4867 3676 4918 falso
3709 4869 3801 4919 dici

2217 4931 2339 4983 velis
2362 4949 2447 4996 pro
2472 4935 2658 4996 patris;
2682 4931 2770 4983 sed
2797 4931 2938 4984 vetus
2962 4943 3123 4996 tamen
3152 4934 3229 4996 hic
3254 4945 3390 4981 error
3417 4931 3636 4996 Vulgata:
3677 4941 3799 4980 anti-

2214 5009 2325 5062 qute
2362 4993 2606 5045 E'ers'ionis
2640 4993 2758 5045 "esse
2793 4999 2966 5059 potuit,
3010 5005 3060 5045 et
3103 4994 3242 5043 facile
3281 4995 3400 5054 fuit;
3436 4993 3635 5062 Gnragcus
3674 4996 3803 5042 enim

2260 5065 2416 5122 uctor.
2439 5066 2605 5108 textus
2639 5073 2736 5121 παρά
2772 5054 2842 5109 τὸν
2863 5071 2946 5122 tu...
2985 5071 3110 5121 εμιιάρ
3132 5068 3198 5108 ut.
3228 5067 3338 5118 ult,
3360 5071 3373 5104 :
3402 5070 3431 5104 a
3454 5054 3570 5118 ﬁliis
3595 5064 3801 5112 (invitor,

2373 5120 2571 5170 (ἤκουε
2589 5120 2754 5169 textus
2779 5120 2926 5168 habet
2941 5134 3000 5169 καὶ
3020 5134 3066 5169 τά
3077 5120 3160 5182 iam.
3176 5137 3240 5169 σοῦ
3260 5127 3286 5168 ἆ
3301 5132 3459 5182 ﬁatﬁat;
3572 5127 3803 5176 ἶιπομίνωστισ
3885 5129 3894 5134 ⁷

2213 5179 2311 5230 nm
2332 5179 2528 5229 videtur
2553 5183 2755 5242 proinde
2781 5179 3108 5243 Hieronymus
3130 5196 3217 5242 pro
3241 5181 3383 5229 unico
3421 5179 3626 5228 relativo
3649 5189 3694 5243 _a
3730 5182 3801 5227 le-

2211 5244 2347 5302 gisse
2384 5244 2440 5305 in
2484 5240 2574 5291 suo
2616 5243 2889 5304 exemplari
2931 5240 3046 5305 ᾁῖξηιῇ
3089 5240 3151 5293 ..ι
3201 5243 3397 5305 (ποιήσαις
3435 5267 3469 5292 ιι.
3507 5268 3546 5305 τ.
3585 5240 3660 5304 λ.)
3691 5255 3803 5293 Mm

2210 5309 2256 5352 ει
2293 5302 2476 5365 facies,
2518 5311 2657 5366 etei,
2703 5302 2971 5366 cuiusmodi
3027 5302 3260 5354 variantis
3299 5319 3394 5354 nec
3443 5304 3546 5366 vola
3589 5302 3666 5352 est
3692 5318 3803 5366 fuco

2211 5364 2474 5428 vestigium
2513 5365 2562 5412 in
2605 5364 2790 5414 Graecis
2825 5378 2936 5427 qum
2969 5375 3234 5428 supersunt
3263 5365 3644 5428 exemplaribus.
3673 5365 3802 5423 Quin

2275 5426 2469 5488 tiusiex
2503 5428 2786 5488 conjectura
2821 5426 3075 5476 autumant
3105 5428 3235 5477 docti
3259 5429 3348 5476 viri
3374 5426 3426 5478 et
3449 5426 3616 5476 falsum
3642 5428 3695 5488 iu
3713 5429 3803 5476 hoc

2225 5487 2362 5535 'uisse‘
2386 5484 2753 5560 Hieronymum,
2778 5489 2861 5550 qui
2889 5503 2984 5536 uno
3011 5489 3161 5561 verbo
3188 5489 3369 5560 legerit
3391 5501 3516 5548 ἀὶηοιι
3561 5501 3647 5561 pro
3679 5484 3802 5561 duo-

2210 5549 2300 5596 bus
2333 5559 2358 5598 ἃ.
2393 5561 2493 5607 λήθιι
2513 5586 2526 5609 ,
2572 5549 2654 5612 Qui
2679 5549 2854 5599 sensus
2876 5552 3128 5612 contextui
3171 5549 3328 5612 magis
3369 5549 3614 5612 congruit,
3639 5552 3730 5599 sed
3755 5555 3802 5602 in

2207 5639 2347 5716 textu
2389 5631 2823 5716 Hebrteo‘tantum
2851 5611 3429 5716 ‘estji'ﬂmsnmi
3651 5635 3701 5689 id
3730 5648 3801 5716 est

2205 5703 2380 5812 absque
2403 5710 2464 5759 te,
2487 5704 2629 5766 faciet
2667 5701 3053 5765 exspectantibus
3087 5715 3213 5752 eum.
3241 5703 3426 5754 Verum
3463 5701 3646 5759 sentio,
3672 5704 3801 5766 quod

2206 5765 2305 5812 LX.
2336 5801 2346 5811 .
2375 5764 2699 5812 Hieronvnms
2720 5763 2897 5812 laudat.
2923 5776 3019 5811 non
3045 5762 3266 5812 Graecum
3294 5773 3505 5812 textum.
3531 5766 3619 5812 sed
3660 5775 3798 5812 vete-

2206 5762 2352 5827 LXX.
2375 5762 2699 5827 Hieronymus
2719 5762 2898 5827 laudat,
2923 5776 3021 5827 non
3045 5762 3266 5813 Graecum
3294 5773 3505 5827 textum,
3531 5766 3619 5814 sed
3660 5762 3798 5815 vete-

2206 5841 2311 5874 rem
2337 5825 2690 5874 Lalinam‘esse
2717 5825 3193 5886 interpretationem.
