4146 6336
426 361 528 417 577

428 471 514 525 16.
569 476 616 524 et
656 465 837 522 Cenes.
866 465 979 534 25).
1022 462 1116 518 llic
1153 462 1303 516 locus
1341 461 1394 516 in
1423 459 1618 516 Genesi
1658 461 1827 514 multo
1855 459 2010 514 aliter

430 561 722 625 invenitur,
750 557 890 628 quod
919 556 1122 612 scilicet
1149 552 1419 608 Abraham
1465 551 1660 608 emerit
1686 551 1755 606 ab
1789 551 2008 622 Epliron

430 653 658 717 lletheo,
702 651 812 705 ﬁlio
838 648 993 715 Seor,
1016 648 1168 717 juxta
1192 645 1428 711 Hebron,
1459 643 1863 715 quadringentis
1888 641 2012 696 dra-

429 744 599 800 chmis
633 743 861 813 argenti,
893 741 1203 812 speluncam
1233 738 1520 808 duplicem,
1553 745 1610 791 et
1645 751 1831 806 agrum
1869 735 2009 790 circa

430 849 566 900 eam,
599 832 976 903 sepelieritque
999 831 1049 885 in
1077 846 1140 884 ea
1161 831 1350 885 Saram
1382 842 1604 882 uxorem
1635 842 1807 881 suam.
1836 830 2015 894 Atque

430 926 483 980 in
512 925 702 982 eodem
732 924 954 994 legimus
979 923 1132 987 libro,
1166 927 1352 992 postea
1398 928 1765 974 revertentem
1803 917 1872 972 de
1901 915 2007 972 Me-

429 1017 730 1088 s0potamia
755 1014 920 1072 .lacob
944 1028 1064 1068 cum
1096 999 1352 1066 uxoribus
1379 1018 1434 1065 et
1459 1010 1579 1064 filiis
1607 1009 1739 1075 suis,
1769 1007 2013 1077 posuisse

429 1105 834 1162 tabernaculum
875 1114 1000 1158 ante
1042 1102 1220 1158 Salcm
1251 1101 1438 1156 urbem
1464 1099 1866 1172 Sychimorum,
1894 1113 2015 1168 qua:

430 1208 511 1250 est
555 1197 607 1248 in
647 1203 790 1250 terra
828 1193 1079 1249 Chanaan
1107 1232 1123 1257 ,
1169 1201 1224 1246 et
1272 1191 1542 1245 habitasse
1587 1189 1682 1256 ibi,
1721 1196 1778 1243 et
1818 1189 2016 1244 emisse

430 1295 633 1356 partem
662 1284 797 1355 agri,
828 1284 879 1337 iu
907 1299 1014 1354 quo
1041 1283 1273 1338 habebat
1301 1284 1551 1345 tentoria,
1572 1280 1642 1335 ab
1673 1280 1836 1334 Emor
1862 1289 2016 1349 patre

428 1375 658 1446 Sychem
692 1385 909 1431 centum
937 1375 1088 1445 agnis
1113 1393 1126 1429 :
1157 1384 1215 1430 et
1243 1374 1496 1428 statuisse
1525 1373 1595 1428 ibi
1635 1373 1824 1435 altare,
1857 1381 1910 1426 et
1932 1371 2014 1425 iu-

429 1480 649 1521 vocasse
675 1465 748 1520 ibi
773 1465 938 1520 Deum
959 1465 1118 1519 Israel
1141 1465 1301 1533 (Ibid.
1328 1465 1440 1534 '55).
1459 1463 1727 1518 Abraham
1749 1477 1855 1518 non
1883 1461 2015 1517 emit

431 1575 645 1632 specum
671 1561 740 1616 ab
766 1559 935 1614 Emor
961 1570 1110 1630 patre
1131 1559 1360 1630 Sychem
1394 1577 1408 1613 :
1442 1557 1535 1613 sed
1557 1557 1625 1611 ab
1655 1557 1870 1627 Ephrou
1903 1555 2014 1609 filio

428 1650 558 1707 Seor
588 1667 602 1704 :
637 1665 736 1704 nec
775 1650 1017 1720 sepultus
1045 1658 1128 1704 est
1168 1651 1220 1703 in
1250 1649 1504 1719 Sychem,
1544 1647 1638 1702 sed
1686 1648 1737 1702 iu
1769 1647 2008 1713 llebron,

430 1756 546 1812 quae
593 1749 846 1811 corrupte
871 1741 1066 1796 dicitur
1111 1741 1342 1795 Arboch.
1376 1739 1661 1795 Duodecim
1697 1748 1877 1796 autem
1909 1741 2011 1794 Pa-

431 1832 671 1888 triarchze
694 1848 802 1887 non
829 1841 952 1887 sunt
977 1831 1170 1903 sepulti
1195 1832 1246 1886 in
1275 1831 1524 1896 Arboch;
1548 1832 1642 1888 sed
1674 1834 1727 1886 in
1756 1833 2008 1903 Sychem,

431 1922 516 1992 qui
545 1937 673 1992 ager
718 1931 935 1977 nonest
971 1931 1183 1993 emptus
1223 1921 1294 1976 ab
1332 1922 1620 1987 Abraham,
1651 1924 1745 1978 sed
1789 1939 1818 1978 a
1848 1923 2012 1979 Jacob

430 2009 564 2081 (los.
595 2012 686 2066 24.
719 2010 834 2083 32).
864 2010 1062 2067 Diﬂ'ero
1091 2012 1414 2067 solutionem
1455 2022 1508 2066 et
1533 2013 1688 2068 istius
1713 2015 2006 2083 qumstiun-

429 2103 581 2168 culm,
612 2112 673 2157 ut
695 2103 1087 2159 obtrectatores
1137 2103 1242 2157 mei
1277 2110 1539 2172 quaerant,
1591 2112 1646 2158 et
1691 2105 2011 2174 intelligant,

429 2208 531 2248 non
563 2193 727 2249 verba
771 2194 826 2248 in
865 2193 1159 2263 Scripturis
1199 2193 1612 2260 consideranda,
1657 2193 1750 2248 sed
1798 2209 2009 2250 sensus.

430 2283 680 2339 Vicesimi
718 2284 876 2354 primi
908 2283 1105 2338 Psalmi
1131 2284 1278 2353 juxta
1308 2283 1563 2339 Hebraeos
1589 2284 1818 2353 idipsum
1858 2299 2017 2339 exor~

427 2373 574 2429 dium
645 2385 774 2440 est,
822 2373 967 2445 quod
1017 2374 1278 2428 Dominus
1325 2375 1536 2430 locutus
1575 2382 1659 2428 est
1708 2375 1760 2428 in
1810 2389 2008 2430 cruce:

427 2465 500 2537 (α)
520 2481 606 2522 BL!
622 2481 709 2521 zu
731 2481 873 2520 LAIA
891 2459 1190 2519 AZABﬁlANl
1211 2464 1376 2536 :quod
1399 2466 1799 2536 interpretatur,
1829 2485 1847 2519 ι
1873 2467 2015 2522 Deus

425 2571 598 2623 meus,
634 2556 781 2610 Deus
811 2569 983 2620 meus,
1014 2569 1178 2625 quaro
1201 2569 1286 2610 me
1311 2555 1683 2625 dereliquisti?
1713 2576 1732 2609 ι
1763 2557 2008 2613 Reddam

422 2647 587 2718 316
658 2648 944 2712 rationem,
973 2661 1070 2702 cur
1095 2647 1436 2718 Septuaginta
1469 2650 1815 2706 translatores
1857 2651 2016 2707 inter-

423 2740 726 2808 posuerint,
757 2758 776 2793 r
809 2742 1016 2811 respice
1043 2757 1129 2797 me
1156 2759 1175 2793 ι
1206 2740 1298 2813 [al.
1332 2743 1385 2795 in
1415 2741 1538 2814 me].
1561 2743 1634 2798 Ita
1666 2744 1811 2798 cuim
1839 2755 2016 2799 verte-

424 2841 581 2886 ruut:
609 2850 630 2884 ‹
663 2833 804 2888 Deus
834 2833 974 2888 Deus
1001 2849 1171 2901 meus,
1190 2836 1398 2904 respice
1418 2851 1525 2901 me,
1553 2851 1720 2906 quare
1749 2852 1834 2892 me
1857 2835 2015 2893 dere-

425 2922 666 2992 liquisti?
695 2941 714 2975 ι
739 2922 1162 2993 Respondebunt
1202 2925 1385 2995 utique
1418 2925 1550 2980 nihil
1574 2925 1754 2982 damni
1776 2927 1828 2980 iu
1851 2943 2012 2982 sensu

423 3029 562 3082 esse,
593 3016 640 3071 si
671 3016 779 3072 duo
808 3015 969 3071 verba
1015 3017 1124 3072 siut
1150 3017 1351 3072 addita.
1380 3017 1613 3073 Audiant
1644 3027 1697 3074 et
1726 3035 1756 3074 a
1789 3035 1874 3076 me
1905 3035 2010 3076 non

427 3109 713 3178 periclitari
745 3108 1106 3164 Ecclesiarum
1129 3116 1350 3176 statuat,
1380 3108 1428 3164 si
1453 3109 1726 3166 celeritate
1753 3110 2006 3179 dictandi,

426 3201 596 3273 aliqua
624 3201 788 3258 verba
816 3202 1136 3258 dimiserim.

497 3296 582 3350 ll.
625 3295 871 3366 Longum
908 3305 994 3351 est
1033 3310 1176 3352 nunc
1217 3298 1515 3366 revolvere,
1547 3308 1744 3370 quanta
1787 3301 2014 3372 Septua-

426 3387 564 3455 ginta
601 3387 670 3444 de
713 3403 813 3443 suo
855 3387 1181 3456 addiderint,
1227 3399 1422 3460 quanta
1451 3391 1774 3462 dimiserint,
1809 3408 1928 3464 quae
1959 3395 2010 3450 in

427 3481 820 3550 exemplaribus
851 3481 1126 3549 Ecclesiae,
1166 3483 1360 3547 obelis,
1410 3486 1789 3557 asteriscisque
1820 3487 2012 3543 distiu-

429 3581 508 3626 cta
554 3584 696 3629 sunt.
746 3575 828 3646 (l)
880 3573 1012 3630 lllud
1069 3575 1212 3631 enim
1262 3577 1406 3647 quod
1452 3577 1676 3649 legimus
1730 3580 1782 3634 iu
1838 3579 2008 3636 Isaia:

435 3681 454 3714 ‹
482 3665 672 3720 Beatus
702 3667 791 3736 qui
823 3667 983 3722 habet
1021 3681 1208 3723 semen
1234 3667 1287 3722 in
1327 3668 1479 3734 Sion,
1527 3679 1581 3724 et
1605 3669 1930 3725 domesticos
1957 3671 2010 3725 in

429 3753 721 3812 Jerusalem
757 3777 776 3810 ι
811 3758 968 3828 (Isai.
999 3759 1090 3814 51.
1114 3775 1216 3814 sec.
1245 3756 1442 3829 LXX),
1484 3759 1660 3814 solent
1686 3759 1895 3816 Hebraei
1919 3761 2014 3816 de-

430 3849 624 3916 ridere,
667 3864 791 3905 cum
851 3851 1136 3906 audierint.
1173 3849 1284 3906 Nec
1337 3865 1444 3905 non
1487 3859 1542 3905 et
1588 3850 1642 3904 in
1685 3853 1850 3906 Amos
1895 3863 2012 3923 post

429 3940 843 4012 descriptionem
893 3942 1119 3997 luxuria:
1151 3959 1166 3996 :
1201 3960 1222 3994 ς
1253 3941 1459 3997 Stantia
1511 3949 1832 4012 putaverunt
1873 3943 2008 4011 haec,

429 4041 482 4086 et
507 4047 608 4087 non
631 4033 882 4103 fugientia
919 4052 938 4086 ι
971 4033 1150 4106 (Amos
1178 4032 1232 4087 6.
1265 4048 1368 4087 sec.
1400 4031 1599 4103 LXX).
1644 4032 1851 4088 Revera
1887 4049 2012 4089 sen-

429 4107 516 4178 sus
543 4124 845 4180 rhetoricus
888 4134 943 4182 et
980 4125 1298 4181 declamatio
1342 4125 1606 4180 Tulliana.
1640 4126 1744 4182 Sed
1771 4127 1899 4197 quid
1927 4127 2014 4183 fa-

430 4217 628 4273 ciemus
652 4217 719 4274 ad
749 4217 1085 4276 authenticos
1127 4218 1314 4285 libros,
1344 4220 1395 4274 in
1423 4221 1618 4291 quibus
1647 4221 1762 4277 lucc
1803 4220 1876 4294 (b)
1907 4239 2012 4278 non

432 4313 672 4368 feruntur
713 4313 1004 4384 adscripta,
1055 4322 1112 4370 et
1162 4322 1356 4370 caetera
1404 4314 1488 4368 his
1524 4314 1743 4383 similia,
1794 4331 1916 4388 qua:
1967 4318 2011 4372 si

431 4405 669 4474 proferre
711 4407 975 4476 nitamur,
1028 4407 1250 4464 iuflnitis
1304 4409 1455 4465 libris
1507 4425 1640 4481 opus
1694 4419 1797 4466 est.
1845 4412 2014 4468 Porro

428 4506 623 4567 quanta
647 4498 964 4565 dimiserint,
997 4501 1084 4555 vel
1110 4501 1352 4556 asterisci
1381 4510 1566 4567 testes,
1615 4510 1672 4557 ut
1699 4502 1830 4571 dixi,
1862 4514 2010 4570 sunt,

431 4589 512 4644 vel
530 4598 710 4645 nostra
737 4592 1130 4662 interpretatio,
1162 4593 1206 4647 si
1247 4608 1277 4648 a
1309 4594 1550 4664 diligenti
1591 4595 1791 4651 lectore
1817 4597 2014 4653 Trans-

431 4679 610 4735 lationi
635 4683 804 4738 veteri
844 4683 1146 4739 conferatur
1182 4693 1279 4742 :et
1321 4697 1499 4742 tamen
1533 4686 1606 4757 (ο)
1633 4686 1754 4756 jure
1783 4688 2012 4759 Septua-

431 4769 574 4839 ginta
597 4770 774 4828 Editio
803 4774 1035 4828 obtinuit
1063 4775 1116 4828 in
1143 4775 1422 4841 Ecclesiis,
1455 4777 1538 4832 vel
1561 4778 1682 4848 quia
1711 4780 1880 4848 prima
1908 4791 2011 4849 est,

430 4870 484 4914 et
508 4870 630 4916 ante
654 4863 854 4920 Christi
882 4866 1017 4920 facta
1040 4865 1352 4932 adventum,
1385 4867 1468 4922 vel
1491 4870 1612 4937 quia
1641 4868 1708 4923 ab
1742 4875 2015 4940 Apostolis

436 4951 512 5021 (in
534 4953 726 5023 quibus
757 4965 937 5012 tamen
983 4957 1052 5013 ab
1095 4957 1360 5014 Hebraico
1391 4973 1496 5012 non
1524 4958 1817 5032 discrepat)
1862 4979 2015 5017 usur-

433 5053 572 5112 pata.
605 5048 791 5115 Aquila
821 5055 1000 5104 autem
1029 5051 1332 5120 proselytus
1361 5059 1416 5104 et
1449 5051 1816 5107 contentiosus
1845 5053 2012 5110 inter-

434 5148 574 5202 pres,
606 5136 698 5206 qui
727 5153 833 5192 non
863 5139 1034 5192 solum
1064 5140 1248 5205 verba,
1295 5138 1390 5193 sed
1420 5139 1772 5211 etymologias
1801 5158 2016 5213 qu0quc

376 5281 406 5307 ι.
533 5249 622 5312 fuit
643 5251 877 5315 Sychem;
898 5260 1047 5315 atque
1071 5253 1194 5302 adeo
1219 5253 1364 5302 etiam
1388 5255 1557 5302 verius
1578 5254 1640 5304 ab
1663 5253 1866 5307 Hieron.
1885 5257 2018 5310 inter

467 5314 743 5356 tversltates
765 5327 792 5356 a
816 5314 1000 5356 Genesi
1025 5314 1129 5356 hinc
1151 5327 1347 5356 numne
1372 5316 1526 5356 noluit
1547 5315 1853 5356 adnumerari

467 5314 743 5386 iverslltates
765 5327 794 5363 a
816 5314 1001 5386 Genesi
1025 5314 1129 5364 haec
1151 5327 1347 5386 quoque
1371 5315 1873 5386 potuitadnumerari.

497 5372 568 5436 (α)
603 5374 821 5438 Syrisce,
846 5382 902 5425 ut
924 5384 1000 5426 est
1025 5372 1184 5438 peues'
1205 5372 1484 5425 Matthtbum
1503 5377 1582 5426 27.
1603 5379 1680 5427 46.
1702 5379 1916 5430 Marcum

433 5432 510 5484 δι.
545 5440 736 5496 ’πη
769 5471 786 5497 ,
831 5436 1107 5498 sebactam',
1149 5443 1203 5488 et
1243 5438 1648 5500 quemadmodum
1693 5441 1913 5492 Christus
1951 5447 2016 5495 de

435 5502 587 5577 Cruce
606 5509 946 5577 pronuntiavit
967 5507 1229 5577 vernacula
1251 5507 1483 5577 Syrorum
1509 5510 1690 5577 lingua,
1708 5512 1882 5577 legunt
1905 5516 2016 5566 heie

435 5563 535 5634 loci
551 5563 696 5634 etiam
717 5569 1086 5634 Hieronymiani
1108 5563 1307 5634 codices
1325 5572 1454 5634 bene
1475 5563 1633 5620 mul't'i.

495 5629 566 5754 Eb;
601 5632 716 5706 Mss.
742 5645 841 5704 non
861 5629 1017 5694 pa'uci,
1039 5644 1134 5682 non
1155 5631 1351 5706 {uerunt
1373 5631 1637 5704 adscripta.

517 5705 544 5741 c
602 5694 895 5754 Victortum,
918 5695 1004 5754 qui
1023 5693 1194 5745 maluit
1214 5706 1339 5744 mres
1362 5707 1450 5754 pro
1461 5707 1608 5754 λινε,
1631 5715 1637 5742 ‹

497 5705 544 5752 te

377 5749 402 5770 “
434 5752 531 5802 tian

492 5817 566 5878 (ι)
600 5816 713 5868 V'id.
738 5829 829 5866 nos
850 5829 988 5879 supr.
1013 5819 1062 5866 in
1084 5816 1239 5880 Epist.
1264 5814 1414 5866 XXII.
1439 5831 1482 5866 c.
1508 5819 1556 5866 2.

602 5693 895 5756 Victoriurri,
918 5695 1004 5756 qui
1023 5693 1194 5745 maluit
1214 5693 1339 5744 vires
1362 5707 1450 5754 pro
1461 5693 1608 5756 jure,
1631 5701 1850 5760 castigat.
1889 5701 2015 5750 Mar-

1787 339 2121 400 EPISTOLA
2160 335 2317 393 LVII.

3591 346 3700 402 878

2118 457 2406 512 verborum
2450 456 2745 513 transferre
2786 467 3010 514 conatus
3049 468 3154 524 est.
3190 459 3313 531 jure
3355 459 3630 531 projicitur
3668 475 3700 514 a

2119 546 2296 601 nobis.
2326 546 2456 612 Quis
2481 546 2624 601 enim
2653 561 2752 617 pro
2779 547 3047 604 frumento
3073 559 3128 606 et
3160 555 3290 605 viuo
3316 561 3369 606 et
3396 551 3536 619 oleo,
3569 565 3701 622 pos-

2118 639 2208 705 sit,
2238 639 2322 694 vel
2364 638 2562 710 legere,
2600 639 2689 694 vel
2733 639 3053 711 intelligere,
3093 643 3174 714 (d)
3200 653 3373 712 χεῦμα,
3412 647 3700 713 ὀπωρισμόν,

2118 739 2425 797 ςιλπνότητα,
2459 730 2602 802 quod
2649 745 2746 785 nos
2793 745 3074 800 possumus
3121 733 3302 790 dicere
3354 751 3375 785 s
3406 735 3696 798 fusionem,
3749 772 3752 774 η

2118 823 2606 892 pomationemque,
2647 839 2666 874 ι
2697 831 2752 876 et
2777 839 2798 874 ‹
2823 821 3233 890 splendentiam.
3269 841 3289 876 ι
3325 826 3429 879 Aut
3453 824 3575 894 quia
3598 824 3703 879 He-

2119 911 2248 967 braei
2277 927 2382 968 non
2422 913 2595 968 solum
2624 912 2822 968 habent
2858 918 3027 984 ἄρθρα,
3079 913 3172 968 sed
3216 923 3270 968 et
3315 923 3572 987 πρόαρθρα,
3611 914 3704 968 ille

2119 1014 2410 1070 κακοςῄλως,
2449 1015 2502 1060 et
2529 1005 2765 1077 syllabas
2792 1005 3196 1075 interpretatur,
3240 1014 3296 1060 et
3318 1006 3525 1062 litteras
3551 1006 3705 1062 dicit-

2121 1110 2224 1164 que
2251 1105 2332 1150 σὺν
2374 1107 2452 1153 τόν
2480 1101 2671 1168 οὐρανόν
2717 1109 2799 1152 και
2827 1105 2907 1152 σὺν
2950 1109 3036 1158 τήν
3075 1109 3182 1164 γὴν,
3227 1095 3370 1165 quOd
3415 1098 3598 1153 Graeca
3649 1109 3705 1153 et

2121 1185 2309 1240 Latina
2339 1187 2514 1258 lingua
2546 1188 2765 1242 omnino
2811 1203 2914 1242 non
2942 1187 3165 1256 recipit;
3211 1187 3364 1257 cujus
3407 1187 3482 1242 rei
3521 1202 3702 1242 exem-

2122 1279 2266 1348 plum
2311 1295 2380 1334 ex
2409 1287 2595 1335 nostro
2644 1293 2896 1334 sermone
2935 1294 3129 1349 capere
3160 1294 3464 1348 possumus.
3494 1279 3703 1344 Quanta

2087 1361 2263 1432 .enim
2291 1371 2432 1442 apud
2454 1371 2674 1428 Graecos
2697 1373 2834 1428 bene
2861 1373 3132 1432 dicuntur.
3164 1388 3284 1442 qua:
3312 1373 3357 1428 si
3381 1372 3447 1426 ad
3479 1372 3701 1427 verbum

2119 1462 2521 1527 transferamus,
2597 1463 2757 1536 317
2831 1464 2885 1519 in
2913 1463 3102 1518 Latino
3131 1480 3236 1518 non
3266 1471 3524 1518 resonant
3554 1482 3567 1518 :
3593 1473 3648 1519 et
3675 1478 3707 1516 o

2116 1557 2355 1626 regione,
2401 1571 2522 1625 que
2576 1556 2714 1626 apud
2759 1570 2858 1610 nos
2898 1559 3114 1625 placent
3155 1556 3202 1611 si
3251 1566 3530 1612 vertantur
3552 1555 3706 1626 juxta

2116 1648 2386 1712 ordinem,
2414 1646 2554 1716 apud
2577 1647 2698 1702 illos
2723 1647 3102 1717 displicebunt.

2189 1740 2279 1794 12.
2310 1739 2416 1795 Sed
2453 1749 2510 1794 ut
2539 1739 2742 1794 inﬁnita
2777 1747 3092 1808 prreteream
3114 1780 3129 1804 ,
3171 1749 3227 1795 et
3263 1739 3538 1795 ostendam
3571 1739 3664 1794 tibi
3687 1782 3705 1808 ,

2117 1832 2198 1886 vir
2225 1832 2465 1888 omnium
2501 1832 2759 1886 nobilium
2784 1831 3259 1895 Christianissimc,
3288 1842 3344 1887 et
3364 1831 3705 1888 Christiano-

2116 1938 2235 1978 rum
2285 1923 2650 1987 nobilissime.
2701 1922 3000 1994 cujusmodi
3047 1922 3292 1976 falsitatis
3341 1938 3428 1977 me
3485 1923 3538 1976 in
3585 1925 3705 1994 epi-

2116 2016 2271 2070 stola:
2303 2015 2649 2070 translatione
2678 2014 3096 2083 reprehendant,
3133 2014 3297 2083 ipsius
3325 2013 3568 2084 epistolae
3611 2031 3708 2084 po-

2117 2121 2243 2160 nam
2269 2121 2391 2161 cum
2423 2107 2614 2162 Grzcco
2639 2121 2890 2161 sermone
2917 2107 3236 2176 principium
3255 2147 3271 2173 ,
3301 2115 3357 2159 ut
3381 2121 3448 2161 ex
3469 2120 3576 2160 uno
3600 2107 3708 2161 cri-

2119 2197 2262 2251 mine
2284 2197 2651 2267 intelligantur
2673 2205 2726 2251 et
2745 2207 2937 2251 caetera
2957 2239 2972 2262 ,
2999 2185 3134 2250 ἔδει
3161 2206 3286 2268 epit;
3310 2200 3527 2263 ἀγαπητι
3552 2211 3624 2261 μή
3645 2215 3706 2270 τῇ

2116 2297 2269 2348 cum
2291 2287 2381 2341 τῶν
2404 2295 2582 2357 κλήρων
2605 2295 2811 2359 ιρδριοαι,
2833 2286 2975 2356 quod
3002 2287 3072 2341 ita
3094 2302 3180 2340 me
3200 2288 3426 2342 vertisse
3448 2289 3665 2341 memini
3689 2307 3702 2343 :

2123 2396 2145 2430 ι
2171 2377 2465 2448 Oportebat
2496 2393 2615 2437 nos.
2643 2377 3026 2446 dilectissime,
3049 2377 3337 2434 clericatus
3366 2378 3570 2433 honore
3598 2395 3703 2434 non

2117 2472 2263 2527 abuti
2286 2471 2337 2525 in
2363 2470 2690 2540 superbiam.
2712 2487 2731 2522 ι
2761 2470 2922 2536 Ecce,
2949 2471 3212 2540 inquiunt,
3241 2471 3423 2527 in-uno
3443 2471 3706 2526 versiculo

2117 2571 2316 2632 quanta
2341 2562 2642 2617 mendacia.
2673 2561 2910 2616 Primum
2937 2565 3212 2628 ἀγαπητὸς,
3241 2561 3455 2616 dilectus
3487 2571 3568 2615 est
3599 2577 3703 2614 non

2118 2653 2496 2709 dilectissimus.
2521 2651 2723 2707 Deinde
2748 2661 2923 2717 οτησις,
2949 2652 3217 2706 (estimatio
3245 2652 3460 2715 dicitur,
3492 2667 3596 2704 non
3620 2668 3708 2704 su-

2114 2745 2324 2816 perbia;
2368 2759 2474 2798 non
2523 2744 2669 2798 enim
2712 2741 2848 2796 dixit
2886 2752 3090 2810 οἱήματι
3139 2739 3247 2813 [al.
3283 2739 3568 2813 οἱδήματι],
3613 2742 3705 2795 sed

2115 2841 2304 2897 ausu:
2332 2849 2562 2905 quorum
2605 2831 2836 2889 alterum
2867 2843 3145 2898 tumorem,
3175 2834 3401 2886 alterum
3442 2833 3707 2885 arbitrium

2116 2934 2290 2982 sonat.
2319 2925 2626 2994 Totumque
2652 2924 2794 2994 quod
2835 2925 3096 2993 sequitur,
3131 2941 3149 2975 ι
3177 2925 3462 2979 clericatus
3500 2923 3705 2980 honore

2117 3036 2224 3076 non
2253 3019 2398 3074 abuti
2428 3019 2479 3073 in
2511 3018 2841 3086 superbiam,
2873 3027 3020 3072 tuum
3043 3026 3144 3073 est.
3174 3017 3309 3086 Quid
3332 3017 3409 3071 ais
3437 3016 3528 3089 [aL
3551 3015 3704 3089 agis].

2116 3126 2149 3166 0
2174 3112 2421 3167 columen
2447 3110 2750 3165 litterarum
2777 3150 2793 3176 ,
2830 3118 2884 3164 et
2914 3117 3220 3164 nostrorum
3259 3119 3554 3178 temporum
3585 3095 3723 3162 Ari-'

2115 3204 2332 3262 starcbc
2350 3243 2367 3270 ,
2396 3203 2488 3274 qui
2515 3202 2583 3258 de
2604 3202 2872 3258 universis
2902 3201 3251 3272 scriptoribus
3275 3201 3596 3256 sententiam
3625 3199 3706 3256 fe-

2117 3297 2238 3353 ras?
2259 3297 2402 3366 Ergo
2425 3293 2623 3350 frustra
2647 3302 2795 3349 tanto
2817 3302 3058 3364 tempore
3079 3293 3376 3348 studuimus
3397 3311 3412 3359 ;
3436 3303 3488 3349 et
3509 3308 3539 3347 a
3561 3309 3707 3362 saepe

2116 3403 2331 3442 manum
2361 3387 2546 3443 ferula:
2574 3384 2928 3441 subduximus
2956 3405 2975 3439 ι
3005 3385 3264 3457 (Juvenal.
3305 3386 3420 3442 Sat.
3442 3384 3507 3457 l).
3540 3385 3708 3455 Egre-

2116 3479 2323 3534 dientes
2349 3478 2418 3533 de
2459 3487 2658 3550 portu,
2689 3479 2869 3532 statim
2912 3478 3253 3548 impegimus.
3287 3479 3449 3549 lgitur
3489 3479 3612 3548 quia
3651 3489 3708 3533 et

2115 3585 2326 3626 errasse
2355 3569 2642 3624 humanum
2673 3579 2792 3634 est;
2823 3578 2877 3624 ct
2901 3571 3144 3624 confiteri
3172 3585 3438 3634 errorem,
3466 3569 3697 3639 pruden-

2117 3663 2228 3719 tis:
2263 3671 2316 3716 tu
2343 3662 2668 3732 quicumque
2710 3661 3072 3732 reprehensor
3098 3677 3192 3727 es,
3243 3671 3298 3716 tu
3347 3677 3431 3716 me
3479 3662 3706 3715 obsecro

2115 3753 2344 3808 emenda
2392 3763 2715 3822 praeceptor,
2760 3763 2817 3808 et
2858 3754 3078 3808 verbum
3123 3753 3190 3807 de
3232 3753 3396 3808 verbo
3441 3751 3698 3821 exprime.

2117 3844 2409 3910 Debueras,
2444 3844 2650 3913 inquit,
2679 3843 2862 3898 dicere
2889 3860 2903 3897 :
2941 3861 2960 3895 ι
2991 3841 3287 3913 Oportebat
3315 3856 3442 3909 nos,
3473 3842 3665 3898 dilecte
3685 3886 3702 3910 ,

2117 3950 2223 3990 non
2253 3935 2610 3989 :estimatione
2632 3932 2959 3988 Clericorutn
2983 3932 3133 3990 ferri.
3163 3952 3182 3985 ι
3216 3933 3340 3988 Ηωο
3360 3944 3440 3988 est
3463 3932 3702 3986 Plautina

2116 4027 2444 4098 eloquentia,
2471 4025 2558 4082 hic
2582 4026 2734 4095 lepos
2762 4027 2991 4090 Atticus,
3021 4035 3074 4080 et
3103 4027 3390 4089 Musarum,
3419 4026 3700 4091 utdicunt,

2117 4121 2329 4192 eloquio
2365 4119 2780 4189 comparandus.
2807 4119 3118 4190 Complctur
3146 4119 3198 4174 in
3227 4135 3312 4175 me
3342 4119 3526 4174 tritum
3561 4118 3702 4192 vulgi

2117 4228 2365 4269 sermone
2411 4213 2754 4283 proverbium
2788 4229 2802 4266 :
2847 4211 3036 4268 Oleum
3078 4211 3253 4282 perdit
3297 4221 3352 4268 et
3393 4211 3660 4282 impensas
3685 4253 3700 4275 ,

2117 4307 2206 4378 qui
2250 4307 2442 4361 bovem
2485 4303 2648 4359 mittit
2675 4304 2741 4359 ad
2772 4303 2841 4377 (e)
2885 4321 3120 4361 ceroma.
3160 4305 3284 4359 llaec
3315 4320 3418 4358 non
3449 4313 3534 4359 cst
3563 4303 3705 4358 illius

2118 4398 2271 4468 culpa
2297 4440 2312 4464 ,
2350 4398 2502 4466 cujus
2527 4397 2627 4452 sub
2655 4412 2881 4466 persona
2911 4397 3048 4452 alius
3073 4396 3178 4467 agit
3203 4393 3576 4466 Tragoediam;
3608 4395 3704 4449 sed

2120 4488 2317 4544 Rufflui
2357 4498 2412 4544 et
2443 4488 2515 4560 (f)
2561 4487 2771 4542 lllelanii
2812 4488 3186 4558 magistrorum
3230 4485 3380 4553 chus,
3426 4485 3515 4554 qui
3556 4483 3703 4538 illum

2121 4596 2313 4652 magna
2359 4579 2608 4636 mercede
2648 4577 2784 4631 nihil
2829 4579 2969 4632 scire
3014 4576 3330 4630 docuerunt.
3378 4573 3484 4628 Nec
3524 4589 3706 4644 reprc-

2122 4674 2300 4732 hendo
2327 4674 2378 4728 in
2418 4671 2656 4743 quolibet
2691 4669 2996 4724 Christiano
3025 4669 3290 4722 sermonis
3322 4667 3641 4736 imperitiam
3680 4685 3694 4722 :

2183 4833 2262 4895 (ά)
2295 4827 2485 4894 Aquilae
2525 4829 2660 4895 locus
2702 4829 2796 4877 iste
2850 4843 2964 4895 vae
3007 4837 3235 4895 ιπηιετιδνν
3280 4837 3436 4895 ssc"!
3463 4823 3706 4895 mercav-

2119 4887 2436 4951 mtis'carpit,
2470 4898 2548 4940 est
2585 4887 2954 4940 Deuterououiii
2992 4887 3100 4951 cap.
3124 4887 3174 4937 7.
3202 4903 3248 4935 v.
3277 4889 3350 4938 15.
3379 4887 3506 4936 alter
3536 4887 3712 4951 obvius

2121 4908 2229 4944 mus
2263 4907 2344 4944 car
2383 4907 2436 4951 Il,
2470 4907 2548 4940 ess
2585 4907 2954 4940 uettterouomll
2992 4907 3100 4951 cap.
3133 4907 3174 4937 ι.
3202 4907 3248 4935 v.
3277 4907 3350 4938 ιο.
3379 4907 3506 4936 διικι·
3536 4907 3705 4935 uuvtus

2121 4955 2249 5004 Gen.
2276 4955 2322 5004 ll.
2421 4951 2588 5002 Graeca
2608 4953 2880 5014 praesertim
2907 4951 3058 5000 verba
3080 4951 3348 5014 depravant
3373 4957 3577 5014 veteres
3602 4950 3705 4997 edi-

2119 5019 2174 5077 ti,
2204 5018 2284 5081 nbt
2327 5027 2551 5075 στιλεότητ.
2592 5010 2670 5064 est
2705 5025 2794 5077 pro
2836 5025 3106 5081 σειληιητι,
3126 5010 3179 5063 et
3204 5010 3487 5061 vocabulum
3525 5023 3662 5081 «Pass

2119 5075 2375 5148 omittitur,
2414 5084 2466 5126 et
2508 5090 2598 5148 sua
2629 5075 2833 5148 ,ιιι-(ζὼν
2871 5075 3072 5148 legitur,
3110 5087 3269 5148 quam
3319 5086 3512 5148 vocem"
3534 5075 3709 5148 Aquila

2123 5154 2210 5204 pro
2233 5132 2447 5190 neum
2470 5132 2678 5188 articulo
2716 5144 2756 5197 Π
2802 5132 2978 5199 posuit.
3003 5132 3312 5186 martianreus
3345 5143 3455 5197 post
3478 5132 3710 5183 Grav‘iuni

2122 5209 2358 5274 restituit,
2383 5221 2540 5274 eaque
2563 5207 2846 5274 lectioMss.
2870 5219 3068 5274 quoque
3106 5204 3710 5274 nostrorumiauctoritate

2121 5265 2375 5323 asseritur.
2401 5265 2628 5331 Cu'nsule,
2653 5272 2693 5319 si
2719 5269 2870 5333 libet,
2889 5265 3120 5334 ejusdem
3157 5266 3469 5318 Benedictiui
3509 5265 3715 5314 editoris

2122 5334 2500 5386 annotationem.

2186 5396 2259 5460 (e)
2293 5393 2498 5460 Ceroma
2521 5407 2616 5443 non
2639 5397 2844 5452 tantum,
2869 5400 2926 5460 ut
2947 5393 3170 5460 Martian.
3210 5396 3366 5460 putat,
3402 5390 3712 5460 unguentum

2121 5452 2222 5526 quo
2239 5452 2456 5526 Athletas
2488 5461 2814 5518 ungerentur,
2952 5463 3005 5504 et
3026 5453 3184 5526 locum
3213 5452 3604 5526 ipsum-Lino}?
3627 5460 3716 5526 ua-

2156 5507 2370 5572 ebantur
2393 5521 2466 5570 sic
2498 5507 2702 5579 veteres
2731 5507 3057 5579 appellabant.
3102 5507 3347 5564 Plin.'lib.
3476 5507 3590 5558 0.72.
3620 5515 3716 5579 res-

2186 5589 2316 5634 stras
2352 5575 2988 5644 Adttetarirm_ﬁndgntibtrs,
3010 5585 3055 5627 et
3079 5581 3330 5644 ceromata
3365 5585 3456 5621 sua
3492 5575 3716 5620 exornat.

2124 5641 2633 5712 Imavrpvsieﬁowte
2656 5638 3116 5712 ιξείςῖιιίθνοειγφυξ
3138 5638 3374 5712 εηίὲίὲἒί-
3406 5708 3428 5712 ,λ

2186 5700 2264 5769 (0'
2286 5700 2496 5769 Bullini,
2511 5712 2564 5755 et
2587 5702 2804 5769 l4elauii,
2828 5717 2917 5769 seu
2942 5700 3380 5769 ﬁelaniarnomina
3406 5700 3602 5769 penitus
3615 5702 3722 5769 non

2124 5755 2309 5817 habent
2329 5768 2428 5815 duo
2453 5755 2566 5817 Πᾶς.
2593 5766 2768 5827 Ειθηη
2787 5755 2924 5827 laria.
2961 5764 3269 5827 Sequentem
3292 5755 3721 5827 vertrrle‘iisseu-

2125 5812 2874 5888 [5.513561‘sititﬁﬁ'rﬁééoﬁci
2884 5812 3133 5875 Cicerone
3156 5819 3220 5867 de
3244 5817 3441 5866 Antonii
3481 5812 3720 5862 Rhetore.
