4146 6336
517 326 622 385 579

516 450 678 510 atque
717 435 918 491 utinam
969 430 1302 487 Socraticum
1347 427 1476 483 illud
1538 426 1902 482 haberemus:
1944 422 2091 487 Scio,

518 531 662 601 quod
689 528 909 590 nescio;
941 532 996 578 et
1029 523 1250 578 alterius
1293 521 1551 591 sapientis
1590 517 1840 590 (Chilonis
1866 524 1924 570 ut
1949 522 2101 585 puta-

519 624 626 691 tur)
652 637 667 675 ;
696 618 947 688 Tcipsum
992 614 1252 684 intelligo.
1299 612 1667 671 VENEBATIONI
1712 608 1843 664 mihi
1887 621 2100 676 semper

517 714 617 767 fuit
646 726 753 766 non
765 709 989 764 verbosa
1013 708 1302 770 rusticitas,
1322 706 1417 761 sed
1442 713 1625 758 sancta
1642 702 1975 771 simplicitas.
1999 698 2101 765 Qui

518 806 573 859 in
602 818 849 858 sermone
881 802 1094 855 imitaris
1150 800 1315 873 318
1385 812 1443 852 se
1468 795 1600 850 dicit
1624 792 2101 863 Apostolus,prius

520 896 759 950 imitetur
779 898 1006 948 virtutes
1026 894 1080 947 in
1100 894 1205 945 vita
1224 891 1433 945 illorum
1454 887 1620 959 (a),in
1642 886 1834 957 quibus
1848 882 2100 954 loquendi

517 984 915 1054 simplicitatem
944 982 1236 1038 excusabat
1263 980 1630 1035 sanctimonia:
1666 976 2007 1046 magnitudo;
2046 981 2103 1029 et

519 1077 858 1148 syllogismos
898 1073 1234 1138 Aristotelis,
1278 1081 1629 1139 contortaque
1663 1067 1948 1139 Chrysippi
1971 1080 2099 1121 acu-

518 1170 662 1225 mina
681 1210 695 1236 ,
737 1181 1023 1238 resurgens
1053 1174 1297 1219 mortuus
1324 1162 1647 1217 confutabat.
1678 1160 1941 1215 Caeterum
1966 1156 2100 1213 ridi-

519 1261 700 1315 culum
717 1300 732 1324 ,
776 1260 820 1314 si
856 1260 974 1328 quis
1000 1272 1030 1312 e
1060 1256 1215 1311 nobis
1241 1268 1463 1308 manens
1490 1254 1631 1307 inter
1656 1251 1829 1307 (ἓνωεί
1854 1264 1988 1319 opes
2005 1289 2023 1314 ,
2048 1258 2103 1303 et

521 1348 870 1418 Sardanapali
909 1346 1159 1413 delicias,
1204 1345 1272 1400 de
1314 1345 1426 1400 sola
1474 1342 1772 1398 rusticitate
1801 1356 1860 1395 se
1895 1340 2097 1409 jactet:

519 1458 670 1506 cum
698 1454 866 1496 ounss
899 1440 1133 1494 latrones
1154 1479 1169 1505 ,
1211 1445 1268 1491 et
1294 1436 1629 1490 diversorum
1669 1433 1956 1488 criminum
1984 1430 2062 1484 rei
2082 1471 2096 1494 ,

489 1545 495 1553 '
521 1533 707 1588 diserti
734 1532 839 1586 sint
865 1549 879 1585 :
910 1540 965 1585 et
987 1537 1240 1584 cruentos
1263 1526 1496 1598 gladios,
1525 1524 1973 1592 PhiloSOphorum
2008 1537 2100 1576 vo-

522 1624 830 1686 luminibus,
860 1638 922 1677 ac
946 1637 1053 1676 non
1081 1622 1334 1676 arborum
1366 1619 1574 1673 truncis
1600 1617 1870 1672 occulunt.

594 1719 683 1773 15.
716 1716 939 1771 Excessi
970 1729 1276 1769 mensuram
1312 1712 1585 1781 epistolae,
1635 1709 1729 1765 sed
1761 1724 1866 1762 non
1896 1707 2101 1763 excessi

517 1807 723 1862 doloris
779 1804 1017 1860 modum.
1048 1803 1179 1859 Nam
1227 1803 1319 1872 qui
1368 1801 1613 1855 falsarius
1644 1812 1840 1863 vocor;
1871 1804 1927 1852 et
1962 1797 2103 1851 inter

521 1897 957 1952 muliercularum
983 1894 1166 1949 radios
1193 1900 1249 1947 et
1279 1892 1512 1947 textrina
1538 1890 1787 1954 dilanior,
1818 1896 2103 1942 contentus

519 2005 645 2066 sunt
664 1989 866 2043 crimen
893 1987 1160 2047 abnuere,
1195 1999 1299 2039 non
1331 1982 1553 2038 referre.
1586 1981 1737 2037 Unde
1762 1979 1982 2034 arbitrio
2012 1989 2103 2032 tuo

520 2087 713 2136 cuncta
744 2078 1029 2148 permitto;
1057 2085 1114 2129 ut
1138 2076 1286 2145 legas
1306 2075 1474 2143 ipsam
1496 2072 1797 2142 epistolam,
1826 2078 1931 2123 tam
1956 2067 2103 2123 Cra:-

518 2186 636 2226 cam
662 2184 822 2239 quam
853 2168 1099 2223 Latinam
1127 2184 1140 2219 :
1171 2176 1227 2221 et
1257 2166 1404 2220 illico
1428 2164 1696 2232 intelliges
1729 2170 2100 2216 accusatorum

519 2278 763 2318 meorum
794 2261 1034 2327 nmnias,
1066 2268 1120 2314 et
1148 2258 1436 2330 probrosas
1474 2255 1743 2326 querelas.
1780 2253 1947 2309 Porro
1972 2252 2101 2306 mihi

518 2353 720 2408 sufficit
743 2353 973 2408 amicum
1005 2350 1330 2405 instruxisse
1347 2347 1684 2403 carissimum
1710 2363 1722 2398 :
1754 2355 1810 2400 et
1837 2345 1889 2398 in
1912 2343 2101 2399 cellula

518 2444 814 2498 latitantem
842 2443 985 2497 diem
1010 2449 1217 2496 tantum
1244 2447 1559 2509 exspectare
1578 2436 1790 2506 judicii.
1818 2434 2063 2505 Optoque
2084 2476 2099 2499 ,

518 2536 565 2588 si
597 2534 709 2588 ﬁeri
735 2544 940 2603 potest,
973 2543 1027 2588 et
1056 2533 1102 2587 si
1141 2530 1438 2586 adversarii
1470 2527 1727 2592 siverint,
1754 2525 2102 2580 Commenta-

520 2626 630 2679 rios
654 2627 829 2694 potius
850 2625 1273 2692 Scripturarum,
1292 2637 1451 2690 quam
1471 2617 1849 2676 Demosthenis
1870 2626 1926 2673 et
1944 2615 2104 2670 Tullii

522 2717 849 2786 Philippicas
880 2717 973 2771 tibi
1004 2715 1265 2770 scribere.

987 2845 1311 2902 EPISTOLA
1341 2843 1499 2900 Lvtu
1533 2843 1629 2915 (b).

1049 2987 1129 3035 An
1155 2980 1429 3057 PAULINDI
1459 2977 1552 3048 (ο).

523 3117 783 3172 Recusans
808 3115 869 3170 ob
905 3114 1237 3170 humilitatem
1274 3111 1613 3167 Christianam
1652 3110 1825 3165 laudes
1859 3109 2100 3177 Paulini,

591 3208 904 3276 vicissimque
930 3206 1108 3261 laudes
1138 3204 1375 3259 laudibus
1415 3219 1721 3273 repensans,
1763 3202 1824 3255 ob
1864 3202 2101 3271 eloquen-

592 3300 854 3375 tiam'ejus
892 3305 937 3351 et
975 3312 1171 3350 morum
1212 3296 1551 3360 honestatem,
1586 3293 1818 3348 hortatur
1841 3294 2007 3363 ipsum
2035 3294 2134 3357 ad.

591 3391 761 3446 studia
796 3390 1083 3443 divinarum
1124 3386 1467 3453 Litterarum;
1496 3402 1827 3457 normamque
1868 3384 1949 3440 illi
1987 3386 2102 3440 vita!

592 3491 766 3536 sancte
792 3496 853 3534 ac
884 3491 1017 3533 caste
1046 3478 1345 3549 peragenda
1368 3481 1625 3548 proponit.
1702 3494 1709 3501 '

591 3617 645 3672 1.
680 3616 860 3671 Bonus
887 3612 1051 3669 homo
1088 3612 1156 3669 de
1200 3612 1341 3666 bono
1382 3610 1636 3666 thesauro
1666 3609 1843 3666 cordis
1867 3610 1947 3666 sui
1975 3625 2102 3681 pro-

460 3765 466 3769 _
521 3708 713 3764 fcrtea
741 3720 861 3776 qua:
889 3704 1027 3760 bona
1058 3711 1183 3759 sunt
1210 3702 1423 3774 (Matth.
1460 3699 1585 3774 l2),
1628 3712 1683 3757 et
1725 3718 1791 3756 ex
1843 3701 2099 3757 fructibus

521 3799 685 3855 arbor
712 3795 1053 3868 cognoscitur
1080 3794 1236 3865 (Luc.
1263 3796 1316 3850 6.
1349 3794 1464 3865 44).
1494 3793 1697 3848 hletiris
1736 3808 1836 3848 nos
1883 3794 2097 3848 virtuti.

518 3890 619 3946 bus
664 3888 802 3954 tuis,
854 3900 909 3942 et
950 3901 1144 3956 parvos
1196 3900 1418 3956 magnus
1464 3884 1717 3940 extollis:
1754 3884 2115 3953 ultimamque

518 3987 728 4050 partem
757 3978 987 4034 convivii
1032 3992 1303 4047 occupas,
1353 3985 1410 4031 ut
1458 3975 1855 4048 patrisfamilias
1896 3974 2100 4044 judicio

518 4070 857 4142 proveharis.
886 4068 1025 4136 Quid
1056 4068 1200 4125 enim
1227 4069 1279 4123 in
1309 4068 1493 4137 nobis,
1533 4077 1623 4123 aut
1647 4068 1956 4139 quantulum
1981 4076 2097 4136 est,

518 4171 578 4217 ut
619 4163 791 4217 docta:
826 4162 975 4217 vocis
1017 4176 1324 4217 mercamur
1354 4161 1682 4230 prmconium
1706 4162 1813 4215 λιιι
1851 4161 1940 4216 illo
1969 4176 2096 4225 ore,

515 4266 624 4323 quo
654 4252 733 4322 (d)
773 4252 1205 4322 religiosissimus
1236 4252 1491 4320 Princeps
1516 4251 1839 4319 defenditur,
1872 4253 2099 4308 lnnniles

518 4343 828 4414 modicique
867 4341 1182 4397 laudemur?
1222 4342 1343 4397 Noli
1376 4342 1554 4413 igitur,
1597 4344 1760 4398 frater
1786 4344 2095 4411 carissime,

516 4449 908 4522 annorum-ny
965 4434 1129 4506 319
1179 4434 1447 4488 aestimare
1476 4448 1857 4489 numeromec
1882 4435 2098 4505 sapien-

517 4527 644 4581 tiam
674 4540 838 4582 canos
863 4535 1099 4596 reputes,
1125 4523 1223 4581 sed
1252 4539 1415 4580 canos
1444 4524 1782 4596 sapientiam,
1810 4523 2099 4580 Salomone

519 4627 749 4674 testante
777 4636 790 4674 :
814 4638 833 4671 ι
865 4618 994 4674 Cani
1022 4617 1251 4674 hominis
1272 4616 1553 4689 prudentia
1577 4615 1692 4686 ejus
1714 4633 1731 4667 ο
1760 4606 1914 4686 (sap.
1939 4616 1994 4671 4.
2015 4615 2096 4689 8).

517 4708 648 4765 Nam
661 4717 715 4784 et
729 4707 938 4779 Moyses
953 4709 1284 4780 septuaginta
1300 4708 1650 4779 Presbyteros
1664 4706 1881 4776 jubetur
1901 4706 2099 4777 eligere

518 4796 602 4866 (Ν
606 4814 708 4851 um.
737 4798 852 4868 11),
880 4813 1016 4868 quos
1039 4799 1154 4868 ipse
1174 4800 1337 4855 sciret
1356 4814 1478 4856 esse
1499 4799 1883 4871 Presbyteros:
1915 4800 2098 4870 utique

518 4902 629 4943 non
658 4903 795 4953 aevo,
827 4888 923 4944 sed
948 4889 1227 4960 prudentia
1250 4891 1586 4960 iudicandos.
1620 4890 1687 4945 Et
1713 4891 1896 4947 Daniel
1925 4891 2099 4948 adhuc

520 4995 672 5049 puer,
704 4980 977 5049 longtevos
996 4980 1234 5049 iudicat,
1263 4991 1423 5051 atque
1449 4981 1748 5051 impudicos
1782 4999 1940 5039 senes
1968 4996 2098 5040 mtas

516 5069 714 5124 lasciva
736 5070 1078 5125 condemnat.
1108 5070 1246 5136 Noli,
1270 5070 1507 5141 inquam,
1539 5071 1697 5126 fidem
1720 5086 1943 5141 pensare
1964 5083 2099 5129 tem-

581 5205 654 5268 (a)
688 5203 906 5268 Veteres
930 5203 1066 5268 editi,
1095 5211 1159 5268 In
1179 5202 1412 5268 loquendo
1433 5202 1788 5268 simplicitatem
1809 5203 2058 5256 accusabit
2075 5242 2091 5268 ,

519 5273 573 5316 et
587 5263 711 5335 mox
731 5263 1011 5335 confatalia,
1035 5266 1192 5335 magis
1212 5263 1422 5335 σεεέήο
1443 5277 1501 5335 ac
1518 5263 1710 5335 fortiori
1732 5278 1899 5315 sensu.

579 5328 652 5391 (b)
681 5325 827 5391 sua;
844 5328 915 5391 is.
942 5325 1135 5391 Scripta
1149 5340 1228 5391 (at.
1252 5325 1463 5391 395,134
1483 5326 1695 5391 circiter.

582 5387 652 5453 (ε)
680 5388 732 5454 lu
758 5387 1006 5454 plerisque
1040 5387 1150 5454 Mss.
1176 5388 1475 5454 inscribitur,
1520 5388 1869 5454 Adpaulinum
1892 5390 2095 5454 Presby-

514 5448 672 5501 terum
697 5448 1067 5511 (te—institutione
1080 5448 1413 5511 clericorum,
1454 5451 1500 5499 in
1538 5449 1647 5511 aliis
1681 5450 1871 5511 additur
1908 5459 1953 5501 et
1995 5448 2094 5503 ub-

513 5512 798 5576 naehorym,
822 5518 867 5576 et
888 5510 953 5576 de
983 5510 1164 5576 Divinis
1186 5509 1406 5576 historiis
1420 5510 2039 5576 expositionibusdiversis.

576 5573 862 5637 (dllnnuit
886 5572 1177 5637 Pancgyrin.
1225 5573 1411 5621 Paulini
1461 5572 1507 5623 in
1551 5573 1742 5637 Iaudem
1788 5572 2096 5637 Imperatoris

511 5633 773 5701 Theodosii
794 5648 939 5701 super
949 5633 1154 5701 Victoria
1168 5642 1232 5698 τῃ
1238 5648 1509 5701 ramorum,
1524 5633 1806 5701 alloquitur
1820 5633 2096 5701 nguadius

512 5707 557 5743 c.
593 5698 822 5763 48._Eam
851 5694 981 5763 intra
1008 5699 1053 5763 in
1080 5698 1167 5745 hac
1199 5694 1375 5763 eadem
1412 5694 1819 5763 epistolajioster
1852 5696 2093 5763 Hierony-

513 5768 622 5809 mus
646 5758 896 5812 nlnnmun
929 5760 1105 5818 laudat,
1124 5759 1211 5809 sed
1227 5758 1410 5819 jamdiu
1433 5758 1700 5809 intercidit.

1793 302 2032 362 SANCTI
2072 300 2449 359 HIERDNYHI
3048 284 3089 322 '

3683 315 3792 373 580

2206 421 2427 492 poribus
2453 438 2468 475 :
2499 434 2599 475 nec
2626 434 2713 476 me
2739 420 2937 476 idcirco
2959 420 3238 478 meliorem
3262 430 3440 494 putes,
3471 426 3616 497 quod
3642 427 3791 498 prior

2206 514 2258 567 in
2281 512 2483 567 Christi
2509 512 2744 567 exercitu
2768 513 3025 584 cmperim
3052 514 3302 570 militare.
3333 515 3532 572 Paulus
3557 519 3792 588 Apostoo

2204 606 2310 671 lus,
2338 619 2432 660 vas
2454 604 2762 672 electionis,
2794 606 2862 662 de
2887 615 3232 676 persecutore
3260 616 3521 677 mutatus,
3551 610 3789 666 novissi-o

2205 712 2327 752 mus
2356 697 2406 752 in
2435 695 2641 762 ordine,
2670 697 2873 766 primus
2894 698 2949 752 in
2976 699 3182 753 meritis
3212 706 3298 754 est
3322 717 3335 754 :
3368 699 3491 769 quia
3512 709 3789 757 extremus

2207 789 2365 853 licet,
2403 789 2520 858 plus
2554 788 2805 843 omnibus
2845 788 3132 844 laboravit.
3158 789 3359 871 Iudas,
3388 792 3481 862 qui
3517 792 3786 862 quondam

2205 880 2489 937 audierat:
2522 899 2542 932 ι
2569 880 2648 935 Tu
2672 889 2850 935 autem
2874 880 3054 947 homo,
3079 882 3167 951 qui
3188 882 3347 937 simul
3369 898 3580 939 mecum
3603 883 3791 940 dulces

2205 974 2457 1043 capiebas
2482 974 2665 1038 cibos,
2705 972 2812 1028 dux
2841 989 2993 1029 meus
3038 982 3092 1029 et
3122 984 3280 1047 notus
3324 990 3512 1042 meus;
3545 977 3598 1032 in
3626 976 3789 1032 domo

2208 1066 2300 1122 Dei
2332 1065 2724 1120 ambulavimus
2761 1080 2883 1120 cum
2918 1080 3172 1120 consessu
3202 1085 3223 1120 ›
3266 1065 3394 1134 (Ps.
3428 1067 3519 1123 54.
3549 1069 3637 1124 ﬂ.
3669 1070 3783 1140 15).

2210 1158 2450 1229 proditor
2474 1158 2630 1212 amici
2661 1166 2717 1212 et
2735 1158 2997 1227 magistri,
3029 1157 3327 1213 Salvatoris
3351 1160 3589 1229 arguitur
3622 1175 3785 1227 voce;

2314 1248 2379 1303 Et
2409 1250 2599 1302 nodum
2624 1249 2857 1319 informis
2887 1248 3179 1303 letllitrabe
3205 1250 3357 1303 nectit
3390 1251 3452 1303 ab
3478 1250 3605 1304 alta.

2950 1340 3184 1412 (Enen).
3221 1342 3311 1396 lib.
3337 1341 3419 1396 XI
3428 1341 3502 1412 1).

2277 1434 2320 1488 E
2351 1433 2620 1489 contrario
2646 1433 2784 1486 latro
2815 1447 3027 1486 crucem
3072 1443 3241 1486 mutat
3269 1433 3548 1502 paradiso,
3577 1442 3632 1490 et
3661 1433 3789 1491 facit

2209 1525 2479 1581 homicidii
2524 1539 2738 1594 pinnam
2784 1523 3123 1595 martyrium.
3159 1523 3353 1591 Quanti
3396 1524 3555 1579 hodie
3582 1525 3672 1580 diu
3704 1528 3785 1581 vi-

2209 1616 2382 1672 vendo
2416 1613 2484 1685 (e)
2517 1623 2730 1684 portant
2756 1613 2941 1668 funera
2973 1628 3093 1679 sua,
3118 1625 3173 1669 et
3197 1614 3348 1683 quasi
3372 1615 3614 1683 sepulcra
3635 1615 3785 1671 deal-

2206 1707 2328 1763 bala
2348 1748 2364 1774 ,
2402 1708 2556 1775 plena
2596 1716 2723 1762 sunt
2750 1706 2962 1761 ossibus
2992 1705 3365 1760 mortuorum?
3393 1705 3613 1762 Subitus
3638 1708 3786 1764 calor

2206 1799 2420 1870 longum
2448 1800 2611 1854 vincit
2642 1809 2902 1869 teporem.

2275 1891 2330 1945 2.
2367 1891 2602 1960 Denique
2629 1900 2685 1945 et
2710 1899 2787 1955 tu,
2815 1889 2997 1949 audita
3018 1889 3283 1945 sententia
3308 1888 3641 1946 Salvatoris:
3675 1908 3696 1943 ι
3725 1889 3784 1945 Si

2206 1984 2284 2038 vis
2318 1985 2584 2051 perlectus
2609 1995 2750 2044 esse,
2780 1980 2937 2045 vade,
2965 1990 3022 2035 et
3046 1979 3219 2036 vende
3242 1980 3421 2035 omnia
3451 1996 3570 2050 qua:
3597 1981 3784 2045 habes,

2206 2083 2262 2130 et
2298 2076 2364 2129 da
2393 2073 2750 2143 pauperibus,
2783 2081 2839 2127 et
2866 2072 2985 2126 veni
3015 2086 3240 2142 sequere
3267 2087 3355 2129 me
3382 2091 3403 2125 ι
3436 2071 3660 2144 (Matth.
3694 2074 3784 2130 19.

2205 2167 2331 2235 21);
2366 2168 2523 2222 verba
2551 2165 2712 2221 vertis
2741 2166 2792 2218 in
2834 2178 3028 2235 opera,
3059 2173 3114 2219 et
3148 2164 3342 2218 nudam
3371 2179 3581 2219 crucem
3612 2164 3787 2221 nudus

2206 2272 2474 2328 sequens,
2502 2256 2801 2326 expeditior
2839 2265 2894 2310 et
2935 2255 3103 2311 levior
3131 2255 3346 2310 seaitdis
3376 2257 3571 2310 scalam
3592 2255 3780 2312 Iacob.

2207 2351 2463 2406 Tunicam
2496 2358 2669 2407 munis
2704 2363 2825 2404 cum
2871 2348 3085 2413 animo,
3135 2363 3235 2411 nec
3283 2348 3438 2418 pleno
3478 2349 3781 2418 marsupio,

2206 2443 2472 2514 gloriosas
2494 2440 2682 2496 sordes
2708 2440 2916 2511 appetis
2946 2457 2961 2493 :
2992 2439 3084 2493 sed
3113 2438 3260 2516 puris
3299 2439 3543 2494 manibus
3566 2450 3621 2494 et
3650 2453 3783 2493 can-

2206 2535 2333 2593 dido
2361 2544 2597 2605 pectore,
2632 2546 2919 2603 pauperem
2947 2540 3000 2586 te
3024 2540 3078 2587 et
3105 2531 3293 2601 spiritu
3320 2540 3373 2586 et
3392 2531 3643 2599 operibus
3668 2531 3781 2600 glo-

2207 2628 2383 2684 riaris.
2414 2625 2557 2682 Nihil
2595 2634 2679 2680 est
2706 2625 2851 2680 enim
2889 2623 3090 2695 grande
3112 2666 3127 2690 ,
3166 2623 3305 2678 tristi
3332 2633 3384 2679 et
3414 2623 3583 2678 lurida
3615 2624 3782 2687 facie,

2208 2719 2291 2775 vel
2318 2717 2604 2782 simulare,
2643 2715 2730 2770 vel
2770 2724 3045 2770 ostentare
3081 2713 3282 2784 jejunia
3314 2731 3330 2770 :
3382 2714 3784 2783 possessionum

2208 2808 2506 2865 redditibus
2530 2806 2823 2872 abundare,
2844 2814 2899 2860 et
2919 2805 3023 2859 vile
3045 2804 3248 2874 jactare
3280 2803 3575 2873 palliolum.
3595 2803 3787 2859 Crates

2207 2900 2298 2956 ille
2327 2899 2647 2965 Thebanus,
2678 2897 2839 2952 homo
2869 2896 3134 2965 quondam
3165 2894 3489 2960 ditissimus,
3543 2909 3665 2949 cum
3711 2896 3783 2949 ad

2208 2991 2695 3062 philosophandum
2744 2990 2984 3044 Athenas
3037 2996 3314 3059 pergeret,
3365 3002 3616 3057 magnum
3665 2989 3784 3042 auri

2206 3084 2416 3154 pondus
2445 3082 2671 3152 abjecit;
2692 3096 2792 3136 nec
2819 3082 3021 3151 putavit
3037 3095 3098 3133 se
3116 3078 3273 3134 simul
3297 3092 3453 3148 posse
3473 3087 3528 3133 et
3555 3080 3784 3135 virtutes

2208 3175 2489 3230 etdivitias
2518 3174 2810 3244 possidere.
2832 3172 2938 3227 Nos
2968 3171 3291 3227 suffarcinati
3318 3167 3409 3243 [al.
3428 3170 3782 3242 subsarcinatij

2206 3282 2361 3332 auro,
2381 3267 2652 3322 Christum
2725 3266 2889 3338 320
2961 3279 3248 3336 pauperem
3276 3264 3576 3334 sequimur;
3608 3272 3664 3319 et
3683 3264 3784 3318 sub

2205 3370 2466 3431 prastextu
2497 3360 2889 3432 eleentosynze,
2936 3360 3176 3430 pristinis
3214 3359 3406 3431 Opibus
3431 3358 3741 3413 incubantes
3761 3400 3779 3424 ,

2203 3451 2473 3524 quomodo
2503 3466 2785 3522 possumus
2823 3451 2997 3506 aliena
3025 3450 3256 3506 ﬁdeliter
3292 3450 3646 3516 distribuere,
3689 3452 3783 3521 qui

2203 3542 2313 3619 [al.
2342 3542 2454 3616 cui]
2496 3552 2678 3598 nostra
2720 3542 2903 3598 timide
2946 3543 3322 3597 reservamus?
3372 3541 3565 3598 Plenus
3594 3548 3784 3597 venter

2203 3635 2358 3692 facile
2383 3635 2452 3691 dc
2463 3635 2682 3706 jejuniis
2701 3635 2955 3706 disputat.
2980 3634 3094 3689 Non
3118 3634 3194 3707 (1)
3214 3633 3561 3704 Jerosolymis
3587 3631 3778 3699 fuisse,

2205 3726 2301 3782 sed
2327 3726 2675 3799 Jerosolymis
2718 3726 2857 3801 bene
2901 3726 3131 3790 vixisse,
3178 3724 3499 3780 laudandum
3541 3731 3644 3779 est.
3689 3721 3780 3778 Illa

2203 3816 2523 3888 expetenda,
2554 3818 2643 3871 illa
2670 3815 2931 3872 laudanda
2960 3828 3042 3871 eSt
3071 3815 3282 3882 civitas,
3312 3831 3418 3869 non
3448 3830 3565 3886 quae
3591 3812 3784 3870 occidit

2203 3908 2535 3979 Prophetas,
2581 3918 2638 3965 et
2679 3907 2875 3963 Christi
2921 3908 3232 3978 sanguinem
3279 3906 3442 3971 fudit;
3492 3905 3585 3961 scd
3623 3919 3781 3976 quam

2203 4001 2439 4059 (luminis
2467 4004 2696 4074 impetus
2721 4001 3002 4072 laatificatt
3023 4001 3116 4056 Ps.
3145 4001 3236 4058 t5.
3264 4003 3319 4068 ις
3349 4001 3478 4056 Luc.
3510 4000 3600 4074 11)
3627 4018 3641 4056 :
3664 4015 3784 4070 qua:

2204 4095 2257 4150 in
2280 4105 2461 4150 monte
2483 4095 2605 4159 sita,
2633 4094 2811 4149 επιειτί
2840 4110 2945 4148 non
2978 4102 3191 4163 potest:
3221 4108 3383 4163 quam
3409 4102 3631 4147 matrem
3660 4106 3786 4145 san-

2204 4196 2410 4242 ctorum
2448 4188 2736 4255 Apostolus
2765 4188 3003 4242 clamitat
3028 4204 3041 4239 :
3071 4188 3123 4241 in
3154 4202 3257 4258 qua
3284 4200 3344 4242 se
3369 4184 3443 4258 (ί)
3489 4184 3785 4256 municipa-

2206 4288 2316 4334 tum
2344 4293 2464 4334 cum
2482 4278 2643 4348 justis
2664 4278 2873 4334 ltetatur
2899 4278 3118 4334 habere.

2276 4370 2330 4425 5.
2360 4369 2541 4439 Neque
2567 4384 2693 4425 vero
2721 4369 2821 4425 huc
2847 4370 3050 4435 dicens,
3081 4370 3451 4440 memetipsum
3474 4369 3783 4424 inconstan-

2204 4460 2294 4516 tia:
2310 4460 2594 4530 redarguo,
2616 4460 2919 4532 damnoque
2940 4462 3080 4533 quod
3101 4462 3237 4517 iacio
3260 4480 3275 4518 :
3306 4472 3360 4516 ut
3384 4460 3572 4515 frustra
3594 4459 3785 4516 videar

2203 4551 2271 4607 ad
2312 4552 2614 4622 exemplum
2647 4552 2952 4618 Abraham,
3004 4563 3061 4609 et
3103 4568 3249 4609 meos
3296 4561 3351 4607 et
3387 4552 3610 4623 patriam
3654 4552 3785 4606 reli-

2203 4643 2421 4713 quisse:
2452 4642 2545 4698 scd
2585 4657 2691 4697 non
2732 4642 2904 4698 audeo
2948 4644 3039 4699 Dei
3081 4644 3516 4715 omnipotentiam
3555 4652 3784 4714 angusto

2203 4732 2311 4789 line
2341 4732 2683 4798 concludere,
2710 4747 2765 4788 et
2791 4743 3063 4789 cearclare
3088 4750 3249 4805 parvo
3270 4744 3423 4789 terno
3450 4733 3589 4799 loco,
3621 4749 3783 4806 quem

2205 4844 2310 4884 non
2352 4828 2493 4897 capit
2536 4826 2752 4884 caelum.
2799 4826 3000 4898 Singuli
3044 4830 3239 4897 quique
3279 4828 3643 4895 credentium,
3675 4841 3783 4882 non

2268 4961 2336 5032 (ς)
2372 4960 2636 5032 Cyprianus
2670 4960 2735 5032 de
2769 4959 3022 5032 LapsisAet
3054 4959 3161 5032 ipsa
3192 4959 3444 5032 ambulans
3482 4962 3628 5032 funus
3649 4968 3786 5014 tuum

2200 5007 2648 5094 ροὶὶὶινῖξὼᾷίςῐξ,
2678 5007 2738 5072 ei
2768 5007 3165 5085 spiremus
3195 5007 3290 5072 tibi
3306 5007 3785 5089 mena

2201 5088 2371 5133 [latera
2393 5085 2654 5133 (immtatis.

2200 5088 2371 5148 [latera
2393 5088 2654 5148 dignitatis.
3596 5088 3601 5089 ⁷

2202 5208 2211 5209 7
2264 5147 2326 5209 (Ῑ)
2360 5146 2498 5204 Quod
2536 5145 2923 5209 invenire‘certo
2942 5157 3038 5194 non
3064 5147 3219 5208 potuit
3241 5145 3639 5209 Erasmus,.unde
3659 5147 3786 5200 hanc

2200 5204 2747 5272 hausissetsetnentiani
2765 5204 3106 5272 Hieronymus,
3116 5220 3188 5272 ex
3218 5208 3423 5270 epistola
3443 5204 3505 5259 ad
3525 5210 3781 5272 Hebraeos,

2202 5276 2255 5317 et
2293 5267 2386 5316 alia
2421 5265 2712 5339 athalatas
2734 5266 2891 5314 locum
2915 5265 3376 5339 indicatiV'ictoi-ius.
3401 5284 3549 5333 quem
3586 5265 3784 5339 Martiaf

2201 5342 2338 5378 meus
2355 5329 2593 5391 sequitur.
2622 5327 2758 5376 Nunc
2780 5341 2900 5376 vero
2922 5336 3110 5378 constat
3141 5343 3204 5378 ex
3247 5344 3309 5381 co
3332 5327 3635 5395 expressam,
3654 5332 3783 5395 quod

2201 5390 2411 5460 habetur
2436 5387 2636 5460 epistola
2660 5390 2725 5460 ad
2740 5387 3082 5460 Philitqiettses
3100 5392 3147 5439 ὅ.
3174 5391 3251 5440 20.
3280 5400 3450 5443 Nostra
3472 5400 3630 5445 autem
3667 5407 3783 5443 cort-

2200 5450 2402 5521 versatio
2431 5448 2480 5521 in
2504 5448 2636 5499 caelis
2658 5458 2747 5520 est,
2771 5450 2857 5521 ubi
2875 5448 3079 5521 Graecus
3117 5460 3287 5521 t_extu_s_
3328 5467 3528 5521 Whﬁf
3565 5469 3781 5521 coitum.

2199 5519 2365 5564 Noster
2388 5512 2515 5562 enim
2538 5512 2877 5573 municipatus.
2919 5512 3038 5573 Quae
3078 5515 3224 5563 etiam
3246 5512 3580 5568 'l‘eriullianus
3612 5512 3785 5568 recitat

2199 5576 2287 5686 ab”.
2313 5576 2552 5686 31.700ntra
2575 5570 2801 5623 Marcion.
2829 5585 2936 5634 cap.
2961 5570 3039 5620 21.
3068 5582 3117 5623 et
3133 5575 3180 5621 2.
3206 5576 3271 5625 de
3297 5576 3581 5629 liusurrect.
3626 5579 3788 5628 carnis

2256 5650 2303 5700 Pr
2318 5650 2405 5700 .4";

2263 5693 2353 5761 '(l)_
2373 5698 2443 5761 Ex
2469 5697 2823 5761 Ciceronepro
2842 5693 3042 5745 Murena
3066 5710 3077 5743 :
3104 5697 3246 5759 paulo
3271 5705 3380 5761 post
3402 5701 3579 5751 absunt
3606 5702 3669 5752 ab
3698 5700 3785 5751 ali-

2204 5756 2326 5822 quot
2343 5759 2479 5809 libris
2498 5757 2584 5810 illa
2607 5756 2872 5807 laudanda.
