4146 6336
371 376 470 432 581

370 496 608 553 locorum
637 489 1053 558 diversitatibus,
1079 487 1176 546 sed
1197 487 1320 544 ﬁdei
1340 487 1534 544 merito
1557 488 1946 560 ponderantur.

371 588 442 645 Et
468 587 592 643 veri
630 585 978 652 adoratores,
1027 598 1202 655 neque
1244 582 1629 655 Jerosolymis,
1683 597 1856 650 neque
1899 583 1956 638 in

370 691 552 738 monte
578 679 811 737 Garizim
838 673 1062 735 adorant
1092 679 1305 734 Patrem
1338 697 1352 734 :
1381 678 1504 750 quia
1546 677 1686 733 Deus
1729 676 1957 746 Spiritus

370 781 486 840 est,
518 780 573 828 et
601 772 913 828 adoratores
939 771 1054 841 ejus
1082 771 1135 825 iu
1166 771 1357 840 spiritu
1394 778 1448 826 et
1481 771 1706 826 veritate
1731 769 1958 824 adorare

369 873 602 935 Oportet.
639 881 659 916 ι
689 851 920 933 Spiritus
959 873 1136 918 autem
1162 862 1333 933 spirat
1359 862 1448 917 tibi
1477 862 1607 916 vult.
1642 860 1848 915 Domini
1874 868 1960 916 est

374 966 514 1012 terra
557 965 611 1010 et
657 955 928 1024 plenitudo
967 954 1082 1024 ejus
1111 973 1129 1007 i
1177 953 1374 1024 (Joan.
1403 955 1454 1009 3.
1487 953 1556 1020 8;
1611 952 1701 1007 Ps.
1731 952 1822 1008 25.
1857 952 1883 1007 1
1913 951 1955 1023 ).

370 1049 658 1119 Postquam
706 1050 906 1105 siccato
960 1047 1161 1104 Judaaae
1202 1047 1438 1112 vellere,
1490 1047 1769 1102 universus
1813 1044 1959 1100 orbis

369 1142 578 1198 caelesti
605 1158 729 1198 rore
768 1141 1016 1213 perfusus
1041 1150 1152 1209 est,
1181 1151 1236 1198 et
1264 1141 1414 1196 multi
1439 1140 1508 1196 de
1533 1138 1751 1196 Oriente
1774 1147 1828 1194 et
1851 1136 1958 1193 Oc-

368 1233 579 1288 cidente
605 1234 879 1290 venientes
897 1273 914 1302 ,
943 1235 1306 1290 recubueruut
1331 1233 1385 1288 in
1421 1232 1541 1287 sinu
1567 1231 1831 1296 Abrahm;
1863 1230 1958 1285 de-

368 1322 459 1378 siit
500 1331 657 1379 uotus
700 1338 820 1380 esse
867 1333 1070 1380 tantum
1101 1324 1152 1379 in
1181 1323 1364 1381 Iudaea
1403 1323 1577 1387 Deus,
1619 1331 1675 1378 et
1704 1323 1756 1377 in
1795 1320 1958 1376 Israel

370 1429 620 1486 magnum
663 1430 860 1472 nomen
901 1416 1019 1487 ejus
1053 1435 1066 1472 :
1109 1417 1203 1473 sed
1233 1417 1284 1472 in
1312 1431 1530 1472 omnem
1569 1423 1767 1470 terram
1793 1413 1959 1470 exivit

369 1523 532 1564 sonus
561 1509 966 1580 Apostolorum,
995 1518 1052 1565 et
1079 1511 1131 1565 in
1163 1509 1298 1566 fines
1323 1509 1470 1565 orbis
1495 1518 1653 1564 terra:
1673 1507 1836 1564 verba
1865 1522 1959 1564 eo-

367 1614 485 1655 rum
523 1599 544 1674 (
575 1599 667 1656 Ps.
703 1601 808 1667 75;
843 1610 892 1656 et
936 1600 1071 1673 18).
1097 1601 1343 1658 Salvator
1382 1601 1451 1657 ad
1498 1601 1788 1672 discipulos
1829 1615 1956 1657 suos

371 1690 633 1762 loquens,
675 1707 795 1748 cum
837 1701 983 1748 esset
1018 1693 1070 1748 in
1101 1692 1176 1765 (α)
1208 1693 1446 1762 templo:
1479 1692 1718 1764 Surgite,
1753 1693 1954 1763 inquit,

367 1785 605 1840 abeamus
647 1786 766 1840 hinc
811 1787 830 1856 (
847 1785 1005 1842 Joan.
1035 1787 1124 1842 14.
1154 1784 1245 1857 51)
1273 1803 1286 1841 :
1313 1796 1368 1841 et
1396 1785 1463 1841 ad
1491 1785 1706 1842 Judmos
1734 1803 1747 1840 :
1779 1785 1956 1841 Relin-

365 1884 547 1946 quetur
570 1875 709 1931 vobis
733 1877 914 1932 domus
939 1885 1102 1932 vestra
1127 1877 1325 1933 deserta
1366 1876 1592 1949 (Matth.
1625 1878 1716 1933 23.
1743 1877 1871 1949 58).
1901 1877 1956 1934 Si

369 1966 565 2022 cmlum
596 1976 651 2023 et
683 1976 820 2024 terra
862 1968 1196 2036 transibunt,
1239 1970 1422 2039 utique
1452 1969 1752 2025 transibunt
1778 1969 1956 2024 omnia
2009 2013 2012 2017 ν

368 2071 488 2126 quae
515 2066 728 2114 terrena
757 2069 901 2115 sunt.
939 2060 1008 2116 Et
1035 2058 1221 2116 Crucis
1251 2060 1413 2132 igitur
1438 2069 1493 2116 et
1530 2061 1956 2117 Resurrectionis

363 2147 481 2203 loca
510 2158 734 2218 prosunt
763 2149 849 2205 his
868 2192 884 2218 ,
918 2151 1008 2222 qui
1047 2159 1264 2222 portant
1291 2166 1508 2208 crucem
1532 2167 1683 2207 suam
1709 2169 1724 2217 ;
1753 2162 1807 2208 et
1834 2167 1956 2207 cum

363 2239 577 2295 Christo
590 2233 1150 2312 resurgunt'quotidie;
1168 2243 1258 2313 qui
1273 2242 1460 2313 dignos
1476 2258 1533 2298 se
1547 2252 1692 2297 tanto
1703 2242 1958 2299 exhibent

363 2331 684 2388 habitacula.
727 2334 884 2408 321
925 2333 1291 2405 Caeterumqui
1314 2335 1535 2392 dicunt:
1570 2335 1834 2408 Templum
1851 2337 1957 2392 Doo

361 2423 508 2489 mini,
544 2423 810 2496 Templum
835 2424 1045 2478 Domini
1067 2424 1200 2495 (Jer.
1227 2425 1307 2496 7),
1335 2425 1552 2482 audiant
1572 2427 1638 2482 ab
1659 2429 1951 2498 Apostolo:

372 2512 471 2570 Vos
497 2516 615 2571 estis
642 2514 884 2587 templum
909 2515 1158 2584 Domini,
1189 2526 1236 2572 et
1263 2517 1486 2586 Spiritus
1515 2518 1739 2574 Sanctus
1764 2521 1956 2574 habitat

356 2607 413 2662 in
443 2609 582 2662 vobis
617 2607 692 2674 (2.
729 2607 847 2663 Cor.
875 2609 930 2664 6.
958 2609 1071 2682 16).
1100 2610 1167 2664 Ει
1191 2610 1259 2665 de
1287 2609 1636 2683 Jerosolymis
1665 2624 1720 2669 et
1748 2614 1815 2669 de
1840 2614 1955 2669 Bri-

358 2702 505 2756 tania
529 2702 807 2771 aequaliter
825 2711 978 2774 patet
995 2703 1112 2757 aula
1134 2704 1368 2759 caelestis
1393 2721 1405 2758 :
1437 2703 1670 2775 Regnum
1696 2707 1831 2761 enim
1855 2703 1954 2762 Dei

357 2792 496 2846 intra
521 2809 607 2847 vos
637 2803 730 2847 est.
761 2795 1023 2849 Antonius
1045 2835 1060 2860 ,
1090 2804 1146 2850 et
1175 2804 1366 2851 cuncta
1395 2795 1615 2868 Λεπριί
1636 2839 1653 2864 ,
1686 2806 1740 2852 et
1774 2797 1950 2854 Meso-

357 2884 608 2953 potamiae
627 2925 644 2950 ,
688 2883 880 2951 Ponti,
910 2885 1292 2956 Cappadbcite,
1320 2896 1376 2942 et
1410 2889 1680 2945 Armeniae
1703 2891 1949 2948 examina

359 2973 740 3031 Monachorum
787 2990 892 3032 non
940 2977 1193 3032 viderunt
1230 2977 1619 3051 Jerosolymam
1663 2998 1677 3036 :
1713 2989 1768 3036 et
1807 2991 1951 3051 patet

367 3066 472 3122 illis
498 3066 698 3138 absque
729 3068 828 3123 hac
851 3067 983 3123 urbe
1000 3068 1231 3138 paradisi
1252 3069 1437 3140 janua.
1462 3069 1661 3126 Beatus
1684 3070 1945 3142 Hilarion,

360 3175 480 3216 cum
509 3161 821 3216 Palaestinus
850 3174 1024 3229 esset,
1065 3171 1119 3218 et
1165 3163 1220 3218 in
1257 3161 1540 3243 Palaestina
1570 3164 1810 3233 viveret,
1843 3179 1951 3221 uno

360 3263 564 3311 tantum
596 3255 686 3311 die
722 3255 854 3310 vidit
894 3254 1321 3328 Jerosolymam,
1364 3264 1422 3311 ut
1464 3271 1565 3312 nec
1603 3267 1950 3316 contemnere

361 3344 475 3402 loca
503 3356 685 3402 sancta
715 3357 936 3418 propter
959 3347 1209 3402 viciniam
1234 3389 1250 3414 ,
1293 3361 1396 3404 nec
1435 3362 1622 3404 rursus
1663 3350 1948 3407 Dominum

360 3438 478 3496 Ioco
527 3441 780 3497 claudere
829 3441 1118 3497 videretur.
1178 3442 1261 3498 Ab
1308 3441 1565 3500 Hadriani
1619 3447 1949 3517 temporibus

361 3548 527 3606 usque
555 3536 623 3591 ad
663 3535 945 3606 imperium
981 3535 1348 3605 Constantini,
1390 3551 1489 3608 per
1520 3552 1692 3594 annos
1733 3539 1948 3596 circiter

361 3635 574 3681 centum
604 3627 896 3698 octoginta,
929 3627 1123 3683 inloco
1147 3627 1579 3684 Resurrectionis
1599 3629 1947 3685 simulacrum

359 3715 540 3782 Iovis;
569 3717 624 3772 in
654 3718 836 3775 Crucis
861 3734 1016 3790 rupe,
1044 3718 1118 3789 (b)
1150 3729 1323 3775 statua
1348 3736 1413 3776 ex
1436 3735 1703 3776 marmore
1723 3721 1948 3778 Veneris

359 3823 390 3863 a
411 3809 656 3880 gentibus
687 3810 860 3881 posita
879 3810 1156 3868 colebatur
1181 3827 1196 3866 :
1227 3811 1661 3868 existimantibus
1692 3826 1946 3882 persecu-

361 3899 524 3957 tionis
550 3901 860 3958 auctoribus
882 3945 898 3970 ,
937 3903 1080 3974 quod
1110 3903 1363 3958 tollerent
1389 3902 1543 3957 nobis
1568 3901 1725 3957 fidem
1764 3919 1945 3959 resur-

361 3997 613 4052 rectionis
641 4004 696 4052 et
724 3995 898 4052 crucis
919 4037 934 4064 ,
979 3997 1024 4052 si
1056 3997 1174 4052 loca
1197 4004 1382 4051 sancta
1417 4010 1514 4066 per
1542 3994 1690 4049 idola
1721 3995 1946 4065 polluis-

361 4098 498 4144 sent.
522 4088 797 4145 Bethleem
821 4102 964 4144 nunc
986 4096 1244 4155 nostram,
1269 4098 1324 4144 et
1344 4088 1778 4159 augustissimum
1801 4088 1946 4143 orbis

362 4178 537 4236 locum
565 4181 633 4237 de
658 4198 764 4252 quo
794 4181 1074 4238 Psalmista
1109 4182 1289 4238 canit:
1335 4181 1530 4236 Veritas
1560 4181 1622 4234 de
1661 4188 1796 4233 terra
1836 4189 1948 4234 orta

363 4282 433 4326 est
458 4272 576 4343 (Ps.
601 4273 825 4344 84.19),
853 4273 1002 4328 lucus
1027 4271 1364 4328 inumbrabat
1384 4270 1456 4342 (ε)
1479 4269 1737 4336 Thamuz,
1766 4270 1818 4325 id
1843 4279 1945 4336 est,

363 4362 622 4419 Adonidis
652 4381 667 4418 :
699 4374 756 4420 et
784 4364 838 4419 in
883 4379 1046 4434 specu
1067 4405 1082 4432 ,
1117 4364 1203 4419 ubi
1233 4361 1501 4434 quondam
1546 4362 1792 4417 Christus
1822 4377 1946 4433 par-

365 4455 516 4510 vulus
541 4455 726 4526 vagiit,
762 4455 986 4511 Veneris
1007 4456 1241 4512 amasius
1269 4455 1636 4526 plangebatur.

427 4631 490 4743 ia)
529 4632 632 4695 lmo
654 4645 774 4684 vero
792 4633 842 4682 in
865 4631 1112 4684 caenaculo
1151 4633 1356 4694 primum
1385 4632 1568 4681 dictum
1599 4635 1676 4679 est
1707 4627 1767 4678 ad
1783 4626 1950 4700 _Disci-

443 4709 514 4743 os.
540 4694 751 4743 alterum
788 4695 963 4743 utiuue
993 4697 1042 4743 in
1068 4693 1274 4743 Temnlo
1304 4694 1362 4742 ad
1398 4693 1609 4741 Judmes.
1637 4691 1735 4740 Sed
1781 4689 1950 4737 istliaec

361 4689 514 4757 pulos,
540 4691 751 4744 alterum
788 4695 972 4757 utique,
993 4697 1042 4743 in
1068 4689 1279 4757 Temple
1304 4694 1362 4742 ad
1398 4693 1609 4741 Judmes.
1637 4691 1735 4740 Sed
1781 4689 1950 4757 istliaec

361 4710 514 4757 pulos,
540 4710 751 4744 alterum
788 4710 880 4744 uut
898 4710 972 4754 ue,
993 4710 1042 4743 in
1069 4710 1098 4744 '1
1113 4710 1274 4756 empto
1304 4710 1362 4742 au
1398 4710 1609 4741 aunaeos.
1637 4710 1735 4740 aeu
1782 4710 1948 4737 usurae

361 4756 454 4824 duo
473 4756 620 4824 longe
642 4710 1032 4824 diversadbristi
1058 4756 1200 4824 effata
1222 4755 1282 4803 ad
1307 4767 1465 4824 unun'i‘
1480 4763 1765 4824 tempus,'_ac
1788 4749 1948 4824 locum

362 4817 499 4866 Hier.
525 4809 793 4884 referebat.
812 4817 970 4884 _Sic_in
996 4817 1132 4865 Isaiae
1174 4829 1278 4878 cap.
1309 4817 1352 4862 1.
1386 4831 1408 4858 (ι
1430 4809 1649 4884 neuqeu
1685 4809 1948 4884 :l‘emplum

361 4891 499 4928 suum
523 4879 786 4937 Dominus,
811 4880 1064 4940 iratusque
1095 4871 1400 4940 consurgens
1419 4876 1486 4922 ait
1513 4887 1524 4920 :
1550 4871 1772 4940 Surgite,
1797 4871 1946 4940 abea-

361 4952 467 5006 mus
484 4941 645 5006 binc,
672 4949 740 5006 _et
773 4933 1102 5006 Relinquetur
1124 4939 1266 5006 vobis
1276 4933 1472 5006 'doinus
1488 4933 1942 5006 vestra’desertgf‘i

361 5003 496 5060 Quod
520 4992 655 5068 forte
672 5002 910 5059 hauserit,
936 4992 1034 5068 non
1057 4997 1460 5068 quemadmodum
1486 4997 1534 5066 in
1556 4992 1950 5068 marginegadno-

361 5052 517 5130 tamus
540 5062 837 5130 ex__Joanne,
863 5052 916 5113 et
936 5052 1089 5130 Luca;
1108 5061 1198 5130 sed
1221 5073 1284 5109 ex
1307 5057 1520 5130 matthaei
1540 5052 1950 5130 Algvangeliouse-

361 5126 571 5174 cundum
591 5117 851 5187 Hebraeos,
877 5126 1019 5187 cujus
1039 5117 1217 5187 saepius
1236 5120 1474 5187 meminit,
1505 5126 1557 5169 et
1579 5117 1709 5187 locos
1729 5121 1948 5187 usurpat:

362 5187 508 5236 Certe
531 5185 784 5250 peculiare
808 5174 1061 5250 e'xeniplar
1096 5174 1355 5250 dicendum
1378 5174 1498 5250 Aest,
1533 5179 1660 5244 quod
1704 5190 1765 5227 ea
1805 5174 1951 5225 siinul

363 5240 610 5314 uerteret.
637 5249 914 5314 eodemque
938 5240 989 5296 ίὶι
1012 5247 1116 5314 1990
1131 5246 1262 5314 yicta
1286 5240 1566 5314 Ρεοτθετθιξ
1627 5303 1660 5314 ,.
1701 5303 1712 5314 .

430 5307 492 5375 (b)
507 5300 712 5378 __(_‘.onfer
734 5300 1001 5378 Eusebium
1025 5307 1111 5357 lib.
1131 5308 1178 5356 5.
1203 5306 1267 5356 de
1287 5300 1746 5378 .Vitaconstantini,
1777 5300 1951 5378 Sacra:-

365 5365 894 5430 tetii,"l‘beodoretum,
934 5371 1255 5430 Sommenum
1285 5369 1334 5416 in
1370 5366 1591 5430 historia,
1614 5373 1662 5414 et
1683 5365 1952 5425 Georgium

362 5428 696 5483 Hamartolum
719 5437 773 5482 in
795 5428 1049 5484 Chronico.
1075 5429 1195 5479 Inde
1219 5429 1368 5478 etiam
1391 5428 1620 5478 Calvariac
1641 5439 1778 5475 mons
1807 5433 1952 5473 Vene-

363 5494 552 5560 rarium
583 5495 858 5560 appellatus
878 5495 1138 5560 videturjn
1163 5491 1368 5560 quodam
1409 5501 1639 5560 sermone
1681 5487 1806 5560 apud
1841 5485 1954 5560 Am-

365 5555 582 5620 brosium
615 5547 674 5607 ’ἱὶι
713 5557 892 5606 Psalm.
918 5555 997 5604 47.
1030 5571 1053 5600 ι
1070 5547 1308 5620 Dominus
1328 5551 1592 5620 secundum
1602 5547 1723 5620 ’σῳιί
1749 5555 1955 5620 tractum

364 5619 414 5682 in
439 5617 714 5682 Yenerario
755 5630 925 5682 passus
964 5623 1067 5676 est,
1102 5616 1186 5677 qui
1223 5621 1329 5664 erat
1363 5613 1496 5662 locus
1515 5612 1564 5659 in
1602 5609 1762 5658 latere
1798 5610 1952 5671 Aqui-

365 5679 506 5742 lonis.
533 5696 575 5742 »ν
612 5741 619 5742 7
758 5679 772 5682 ⁷
1126 5740 1132 5742 _
1169 5737 1178 5742 _
1303 5736 1312 5742 _
1396 5741 1401 5742 γ
1607 5729 1655 5742 _.

434 5738 497 5809 (ρ)
539 5741 685 5809 Falso
707 5743 885 5792 eratin
907 5740 1139 5809 praesenti
1161 5736 1404 5788 ininnbrat
1413 5746 1459 5809 τί
1477 5743 1578 5809 tum
1589 5729 1829 5809 Ilia-1726;.
1838 5729 1956 5809 aliis

365 5791 494 5866 typis'
538 5791 804 5864 Thamnus,
853 5791 1020 5853 ve'rius
1063 5801 1303 5852 Thamnuz
1328 5811 1393 5848 ex
1413 5795 1568 5846 Hebr.
1589 5791 1952 5866 πᾌῇξιᾸίι-ωο.

370 5862 560 5936 ἀξιμωζ,
579 5874 714 5938 cujus
738 5862 945 5922 nominis
965 5869 1158 5934 lEgypti
1188 5871 1300 5920 Rex
1335 5867 1529 5940 quidam
1550 5862 1676 5929 apud
1697 5862 1953 5919 Platonem

658 5957 724 6020 S.
755 5957 1154 6020 Hmnonnn.
1199 5955 1254 6018 ἰ.
1711 5982 1715 5985 δ

1715 363 2052 428 EPISTULA
2091 362 2278 428 LVIII.

3536 381 3648 442 58!

2134 489 2189 543 4.
2221 485 2346 554 Cur,
2378 487 2604 557 inquies,
2637 486 2753 544 haec
2781 498 2884 545 tam
2912 488 3072 563 longo
3096 495 3316 564 repetita
3345 499 3648 574 principio?

2063 580 2326 637 Videlicet
2365 596 2434 638 ne
2468 581 2758 653 quidquam
2801 584 2924 640 fidei
2958 594 3060 642 tua;
3099 589 3289 646 deesse
3316 605 3488 661 putes,
3518 598 3641 665 quia

2061 671 2451 746 Jerosolymam
2483 691 2588 729 non
2629 675 2848 732 vidisti:
2895 693 2993 734 nec
3033 695 3130 735 nos
3157 681 3354 738 idcirco
3393 688 3644 744 meliores

2061 765 2316 832 aestimes,
2339 766 2482 838 quod
2504 766 2662 838 hujus
2679 767 2782 823 loci
2805 768 3106 827 habitacula
3127 772 3384 832 fruimur:
3409 780 3500 834 sed
3525 781 3645 836 sive

2063 856 2172 925 hic,
2197 857 2311 913 sive
2332 858 2480 926 alibi,
2501 860 2762 931 aequalem
2787 870 2838 916 te
2861 877 2956 931 pro
2980 864 3232 932 operibus
3255 870 3358 922 tuis
3379 872 3518 939 apud
3542 873 3647 928 Do-

2063 949 2265 1004 minum
2297 959 2538 1005 nostrum
2569 950 2766 1008 habere
2793 953 3118 1010 mercedem.
3158 955 3360 1014 Revera
3382 1003 3394 1021 ,
3431 971 3486 1016 ut
3511 965 3646 1017 sim-

2063 1040 2274 1110 pliciter
2298 1051 2474 1097 motus
2495 1045 2690 1099 mentis
2709 1059 2844 1099 mea:
2858 1044 3042 1112 fatear,
3065 1048 3415 1106 considerans
3443 1061 3497 1108 et
3524 1071 3649 1124 pro-

2063 1133 2294 1200 positum
2327 1142 2478 1187 tuum
2499 1173 2514 1198 ,
2545 1143 2596 1188 et
2625 1135 2873 1191 ardorem
2921 1153 3028 1207 quo
3065 1139 3260 1194 saeculo
3298 1145 3643 1211 renuntiasti,

2062 1222 2390 1280 differentias
2427 1227 2587 1298 322
2625 1227 2674 1282 in
2706 1228 2839 1283 locis
2869 1230 3123 1296 arbitror,
3154 1234 3197 1288 si
3222 1235 3441 1291 urbibus
3458 1246 3513 1292 et
3543 1239 3650 1295 fre-

2061 1316 2277 1386 quentia
2295 1315 2501 1371 urbium
2517 1318 2852 1385 derelicta,in
2875 1321 3046 1392 agello
3060 1322 3290 1390 habites,
3312 1325 3646 1387 etChristum

2061 1421 2271 1478 quieras
2284 1408 2335 1463 in
2356 1409 2667 1478 solitudine,
2685 1421 2737 1468 et
2761 1427 2886 1469 ores
2900 1414 3048 1471 solus
3075 1415 3128 1470 in
3148 1429 3330 1475 monte
3359 1436 3478 1476 cum
3497 1423 3648 1494 Jesu,

2061 1497 2484 1570 Sauctorumque
2514 1510 2717 1558 tantum
2746 1504 2982 1560 locorum
3011 1506 3371 1566 vicinitatibus
3409 1514 3654 1585 perfrua-

2063 1589 2159 1657 ris,
2188 1590 2240 1645 id
2271 1601 2374 1659 est,
2407 1600 2464 1646 ut
2491 1603 2546 1648 et
2575 1593 2707 1650 urbe
2735 1609 2942 1664 careas,
2974 1605 3028 1652 et
3053 1603 3384 1670 propositum
3407 1605 3652 1663 Monachi

2064 1696 2170 1736 non
2199 1682 2434 1737 amittas.
2465 1682 2619 1751 Quod
2647 1684 2855 1755 loquor,
2889 1702 2995 1742 non
3019 1687 3088 1745 de
3114 1690 3414 1766 Episcopis,
3448 1713 3553 1753 non
3583 1700 3652 1755 de

2062 1773 2419 1845 Presbyteris,
2451 1789 2556 1830 non
2586 1775 2652 1832 de
2673 1775 2895 1833 Clericis
2918 1779 3124 1850 loquor,
3155 1798 3380 1852 quorum
3402 1787 3544 1843 aliud
3571 1791 3653 1845 of-

2064 1863 2240 1920 ficium
2267 1874 2389 1932 est;
2431 1867 2528 1922 sed
2557 1866 2625 1922 de
2650 1866 2943 1938 Monacho,
2985 1880 3041 1928 et
3077 1872 3337 1931 Monacho
3379 1883 3650 1947 quondam

2061 1957 2200 2028 apud
2228 1957 2482 2014 saeculum
2515 1959 2681 2014 nobili
2713 1978 2727 2014 :
2755 1961 2847 2031 qui
2877 1961 3076 2020 idcirco
3099 1968 3327 2036 pretium
3353 1975 3653 2040 possessio-

2061 2062 2188 2102 num
2222 2062 2440 2103 suarum
2471 2048 2539 2103 ad
2579 2050 2745 2119 pedes
2785 2053 3165 2122 Apostolorum
3207 2062 3416 2128 posuit,
3450 2065 3652 2122 docens

2065 2138 2350 2207 pecuniam
2383 2153 2504 2195 esse
2533 2140 2882 2210 calcandam;
2931 2153 2991 2199 ut
3033 2146 3306 2206 humiliter
3343 2163 3398 2208 et
3441 2166 3652 2214 secreto

2059 2229 2330 2295 victitans,
2363 2245 2575 2301 semper
2602 2241 2910 2288 contemnat
2947 2237 3090 2306 quod
3118 2241 3284 2296 semel
3307 2251 3648 2317 contempsit.

2060 2321 2116 2378 Si
2149 2321 2338 2378 Crucis
2365 2331 2420 2379 et
2448 2323 2879 2382 Resurrectionis
2920 2327 3037 2384 loca
3080 2346 3185 2388 non
3213 2346 3394 2391 essent
3420 2339 3473 2393 in
3503 2340 3650 2399 Urbe

2066 2415 2419 2472 celeberrima
2444 2457 2460 2484 ,
2488 2417 2543 2473 in
2569 2433 2672 2489 qua
2697 2421 2843 2476 curia
2866 2463 2882 2488 ,
2917 2422 2971 2476 in
3002 2439 3105 2494 qua
3134 2424 3212 2498 (1)
3239 2430 3358 2484 aula
3387 2432 3648 2502 militum,

2060 2506 2116 2562 in
2143 2521 2247 2578 qua
2274 2515 2472 2575 scorta,
2502 2509 2674 2576 mimi,
2707 2525 2930 2580 scurrae,
2958 2522 3012 2568 et
3037 2517 3214 2570 omnia
3236 2528 3381 2586 sunt,
3410 2537 3529 2593 quae
3555 2540 3650 2580 so-

2061 2595 2176 2653 lent
2201 2597 2254 2651 in
2298 2599 2512 2654 caneris
2549 2601 2812 2658 urbibus:
2861 2604 2947 2658 vel
2990 2607 3037 2660 si
3063 2606 3446 2668 Monachorum
3478 2617 3650 2674 turbis

2059 2688 2398 2744 solummodo
2423 2688 2878 2762 frequentaretur,
2907 2699 3266 2766 expetendum
3307 2719 3494 2762 revera
3548 2707 3652 2764 hu-

2053 2783 2356 2854 juscemodi
2381 2789 2589 2843 cunctis
2614 2787 2888 2846 Monacbis
2917 2803 3063 2850 esset
3084 2787 3467 2858 habitaculum.
3494 2800 3648 2860 Nunc

2055 2889 2196 2930 vano
2223 2890 2449 2932 summa:
2473 2878 2714 2935 stultitia:
2741 2889 2826 2936 est
2855 2885 3164 2942 renuntiare
3190 2889 3390 2944 sarculo
3413 2931 3430 2957 ,
3459 2890 3644 2948 dimit-

2055 2970 2174 3020 tere
2203 2965 2454 3035 patriam,
2482 2968 2644 3024 urbes
2670 2968 2942 3038 deserere,
2967 2973 3285 3032 Monachum
3310 2980 3569 3048 profiteri,
3592 2996 3650 3039 et
3723 3039 3728 3042 ,

2054 3057 2199 3115 inter
2224 3059 2458 3130 majores
2481 3063 2706 3132 populos
2735 3064 2816 3136 (ά)
2845 3081 3095 3138 peraeque
3113 3071 3316 3141 vivere,
3339 3089 3498 3144 quam
3526 3091 3648 3132 eras

2053 3149 2294 3206 victurus
2339 3150 2394 3207 in
2437 3153 2628 3222 patria.
2669 3154 2745 3210 De
2789 3164 2902 3212 toto
2944 3158 3049 3215 huc
3094 3161 3226 3218 orbe
3274 3169 3638 3226 concurritur.

2053 3239 2219 3296 Plena
2246 3250 2330 3297 est
2354 3242 2543 3299 civitas
2574 3244 2807 3301 universi
2829 3250 3043 3317 generis
3062 3250 3338 3310 hominum
3367 3275 3381 3312 :
3417 3268 3471 3314 et
3499 3268 3646 3317 tanta

2052 3332 2335 3404 utriusque
2357 3349 2518 3390 sexus
2539 3336 2882 3407 constipatio,
2912 3351 2970 3396 ut
2990 3344 3131 3412 quod
3155 3345 3282 3402 alibi
3303 3362 3372 3403 ex
3392 3359 3542 3420 parte
3563 3353 3646 3408 fu-

2051 3424 2255 3496 giebas,
2287 3425 2375 3481 hic
2400 3435 2568 3481 totum
2597 3428 2868 3485 sustinere
2897 3435 3123 3503 cogaris.

2123 3515 2178 3570 5.
2201 3515 2336 3582 Quia
2362 3515 2523 3586 igitur
2543 3517 2777 3574 fraterne
2822 3519 3144 3593 interrogas,
3185 3541 3280 3595 per
3310 3545 3468 3599 quam
3499 3533 3640 3590 viam

2053 3605 2302 3660 incedere
2328 3604 2547 3671 debeas,
2579 3609 2813 3664 revelata
2848 3619 3023 3666 tecum
3067 3615 3202 3670 facie
3230 3617 3437 3689 loquar.
3469 3621 3526 3676 Si
3570 3625 3646 3698 (e)

2052 3697 2289 3753 officium
2317 3699 2398 3753 vis
2427 3714 2684 3755 exercere
2711 3702 3056 3773 Presbyteri,
3103 3706 3150 3760 si
3189 3708 3543 3779 Episcopatus
3588 3727 3641 3772 te

2053 3792 2138 3847 vel
2168 3805 2322 3861 opus,
2352 3792 2434 3847 vel
2467 3792 2642 3847 honor
2671 3794 2810 3850 forte
2835 3795 3086 3862 delectat,
3119 3799 3238 3856 vive
3261 3802 3314 3856 in
3343 3806 3561 3863 urbibus
3585 3819 3644 3864 et

2052 3883 2327 3949 castellis;
2353 3899 2420 3938 ET
2445 3899 2676 3940 meumr
2698 3885 2948 3953 salutem,
2975 3888 3057 3944 fac
3075 3890 3285 3948 lucrum
3297 3897 3489 3954 anima:
3513 3910 3642 3957 tuae.

2051 4066 2102 4115 in
2131 4065 2446 4133 Phaedrohet
2481 4063 2829 4133 Philostratum
2842 4067 2936 4133 XI.
2962 4069 3010 4119 ὅ.
3035 4082 3348 4124 memoratur.
3377 4078 3535 4131 Porro
3556 4097 3645 4133 νο.

2050 4140 2160 4198 cem
2197 4128 2336 4198 hanc.
2358 4125 2600 4198 Ezechiel.
2641 4127 2686 4176 8.
2731 4129 2808 4198 14.
2842 4129 3047 4194 Vulgata
3087 4125 3650 4198 interpretaturvado'n‘i-

2052 4189 2181 4262 dem,
2203 4197 2264 4262 et
2277 4187 2556 4262 Hierqnnin
2581 4201 2693 4237 eum
2734 4188 2892 4262 locum
2921 4187 3097 4253 :‘quem
3133 4187 3235 4256 nos,
3264 4187 3441 4262 inqui—tl
3469 4187 3648 4258 ίέᾶδᾶ-

2052 4250 2164 4301 dem
2195 4249 2496 4322 interpretati
2531 4264 2695 4322 sumus
2726 4259 2772 4322 et
2800 4249 3044 4322 Hebr-grus,
3071 4262 3116 4322 et
3139 4249 3287 4322 syrtis
3322 4249 3651 4319 5e;-'.;.5“»,7,;-

2050 4311 2344 4425 mzlvocat.
2368 4311 2486 4375 Ejus
2525 4320 2689 4362 autem
2716 4313 2895 4365 Amasii
2930 4311 3141 4367 Veneris
3170 4311 3545 4382 "vulgatissima-
3562 4311 3648 4380 est

2134 4390 2162 4424 u
2184 4387 2230 4424 a.

2134 4387 2230 4424 Illa.

2119 4434 2191 4513 _(_d)
2224 4435 2723 4513 _Cisterc.'cuj_usmod_i
2742 4439 2889 4513 etiam
2913 4438 3178 4513 Erasmiani
3203 4443 3430 4506 codices,
3456 4447 3643 4513 aliique

2051 4497 2354 4568 antiquiores
2376 4497 2576 4559 vulgati,
2599 4497 2724 4568 inter
2745 4497 3444 4568 mqiorespopulpsnpergere',
3486 4497 3644 4563 mere

2051 4559 2412 4624 melihSLQuam
2433 4571 2543 4624 etas
2564 4559 2790 4624 ..θείηνηῶ
2818 4567 2913 4607 etc.
2930 4559 3147 4624 Mutavit
3169 4559 3415 4624 Victorius
3432 4559 3649 4624 'meliori

2052 4618 2368 4690 sensu,‘iriter
2385 4619 2594 4689 majores
2617 4618 2813 4682 populos
2837 4619 3153 4690 periculosius
3175 4623 3328 4675 vivere
3352 4618 3526 4690 quam,
3540 4618 3645 4685 ait:

2053 4683 2275 4733 Martiali.
2300 4693 2503 4746 peregre
2526 4683 2708 4734 vivere,
2734 4693 2878 4746 quam
2906 4683 3176 4746 Vlectionem
3223 4683 3419 4741 tametsi
3460 4707 3489 4741 e
3508 4683 3650 4746 'Mss.

2053 4743 2350 4807 omnibuss'w
2373 4743 2848 4807 dicat_expressisse,
2871 4743 3089 4792 vitiosam
3115 4751 3281 4799 tamen
3307 4762 3422 4802 esse
3447 4743 3648 4807 mancus

2054 4813 2202 4869 atque
2224 4803 2414 4869 alienus
2435 4815 2462 4850 a
2484 4802 2765 4869 Hieronymi
2789 4810 2956 4852 mente
2979 4817 3155 4856 sensus
3179 4812 3416 4862 ostendit.
3453 4802 3648 4869 nos};

2052 4865 2255 4930 peregre
2271 4865 2478 4914 fecimus
2502 4877 2565 4912 ex
2579 4865 2787 4930 ingenio
2800 4877 3050 4930 peraeque,
3066 4869 3111 4930 id
3130 4880 3207 4921 est
3222 4873 3280 4921 ad
3297 4865 3651 4929 eumdem'm'ol

2052 4925 2200 4987 dum",
2224 4939 2322 4995 quo
2345 4939 2442 4974 uno
2464 4925 2695 4974 vocabulo
2720 4925 3008 4995 etsiﬂrario'ri
3026 4929 3256 4995 ζΑΙΑῐίηυ
3293 4942 3458 4988 tamen
3473 4974 3487 4995 ,
3517 4925 3652 4992 locus

2056 4987 2372 5052 emaculatur,
2397 4998 2690 5052 sensusque
2712 4987 2977 5052 perficitur.
3023 4990 3193 5043 Cicero
3219 4997 3266 5043 in
3291 4987 3445 5048 Bruto
3469 4987 3487 5049 ἕ
3515 4987 3650 5052 rei;

2055 5059 2168 5125 sunt
2204 5051 2400 5125 omnino
2437 5061 2624 5125 genera
2657 5048 2886 5125 dicendi,
2921 5052 3099 5125 quibus
3135 5054 3186 5125 _in
3218 5057 3428 5119 singulis
3451 5048 3647 5125 quidam

2043 5115 2358 5224 ﬂoru'grunt,
2396 5123 2630 5175 peraeque
2651 5112 2887 5162 autemid
2909 5114 3038 5174 quod
3070 5112 3557 5184 volumus'perpa'uci
3597 5112 3642 5176 in

2055 5189 2184 5224 omni
2223 5187 2295 5223 us.
2315 5189 2338 5219 ii

2055 5187 2295 5226 omnibus.
2315 5189 2338 5219 1

2124 5235 2186 5306 le)
2223 5233 3004 5306 Appositeoﬂieium'fresbyteri
3039 5238 3189 5306 dixit,
3216 5254 3333 5306 cum
3383 5247 3512 5294 enim
3546 5248 3644 5306 jam

2056 5297 2239 5363 invitus
2262 5297 2611 5363 Presbyterum
2652 5297 3080 5363 initiatus’l'uisset
3113 5297 3368 5363 Paulinus,
3400 5319 3457 5352 ea
3482 5297 3644 5355 tau'ieu

2057 5362 2172 5428 lege
2196 5373 2252 5428 se
2274 5359 2549 5428 consecrari
2575 5359 2883 5428 permiserat,
2903 5372 2968 5408 ne
2991 5362 3198 5428 oliicinm
3221 5359 3417 5428 quoque
3442 5366 3648 5428 Presby-

2057 5421 2152 5474 teri
2175 5423 2356 5472 alicubi
2380 5434 2621 5471 exercere
2647 5427 2922 5480 teneretur,
2948 5421 3036 5470 sed
3059 5424 3136 5472 cui
3161 5421 3356 5473 tandem
3383 5425 3531 5474 vellet
3557 5421 3646 5475 Ec-

2057 5485 2223 5536 cIesiae
2246 5484 2449 5534 servitio
2471 5495 2527 5531 se
2551 5481 2874 5544 manciparet;
2916 5485 3021 5532 sive
3037 5492 3101 5544 fut
3133 5485 3164 5544 il
3181 5497 3238 5533 se
3264 5485 3328 5532 de
3351 5497 3409 5533 se
3435 5485 3646 5544 loquitur

2060 5549 2201 5613 epist.
2223 5548 2267 5613 l_.
2288 5545 2342 5613 in
2360 5542 2888 5613 sacerdotium-tantum
2912 5542 3392 5613 pominihgionetiam
3415 5544 3464 5593 in
3487 5542 3644 5613 locum

2058 5603 2288 5659 Ecclesia
2310 5605 2583 5657 dedicatus.
2606 5603 2890 5666 Hnjusmodi
2911 5605 3019 5654 fere
3042 5603 3394 5654 ordinationem
3417 5612 3649 5661 sustinuit

2058 5672 2166 5733 ipse
2180 5670 2533 5733 Hieronymus.

2129 5731 2193 5796 (l)
2233 5723 2413 5796 Parum
2435 5727 2749 5796 abfuit‘,_quin
2771 5726 2852 5796 alii
2874 5723 3324 5796 militurrtprogula
3347 5726 3551 5779 militum
3573 5730 3648 5796 le.

2062 5785 2266 5857 gerem;
2311 5792 2400 5858 sed
2435 5803 2554 5858 cum.
2581 5785 2706 5858 Mss.
2741 5789 2934 5858 codices
2977 5785 3475 5858 nulli:suﬂ'ragantur,
3512 5794 3655 5858 quid-

2065 5848 2210 5922 quam
2233 5848 2298 5904 ex
2320 5854 2519 5917 ingenio
2543 5851 2819 5915 immutare,
2841 5848 3024 5913 religio
3047 5854 3142 5897 est.

2967 5932 3366 6018 (pix-mult)
3393 5910 3401 5920 ’
