4146 6336
530 447 636 513 883

527 567 622 625 Sin
662 573 840 620 autem
868 562 1016 632 cupis
1062 575 1218 628 esse,
1263 558 1404 631 quod
1443 557 1643 614 diceris
1690 557 2014 623 Monachus,
2054 555 2108 610 id

540 667 643 722 est,
671 655 840 719 solus,
872 651 999 724 quid
1023 652 1150 707 facis
1175 652 1226 706 in
1249 649 1488 718 urbibus,
1513 665 1632 720 qua:
1655 648 1835 718 utique
1855 663 1963 702 non
1989 653 2112 700 sunt

533 747 769 802 solorum
803 743 1120 808 habitacula,
1141 742 1236 798 sed
1258 741 1573 796 multorum?
1595 737 2110 808 llabetunumquod-

533 854 637 909 que
669 841 995 907 pr0positum
1028 837 1294 906 principes
1313 851 1460 889 suos.
1502 833 1660 904 323
1698 831 2112 890 Romaniduces

534 928 809 981 imitentur
836 925 1112 992 Camillos,
1154 925 1428 982 Fabricios
1449 965 1464 988 ,
1496 923 1729 994 Regulos
1753 966 1768 991 ,
1811 923 2107 993 Scipiones.

534 1017 849 1087 Philosophi
892 1026 1189 1088 proponant
1236 1015 1337 1072 sibi
1369 1015 1723 1087 Pythagoram
1749 1057 1763 1082 ,
1797 1015 2106 1078 Socratem,

531 1110 832 1174 Platonem,
868 1109 1232 1163 Aristotelem.
1262 1107 1439 1163 Poeta:
1459 1108 1774 1162 temulentur
1794 1107 2106 1170 Homerum,

535 1199 812 1269 Virgilium
831 1241 844 1263 ,
874 1197 1218 1254 Menandrum
1244 1241 1258 1265 ,
1299 1199 1632 1253 Terentium.
1665 1197 1935 1261 Historici,
1961 1195 2112 1250 Thu-

527 1290 798 1362 cydidem,
833 1289 1169 1355 Sallustium,
1204 1288 1558 1356 Herodotum,
1588 1289 1813 1345 Livium.
1833 1289 2107 1353 Oratores,

527 1380 766 1452 Lysiam.
797 1379 1054 1446 Graecos,
1086 1380 1535 1444 Demosthenem,
1567 1379 1822 1436 Tullium.
1856 1379 1923 1432 Et
1964 1388 2019 1432 ut
2041 1377 2109 1431 ad

534 1483 715 1527 nostra
759 1476 1071 1541 veniamus,
1104 1474 1356 1545 Episcopi
1382 1483 1436 1529 et
1463 1474 1763 1546 Presbyteri
1797 1471 2029 1528 habeant
2054 1472 2110 1526 in

539 1566 840 1634 exemplum
872 1565 1182 1634 Apostolos,
1213 1576 1266 1621 et
1296 1565 1634 1636 Apostolicos
1662 1565 1840 1619 viros:
1883 1577 2110 1633 quorum

531 1655 790 1710 honorem
838 1657 1210 1725 possidentes,
1253 1655 1450 1711 habere
1482 1655 1720 1712 nitantur
1759 1665 1813 1709 et
1838 1655 2108 1708 meritum.

532 1747 636 1801 Nos
669 1757 849 1802 autem
885 1745 1176 1803 habeamus
1202 1746 1302 1820 [aL
1339 1747 1613 1819 habemus]
1639 1745 1894 1818 propositi
1944 1744 2111 1799 nostri

529 1839 799 1908 principes
821 1877 835 1902 ,
866 1838 1057 1892 Paulo:
1080 1847 1133 1894 et
1161 1840 1423 1894 Antonios
1443 1879 1456 1901 ,
1479 1840 1554 1907 (ιι)
1589 1836 1848 1901 Julianos,
1877 1835 2110 1890 llilario-

526 1945 644 1993 nes,
676 1931 958 1985 Macarios.
990 1926 1058 1984 Et
1101 1939 1157 1983 ut
1197 1929 1263 1984 ad
1305 1930 1698 1998 Scripturarum
1740 1930 2110 1983 auctoritatem

526 2023 786 2089 redeam,
839 2029 1022 2076 noster
1070 2022 1320 2092 princeps
1369 2021 1552 2087 Elias,
1616 2030 1796 2075 noster
1846 2019 2108 2087 Eliszcus,

528 2102 698 2166 nostri
739 2111 904 2166 duces
962 2109 1057 2165 filii
1100 2111 1523 2181 Prophetarum,
1570 2113 1659 2181 qui
1703 2111 2011 2166 habitabant
2057 2112 2112 2166 in

528 2205 670 2273 agris
701 2212 756 2258 et
783 2202 1194 2267 solitudinibus,
1227 2213 1281 2258 et
1321 2202 1588 2259 faciebant
1627 2203 1726 2258 sibi
1769 2203 2111 2258 tabernacula

529 2309 694 2364 prope
718 2292 916 2348 fluenta
940 2292 1210 2348 Jordanis.
1235 2294 1312 2350 De
1336 2294 1417 2349 his
1439 2305 1564 2350 sunt
1582 2302 1637 2350 et
1657 2294 1732 2350 illi
1754 2293 1846 2348 ﬁlii
1870 2293 2108 2361 Rechab,

529 2386 616 2453 qui
643 2385 822 2439 vinum
839 2395 894 2440 et
915 2386 1138 2440 siceram
1161 2401 1267 2442 non
1290 2385 1558 2451 bibebant,
1579 2385 1668 2457 qui
1690 2385 2034 2440 morabantur
2055 2385 2111 2439 in

529 2478 794 2547 tentoriis,
826 2481 913 2548 qui
939 2477 1031 2534 Dei
1061 2493 1154 2549 per
1189 2479 1475 2534 Jercmiam
1517 2479 1668 2549 (Cap.
1703 2479 1809 2562 :55)
1850 2477 2112 2534 voeelau-

533 2571 751 2639 dantur,
781 2581 834 2625 et
859 2571 1187 2641 promittitur
1215 2573 1294 2627 eis
1315 2573 1456 2642 quod
1483 2588 1586 2627 non
1614 2574 1826 2628 deﬁciat
1852 2573 1920 2629 de
1945 2574 2110 2644 stirpe

530 2676 717 2717 eorum
745 2662 828 2716 vir
857 2672 1004 2716 stans
1033 2676 1215 2718 coram
1250 2663 1492 2719 Domino.
1529 2663 1637 2718 lloc
1666 2681 1786 2719 reor
1813 2675 1865 2718 et
1892 2675 2108 2735 septua-

527 2755 716 2824 gesimi
743 2753 938 2809 Psalmi
988 2755 1065 2826 (b)
1097 2755 1308 2811 titulum
1349 2757 1650 2827 signiﬁcare
1682 2775 1695 2809 :
1727 2755 1980 2812 Filiorum
2008 2759 2108 2814 Jo-

531 2845 700 2899 nadab
725 2859 745 2898 :
773 2853 821 2898 et
847 2860 1017 2899 eorum
1044 2847 1131 2915 qui
1160 2845 1314 2916 primi
1352 2847 1404 2899 in
1432 2849 1770 2916 captivitatem
1798 2850 1936 2904 ducti
1970 2861 2107 2905 sunt.

527 2939 636 2996 Iste
667 2948 751 2995 est
779 2937 1020 2994 Jonadab
1051 2938 1190 2995 ﬁlius
1220 2937 1468 3004 Rechab,
1511 2940 1600 3009 qui
1633 2942 1681 2994 in
1713 2941 2013 3012 Regnorum
2045 2943 2108 2998 li-

529 3033 625 3088 bro
655 3031 904 3087 scribitur
941 3043 1158 3088 Currum
1202 3032 1511 3089 ascendisse
1554 3047 1674 3088 cum
1705 3032 1823 3088 qu.
1861 3033 1924 3089 Et
1951 3037 2110 3106 hujus

530 3125 622 3180 ﬁlii
658 3134 818 3192 sunt,
844 3127 936 3195 qui
963 3126 1015 3180 in
1046 3125 1404 3181 tabernaculis
1428 3141 1643 3196 semper
1672 3125 1974 3182 habitantes
1995 3170 2008 3195 ,
2040 3129 2110 3184 ad

531 3225 832 3272 extremum
860 3223 1078 3286 propter
1106 3214 1456 3286 irruptionem
1496 3215 1768 3271 Chaldaici
1807 3217 2105 3285 exercitus,

531 3306 921 3376 Jerosolymam
952 3305 1154 3362 intrare
1177 3307 1462 3377 compulsi,
1488 3307 1622 3362 hanc
1651 3307 1805 3377 primi
1828 3301 2107 3378 captivita-

532 3395 988 3452 tem‘sustinuisse
1017 3395 1282 3463 dicuntur,
1316 3396 1458 3467 quod
1488 3407 1606 3468 post
1625 3397 1924 3454 solitudinis
1949 3397 2108 3455 liber-

529 3495 715 3554 tatem,
746 3486 880 3542 urbe
906 3487 1055 3556 quasi
1084 3501 1301 3543 carcere
1325 3495 1449 3542 sunt
1477 3487 1695 3543 reclusi.

603 3577 658 3634 6.
683 3576 918 3634 Obsecro
937 3578 1115 3650 itaque
1132 3587 1203 3645 te,
1227 3585 1283 3634 ut
1298 3579 1548 3650 quoniam
1566 3588 1760 3636 sanctze
1783 3581 1984 3637 sororis
2002 3589 2109 3639 tuae

540 3669 852 3739 (Therasia:
880 3670 1102 3743 uxoris)
1146 3671 1336 3740 ligatus
1377 3686 1435 3726 es
1475 3671 1711 3740 vinculo,
1744 3681 1927 3727 etnon
1957 3674 2111 3743 peni.

533 3772 619 3818 tus
643 3762 892 3833 expedito
920 3763 1098 3833 pergis
1122 3763 1318 3834 gradu,
1350 3764 1461 3818 sive
1487 3761 1572 3818 hic
1593 3804 1610 3832 ,
1645 3764 1759 3820 sive
1790 3763 1896 3832 ibi,
1929 3765 2108 3820 multi-

531 3855 743 3914 tudines
769 3856 1063 3924 hominum,
1097 3866 1149 3910 et
1174 3856 1374 3925 ofﬁcia,
1401 3864 1455 3914 et
1482 3856 1828 3912 salutationes
1848 3898 1862 3922 ,
1892 3865 1944 3913 et
1973 3871 2134 3926 con-.

431 3952 436 3955 ’
530 3949 694 4015 vivia,
721 3948 886 4005 veluti
915 3947 1172 4018 quasdam
1201 3956 1416 4004 catenas
1447 3945 1618 4018 fugias
1648 3949 2000 4017 voluptatum.
2027 3948 2108 4004 Sit

537 4043 656 4096 vilis
686 4049 738 4095 et
764 4039 1094 4110 vespertinus
1119 4040 1268 4095 cibus
1288 4081 1302 4106 ,
1333 4040 1478 4094 olera
1508 4049 1562 4094 et
1599 4040 1866 4109 legumina
1893 4058 1906 4094 :
1936 4040 2106 4095 inter-

533 4133 769 4202 dumque
808 4131 1091 4201 pisciculos
1132 4145 1232 4202 pro
1274 4130 1495 4185 summis
1532 4129 1700 4184 ducas
1734 4129 1959 4184 deliciis.
2003 4129 2108 4196 Qui

535 4223 807 4278 Christum
831 4223 1120 4287 desiderat,
1150 4230 1205 4276 et
1225 4221 1315 4275 illo
1338 4235 1473 4289 pane
1499 4220 1749 4286 vescitur,
1780 4235 1887 4274 non
1917 4221 2109 4288 quzcrit

537 4329 860 4385 magnopere
888 4313 954 4369 de
982 4328 1140 4383 quam
1166 4311 1410 4384 pretiosis
1437 4310 1568 4364 cibis
1595 4318 1801 4365 stercus
1837 4310 2101 4366 conﬁciat.

537 4408 804 4479 Quidquid
837 4415 955 4477 post
983 4406 1159 4477 gulam
1189 4419 1291 4458 non
1320 4403 1562 4467 sentitur,
1594 4402 1734 4457 idem
1757 4404 1853 4459 tibi
1878 4404 2107 4476 sitquod

537 4500 690 4568 panis
719 4509 773 4554 ct
800 4499 1085 4568 legumina.
1119 4494 1292 4550 Habes
1313 4494 1566 4548 adversus
1584 4492 1920 4548 Iovinianum
1941 4495 2106 4550 libros

532 4590 602 4644 de
629 4599 937 4659 contemptu
963 4587 1166 4643 ventris
1194 4595 1247 4642 et
1272 4586 1497 4656 gutturis
1525 4585 1732 4654 plenius
1751 4585 2100 4642 disserentes.

530 4681 752 4751 Semper
769 4683 822 4736 in
837 4697 998 4738 manu
1015 4692 1100 4738 tua
1117 4695 1263 4736 sacra
1286 4679 1542 4735 sitlectio.
1583 4677 1745 4751 324
1781 4681 2107 4750 Frequenter

533 4773 1025 4840 orandum,etﬂexo
1035 4786 1437 4844 corpore,mens
1453 4772 1705 4844 erigenda
1717 4771 1784 4826 ad
1803 4772 2103 4826 Dominum.

536 4866 752 4921 Crebra:
773 4865 964 4935 vigilia:
991 4885 1004 4920 :
1041 4875 1094 4922 et
1110 4874 1296 4920 ventre
1317 4879 1482 4920 vacuo
1500 4865 1694 4932 saepius
1713 4861 2099 4933 dormiendum.

537 4958 898 5013 Bumusculos
945 4968 1001 5013 et
1051 4958 1304 5027 gloriolas
1353 4967 1407 5010 et
1459 4958 1734 5025 palpantes
1779 4955 2102 5020 adulatores,

535 5050 688 5122 quasi
715 5052 897 5105 hostes
926 5050 1065 5120 fuge.
1101 5048 1427 5118 Pauperibus
1455 5057 1510 5101 et
1539 5047 1789 5102 fratribus
1829 5046 2104 5116 refrigeria

538 5152 845 5212 sumptuum
881 5157 1040 5196 manu
1061 5141 1269 5210 propria
1284 5138 1560 5194 distribue.
1583 5138 1722 5193 Rara
1749 5149 1830 5193 est
1853 5140 1907 5193 in
1931 5139 2105 5195 homi-

534 5235 691 5289 nibus
719 5233 872 5288 ﬁdes.
904 5231 1020 5286 Non
1045 5229 1220 5287 credis
1251 5243 1435 5282 verum
1466 5243 1586 5285 esse
1628 5229 1770 5299 quod
1797 5229 1955 5286 dico?
2001 5229 2107 5286 Co-

532 5325 639 5394 gita
669 5322 821 5376 Judze
849 5320 1066 5374 loculos.
1106 5317 1470 5373 Humilitatem
1492 5319 1717 5373 vestium
1739 5319 1963 5374 tumenti
1986 5320 2104 5374 ani-

534 5428 624 5469 mo
650 5428 754 5466 non
788 5420 1027 5481 appetas.
1057 5407 1403 5466 Saecularium
1426 5450 1441 5474 ,
1470 5417 1522 5465 et
1553 5408 1781 5464 maxime
1811 5411 2103 5480 potentium

601 5605 662 5672 (a)
700 5608 823 5658 Eum
847 5605 1170 5672 nempe,_qu_i
1209 5603 1578 5672 cum_B_asilissa
1619 5618 1774 5672 uxore
1810 5606 2107 5672 sanctissimo

531 5665 848 5734 votor'carnem
871 5665 1007 5734 suam
1030 5665 1263 5731 virginem
1283 5665 1469 5734 gltristo
1489 5669 1726 5734 servavit,
1765 5677 1814 5734 ut
1837 5670 1901 5722 ad
1941 5672 2105 5734 decem

531 5731 685 5793 pallia
725 5730 1061 5781 Monacltorum
1098 5726 1235 5793 pater
1273 5726 1441 5791 ﬁeret,
1477 5726 1878 5792 quemadniodum
1917 5734 1965 5780 in
1998 5732 2105 5791 ejus

531 5789 761 5854 Passioue
786 5793 1019 5854 proditum
1044 5789 1138 5842 est.

600 5850 808 5964 pagos
828 5853 979 5905 habet
998 5854 1241 5906 Hebr-ams
1263 5855 1429 5904 textus
1449 5850 1580 5906 hunc
1601 5854 1810 5919 titulum,
1835 5855 1922 5907 sed
1953 5853 2103 5905 editio

532 5928 603 5964 ειν
625 5928 765 5964 ιαμ.

1805 440 2046 502 SANCTI
2086 435 2466 495 HIERONYMI

3683 435 3790 499 ιει

2221 553 2492 611 consortia
2517 550 2714 607 devita.
2745 543 2878 620 Quid
2911 549 3002 607 tibi
3032 565 3252 608 necesse
3277 560 3441 608 estea
3463 554 3646 611 videre
3675 560 3799 615 cr'e-

2219 647 2388 713 brius,
2410 658 2634 714 quorum
2651 652 2972 713 comtemptn
2995 642 3283 698 Monachus
3303 657 3422 700 esse
3441 645 3676 716 cmpisti?
3695 647 3798 704 So-

2219 751 2311 792 ror
2335 735 2601 806 prmcipue
2632 740 2718 788 tua
2745 742 3106 789 matronarum
3133 733 3366 790 declinet
3392 735 3654 808 colloquia
3677 736 3793 812 [al.

2219 822 2542 898 consortia];
2589 840 2689 880 nec
2718 827 2856 880 inter
2884 825 3084 881 sericas
3118 834 3296 882 vestes
3336 835 3392 882 et
3428 843 3667 898 gemmas
3692 831 3798 887 cir-

2218 921 2644 977 cumsedentium
2673 919 2985 976 feminarum
3015 936 3073 976 se
3099 920 3444 989 sordidatam,
3478 934 3570 978 aut
3597 924 3794 994 doleat,

2217 1022 2310 1067 aut
2339 1013 2600 1068 miretur:
2647 1027 2771 1077 QUIA
2801 1028 3049 1068 ALTBRUI
3093 1013 3352 1083 propositi
3404 1015 3796 1085 paenitentiam,

2217 1105 2439 1160 alterum
2465 1105 2735 1176 jactantitc
2763 1105 3108 1160 seminarium
3138 1114 3239 1160 est.
3267 1105 3408 1162 Cave
3453 1124 3520 1164 ne
3548 1110 3699 1179 quasi
3731 1109 3798 1163 ﬁ-

2216 1195 2353 1251 delis
2381 1206 2436 1252 et
2462 1195 2697 1252 famosus
2726 1205 2937 1252 tuorum
2967 1195 3234 1266 quondam
3263 1197 3625 1268 diSpeusator,
3657 1202 3796 1256 alie-

2217 1303 2339 1342 nam
2372 1289 2649 1358 pecuniam
2676 1287 3099 1344 distribuendam
3119 1290 3370 1360 accipias.
3394 1290 3644 1362 lntelligis
3669 1293 3799 1362 quid

2217 1377 2411 1448 loquar
2434 1393 2452 1442 ;
2475 1379 2619 1433 dedit
2641 1380 2783 1433 enim
2814 1379 2905 1432 tibi
2932 1379 3186 1434 Dominus
3210 1380 3260 1433 in
3286 1381 3532 1435 omnibus
3555 1381 3800 1436 intellec-

2219 1478 2352 1523 tum.
2403 1469 2608 1526 Habeto
2657 1469 3050 1540 simplicitatem
3096 1469 3386 1537 columba},
3429 1487 3498 1526 ne
3543 1473 3796 1543 cuiquam

2216 1561 2539 1616 machineris
2565 1562 2714 1616 dolos
2743 1581 2755 1616 :
2787 1569 2842 1616 et
2873 1563 3138 1632 serpentis
3169 1563 3442 1627 astutiam,
3476 1579 3542 1621 ne
3568 1565 3797 1620 aliorum

2215 1652 2576 1721 supplanteris
2607 1651 2835 1706 insidiis.
2867 1651 2979 1708 NON
3010 1667 3227 1708 MULTUM
3258 1653 3421 1708 distat
3451 1653 3502 1708 in
3531 1655 3680 1723 vitio,
3709 1657 3798 1713 vel

2215 1741 2461 1812 decipere
2484 1758 2657 1812 posse,
2688 1744 2769 1798 vel
2799 1743 2972 1814 decipi
2998 1743 3387 1800 Christianum.
3413 1746 3579 1815 Quem
3603 1763 3792 1806 sense-

2215 1833 2291 1888 ris
2319 1834 2410 1887 tibi
2442 1843 2533 1887 aut
2555 1850 2784 1904 semper,
2819 1845 2909 1890 aut
2934 1836 3123 1892 crebro
3144 1836 3210 1892 de
3233 1837 3446 1892 nunmis
3467 1838 3792 1909 loquentem,

2216 1936 2438 1995 excepta
2467 1929 2836 1999 eleemosyna,
2867 1945 2992 1998 qua:
3037 1929 3398 1985 indiﬂ'ercuter
3426 1933 3670 1988 omnibus
3701 1949 3794 2003 pa-

2219 2025 2316 2085 tet,
2347 2020 2646 2076 institorem
2677 2022 2852 2090 potius
2877 2021 3091 2088 habeto,
3123 2037 3281 2092 quam
3300 2022 3634 2078 Monachum.
3659 2024 3794 2080 Prac-

2219 2117 2300 2164 ter
2326 2110 2522 2163 victum
2564 2120 2619 2165 et
2647 2112 2932 2179 vestitum,
2977 2121 3032 2167 et
3061 2111 3372 2169 manifestas
3412 2117 3790 2183 necessitates,

2217 2203 2349 2257 nihil
2378 2203 2623 2274 cuiquam
2666 2203 2904 2261 tribuas:
2937 2220 3005 2261 ne
3036 2205 3265 2261 ﬁliorum
3295 2221 3485 2278 panem
3510 2223 3669 2264 canes
3693 2224 3790 2266 co-

2217 2295 2453 2351 medant.

2289 2386 2341 2440 7.
2379 2386 2573 2441 Verum
2611 2386 2810 2442 Christi
2858 2387 3114 2459 templum
3155 2389 3331 2444 anima
3369 2390 3635 2447 credentis
3661 2399 3787 2447 est:

2219 2478 2364 2532 illam
2393 2491 2614 2541 exorna,
2650 2479 2790 2532 illam
2819 2481 2973 2546 vesti,
3021 2480 3095 2534 illi
3141 2480 3276 2536 offer
3323 2481 3574 2550 donaria,
3603 2484 3656 2536 in
3699 2484 3790 2539 illa

2215 2568 2486 2624 Christum
2535 2573 2763 2641 suscipe.
2808 2586 2927 2635 ρυλε
2969 2587 3152 2628 unus
3197 2584 3278 2630 est
3317 2575 3542 2643 parietes
3589 2573 3791 2645 fulgere

2213 2664 2443 2733 gemmis
2473 2673 2526 2718 et
2556 2663 2824 2720 Christum
2849 2667 2900 2720 in
2934 2682 3162 2736 paupere
3191 2667 3328 2722 fame
3356 2668 3640 2738 periclitari
3665 2668 3790 2740 (l)?

2214 2751 2331 2808 Jam
2357 2770 2460 2808 non
2491 2765 2617 2809 sunt
2646 2764 2730 2809 tua
2759 2771 2876 2826 qum
2906 2757 3148 2826 possides
3171 2799 3186 2824 ,
3217 2758 3309 2812 sed
3335 2758 3661 2828 dispensatio
3693 2758 3790 2812 tibi

2214 2845 2416 2899 credita
2444 2855 2544 2900 cst.
2570 2847 2836 2903 Memento
2859 2851 3076 2904 Ananim
3097 2859 3148 2904 et
3171 2846 3465 2919 Sapphirce,
3496 2851 3572 2910 llli
3598 2866 3693 2905 sua
3719 2853 3788 2906 ti-

2213 2934 2358 2991 mide
2386 2950 2769 2994 servavcrunt:
2807 2949 2860 2994 ιιι
2885 2942 3183 3007 considera,
3215 2957 3282 2997 ne
3307 2941 3501 2996 Christi
3536 2942 3793 2998 substan-

2217 3025 2344 3080 tiam
2373 3027 2738 3098 imprudenter
2781 3031 3022 3087 effnndas
3044 3074 3058 3098 ,
3093 3032 3142 3086 id
3169 3042 3283 3098 est,
3330 3048 3397 3088 ne
3439 3032 3790 3090 immoderato

2209 3117 2412 3188 judicio
2461 3137 2570 3176 rem
2625 3137 2913 3193 pauperum
2950 3124 3146 3178 tribuas
3192 3142 3296 3180 non
3342 3127 3694 3196 pauperibus,
3733 3137 3791 3183 et

2215 3211 2506 3265 secundum
2539 3213 2737 3268 dictum
2763 3215 3155 3284 prudentissimi
3183 3215 3280 3270 viri
3314 3215 3443 3295 (Cio.
3468 3216 3577 3295 με.
3606 3218 3788 3295 (If/ig.)

2214 3300 2534 3360 liberalitate
2567 3306 2862 3362 liberalitas
2890 3318 3090 3377 pereat.
3123 3308 3240 3364 Noli
3581 3298 3608 3303 η

2283 3391 2558 3465 Bespicere
2606 3400 2674 3452 ad
2729 3401 2996 3469 phaleras,
3043 3412 3090 3456 et
3133 3404 3336 3457 nomina
3373 3421 3499 3459 vana
3519 3403 3784 3461 Catonum.

2461 3522 2472 3546 ε
3051 3493 3072 3565 (
3098 3492 3198 3548 Per
3222 3513 3266 3549 s.
3297 3496 3453 3568 Satyr
3477 3496 3510 3552 3
3529 3498 3572 3568 ).

2284 3576 2400 3649 Ego
2425 3586 2492 3646 te,
2520 3579 2724 3652 inquit,
2755 3567 2892 3638 intus
2921 3595 2968 3637 et
3009 3585 3062 3638 in
3107 3581 3230 3640 cute’
3257 3588 3370 3641 novi

2799 3675 3031 3746 (Lucan.
3076 3678 3165 3732 lib.
3206 3679 3505 3735 x.Pharaal
3528 3683 3569 3753 ).

2286 3762 2447 3835 325
2526 3763 2663 3820 Esse
2701 3765 3063 3823 Cunts'mivuu
3099 3769 3299 3839 grande
3327 3780 3429 3838 est,
3460 3787 3563 3826 non
3593 3771 3783 3828 videri.

2215 3851 2286 3908 Et
2313 3855 2496 3909 nescio
2523 3857 2794 3927 quomodo
2822 3859 2939 3927 plus
2971 3859 3184 3929 placent
3212 3862 3430 3930 mundo,
3461 3865 3546 3933 qui
3575 3863 3787 3921 Christo

2215 3944 2497 4014 displicent
2531 3964 2544 4000 :
2573 3947 2698 4002 Haec
2729 3963 2836 4004 non
2865 3950 3002 4005 sicut
3030 3953 3198 4017 aiunt,
3227 3951 3328 4008 Sus
3348 3952 3667 4021 Minervam;
3692 3955 3788 4010 sed

2214 4035 2598 4106 ingredientem
2624 4040 2860 4110 pelagus,
2885 4041 3085 4097 amicus
3105 4044 3329 4098 amicum
3359 4045 3559 4112 monui,
3583 4045 3789 4099 malens

2215 4142 2246 4182 a
2276 4136 2328 4184 te
2355 4129 2661 4186 facultatem
2692 4148 2862 4188 meam
2897 4133 3112 4205 requiri,
3141 4151 3298 4206 quam
3331 4136 3656 4191 voluntatem
3688 4156 3701 4191 :
3730 4145 3790 4191 ut

2216 4220 2270 4276 in
2299 4237 2407 4292 quo
2437 4238 2536 4293 ego
2568 4225 2746 4294 lapsus
2774 4239 2913 4291 sum,
2948 4236 3002 4281 tu
3030 4227 3182 4282 firmo
3208 4241 3458 4298 pergeres
3482 4229 3669 4298 gradu.

2287 4313 2340 4368 8.
2372 4312 2521 4367 Liber
2558 4313 2769 4368 Paulini
2795 4332 2886 4385 pro
2925 4315 3227 4372 Theodosio.
3256 4347 3326 4359 —
3347 4319 3563 4374 Librum
3596 4326 3775 4385 tuum,
3833 4371 3838 4378 ,

2215 4418 2370 4474 quem
2410 4419 2506 4472 pro
2552 4404 2856 4460 Theodosio
2887 4408 3126 4477 principe
3165 4409 3449 4478 prudenter
3487 4416 3790 4477 ornateque

2213 4494 2567 4562 compositum
2612 4499 2948 4552 transmisisti
2973 4543 2989 4567 ,
3014 4499 3240 4554 libenter
3266 4498 3403 4568 legi;
3434 4509 3483 4553 et
3513 4501 3787 4570 praecipue

2214 4583 2342 4638 mihi
2383 4585 2434 4637 in
2466 4599 2530 4640 eo
2575 4585 2867 4642 subdivisio
2927 4591 3142 4660 placuit.
3213 4589 3450 4660 Cumque
3494 4591 3544 4644 in
3596 4593 3790 4660 primis

2215 4677 2452 4746 partibus
2477 4677 2657 4732 vincas
2684 4678 2845 4745 alios,
2877 4681 2927 4734 in
2956 4681 3261 4751 penultimis
3285 4683 3509 4752 teipsum
3540 4696 3783 4752 superas.

2211 4767 2318 4825 Sed
2362 4778 2414 4823 et
2438 4769 2606 4838 ipsum
2633 4785 2803 4841 genus
2827 4774 3022 4843 eloquii
3056 4789 3298 4844 pressum
3328 4784 3411 4830 est
3430 4785 3485 4831 et
3505 4775 3734 4830 nitidum
3764 4795 3778 4831 :

2213 4867 2270 4915 et
2317 4875 2439 4914 cum
2463 4860 2706 4918 Tulliana
2742 4864 2914 4919 luceat
2943 4865 3195 4934 puritate,
3223 4867 3469 4921 crebrum
3490 4875 3570 4922 est
3593 4867 3644 4920 in
3662 4883 3787 4922 sen-

2213 4952 2414 5006 tentiis.
2446 4951 2596 5008 Jacet
2622 4955 2765 5010 enim
2799 4955 2877 5022 (ut
2901 4955 2976 5009 ait
3003 4955 3080 5025 (α)
3113 4956 3330 5025 quidam
3355 4955 3375 5027 )
3401 4959 3572 5011 oratio
3596 4959 3649 5010 in
3675 4972 3779 5025 qua

2217 5054 2419 5102 tantum
2447 5047 2606 5103 verba
2648 5046 2944 5102 laudantur.
2971 5047 3236 5104 Prmterea
3266 5062 3457 5119 magna
3497 5056 3578 5102 est
3603 5063 3786 5102 rerum

2213 5140 2615 5208 consequentia,
2642 5147 2696 5193 et
2722 5139 2945 5193 alterum
2968 5139 3168 5207 pendet
3205 5155 3272 5196 ex
3301 5140 3488 5194 altero.
3521 5138 3788 5209 Quidquid

2213 5230 2675 5299 assumpseris,vel
2705 5230 2822 5284 ﬁnis
2846 5231 3202 5299 superiorum,
3225 5231 3310 5288 vel
3335 5233 3540 5287 initium
3553 5247 3790 5301 sequen-

2214 5319 2346 5374 tium
2375 5329 2476 5374 est.
2507 5319 2655 5374 Felix
2684 5320 3039 5388 Theodosius,
3067 5328 3204 5390 quia
3235 5324 3326 5378 tali
3347 5323 3544 5378 Christi
3575 5332 3790 5378 oratore

2211 5409 2530 5466 defenditur.
2560 5410 2839 5466 lllustrasti
2858 5425 3118 5481 purpuras
3145 5413 3263 5483 ejus
3281 5455 3298 5480 ,
3325 5422 3379 5469 et
3400 5414 3675 5470 utilitatem
3711 5414 3790 5468 le-

2211 5520 2334 5574 gum
2363 5504 2553 5558 futuris
2587 5505 2797 5560 saeculis
2823 5505 3170 5559 consecrasti.
3203 5507 3377 5562 Macte
3409 5510 3601 5562 virtute
3644 5526 3658 5561 :
3702 5509 3789 5577 qui

2213 5593 2337 5647 talia
2371 5593 2535 5649 habes
2561 5595 2880 5662 rudimenta,
2919 5596 3091 5663 qualis
3115 5599 3437 5654 exercitatus
3465 5599 3617 5654 miles
3645 5600 3791 5654 erisl

2275 5729 2343 5792 (ε)
2379 5729 2658 5798 Quintilian.
2685 5731 2894 5798 Protem.
2919 5729 2952 5798 l_.
2972 5730 3017 5777 8.
3039 5731 3131 5779 sub
3153 5731 3318 5798 finem,
3347 5752 3370 5781 ι
3390 5735 3497 5798 Non
3514 5732 3776 5798 intelligun

2205 5789 2377 5854 jacere
2393 5804 2575 5854 sensus
2597 5795 2648 5843 in
2671 5793 2906 5850 oratione,
2931 5791 2980 5838 in
3004 5805 3101 5854 qua
3125 5794 3275 5842 verba
3300 5789 3602 5846 laudantur.»

2210 5850 2586 5963 'coggeCravius
2606 5863 2714 5907 Jam
2734 5864 2860 5903 nunc
2889 5863 2988 5901 non
3016 5850 3146 5914 sunt,
3169 5857 3386 5917 reposito
3432 5871 3559 5910 nunc
3583 5872 3614 5910 e
3635 5865 3803 5912 vetert
