4146 6336
396 444 500 510 585

398 568 443 624 0
466 569 513 624 si
537 562 668 621 mihi
684 563 873 621 liceret
893 556 1196 620 istiusmodi
1219 557 1492 631 ingenium
1515 562 1740 631 nonper
1759 557 1962 615 Aonios

399 665 606 714 montes
633 663 688 711 et
717 654 984 712 Heliconis
1005 653 1237 711 vertices
1259 692 1276 720 ,
1305 662 1363 708 ut
1391 652 1572 709 Poeta:
1596 658 1838 719 canunt,
1871 649 1965 706 sed

401 762 497 820 per
516 746 644 803 Sion
668 754 725 805 et
755 742 1045 818 ltabyrium
1073 740 1323 817 [Thabor]
1347 783 1363 811 ,
1394 751 1451 800 et
1475 741 1607 800 Sina
1629 742 1843 799 excelsa
1871 739 1969 796 du-

400 855 541 897 cere.
589 839 649 896 Si
688 839 1019 911 contingeret
1060 837 1256 893 docere
1325 852 1447 908 qua:
1489 836 1694 891 didici:
1725 844 1781 892 et
1819 832 1970 905 quasi

402 946 497 1002 per
509 944 701 986 manus
717 929 967 1003 mysteria
986 928 1197 984 tradere
1211 920 1598 998 Prophetarum
1618 924 1710 1000 [aL
1735 924 1973 996 Scripr

400 1019 634 1094 rarum],
662 1030 974 1078 nasceretur
1000 1019 1155 1077 nobis
1183 1019 1383 1092 aliquid
1414 1018 1557 1091 quod
1580 1018 1738 1075 docta
1762 1016 1969 1074 Graecia

402 1128 506 1170 non
534 1111 777 1169 haberet.

472 1207 525 1264 9.
553 1207 692 1264 Audi
720 1220 849 1279 ergo
866 1246 884 1275 ,
905 1206 978 1263 mi
1018 1221 1297 1275 conserva,
1327 1206 1500 1263 amice
1520 1245 1536 1273 ,
1561 1217 1851 1277 germane:
1878 1216 1973 1256 au-

402 1302 572 1358 sculta
595 1300 884 1370 paulisper,
926 1315 1033 1372 quo
1058 1300 1111 1356 in
1141 1299 1434 1371 Scripturis
1463 1299 1661 1355 sanctis
1699 1297 1834 1352 calle
1853 1308 1975 1366 gra-

403 1392 584 1448 diaris.
615 1391 805 1448 Toruu
830 1391 973 1462 quod
1022 1391 1253 1462 legimus
1285 1390 1341 1445 in
1369 1387 1803 1454 divinisLibris,
1840 1386 1975 1442 nitet

404 1483 635 1555 quidem,
656 1482 887 1556 etfulget
911 1483 1149 1539 etiamin
1176 1483 1398 1549 cortice,
1422 1482 1515 1537 sed
1547 1480 1755 1536 dulcius
1773 1478 1828 1534 in
1856 1492 1973 1534 rne-

405 1574 546 1630 dulla
558 1560 767 1641 est.Qui
793 1574 955 1631 edere
979 1575 1091 1630 vult
1115 1574 1385 1639 nucleum,
1410 1572 1619 1643 frangat
1647 1584 1839 1626 nucem
1867 1567 1977 1642 (Ea

407 1663 637 1738 Plauto).
667 1684 687 1718 ‹
722 1665 943 1733 Revela,
980 1683 1000 1718 ι
1031 1665 1202 1735 inquit
1221 1663 1414 1733 David,
1447 1682 1468 1716 ι
1507 1663 1691 1719 oculos
1719 1676 1893 1727 meos,
1920 1669 1976 1716 et

404 1757 753 1813 considerabo
779 1757 1042 1815 mirabilia
1082 1757 1150 1814 de
1195 1757 1313 1828 lege
1339 1764 1428 1811 tua
1464 1774 1484 1809 ι
1512 1756 1535 1826 (
1563 1754 1657 1810 Ps.
1702 1754 1827 1810 118.
1856 1751 1973 1823 18).

407 1848 463 1904 Si
508 1858 682 1906 tantus
724 1849 990 1921 Pr0pbeta
1029 1847 1279 1906 tenebras
1320 1846 1635 1919 ignorantia:
1668 1843 1975 1910 conﬁtetur,

372 2012 379 2017 θ
407 1958 506 2015 qua
535 1958 633 1999 nos
662 1953 817 2014 putas
859 1943 1109 2013 parvulos
1136 1984 1153 2011 ,
1183 1950 1239 1999 et
1266 1955 1403 2012 pene
1441 1940 1700 1996 lactentes
1745 1937 1973 1994 inscitiae

406 2043 563 2089 nocte
608 2033 970 2090 circumdari?
998 2034 1111 2091 Hoc
1147 2042 1326 2089 autem
1372 2033 1618 2088 velamen
1659 2044 1767 2085 non
1805 2027 1978 2085 solum

413 2125 466 2182 in
493 2125 625 2181 facie
661 2125 850 2197 Moysi,
875 2125 973 2181 sed
997 2132 1055 2180 et
1080 2126 1134 2179 in
1162 2123 1518 2194 Evangelistis
1543 2131 1601 2179 et
1623 2123 1678 2176 in
1704 2118 1979 2190 Apostolis

409 2215 636 2286 positum
661 2223 762 2271 est.
780 2214 975 2277 Turbis
999 2199 1248 2270 Salvator
1268 2214 1322 2268 in
1343 2211 1611 2283 parabolis
1640 2210 1979 2281 loquebatur,

408 2316 462 2362 et
483 2315 792 2362 contestans
811 2306 1096 2377 mysticum
1118 2319 1239 2361 esse
1264 2303 1406 2374 quod
1436 2296 1737 2369 dicebatur,
1761 2301 1936 2357 aiebat
1965 2318 1979 2354 :

413 2396 511 2464 Qui
534 2397 681 2453 habet
700 2413 850 2453 aures
870 2396 1112 2451 audiendi
1132 2393 1309 2449 audiat
1325 2392 1539 2466 (Luc.8.
1561 2392 1645 2463 8).
1666 2391 1778 2448 Nisi
1799 2401 1983 2464 aperta

410 2482 611 2543 fuerint
631 2490 879 2543 universa
908 2500 1028 2557 quae
1046 2485 1246 2556 scripta
1261 2492 1391 2540 sunt
1411 2484 1481 2539 ab
1496 2497 1582 2549 eo,
1658 2484 1823 2556 323
1892 2482 1985 2553 qui

407 2578 792 2635 habetclavem
814 2575 982 2631 David
1004 2592 1017 2630 :
1037 2575 1128 2646 qui
1143 2574 1333 2644 aperit,
1352 2582 1408 2629 et
1423 2587 1581 2630 nemo
1597 2573 1816 2640 claudit,
1839 2572 1985 2628 clau-

408 2669 510 2733 dit,
543 2676 598 2724 et
615 2682 774 2724 nemo
798 2667 972 2738 aperit
1002 2685 1015 2721 :
1042 2666 1190 2721 nullo
1208 2666 1315 2720 alio
1339 2673 1632 2730 reserante,
1662 2665 1981 2736 pandentur.

298 2821 309 2825 ,
407 2762 465 2818 Si
499 2761 726 2816 haberes
764 2760 868 2816 hoc
908 2759 1335 2825 fundamentum,
1364 2759 1472 2813 imo
1495 2759 1540 2813 si
1569 2758 1722 2828 quasi
1749 2765 1986 2813 extrema

410 2865 601 2908 manus
641 2850 722 2922 (α)
762 2849 911 2921 operi
959 2858 1051 2905 tuo
1096 2848 1461 2916 induceretur,
1506 2847 1639 2903 nihil
1691 2847 1983 2918 pulchrius,

412 2943 544 3000 nihil
574 2941 803 3006 doctius,
833 2939 967 2996 nihil
993 2940 1224 3007 dulcius,
1244 2934 1483 3012 nihilque
1509 2939 1869 2997 Latinius'tuis
1892 2939 1989 2994 ha-

413 3031 664 3091 beremus
686 3031 1075 3089 voluminibus.

488 3124 575 3179 lO.
603 3123 965 3181 Tertullianus
993 3123 1183 3199 creber
1204 3132 1290 3181 est
1318 3124 1372 3180 in
1397 3125 1698 3188 sententiis,
1728 3122 1825 3179 sed
1848 3121 1988 3178 difﬁ-

416 3217 532 3274 cilis
559 3217 612 3271 in
639 3216 929 3288 loquendo.
958 3216 1155 3273 Beatus
1182 3217 1480 3289 Cyprianus
1506 3217 1676 3272 instar
1696 3215 1860 3272 fontis
1889 3231 1989 3286 pu-

417 3309 633 3374 rissimi,
662 3308 829 3364 dulcis
856 3308 1059 3365 incedit
1084 3317 1142 3365 et
1167 3307 1446 3381 placidus;
1474 3316 1674 3365 etcum
1721 3317 1863 3365 totus
1919 3308 1990 3365 sit

420 3399 473 3456 in
505 3400 580 3471 (b)
614 3399 983 3457 exhortatione
1017 3400 1274 3475 virtutum
1297 3442 1313 3468 ,
1345 3411 1636 3472 occupatus
1661 3400 1990 3472 persecutio-

422 3505 547 3545 num
577 3490 853 3562 angustiis,
878 3491 947 3548 de
975 3491 1263 3562 Scripturis
1290 3491 1484 3548 divinis
1512 3506 1845 3563 nequaquam
1874 3491 1988 3548 dis-

423 3582 605 3638 seruit.
633 3581 835 3653 lnclyto
864 3582 1167 3639 Victorinus
1192 3584 1454 3655 martyrio
1514 3593 1821 3649 coronatus,
1848 3583 1991 3654 quod

425 3674 689 3744 intelligit,
718 3675 894 3747 eloqui
915 3690 1020 3731 non
1047 3683 1245 3747 potest.
1265 3676 1572 3733 Lactantius
1596 3676 1749 3748 quasi
1773 3674 1991 3747 quidam

425 3764 618 3822 fluvius
646 3766 957 3837 eloquentiae
986 3767 1245 3823 Tullianae
1270 3808 1287 3835 ,
1329 3768 1535 3824 utinam
1570 3778 1679 3824 tam
1705 3775 1890 3825 nostra
1913 3768 1993 3823 af-

423 3859 638 3916 firmare
670 3860 948 3930 potuisset,
990 3876 1149 3931 quam
1179 3858 1338 3916 facile
1361 3861 1537 3917 aliena
1577 3860 1861 3918 destruxit.
1893 3862 2015 3937 Ar-O
2036 3878 2077 3937 ε

425 3952 615 4007 nobius
664 3952 938 4023 inaequalis
968 3961 1026 4009 et
1064 3951 1284 4018 nimius,
1332 3962 1389 4009 et
1437 3953 1638 4023 absque
1687 3951 1867 4022 operis
1912 3953 1995 4008 sui

424 4044 708 4115 partitione
736 4044 1009 4101 confusus.
1052 4046 1281 4102 Sanctus
1326 4044 1560 4100 Hilarius
1592 4043 1869 4100 Gallicana
1904 4059 1996 4099 co-

427 4134 622 4192 thurno
661 4136 957 4195 attollitur:
987 4146 1045 4195 et
1095 4152 1215 4194 cum
1265 4137 1486 4194 Graeciae
1506 4134 1727 4194 ﬂoribus
1765 4136 1995 4193 adorne-

426 4234 533 4294 tur,
562 4226 734 4299 longis
754 4228 1021 4286 interdum
1048 4228 1284 4300 periodis
1308 4230 1617 4297 involvitur,
1644 4236 1744 4285 eta‘
1770 4228 1999 4285 lectione

428 4318 806 4387 simpliciorum
835 4318 1057 4376 fratrum
1084 4321 1271 4391 procul
1299 4328 1403 4377 est.
1446 4321 1623 4377 Taceo
1649 4319 1719 4376 de
1743 4321 1955 4376 caeteris
1978 4359 1995 4385 ,

428 4407 515 4463 vel
538 4407 821 4479 defunctis,
845 4410 933 4467 vel
956 4411 1117 4466 etiam
1139 4410 1313 4466 adhuc
1336 4411 1636 4467 viventibus
1654 4452 1670 4478 ,
1699 4426 1860 4483 super
1882 4412 2001 4483 qui-

427 4497 530 4555 bus
557 4500 609 4556 in
641 4510 922 4573 utramque
940 4512 1143 4574 partem
1172 4515 1293 4576 post
1315 4519 1414 4562 nos
1440 4506 1527 4560 alii
1550 4506 1886 4576 iudicabunt.

501 4592 589 4647 11.
644 4593 727 4649 Ad
776 4595 1006 4665 teipsum
1072 4597 1280 4666 veniam
1332 4608 1697 4669 symmysten,
1749 4598 1989 4653 sodalem

430 4697 633 4754 meum,
654 4694 707 4742 et
725 4687 974 4753 amicum,
992 4688 1694 4759 amicum,inquam,meum,
1713 4699 1999 4761 antequam

430 4786 649 4845 notum;
676 4787 733 4837 et
752 4780 1030 4849 precabor,
1058 4795 1128 4837 ne
1154 4782 1575 4837 assentationem
1606 4782 1660 4836 in
1691 4782 1987 4838 necessitu-

416 4869 557 4931 dine
595 4868 689 4943 [al.
719 4872 1156 4945 necessitudinem]
1199 4873 1486 4943 suspiceris
1512 4890 1525 4926 :
1553 4874 1683 4942 quin
1711 4875 1888 4942 potius
1916 4874 2003 4929 vel

417 4975 614 5024 errare
636 4962 731 5034 [aL
754 4963 942 5037 errore]
968 4979 1056 5021 me
1080 4964 1365 5031 aestimato,
1375 4963 1457 5019 vel
1477 4977 1663 5019 amore
1687 4963 1816 5031 labi,
1845 4978 2005 5035 quam

430 5053 661 5110 amicum
702 5054 1006 5113 adulatione
1045 5056 1314 5126 decipere.
1360 5055 1605 5125 Magnum
1651 5054 1819 5111 habes
1862 5056 2007 5126 inge-

433 5146 602 5213 nium,
628 5157 684 5209 et
715 5148 975 5204 infinitam
1000 5150 1267 5205 sermonis
1303 5149 1695 5220 supellectilem
1728 5168 1743 5206 :
1770 5158 1826 5207 et
1853 5149 2007 5207 facile

432 5236 667 5308 loqueris
691 5246 747 5294 et
774 5254 926 5309 pure,
981 5239 1311 5311 facilitasque
1357 5240 1471 5311 ipsa
1498 5251 1554 5299 et
1594 5242 1794 5312 puritas
1839 5243 2007 5301 mixta

436 5328 731 5397 prudentia:
753 5339 856 5386 est.
900 5331 1083 5401 Capite
1106 5331 1302 5403 quippe
1340 5346 1474 5389 sano
1503 5349 1693 5392 omnes
1719 5350 1909 5393 sensus
1928 5338 2008 5392 vi.

433 5428 576 5488 gent.
612 5419 751 5478 Huic
775 5421 1071 5492 prudentia:
1108 5429 1165 5479 et
1189 5422 1505 5493 eloquentia;
1529 5425 1577 5481 si
1616 5427 1897 5484 accederet
1923 5429 2009 5485 vel

420 5510 667 5571 studium
692 5552 709 5581 ,
745 5513 828 5569 vel
853 5511 1201 5582 intelligentia
1230 5513 1628 5584 Scripturarum
1650 5558 1669 5587 ,
1692 5517 1926 5576 viderem
1954 5528 2009 5576 te

498 5710 572 5778 (ᾳ)
607 5715 813 5778 Quidam
832 5713 945 5778 Mss,
972 5713 1024 5764 iu
1045 5719 1128 5778 tuo
1151 5724 1303 5778 ppere
1340 5714 1615 5778 duceretur.
1634 5715 1745 5768 Mox
1771 5726 1937 5769 autem
1975 5734 2007 5771 e

380 5812 383 5815 .
434 5770 643 5840 duobus,
668 5774 791 5828 nihil
812 5776 998 5840 doctius
1019 5813 1032 5839 ,
1056 5770 1197 5827 niltit'
1218 5776 1427 5840 dulcius,
1450 5779 1657 5830 alterum
1679 5781 1871 5832 videtur
1894 5770 2008 5833 esse

433 5833 720 5896 proaltero,
746 5845 798 5888 et
824 5833 1086 5888 abundare.

426 5894 451 5931 Γ
498 5894 572 5957 (b)
595 5896 673 5946 At.
698 5894 1131 5963 mmmam,
1154 5908 1265 5963 quae
1285 5900 1434 5954 lectio
1467 5899 1684 5956 Victor-io
1717 5902 1912 5956 placidi.

1788 434 2117 497 EPISTOLA
2155 432 2289 494 LIX.

2036 3832 2300 3968 ἆ

2050 3968 2268 4170 Ἀ

2092 5101 2467 5176 qpenlfaulinus
2486 5101 2698 5176 regione
2719 5116 2862 5176 erat.
2895 5101 3090 5176 Ρὶβῑέέῖβ
3132 5101 3253 5176 θτέδ
3295 5101 3348 5163 in

3540 450 3644 514 586

2075 558 2224 673 ξπεῖἰ
2245 573 2421 616 arcem
2436 565 2622 673 tenere
2638 569 3032 673 nostrorumst
3045 569 3416 628 ascendentem
3432 575 3503 648 (c)
3521 590 3644 635 cum
3668 619 3692 673 ί

2075 649 2208 707 Joab
2228 660 2424 708 tectum
2448 651 2580 709 Sion
2609 654 2699 725 (1.
2731 653 2914 712 Paret.
2945 658 3009 716 11
3030 658 3073 730 ),
3111 672 3307 720 canere
3348 665 3403 721 in
3453 649 3691 727 doma-1?

2076 742 2237 810 tibus,
2250 744 2391 814 quod
2408 744 2459 800 in
2471 745 2732 819 cubilibus
2746 749 3424 828 cognovisses.Accingere,
3437 774 3643 833 quaeso,

2079 841 2164 900 te,
2196 836 2490 907 accingere.
2527 854 2549 889 ι
2588 836 2734 894 Nihil
2760 838 2880 895 sine
2919 852 3111 912 magno
3136 843 3323 902 labore
3350 849 3460 905 vita
3501 850 3645 907 dedit

2076 928 2390 984 mortalibus
2417 927 2525 1000 (Ea:
2548 928 2680 985 Hor.
2709 930 2745 985 ι.
2778 931 2831 987 1.
2868 932 2987 989 Sat.
3007 932 3085 1004 9).
3113 932 3356 995 Nobilem
3382 946 3435 998 te
3462 942 3648 1000 Eccle-

2076 1017 2153 1072 sia
2176 1018 2395 1086 habeat,
2426 1029 2485 1075 ut
2512 1021 2658 1091 prius
2685 1022 2913 1080 Senatus
2940 1025 3141 1083 habuit.
3169 1027 3414 1101 Praepara
3441 1034 3537 1090 tibi
3568 1036 3650 1091 di-

2076 1107 2234 1164 vitias
2257 1149 2272 1175 ,
2303 1124 2435 1180 quas
2462 1111 2701 1181 quotidie
2734 1128 2925 1185 eroges
2952 1132 2968 1171 :
2991 1124 3047 1172 et
3081 1132 3347 1189 nunquam
3376 1121 3648 1193 deﬁciant,

2077 1198 2205 1255 dum
2248 1200 2391 1272 viget
2427 1211 2579 1270 mtas,
2630 1204 2756 1260 dum
2801 1205 2880 1279 (ά)
2919 1209 3157 1266 nondum
3183 1212 3333 1269 canis
3386 1216 3649 1286 spargitur

2077 1299 2238 1361 caput
2261 1314 2275 1349 :
2296 1302 2580 1366 antequam
2603 1312 2623 1349 ι
2647 1298 2875 1354 subeant
2890 1294 3084 1367 morbi,
3097 1302 3366 1378 tristisque
3381 1318 3651 1381 senectus,

2079 1381 2239 1454 327
2312 1385 2379 1439 Et
2399 1385 2549 1442 la‘bor
2567 1428 2582 1455 ,
2609 1397 2663 1444 et
2686 1388 2835 1446 dura:
2859 1409 2879 1444 ι
2899 1392 3072 1463 rapiat
3104 1411 3126 1447 s
3148 1395 3489 1457 inclementia
3503 1416 3653 1458 mor-

2081 1474 2167 1529 tis.
2182 1494 2203 1529 s
2232 1475 2375 1532 Nihil
2400 1478 2455 1534 in
2477 1489 2531 1536 te
2555 1480 2825 1539 mediocre
2847 1499 2967 1541 esse
2982 1494 3266 1546 contentus
3284 1505 3405 1548 sum
3432 1509 3449 1547 :
3478 1502 3648 1551 totum

2080 1580 2346 1623 summum
2372 1610 2388 1635 ,
2417 1579 2586 1627 totum
2633 1574 2924 1642 perfectum
2978 1578 3247 1637 desidero.
3298 1580 3371 1655 (ε)
3399 1582 3653 1643 Sanctum

2082 1655 2427 1728 Vigilantiam
2465 1663 2842 1736 Presbyterum
2877 1683 2979 1738 qua
3006 1668 3262 1727 aviditate
3286 1677 3613 1746 susceperim
3637 1719 3654 1746 ,

2080 1748 2272 1805 melius
2286 1760 2369 1806 est
2391 1760 2452 1807 ut
2478 1752 2646 1824 ipsius
2669 1757 2863 1823 verbis,
2889 1773 3044 1829 quam
3069 1761 3205 1817 meis
3228 1762 3404 1821 discas
3424 1765 3612 1822 litteris
3639 1786 3655 1822 :

2083 1842 2173 1912 qui
2201 1856 2298 1898 cur
2325 1852 2433 1899 tam
2472 1845 2583 1901 cito
2608 1861 2641 1902 a
2686 1849 2840 1905 nobis
2866 1850 3135 1920 profectus
3163 1844 3235 1912 sit
3256 1898 3272 1926 ,
3316 1866 3372 1914 et
3401 1872 3503 1914 nos
3532 1858 3657 1915 reli-

2083 1938 2276 2024 querit,
2318 1953 2425 2024 non
2468 1955 2687 2011 possum
2730 1944 2940 2016 dicere,
2990 1962 3058 2003 ne
3109 1948 3307 2008 laedere
3354 1953 3656 2024 quempiam

2081 2022 2283 2078 videar.
2331 2023 2532 2082 Tamen
2574 2028 2726 2099 quasi
2762 2037 3168 2100 praetereuntem
3217 2042 3271 2091 et
3320 2022 3657 2094 festinantem

2087 2113 2354 2182 paululum
2370 2117 2588 2182 retinui,
2617 2126 2673 2174 et
2700 2129 2915 2189 gustum
2935 2123 2986 2177 ei
3012 2132 3209 2180 nostrae
3238 2124 3487 2182 amicitiae
3504 2126 3650 2196 dedi,

2085 2208 2146 2257 ut
2172 2218 2268 2272 per
2290 2219 2412 2260 eum
2436 2206 2616 2263 discas
2636 2248 2653 2276 ,
2681 2211 2805 2279 quid
2835 2212 2888 2266 in
2922 2214 3079 2271 nobis
3109 2213 3181 2290 (f)
3202 2216 3495 2275 desideres.
3528 2216 3648 2275 San-

2085 2300 2228 2350 ctam
2252 2311 2570 2354 conservam
2597 2308 2759 2367 tuam,
2790 2310 2850 2359 et
2871 2313 3048 2361 tecum
3074 2306 3130 2362 lu
3162 2307 3388 2366 Domino
3425 2310 3658 2368 militan-

2087 2394 2215 2454 tem,
2249 2402 2345 2458 per
2368 2397 2423 2445 te
2443 2390 2660 2447 salutari
2692 2393 2837 2450 volo.
3462 2400 3465 2405 '

2549 2524 2879 2586 EPISTULA
2930 2530 3047 2587 LIX
3099 2530 3200 2604 (g).

2653 2656 2721 2696 AD
2766 2656 3101 2701 ΙΑιιοκιιΑι.

2088 2743 2171 2801 Dc
2193 2743 2274 2817 (li)
2297 2748 2600 2819 quibusdam
2632 2753 3008 2820 Quwstionibus
3033 2761 3148 2814 novi
3177 2752 3498 2819 Testameut‘i.
3534 2762 3660 2821 Sin-

2161 2838 2295 2909 gulis
2308 2840 2529 2913 quinque
2550 2843 2925 2911 Quastionilms
2942 2849 3038 2904 sibi
3061 2866 3094 2905 a
3123 2849 3372 2910 Marcella
3392 2856 3664 2928 prepositis

2162 2933 2452 3003 respondet.

2163 3023 2219 3078 1.
2247 3023 2451 3094 Magnis
2478 3038 2578 3082 nos
2602 3038 2862 3097 provocas
2899 3032 3328 3103 Qumstionibus;
3365 3044 3421 3092 et
3449 3045 3668 3109 torpens

2093 3113 2204 3169 otio
2246 3114 2538 3185 ingenium,
2584 3117 2711 3175 dum
2757 3121 3077 3194 interreges,
3124 3122 3305 3183 doces.
3348 3128 3526 3186 Prima
3580 3139 3669 3187 tua

2093 3204 2386 3262 sciscitatio
2407 3206 2522 3274 fuit,
2551 3224 2671 3280 quae
2701 3211 2809 3266 sint
2834 3213 2945 3281 illa,
2977 3232 2998 3266 ι
3029 3230 3147 3287 quae
3172 3232 3274 3274 nec
3299 3219 3487 3278 oculus
3515 3216 3666 3292 vidit,

2094 3310 2197 3352 nec
2233 3296 2380 3353 auris
2413 3298 2650 3367 audivit,
2681 3316 2782 3359 nec
2820 3304 2876 3359 in
2906 3318 3001 3361 cor
3038 3305 3270 3379 hominis
3292 3310 3672 3379 ascenderunt,

2095 3398 2214 3456 quae
2265 3389 2580 3459 praeparavit
2609 3391 2749 3448 Deus
2770 3393 2854 3449 his
2878 3396 2971 3467 qui
2989 3396 3217 3469 diligunt
3240 3416 3361 3458 eum
3389 3422 3408 3456 ι
3446 3403 3522 3474 (1.
3550 3402 3669 3460 Car.

2094 3476 2150 3533 9..
2182 3478 2263 3549 9).
2310 3480 2379 3535 Et
2431 3482 2701 3552 quomodo
2749 3499 2934 3542 rursus
2959 3488 3099 3544 idem
3130 3493 3416 3561 Apestolns
3437 3494 3670 3552 inferat:

2102 3585 2124 3622 ι
2163 3568 2325 3625 Nobis
2374 3581 2552 3627 autem
2590 3575 2845 3631 revelavit
2871 3576 3012 3633 Deus
3060 3593 3159 3650 per
3181 3582 3426 3652 spiritum
3465 3598 3620 3640 suum
3646 3606 3669 3640 ι

2102 3657 2317 3730 (Ibid.u.
2346 3660 2460 3731 10).
2483 3662 2551 3718 Ει
2575 3665 2622 3720 si
2644 3666 2940 3723 revelatum
2959 3677 3042 3725 est
3066 3670 3344 3741 Apostolo,
3377 3672 3674 3745 intelligere

2099 3750 2389 3839 debeamus
2409 3794 2424 3821 ,
2454 3750 2521 3825 (ε)
2559 3757 2828 3826 quomodo
2853 3767 2909 3815 et
2930 3759 3050 3816 aliis
3073 3763 3415 3820 revelaverit.
3446 3765 3530 3821 Ad
3552 3780 3675 3839 quae

2300 3846 2583 3933 responsio
2612 3856 2713 3914 est,
2747 3865 2851 3905 non
2880 3850 3079 3909 debere
3103 3868 3202 3910 nos
3227 3869 3470 3927 quaerere
3494 3898 3510 3926 ,
3542 3858 3671 3930 quid

2214 4057 2697 4139 2-.P9_rrasraze.mst
2726 4062 2981 4139 Erasmus
3020 4067 3294 4139 Υίαρςῑμεη
3311 4070 3522 4139 ﬁliique
3560 4074 3680 4139 eam

2099 4123 2454 4196 gramineae.
2475 4123 2717 4196 Allnditur
2739 4129 2869 4196 enim
2883 4128 3011 4196 _h_eic
3042 4123 3347 4196 loci_illud'l.
3371 4123 3531 4185 Pal-al.
3556 4123 3679 4189 iis:

2101 4180 2324 4253 ascendit
2344 4184 2493 4251 igitur
2514 4185 2702 4253 primus
2719 4189 2837 4253 ,1οῴ
2868 4188 2999 4253 ﬁlius
3020 4180 3339 4253 Sanumetc.

2167 4244 2245 4356 δέ)
2270 4244 2611 4318 Immutaverat
2647 4251 2762 4301 edit.
2798 4244 3053 4304 Bc'nedict.
3079 4244 3319 4306 contrario
3348 4269 3496 4309 sensu
3521 4273 3533 4309 :
3562 4259 3681 4312 dum

2135 4303 2168 4354 ά
2221 4318 2264 4356 rc
2287 4320 2420 4360 carus
2449 4309 2695 4368 spargitur
2732 4316 2903 4368 caput,
2942 4317 3343 4368 quemadmodum
3379 4332 3555 4368 revera
3590 4320 3679 4368 ali-

2101 4316 2264 4356 aamrc
2287 4316 2420 4360 canis
2449 4316 2695 4374 spargitur
2732 4316 2903 4376 caput,
2942 4317 3343 4378 quemadmodum
3379 4332 3555 4370 revera
3590 4320 3679 4370 ali-

2103 4374 2222 4444 quot
2393 4372 2594 4444 habent.
2629 4372 2729 4424 Sed
2760 4376 2808 4425 in
2828 4375 3160 4444 .illis_erroris
3182 4380 3372 4444 occasio
3401 4378 3527 4439 fuit,
3551 4383 3679 4443 quod

2102 4432 2404 4504 vetustiores
2432 4432 2578 4504 aliter
2600 4448 2689 4496 pro
2710 4436 3177 4504 nandum_legerint
3208 4432 3530 4504 aduncum,
3567 4432 3681 4504 quae

2103 4498 2347 4598 Eumenis
2373 4495 2580 4566 negandi
2602 4495 2833 4557 particula
2855 4496 2997 4547 facile
3011 4495 3205 4549 'excldit
3240 4498 3348 4549 aliis
3380 4495 3681 4565 indiligenti-

2140 4564 2198 4598 us
2220 4557 2519 4598 antnanarris.
2557 4569 2762 4598 mmrnm
2798 4559 2942 4598 etiam
2981 4572 3223 4598 nnnnnmn
3261 4560 3438 4598 sninhsc
3476 4566 3681 4598 vas-hum

2108 4560 2198 4629 pus
2215 4560 2520 4629 antiquariis,
2557 4569 2786 4629 quorum"
2798 4560 2943 4629 etiam
2981 4572 3223 4629 nonnemo
3260 4560 3439 4629 sciolns
3476 4560 3683 4629 verbum

2105 4616 2229 4674 viget
2252 4616 2301 4662 in
2324 4622 2460 4677 urget
2496 4616 2725 4680 corrupit.
2754 4616 2997 4668 Caeterum
3036 4626 3120 4670 aut
3152 4622 3395 4681 nondum,
3434 4632 3517 4675 aut
3555 4628 3682 4689 quod

2104 4672 2237 4745 idem
2261 4682 2363 4745 est;
2380 4675 2543 4745 adhuc
2563 4690 2655 4745 non
2673 4716 2686 4739 ,
2714 4680 3022 4745 scribendum
3056 4682 3210 4745 liquet
3234 4697 3298 4732 ex
3322 4692 3423 4735 toto
3446 4692 3684 4738 contextu

2342 4714 2355 4739 2
2381 4714 2539 4739 “2"”?
2564 4714 2655 4729 νινσι
2673 4716 2686 4739 ’

2107 4734 2309 4804 ipsaque
2333 4736 2597 4804 S.APaulini
2622 4734 2768 4804 aetate
2784 4775 2799 4799 ,
2824 4740 2926 4803 'qui
2950 4734 3129 4792 annum
3172 4744 3254 4795 43.
3277 4748 3360 4796 vix
3384 4734 3685 4800 fortasse—at:
3786 4773 3798 4779 -

2107 4799 2313 4857 tigerat,
2329 4799 2408 4845 cui
2432 4802 2560 4848 aetati
2584 4801 2689 4851 caui
2711 4805 2808 4849 neu
2830 4799 3145 4857 imputantur.

2173 4856 2683 4936 (Ae)“V_i_gi_lautiusi_ste
2699 4861 2835 4936 (alius.
2863 4856 2925 4913 ab
2962 4856 3060 4936 eo,
3105 4874 3272 4917 contra
3296 4882 3472 4936 _quem_
3491 4872 3689 4936 scripsit

2108 4914 2679 4995 {litationymustvidetur
2696 4922 2901 4995 Gravio,
2933 4914 3271 4991 aliisque'non—
3291 4914 3687 4995 iiaaéus'hhéf

2110 4977 2327 5054 quicum
2349 4977 2693 5054 sanctum‘dici
2718 4977 2932 5047 potuisse
2969 4977 3076 5054 noni
3096 4977 3378 5054 putantfdt
3387 4977 3691 5045 h'diidtiiii'iri

2109 5037 2339 5089 haeresim
2359 5048 2622 5113 eruperat;
2650 5052 2703 5095 et
2719 5037 2844 5096 'cum
2869 5060 2931 5098 ex
2956 5037 3373 5113 Aquitani}?
3394 5037 3691 5120 6533'“;

2111 5101 2466 5167 que‘Paulmus
2486 5107 2694 5167 regione
2719 5116 2862 5167 erat,
2895 5112 3090 5167 pietatis
3132 5125 3253 5167 ergo
3296 5116 3348 5163 in
3360 5069 3691 5167 qPalaestinam

3427 5129 3692 5168 attesunam

2114 5159 2521 5239 prpiicisceretur,
2546 5159 2985 5239 Ejusdemjittéris
3006 5159 3696 5239 mjegshhoioiniﬁéaliiﬁé

2114 5228 2222 5301 ἕξ
2245 5225 2381 5301 5.1904
2408 5227 2521 5301 ἔθεε
2545 5225 2757 5301 ιεξὶιδῑὶιε
2774 5229 2991 5301 ΕΡίδῐοιδ
3022 5225 3390 5301 atillip'arium,
3423 5225 3695 5301 διάιξξξιῖἆ

2113 5238 2221 5331 ﬁat;
2245 5238 2374 5337 (quoa
2413 5241 2521 5289 Ipse
2545 5238 2757 5303 testatur
2774 5238 2991 5341 Epistola
3022 5238 3080 5283 ad
3106 5238 3356 5297 Riparium
3375 5276 3390 5294 ,
3423 5244 3573 5301 atque
3601 5241 3694 5289 alia

2113 5289 2322 5366 319...};
2364 5288 2677 5366 assumas
2699 5291 2849 5366 vui.-
2886 5298 3010 5366 ιιεω,
3031 5295 3165 5366 aliis.
3180 5306 3285 5366 ωρι
3305 5298 3430 5366 .Ms.
3450 5300 3694 5366 ιινφοίριιθ

2113 5347 2593 5431 ἔζξῖῗὲίὶὶέέΐεάἐίέἱ
2612 5347 2791 5431 ,⁵³39φῖ
2807 5355 3096 5431 Presbyteri
3127 5356 3316 5431 Ρειιιίειί
3332 5347 3611 5431 adsidui
3636 5347 3698 5409 ήει

2112 5402 2251 5482 illius
2264 5423 2416 5482 super
2437 5415 2645 5482 nomine
2658 5402 2751 5464 tuo
2765 5402 2868 5466 non
2882 5402 3565 5482 bidji’ériirﬁddic'iiﬁjii;

2112 5433 2243 5461 unus
2264 5433 2322 5460 su
2358 5433 2416 5461 er
2438 5433 2634 5464 uuuune
2659 5433 2742 5464 ιυυ
2765 5433 2862 5466 non
2882 5433 3049 5478 putavi
3073 5433 3240 5469 errare
3261 5433 3448 5482 )uurciu
3504 5456 3515 5466 .
3542 5435 3565 5464 ι

2111 5433 2506 5587 κέρεὲἕΐεέἓε
2532 5471 2649 5525 editi
2679 5482 2789 5525 cum
2811 5478 3024 5540 negandi
3046 5478 3279 5542 particula
3298 5513 3316 5542 ,
3351 5433 3542 5544 in
3562 5479 3697 5531 nobis

2446 5549 2486 5586 8.
3470 5578 3474 5582 Α

2179 5597 2256 5784 βξ
2288 5594 2502 5708 ίτὲἒὶιᾶΐιῗ.
2522 5595 2710 5710 iiii”:

2213 5718 2233 5770 i
2286 5720 2475 5784 lterum
2498 5733 2563 5771 ex
2586 5719 2837 5784 Veronen.
2858 5723 3089 5784 legimus,
3104 5722 3159 5784 in
3182 5722 3303 5784 modi

2213 5718 2233 5770 ἱ

2289 5657 2502 5708 Titulum
2525 5657 2655 5709 hunc
2677 5674 2706 5710 c
2728 5659 3004 5713 Veronensi
3028 5658 3119 5712 Ms.
3136 5657 3472 5714 'restituimus‘.

2286 5720 2478 5794 lterum
2498 5733 2563 5771 ex
2585 5719 3089 5794 Averonemlegimus,
3102 5722 3159 5794 in
3181 5722 3324 5794 modo
3347 5724 3481 5774 enim
3501 5720 3701 5794 didicul-

2115 5782 2308 5844 tasge‘st,
2332 5794 2429 5844 quo
2451 5782 2712 5844 Apostolus
2736 5798 2793 5834 ea
2831 5782 2943 5844 suis,
2964 5782 3243 5843 tradiderit,
3282 5798 3393 5844 quae
3436 5799 3531 5838 nec
3567 5788 3700 5838 auris

2443 5822 3267 5956 inmutatia'mm‘uash
3283 5822 3550 5912 ismara”.
3567 5822 3698 5915 Ἡ
