4146 6336
527 490 633 550 587

525 609 598 666 sit
620 601 774 668 illud,
795 595 937 670 quod
959 607 1059 650 nec
1078 591 1260 649 oculus
1285 589 1440 656 vidit,
1461 601 1560 643 nec
1583 586 1726 641 auris
1744 583 1964 649 audivit,
1990 594 2090 636 nec

531 701 582 754 in
611 711 704 754 cor
724 691 954 748 hominis
979 685 1238 742 ascendit.
1268 684 1324 740 Si
1346 683 1485 738 enim
1515 681 1805 748 ignoratur,
1826 673 2093 746 quomodo

531 787 656 844 sciri
691 781 905 856 pctest?
931 777 1082 848 Quod
1111 773 1439 846 promittitur
1478 773 1528 824 in
1557 770 1754 831 futuro,
1783 782 1891 821 non
1917 763 2095 819 cerni-

528 888 616 934 tur
640 877 692 931 in
725 871 992 945 praesenti.
1033 888 1050 921 ε
1091 867 1226 938 Spes
1269 865 1408 920 enim
1447 875 1566 931 quae
1603 858 1812 912 videtur
1834 896 1850 921 ,
1877 869 1984 910 non
2017 860 2100 907 est

527 983 653 1040 spes
682 986 702 1020 ι
736 965 912 1034 (Rom.
959 960 1009 1015 8.
1040 960 1133 1028 2L)
1153 999 1169 1024 ,
1199 956 1291 1012 sed
1316 955 1422 1025 jam
1451 959 1594 1007 certa
1622 947 1928 1019 possessio:
1967 957 2100 1014 quo-

529 1032 691 1114 modo
737 1032 784 1110 si
817 1054 947 1108 velit
973 1049 1234 1121 quispiam
1277 1045 1500 1100 dicere:
1544 1039 1765 1096 ostende
1793 1037 1921 1092 mihi
1959 1032 2101 1105 quod

529 1149 799 1210 invisibile
849 1155 932 1202 est
987 1162 1001 1198 :
1053 1144 1268 1212 loquere
1315 1135 1455 1207 quod
1498 1133 1670 1190 audiri
1718 1147 1824 1186 non
1877 1134 2098 1200 potest:

529 1244 694 1317 328
763 1252 971 1309 expone
1003 1234 1143 1305 quod
1168 1229 1418 1302 cogitatio
1441 1243 1546 1281 non
1567 1221 1973 1294 comprehendit
1998 1219 2103 1273 bu.

533 1314 856 1403 manaErgo
871 1330 970 1384 hoc
982 1341 1143 1383 sensu
1162 1326 1202 1379 Α
1213 1321 1450 1390 postolus
1467 1318 1664 1374 dixisse
1679 1314 1976 1371 credendus
1993 1319 2100 1378 est,

529 1427 673 1500 quod
697 1421 998 1480 carnalibus
1023 1417 1213 1480 oculis,
1240 1423 1294 1469 et
1317 1427 1446 1466 aure
1463 1409 1684 1475 carnali,
1702 1416 1756 1463 et
1783 1404 2105 1476 cogitatione

531 1493 746 1574 mortali
778 1528 886 1568 non
913 1508 1118 1580 possint
1165 1503 1464 1575 spiritualia
1491 1495 1897 1569 comprehendi.
1934 1513 1953 1548 ε
1990 1493 2106 1549 Etsi

532 1609 675 1664 enim
702 1614 1022 1660 noveramus
1048 1595 1313 1669 quondam
1339 1593 1520 1648 .lesum
1547 1588 1837 1645 secundum
1865 1601 2104 1651 carnem,

529 1697 629 1755 sed
662 1709 802 1751 nunc
825 1693 937 1763 jam
957 1705 1062 1746 non
1089 1687 1334 1743 novimus
1357 1699 1477 1739 eum
1513 1701 1532 1735 ι
1569 1680 1646 1751 (2.
1676 1679 1794 1734 Cor.
1827 1675 2011 1746 5.16).
2043 1675 2109 1729 Et

530 1791 590 1847 iit
604 1787 822 1845 Joannis
848 1784 1084 1856 Epistola
1111 1780 1357 1838 scribitur
1388 1795 1402 1832 :
1433 1795 1453 1829 ‹
1497 1771 1786 1836 Carissimi,
1826 1783 1968 1824 nunc
2016 1766 2108 1820 filii

531 1880 629 1938 Dei
666 1892 871 1942 sumus,
902 1883 958 1932 et
997 1872 1226 1930 necdum
1263 1867 1600 1924 manifestum
1635 1871 1718 1919 est
1756 1859 1898 1932 quod
1943 1857 2108 1912 futuri

533 1985 738 2028 sumus.
795 1967 1007 2024 Scimus
1058 1964 1199 2020 enim
1273 1959 1520 2030 quoniam
1585 1970 1705 2010 cum
1773 1951 2106 2023 apparuerit,

532 2063 734 2120 similes
784 2060 835 2115 ei
875 2058 1096 2122 erimus,
1150 2052 1273 2122 quia
1322 2048 1619 2105 videbimus
1665 2059 1786 2100 eum
1815 2040 2104 2096 sicutiestr

535 2156 613 2228 (1.
642 2153 798 2208 Joan.
827 2152 882 2207 5.
907 2148 988 2221 2).
1042 2145 1298 2216 Quodque
1343 2141 1636 2198 revelatum
1689 2135 1786 2190 sibi
1818 2142 1870 2188 et
1901 2130 2111 2187 Sanctis

534 2223 632 2318 per
655 2244 898 2316 spiritum
939 2253 1060 2294 esse
1115 2243 1339 2292 testatur
1358 2273 1372 2297 ,
1404 2247 1511 2286 non
1541 2228 1720 2284 statim
1751 2223 2025 2294 sequitur,
2052 2227 2112 2274 ut

533 2313 650 2411 ipse
685 2313 803 2393 aliis
848 2330 1182 2390 revelaverit.
1223 2325 1435 2397 Alioqui
1481 2321 1680 2378 audivit
1702 2328 1755 2375 et
1784 2318 1836 2372 in
1869 2313 2112 2387 paradiso

535 2431 698 2488 verba
753 2424 1069 2489 ineffabilia,
1117 2435 1238 2492 quae
1299 2417 1418 2471 aliis
1481 2427 1701 2469 narrare
1756 2424 1862 2464 non
1908 2412 2114 2477 poterat

539 2521 616 2594 (2.
639 2520 756 2576 Cor.
784 2517 873 2587 l2)
909 2533 924 2572 :
963 2521 1054 2570 aut
1081 2512 1127 2567 si
1168 2509 1431 2575 narravit,
1457 2517 1787 2574 nequaquam
1827 2495 2111 2555 inelfabilia

538 2619 684 2668 sunt.

608 2703 665 2757 2.
687 2698 931 2757 Secunda
958 2694 1190 2764 Quaestio
1220 2690 1340 2755 fuit,
1358 2689 1410 2743 in
1439 2701 1541 2757 qua
1569 2683 1703 2740 dicis
1721 2681 1916 2751 legisse
1941 2687 1992 2733 te
2019 2691 2112 2747 per

563 2793 822 2850 ransitum
849 2791 901 2845 in
931 2785 1209 2857 Opusculis
1249 2781 1418 2846 meis,
1450 2777 1594 2849 quod
1634 2775 1754 2846 agni
1803 2775 1890 2844 qui
1921 2779 2062 2826 stant
2085 2786 2116 2825 a

550 2887 785 2950 dextris,
817 2890 871 2939 et
912 2879 1048 2936 haedi
1086 2877 1174 2948 qui
1217 2882 1357 2930 stant
1382 2887 1414 2926 a
1444 2868 1674 2926 sinistris
1700 2869 1719 2937 (
1746 2864 1935 2918 Matth.
1965 2863 2034 2917 25
2056 2864 2074 2932 )
2098 2900 2114 2928 ,

541 2975 828 3036 Christiani
853 2973 960 3029 sint
985 2978 1143 3040 atque
1167 2964 1393 3038 gentiles
1422 2979 1435 3016 :
1469 2971 1524 3016 et
1556 2974 1662 3013 non
1709 2957 1884 3028 potius
1914 2953 2038 3009 boni
2064 2962 2120 3006 et

541 3067 688 3124 ntali.
716 3064 831 3120 Non
873 3059 1090 3118 memini
1119 3070 1207 3112 me
1244 3055 1346 3109 hoc
1393 3048 1680 3120 aliquando
1721 3046 1951 3108 dixisse,
1982 3051 2036 3097 et
2073 3042 2119 3095 si

543 3158 820 3223 dixissem,
859 3167 966 3208 non
1005 3162 1178 3206 essem
1221 3147 1275 3200 in
1315 3157 1498 3200 errore
1535 3138 1799 3211 pertinax.
1853 3135 2117 3203 Quantum

543 3255 722 3304 autem
748 3242 965 3300 dictanti
991 3239 1164 3294 subito
1191 3233 1421 3291 occurrit
1445 3272 1461 3297 ,
1503 3232 1554 3285 in
1585 3227 1818 3285 secundo
1847 3225 2117 3280 volumine

545 3347 730 3396 contra
753 3335 1088 3392 Iovinianum
1113 3345 1274 3399 super
1304 3328 1406 3382 hoc
1442 3323 1674 3393 capitulo
1711 3321 2008 3390 disputasse
2035 3333 2122 3374 me

548 3431 695 3498 novi,
733 3437 789 3486 et
815 3441 923 3484 non
965 3424 1138 3480 solum
1171 3435 1332 3490 super
1351 3418 1466 3472 hoc
1485 3457 1499 3482 ,
1525 3415 1619 3470 sed
1645 3421 1699 3470 et
1721 3413 1787 3467 de
1811 3427 1875 3468 eo
1899 3411 2040 3483 quod
2066 3411 2120 3466 in

548 3521 792 3580 eamdem
818 3516 1164 3590 quaestionem
1205 3510 1369 3577 cadit,
1398 3509 1486 3563 ubi
1531 3507 1703 3577 pisces
1733 3505 1857 3559 mali
1887 3519 1918 3557 a
1965 3503 2119 3558 bonis

549 3613 786 3686 piscibus
832 3607 1218 3679 separabuntur
1267 3599 1480 3674 (Matth.
1525 3597 1634 3668 15).
1675 3595 1828 3664 Quod
1865 3609 1993 3665 ergo
2051 3593 2123 3647 ibi

548 3706 705 3778 plene
727 3703 924 3758 dietum
951 3705 1052 3762 est,
1081 3708 1222 3751 nunc
1240 3689 1587 3750 omittendum
1617 3688 1840 3743 videtur.

625 3798 680 3853 5.
710 3793 894 3849 Tertio
927 3790 1386 3858 interrogaveras,
1413 3780 1554 3852 quod
1589 3779 1716 3834 dicit
1756 3776 2042 3848 Apostolus
2069 3775 2124 3830 in

547 3887 781 3945 adventu
829 3882 1038 3938 Domini
1087 3878 1400 3938 Salvatoris,
1451 3872 1567 3942 rapi
1595 3869 1853 3941 quosdam
1884 3868 2126 3922 viventes

550 3979 763 4036 obviam
794 3976 847 4030 in
876 3973 1106 4030 nubibus
1128 4010 1146 4036 ,
1175 3970 1247 4023 ita
1275 3976 1332 4022 ut
1359 3981 1464 4021 non
1491 3962 1884 4034 praeveniantur
1921 3957 2124 4034 abhis,

552 4071 643 4142 qui
690 4070 744 4125 in
777 4066 994 4122 Christo
1031 4061 1361 4118 dormierunt
1415 4057 1494 4127 (l.
1537 4053 1717 4109 Thess.
1773 4053 1831 4123 4)
1882 4069 1895 4106 :
1942 4050 2129 4119 visque

554 4175 735 4223 nosse,
765 4167 944 4213 utrum
981 4155 1058 4208 sic
1097 4157 1380 4206 occurrant
1414 4147 1466 4200 in
1491 4144 1803 4213 corporibus
1828 4150 1882 4197 et
1907 4140 2000 4213 [al.
2052 4137 2126 4210 ut]

556 4268 665 4309 non
690 4258 813 4304 ante
872 4246 1200 4303 moriantur;
1231 4255 1350 4295 cum
1383 4247 1437 4291 et
1487 4236 1738 4289 Dominus
1775 4241 1962 4287 noster
1983 4246 2128 4285 mor-

558 4353 684 4396 tuus
703 4338 792 4402 sit,
810 4345 864 4390 et
889 4331 1071 4387 Enoch
1098 4339 1255 4398 atque
1278 4327 1418 4380 Elias
1443 4322 1732 4377 secundum
1753 4319 2127 4390 Apocalypsim

556 4427 777 4488 Joannis
806 4421 1050 4480 morituri
1075 4433 1195 4474 esse
1214 4416 1457 4470 dicantur
1483 4411 1668 4483 (Apoc.
1709 4408 1796 4480 11)
1832 4427 1845 4462 :
1889 4425 1957 4464 ne
1982 4409 2130 4464 scili-

556 4533 642 4580 cet
666 4522 806 4578 ullus
838 4519 907 4573 sit
947 4516 1037 4587 qui
1068 4528 1175 4569 non
1215 4507 1502 4580 gustaverit
1541 4513 1767 4559 mortem
1797 4501 1967 4572 (Psal.
2018 4500 2129 4573 88).

557 4615 673 4669 Hoc
700 4629 765 4668 ex
794 4611 964 4680 ipsius
989 4605 1093 4662 loci
1122 4599 1450 4660 continentia
1477 4596 1600 4652 sciri
1625 4603 1820 4665 potest,
1850 4592 1989 4663 quod
2012 4607 2134 4647 san-

561 4707 634 4760 cti
663 4704 754 4772 qui
803 4704 856 4756 in
888 4700 1114 4755 adventu
1159 4691 1453 4751 Salvatoris
1495 4687 1688 4743 fuerint
1732 4684 2049 4756 deprehensi
2079 4685 2134 4738 in

561 4806 808 4863 corpore,
839 4791 893 4844 in
921 4789 1112 4843 iisdem
1154 4783 1472 4855 corporibus
1523 4786 1810 4835 occurrant
1838 4776 1887 4831 ei
1916 4792 1928 4828 :
1960 4777 2031 4830 ita
2059 4784 2134 4829 ta-

564 4900 687 4940 men
705 4891 768 4937 ut
786 4880 1065 4950 inglorium
1080 4889 1134 4933 et
1149 4875 1511 4944 corruptivum
1539 4880 1594 4927 et
1623 4870 1866 4936 mortale,
1895 4869 2062 4938 gloria
2079 4875 2136 4922 et

564 4975 960 5043 incorruptione
973 4968 1434 5025 etimmortalitate
1470 4965 1633 5034 329
1666 4961 1992 5028 mutetur(l.
2012 4959 2132 5015 Cor.

566 5069 692 5135 l5);
731 5071 790 5118 ut
834 5060 1008 5131 qualia
1057 5072 1282 5126 corpora
1325 5054 1404 5124 (a)
1453 5060 1785 5106 mortuorum
1834 5057 2135 5104 surrectura

565 5159 694 5222 sint,
742 5161 801 5208 ut
845 5152 1004 5206 talem
1039 5145 1388 5202 substantiam
1419 5143 1580 5196 etiam
1611 5140 1853 5194 vivorum
1911 5153 2136 5208 corpora

565 5244 1032 5306 transformentur.
1064 5236 1216 5292 Unde
1245 5233 1373 5289 dicit
1413 5232 1466 5286 in
1494 5231 1600 5284 alio
1640 5229 1758 5283 loco
1804 5229 2089 5297 Apostolus
2120 5246 2135 5285 :

569 5363 588 5395 ι
627 5341 854 5407 Propter
873 5331 1016 5404 quod
1042 5327 1290 5384 nolumus
1316 5323 1623 5394 exspoliari,
1642 5320 1736 5376 sed
1750 5320 2134 5391 supervestiri;

626 5497 700 5558 (a)
736 5492 848 5545 Vox
884 5493 1180 5558 mortuorum
1214 5485 1270 5558 in
1291 5480 1491 5558 aliquot
1527 5479 1858 5558 prob‘aaAnotae
1900 5473 2140 5558 codicihgs

562 5536 700 5608 (ὴὲἷᾶ
709 5536 977 5613 enatum-ea
999 5556 1163 5598 tamen
1197 5536 1402 5614 retenta
1419 5551 1514 5603 est,
1529 5536 1668 5650 ’διιοά
1693 5550 1757 5586 ex
1780 5536 2000 5598 Opposito
2023 5538 2139 5586 sub-

565 5633 708 5650 ..ηνιη
748 5617 851 5650 ιιΜί
876 5613 1088 5650 "iuni-nm
1110 5616 1342 5650 concinne
1365 5615 1542 5650 resuon
1580 5607 1677 5650 eat.
1715 5597 1956 5648 Caeterum
1979 5597 2139 5647 confe-

565 5597 1088 5669 EKE'v‘déi'iiiiamm
1110 5597 1700 5669 wncinnereSpondeat.“
1715 5597 1956 5669 Ceterum
1979 5597 2140 5647 confe-

565 5657 747 5731 $.1st
759 5657 989 5726 *ξιξ-Ιίὲᾖέ
1006 5657 1324 5735 quaestionem
1344 5657 1632 5735 Tertulliani
1653 5659 1778 5735 liber
1798 5660 1864 5707 de
1899 5657 2141 5729 Resurre-

566 5721 746 5790 'ci'i'éii'é'
756 5721 1060 5797 caruiscapp
1090 5731 1170 5779 24.
1189 5735 1241 5778 et
1261 5726 1337 5797 ἐξ.
1357 5725 1416 5797 in.
1433 5735 1656 5797 eumque“
1665 5721 1919 5792 doctorum
1935 5721 2142 5792 virorum

570 5782 726 5856 adigi
747 5782 912 5849 et—li—b:
931 5782 1236 5856 S_.'adversus
1270 5782 1586 5856 Marcionern'.
1617 5783 1741 5854 Tum
1764 5795 1891 5856 vero
1907 5783 1961 5856 in_
1978 5782 2144 5856 primis

572 5841 1180 5922 ipseilieronvmusinfra
1203 5847 1407 5914 epistola
1429 5847 1489 5918 ad
1520 5845 1813 5918 Minervium
1847 5851 1917 5922 et.
1934 5841 2146 5892 Alexan-

571 5905 818 5970 iiiiii.’&ii:i
838 5905 986 5969 asiam
1008 5905 1333 5966 dimcuttaiem
1355 5907 1684 5960 copiosissime
1709 5905 1958 5968 expendit.

1791 465 2028 526 SANCTI
2066 457 2446 519 HIERONYMI

3658 447 3766 512 588

2197 586 2255 633 ut
2278 576 2622 634 absorbeatur
2646 574 2866 630 mortale
2896 573 2996 629 hoc
3020 586 3050 627 a
3078 570 3185 626 vita
3218 589 3237 624 ι
3261 568 3335 642 (1.
3361 567 3480 624 Cor.
3502 568 3558 625 9.
3588 569 3670 640 4),
3699 584 3768 626 ne

2197 671 2406 726 scilicet
2422 681 2612 737 corpus
2637 667 2704 722 ab
2738 668 2913 721 anima
2943 665 3254 728 deseratur;
3290 661 3384 717 sed
3412 676 3588 716 anima
3614 662 3768 717 habi-

2199 773 2343 818 tante
2365 762 2416 816 in
2443 775 2664 829 corpore
2684 801 2699 827 ,
2732 759 2824 813 ﬁat
2853 757 3114 828 inclytum
3145 755 3288 826 quod
3327 764 3452 810 ante
3483 754 3768 824 inglorium

2202 856 2315 911 fuit.
2345 855 2419 910 De
2442 852 2624 909 Enocb
2655 863 2829 927 autem
2857 859 2911 906 et
2938 850 3078 917 Elia,
3108 864 3241 919 quos
3267 856 3528 904 venturos
3553 846 3771 916 Apoca-

2201 948 2365 1020 lypsis
2389 945 2554 1002 refert
2596 954 2650 1001 et
2685 959 2807 1001 esse
2842 943 3126 999 morituros
3167 940 3362 1013 (Apoc.
3393 941 3526 1010 11),
3558 954 3664 994 non
3693 948 3774 994 est

2201 1041 2352 1096 istius
2377 1037 2628 1109 temporis
2651 1035 2938 1106 disputatio
2956 1076 2971 1101 ,
2999 1048 3121 1089 cum
3170 1031 3346 1088 omnis
3380 1031 3470 1086 ille
3518 1030 3656 1085 liber
3681 1039 3776 1085 aut

2203 1133 2543 1205 spiritualiter
2573 1127 2942 1200 intelligendus
2991 1126 3099 1193 sit,
3141 1134 3200 1180 ut
3227 1138 3326 1180 nos
3365 1123 3730 1179 existimamus
3757 1162 3772 1186 ,

2204 1233 2294 1280 aut
2329 1224 2374 1280 si
2402 1223 2670 1279 carnalem
2699 1219 3165 1290 inerpretatiouem
3195 1215 3468 1287 sequimur
3487 1255 3502 1280 ,
3541 1212 3776 1269 Judaicis

2206 1317 2393 1372 fabulis
2432 1312 2870 1385 acquiescendum
2901 1310 3009 1376 sit,
3036 1316 3096 1363 ut
3127 1321 3342 1363 rursum
3369 1303 3659 1361 aediﬁcetur
3681 1303 3774 1358 Je-

2205 1407 2473 1472 rusalem,
2520 1413 2575 1461 et
2608 1404 2796 1459 hostiae
2841 1399 3134 1456 oderantur
3179 1399 3234 1454 in
3279 1397 3534 1468 Temple;
3578 1403 3634 1452 et
3674 1395 3778 1465 spi-

2205 1498 2384 1554 rituali
2432 1495 2576 1552 cultu
2627 1492 2950 1561 imminuto,
2997 1489 3240 1547 carnales
3299 1488 3576 1545 obtineant
3603 1501 3776 1543 caere-

2208 1591 2420 1647 moniae.
3262 1574 3265 1575 ⁷
3541 1607 3550 1626 ε

2276 1683 2330 1738 4.
2371 1682 2625 1750 Quartum
2645 1675 2882 1748 estquod
2905 1673 3161 1747 quaesisti,
3184 1671 3452 1746 quomodo
3478 1671 3534 1727 in
3552 1668 3775 1727 Joannis

2210 1775 2494 1847 Evangelio
2536 1783 2657 1844 post
2698 1772 3151 1829 resurrectionem
3192 1769 3400 1826 dicatur
3445 1767 3515 1824 ad
3556 1766 3779 1823 Mariam

2210 1869 2572 1940 Magdalenam
2617 1885 2631 1922 :
2682 1883 2703 1918 ι
2745 1864 2866 1920 Noli
2918 1879 3006 1921 me
3059 1873 3298 1935 tangere,
3354 1861 3588 1918 nondum
3633 1861 3776 1917 enim

2216 1959 2432 2018 ascendi
2460 1959 2526 2014 ad
2553 1959 2761 2014 Patrem
2791 1971 2968 2013 meum
3001 1976 3020 2009 ›
3071 1955 3246 2028 (Iona.
3285 1957 3376 2012 20.
3421 1957 3532 2026 17).
3560 1955 3627 2010 Et
3655 1970 3776 2010 rur-

2211 2070 2330 2110 sum
2359 2054 2410 2108 in
2441 2051 2688 2107 Matthmo
2716 2051 2970 2120 scriptum
2995 2050 3083 2115 sit,
3112 2048 3254 2119 quod
3296 2047 3362 2104 ad
3402 2047 3622 2117 vestigia
3659 2045 3778 2104 Sal-

2211 2149 2408 2203 vatoris
2462 2146 2718 2201 mulieres
2767 2143 3068 2212 corrueriqt
3101 2140 3310 2214 (Matth.
3344 2139 3452 2212 28)
3479 2157 3494 2202 ;
3526 2154 3645 2195 cum
3675 2139 3782 2195 uti-

2213 2254 2316 2310 que
2361 2253 2468 2310 non
2513 2238 2582 2292 sit
2622 2236 2851 2306 idipsum
2901 2243 3118 2304 tangere
3165 2240 3286 2302 post
3330 2231 3777 2287 resurrectionem

2213 2328 2376 2399 pedes
2417 2327 2554 2398 ejus,
2586 2336 2640 2382 et
2683 2341 2788 2381 non
2823 2335 3062 2396 tangere.
3107 2323 3269 2378 Maria
3316 2321 3620 2392 Magdalena
3665 2321 3779 2390 ipsa

2214 2428 2317 2488 est,
2348 2435 2377 2473 a
2407 2433 2511 2489 qua
2555 2427 2760 2487 septem
2799 2415 3063 2470 daemonia
3105 2414 3383 2485 expulerat
3409 2412 3599 2483 (Marc.
3646 2411 3779 2483 16);

2215 2522 2273 2568 ut
2299 2511 2389 2567 ubi
2418 2510 2780 2567 abundaverat
2806 2517 3102 2578 peccatum,
3139 2504 3592 2575 superabundaret
3615 2503 3781 2574 gratia

2217 2603 2392 2676 (Rom.
2421 2601 2475 2672 5)
2503 2619 2517 2667 ;
2548 2617 2668 2672 qua:
2691 2601 2812 2671 quia
2856 2597 3139 2653 Dominum
3173 2596 3513 2651 hortulanum
3542 2593 3782 2663 putabat,

2217 2705 2272 2751 et
2296 2693 2450 2765 quasi
2478 2708 2598 2748 cum
2625 2691 2841 2747 homine
2870 2690 3201 2759 loquebatur,
3229 2695 3281 2741 et
3305 2686 3574 2756 quaerebat
3602 2685 3786 2739 viven-

2217 2796 2323 2842 tem
2353 2801 2475 2840 cum
2500 2785 2741 2848 mortuis,
2769 2793 2915 2838 recte
2940 2780 3158 2845 audivit,
3191 2799 3211 2831 ι
3246 2778 3362 2833 Noli
3387 2792 3472 2833 me
3506 2785 3722 2847 tangere
3759 2792 3778 2826 ›

2225 2876 2403 2947 (Joan.
2433 2875 2527 2930 20.
2584 2874 2694 2945 17).
2749 2875 2815 2928 Et
2855 2882 2938 2928 est
2983 2885 3170 2926 sensus
3199 2887 3212 2923 :
3239 2868 3353 2939 Non
3391 2868 3613 2923 mereris
3651 2865 3788 2921 meis

2220 2969 2426 3024 limrere
2469 2967 2724 3037 vestigiis,
2767 2979 2866 3020 nec
2911 2963 3134 3019 adorare
3161 2960 3310 3031 quasi
3349 2959 3655 3022 Dominum,
3686 2972 3788 3013 nec

2220 3062 2339 3131 ejus
2361 3070 2542 3116 tenere
2586 3058 2770 3129 pedes,
2815 3072 2974 3127 quem
3007 3070 3111 3110 non
3156 3051 3428 3109 existimas
3462 3050 3785 3106 surrexisse.

2220 3153 2338 3208 Tibi
2366 3153 2507 3207 enim
2527 3151 2755 3206 necdum
2779 3147 2993 3204 ascendi
3017 3147 3082 3201 ad
3104 3146 3316 3200 Patrem
3340 3157 3538 3198 meum.
3567 3141 3788 3196 Caetera:

2221 3259 2351 3300 vero
2377 3244 2646 3308 mulieres,
2681 3257 2800 3312 quae
2833 3241 2996 3311 pedes
3035 3245 3274 3308 tangttnt,
3308 3235 3585 3312 Dominum
3623 3232 3791 3288 conli-

2223 3344 2420 3400 tentur,
2467 3345 2522 3390 et
2553 3309 2966 3402 merentur—ejus
2997 3330 3204 3384 haerere
3241 3326 3502 3397 vestigiis,
3530 3309 3686 3394 quem
3721 3322 3789 3377 ad

2226 3429 2436 3484 Patrem
2479 3425 2783 3481 ascendisse
2810 3421 3108 3478 conﬁdunt.
3138 3420 3450 3487 Quanquam
3469 3413 3674 3472 etiamsi
3700 3425 3792 3467 ea-

2225 3520 2344 3576 dem
2375 3519 2565 3573 mulier
2594 3515 2818 3571 diversis
2845 3514 2898 3568 in
2926 3510 3232 3581 Evangeliis
3259 3519 3314 3565 et
3340 3508 3574 3563 tenuisse
3602 3503 3786 3574 pedes,

2225 3620 2282 3667 et
2326 3625 2432 3664 non
2479 3609 2716 3664 tenuisse
2769 3605 3048 3669 referatur,
3094 3600 3264 3656 facilis
3306 3598 3497 3654 solutio
3538 3597 3628 3664 sit,
3667 3610 3789 3649 cum

2226 3702 2458 3773 potuerit
2500 3697 2691 3768 corrigi
2738 3696 2966 3766 primum
3010 3693 3161 3764 quasi
3203 3688 3493 3752 incredula,
3521 3696 3575 3742 et
3603 3695 3789 3756 postea

2227 3809 2333 3850 non
2359 3790 2564 3861 repelli,
2588 3787 2738 3858 quasi
2765 3781 2828 3842 ea
2853 3799 2974 3856 qua:
3001 3796 3239 3840 errorem
3260 3779 3594 3836 confessione
3620 3784 3791 3831 muta-

2228 3892 2399 3948 verat,
2439 3879 2581 3952 quod
2618 3888 2672 3934 et
2705 3878 2774 3934 de
2818 3874 3114 3930 latronibus
3155 3871 3378 3942 intelligi
3409 3877 3619 3940 potest,
3668 3881 3792 3922 cum

2229 3977 2366 4032 alius
2397 3974 2731 4045 Evangelista
2760 3979 3046 4040 utrumque
3069 3966 3489 4036 blasphemasse,
3519 3961 3652 4016 alius
3671 3974 3795 4014 nar-

2230 4077 2314 4123 ret
2341 4067 2564 4121 alterum
2589 4079 2710 4119 esse
2737 4059 3038 4117 confessum
3062 4057 3274 4128 (Matth.
3303 4057 3392 4120 27;
3423 4063 3469 4110 et
3491 4052 3654 4106 Marc.
3680 4049 3794 4122 15).

2302 4156 2622 4212 5.Extrema
2645 4151 2891 4208 schedula
2909 4148 3236 4212 continebat,
3270 4155 3445 4200 utrttm
3481 4143 3641 4214 33o
3679 4148 3799 4207 post

2233 4247 2701 4308 resurrectionem,
2723 4241 3071 4314 quadraginta
3091 4238 3283 4293 diebus
3307 4237 3556 4290 Dominus
3575 4248 3694 4286 cum
3713 4230 3797 4284 di-

2235 4338 2469 4407 scipulus
2497 4343 2838 4390 conversatus
2869 4331 2938 4385 sit
2962 4329 3109 4401 (Luc.
3135 4329 3226 4399 25)
3251 4344 3266 4392 ;
3289 4336 3616 4392 etnunquam
3645 4319 3798 4392 [fort.

2235 4425 2503 4497 nunquid]
2551 4425 2676 4479 alibi
2704 4423 2894 4478 fuerit?
2923 4437 2988 4476 an
3028 4422 3252 4475 latenter
3291 4417 3357 4470 ad
3386 4413 3576 4469 coelum
3605 4423 3798 4464 ascen-

2237 4521 2393 4584 derit,
2442 4526 2599 4588 atque
2643 4514 2999 4578 descenderit,
3048 4520 3102 4567 et
3144 4506 3482 4563 nihilominus
3527 4500 3801 4571 Apostolis

2237 4627 2385 4669 suam
2412 4609 2747 4681 praesentiam
2779 4621 2884 4660 non
2926 4602 3165 4674 negarit?
3191 4598 3245 4655 Si
3271 4597 3549 4653 Dominum
3581 4592 3672 4646 Dei
3705 4590 3802 4644 Fi-

2237 4707 2364 4760 lium
2392 4700 2720 4766 consideres,
2747 4697 2815 4752 de
2843 4711 2949 4767 quo
2978 4708 3156 4750 sermo
3182 4699 3283 4756 est,
3314 4698 3368 4744 ct
3392 4688 3535 4742 illum
3565 4698 3687 4740 esse
3711 4683 3804 4752 qui

2236 4796 2472 4867 loquitur
2502 4811 2515 4848 :
2551 4809 2569 4843 ι
2603 4789 2789 4845 Nonne
2813 4787 3006 4843 cielum
3031 4794 3086 4840 et
3113 4793 3307 4840 terram
3335 4793 3434 4850 ego
3458 4774 3807 4847 repleo,dicit

2240 4865 2494 4944 Dominus
2530 4903 2549 4937 ι
2581 4884 2796 4954 (Jerem.
2826 4879 2919 4934 25.
2942 4877 3059 4947 24),
3086 4884 3147 4930 et
3166 4875 3233 4929 de
3254 4887 3358 4944 quo
3378 4871 3513 4925 alius
3542 4865 3806 4936 Propheta

2240 4989 2464 5036 testatur
2497 4997 2509 5032 :
2548 4993 2566 5028 ‹
2603 4974 2810 5030 Οωιυιη
2857 4969 2989 5024 mihi
3030 4967 3254 5021 thronus
3299 4973 3402 5029 est,
3447 4970 3589 5016 terra
3630 4965 3808 5012 autem

2239 5070 2528 5127 scabellum
2560 5065 2754 5138 pedum
2789 5073 3038 5128 meorum,
3068 5075 3088 5109 ι
3134 5055 3289 5128 (Isai.
3335 5053 3425 5110 66.
3468 5052 3562 5123 1);
3594 5057 3650 5106 et
3685 5063 3812 5102 rur-

2241 5178 2357 5219 sum
2382 5159 2506 5214 alibi
2538 5177 2552 5211 :
2588 5176 2608 5209 i
2639 5155 2738 5223 Qui
2769 5159 2915 5208 tenet
2947 5149 3142 5205 coelum
3187 5147 3364 5218 palmo
3401 5153 3456 5200 et
3487 5152 3678 5198 terram
3712 5154 3816 5209 pu-

2239 5256 2369 5327 gillo
2396 5271 2416 5304 ι
2446 5250 2612 5321 (Ibid.
2641 5248 2730 5304 40.
2762 5242 2876 5316 l2),
2904 5243 2971 5298 de
2995 5257 3102 5311 quo
3123 5238 3289 5295 David
3315 5238 3456 5293 canit
3487 5253 3499 5288 :
3534 5253 3552 5286 ι
3587 5233 3703 5300 Quo
3727 5231 3816 5285 ibo

2242 5324 2274 5401 a
2302 5344 2487 5415 spiritu
2518 5351 2642 5406 tuo;
2668 5347 2722 5394 et
2748 5352 2778 5392 a
2825 5335 2960 5388 facie
2998 5342 3089 5386 tua
3126 5346 3233 5401 quo
3262 5327 3496 5399 fugiam?
3527 5324 3582 5380 Si
3621 5337 3814 5378 ascen-

2243 5439 2374 5494 dero
2399 5437 2451 5490 in
2472 5433 2687 5497 coelum,
2717 5439 2774 5484 tu
2801 5427 2874 5482 ibi
2894 5441 2992 5491 es;
3025 5425 3070 5478 si
3090 5421 3420 5478 descendero
3439 5419 3505 5473 ad
3527 5416 3816 5479 infernum,

2243 5529 2371 5586 ades
2401 5545 2415 5581 :
2449 5526 2518 5580 Et
2558 5526 2603 5580 si
2640 5522 2950 5578 habitavero
2991 5519 3048 5571 in
3089 5513 3345 5569 extremis
3383 5509 3587 5573 maris;
3619 5505 3820 5562 etenim

2246 5622 2320 5679 ibi
2349 5632 2536 5674 manus
2564 5625 2648 5672 tua
2685 5611 2912 5669 deducet
2939 5623 3043 5674 me,
3075 5615 3132 5662 et
3157 5602 3451 5659 continebit
3479 5615 3565 5655 me
3601 5597 3824 5653 dextera

2246 5723 2336 5770 tua
2373 5727 2393 5761 ι
2429 5707 2546 5778 (Pr.
2576 5706 2700 5762 158.
2733 5704 2788 5758 7.
2834 5709 2880 5754 et
2921 5698 3109 5769 καφ),
3135 5694 3374 5766 profecto
3419 5707 3525 5746 non
3563 5689 3823 5759 ambiges,

2245 5805 2406 5862 etiam
2451 5807 2576 5855 ante
2613 5789 3062 5852 resurrectionem
3092 5788 3170 5842 sic
3198 5786 3253 5840 in
3283 5783 3560 5838 Dominico
3591 5794 3826 5849 corpore

2247 5897 2514 5956 habitasse
2541 5893 2708 5947 Deum
2732 5879 2980 5948 verbum,
3002 5887 3060 5935 ut
3085 5887 3139 5936 et
3165 5878 3220 5935 in
3240 5876 3398 5934 Patre
3419 5881 3586 5943 esset,
3616 5879 3672 5928 et
3699 5869 3825 5929 coeli
