4146 6336
371 456 474 515 589

373 568 627 628 circulum
649 564 933 629 clauderet,
964 569 1119 631 atque
1141 558 1194 613 in
1224 554 1476 612 omnibus
1501 550 1594 624 [aL
1625 547 1936 620 hominibus]

376 664 580 720 infusus
604 668 745 715 esset
769 666 822 713 et
845 652 1214 714 circumfusus,
1246 649 1299 704 id
1333 656 1436 715 est,
1466 655 1523 700 ut
1550 653 1741 700 cuneta
1773 655 1938 710 pene-

376 765 543 813 traret
573 754 648 826 (a)
670 751 906 814 interior,
932 755 985 802 et
1008 746 1300 802 contineret
1323 739 1582 794 exterior.
1604 735 1836 793 Stultum
1857 741 1944 787 est

376 848 534 918 igitur
589 844 730 898 illius
782 839 1069 911 potentiam
1117 836 1273 891 unius
1323 827 1628 901 corpusculi
1681 825 1943 896 parvitate

378 939 528 1008 finire
554 933 643 1008 [al
690 930 872 1004 ﬁniri],
899 945 1054 999 quem
1097 941 1201 982 non
1246 925 1387 995 capit
1415 922 1608 978 coelum
1641 937 1654 972 :
1682 926 1738 972 et
1765 924 1942 970 tamen

377 1030 466 1101 qui
490 1028 682 1096 ubique
711 1031 844 1087 erat,
876 1022 1036 1078 etiam
1081 1021 1132 1075 in
1183 1018 1315 1072 Filio
1355 1014 1590 1071 hominis
1633 1019 1775 1067 totus
1803 1019 1939 1064 erat.

360 1119 568 1175 'Divina
596 1116 791 1187 quippe
819 1121 1030 1177 natura,
1061 1119 1116 1166 et
1143 1109 1234 1164 Dei
1277 1121 1455 1163 sermo
1483 1106 1534 1160 in
1567 1112 1742 1174 partes
1772 1101 1941 1156 secari

376 1226 484 1268 non
524 1215 717 1279 potest,
764 1219 864 1261 nec
902 1203 1035 1259 locis
1074 1200 1281 1256 dividi:
1313 1199 1406 1254 sed
1445 1212 1565 1252 cum
1614 1195 1810 1264 ubique
1847 1193 1936 1257 sit,

379 1311 519 1360 totus
547 1299 741 1368 ubique
770 1305 869 1352 est.
897 1295 1026 1349 Erat
1067 1293 1224 1363 igitur
1251 1305 1356 1344 uno
1381 1287 1676 1355 eodemque
1703 1293 1941 1350 tempore

376 1404 430 1450 et
457 1407 576 1449 cum
603 1388 870 1459 Apostolis
903 1383 1248 1456 quadraginta
1285 1379 1492 1446 diebus,
1523 1385 1723 1431 etcum
1762 1373 1941 1440 Ange-

375 1482 462 1548 lis,
494 1489 547 1535 et
575 1481 629 1534 in
655 1479 830 1542 Patre,
855 1485 908 1531 et
935 1475 986 1529 in
1015 1473 1267 1528 extremis
1292 1468 1455 1524 maris
1485 1465 1676 1520 ﬁnibus
1703 1469 1817 1517 erat
1841 1477 1856 1526 ;
1887 1461 1940 1514 in

377 1571 624 1640 omnibus
654 1567 784 1623 locis
812 1565 1123 1622 versabatur
1147 1582 1158 1616 :
1183 1575 1301 1616 cum
1329 1559 1527 1613 Thoma
1556 1556 1607 1608 in
1626 1552 1792 1616 India,
1820 1564 1941 1605 cum

375 1662 536 1719 Petro
582 1661 787 1726 110mm,
832 1672 950 1713 cum
997 1656 1161 1710 Paulo
1212 1655 1262 1707 in
1302 1650 1530 1722 lllyrico,
1569 1661 1688 1701 cum
1734 1643 1856 1699 Tito
1882 1641 1938 1696 in

376 1752 556 1818 Creta,
582 1766 702 1806 cum
727 1748 937 1804 Andrea
965 1747 1021 1801 in
1059 1745 1281 1809 Achaia,
1309 1757 1430 1797 cum
1460 1737 1685 1808 singulis
1715 1736 1944 1805 Aposto-

377 1847 445 1902 lis
470 1853 524 1900 et
551 1826 873 1913 Apestolicis
902 1839 1050 1902 viris,
1083 1839 1133 1890 in
1164 1833 1385 1905 singulis
1419 1829 1729 1898 cunctisque
1765 1823 1942 1895 regio-

377 1938 554 1994 nibus.
594 1932 748 2001 Quod
795 1939 972 1988 autem
1013 1929 1206 1984 dicitur
1246 1923 1502 1994 quosdam
1548 1919 1816 1980 deserere,
1859 1913 1944 1969 vel

379 2044 487 2085 non
530 2026 799 2089 deserere,
837 2035 944 2076 non
980 2027 1185 2074 naturae
1226 2016 1366 2070 illius
1399 2012 1658 2068 terminus
1691 2010 1942 2079 ponitur;

378 2118 472 2176 sed
498 2131 682 2174 eorum
712 2113 898 2169 merita
927 2109 1320 2171 describuntur,
1352 2103 1493 2175 apud
1522 2115 1657 2173 quos
1686 2113 1828 2165 esse,
1859 2095 1945 2152 vel

381 2223 486 2266 non
511 2221 628 2265 esse
651 2206 896 2278 dignatur
919 2201 1010 2275 [aL
1044 2194 1391 2270 dedignatur].

749 2341 905 2412 331
979 2334 1308 2392 EPISTOLA
1339 2331 1432 2386 Lx
1471 2329 1566 2400 (ι).

924 2464 991 2503 ΑΒ
1027 2459 1381 2501 ιιειιουοιιυκ.

828 2560 1160 2633 Epitaphium
1199 2553 1476 2627 Nepotiani

375 2703 552 2773 Super
605 2695 878 2767 Nepotiani
916 2691 1206 2762 Presbyteri
1242 2698 1420 2753 morte,
1467 2685 1799 2740 Heliodorum
1835 2684 1945 2753 ejus

447 2789 754 2845 avunculum
777 2786 1084 2840 Altinensem
1108 2782 1418 2852 EpiscOpum
1437 2777 1760 2841 consolatur;
1789 2785 1948 2828 osten-

449 2881 622 2949 ditque
660 2860 871 2932 mortem
912 2892 1013 2929 non
1052 2889 1156 2927 esse
1199 2871 1490 2935 timendam,
1538 2884 1650 2939 qua:
1688 2883 1720 2920 a
1747 2866 1946 2921 Christo

449 2971 642 3026 devicta
683 2970 789 3032 sit;
827 2976 930 3020 tum
958 2964 1127 3018 multis
1158 2961 1430 3033 propositis
1473 2969 1691 3013 veterum
1732 2955 1947 3010 ethnico-

449 3080 562 3118 rum
583 3060 846 3131 exemplis,
879 3056 1162 3126 Nepotiani
1195 3052 1374 3108 laudes
1401 3051 1642 3121 explicat,
1676 3057 1723 3102 et
1747 3048 1948 3102 demum

451 3171 513 3210 ea:
537 3169 708 3208 eorum
746 3161 1027 3220 temporum
1057 3142 1428 3200 calamitatibus
1471 3141 1538 3196 ad
1576 3139 1691 3196 vitae
1723 3147 1948 3194 contem-

453 3254 590 3315 ptum
619 3243 868 3297 hortatur.

455 3360 506 3413 1.
545 3355 784 3414 Grandes
816 3351 1066 3409 materias
1108 3349 1321 3420 ingenia
1361 3361 1520 3416 parva
1550 3360 1656 3401 non
1684 3342 1947 3400 sutl‘erunt

387 3448 480 3524 [aL
530 3443 818 3517 sustinent],
857 3453 911 3499 et
953 3443 1010 3496 in
1051 3442 1167 3512 ipso
1204 3446 1399 3495 conatu
1438 3437 1577 3493 ultra
1621 3436 1763 3491 vires
1793 3449 1943 3502 ausa,

387 3539 773 3595 succumbunt:
802 3543 1107 3604 quantoque
1147 3530 1318 3600 majus
1354 3527 1537 3594 fuerit,
1584 3526 1724 3597 quod
1767 3525 1949 3581 dicen-

387 3630 511 3686 dum
541 3638 639 3693 est,
685 3633 830 3681 tanto
869 3624 1036 3694 magis
1079 3622 1344 3688 obruitur,
1395 3620 1487 3689 qui
1529 3616 1948 3688 magnitudinem

389 3720 466 3774 rei
502 3717 676 3772 verbis
716 3730 818 3770 non
856 3721 1033 3786 potest
1074 3711 1362 3780 explicare.
1403 3707 1728 3782 Nepotianus
1771 3721 1945 3769 meus,

392 3820 511 3864 tuus
536 3848 551 3873 ,
579 3814 790 3871 noster,
820 3806 926 3860 imo
975 3802 1194 3866 Christi,
1235 3809 1290 3854 et
1333 3799 1456 3868 quia
1493 3796 1710 3861 Christi,
1752 3794 1950 3850 idcirco

392 3902 508 3972 plus
535 3909 754 3964 noster,.
777 3898 991 3968 reliquit
1021 3909 1199 3957 senes,
1226 3890 1478 3947 desiderii
1508 3889 1588 3944 sui
1617 3888 1793 3957 jaculo
1827 3889 1948 3942 vul-

391 4002 618 4055 neratos,
641 3999 696 4046 et
720 3987 1042 4044 intolerabili
1071 3986 1257 4040 dolore
1284 3981 1554 4038 confectos
1577 3978 1668 4051 [aL
1692 3977 1947 4049 confecit].

390 4081 554 4148 Quem
583 4079 847 4135 barredem
875 4077 1196 4148 putavimus,
1233 4073 1392 4128 funus
1423 4081 1685 4126 tenemus.
1721 4067 1817 4123 Cui
1839 4069 1949 4138 jam

391 4188 564 4229 meum
611 4172 821 4227 sudabit
866 4165 1288 4240 ingeniumlcui
1331 4162 1582 4218 litterulae
1606 4161 1816 4231 placere
1855 4175 1951 4230 ge-

369 4263 584 4334 ,stient‘t
611 4260 708 4318 Ubi
737 4269 819 4316 est
856 4260 947 4315 ille
975 4257 1046 4331 (c)
1081 4261 1386 4328 έρνοδιὼκτης
1424 4260 1626 4318 noster,
1656 4261 1711 4307 et
1749 4265 1952 4320 cygneo

472 4420 522 4540 (ιζ
554 4418 664 4468 Duo
685 4415 798 4466 Mss.
823 4420 1108 4478 penetraret,
1131 4409 1364 4470 introiret,
1384 4415 1428 4458 et
1450 4405 1726 4458 contineret.

474 4482 500 4528 ὸ
559 4478 685 4540 Alias
703 4479 752 4526 5.
777 4475 1190 4540 βενὶρια-ῥιίιιηιξ.
1214 4472 1324 4540 596.
1372 4533 1384 4540 ἡ
1472 4470 1487 4540 ξ
1613 4537 1622 4540 Α

474 4470 522 4540 lt)
559 4478 685 4541 4lias
703 4479 752 4526 5.
777 4470 1190 4541 scripta__init._'an.
1214 4472 1324 4541 596ε
1372 4533 1384 4541 α

477 4525 525 4603 1:3
559 4525 643 4589 Sic
650 4525 899 4603 liquidern'
913 4537 1028 4586 editi
1056 4535 1287 4603 plerique
1309 4533 1490 4603 habent
1528 4537 1785 4603 ιειτοίξιιςιιισιηςξ
1875 4532 1954 4603 est

393 4592 596 4658 institor,
619 4592 725 4649 sive
746 4597 971 4660 impulsor
994 4592 1173 4658 operis,
1186 4592 1356 4644 atMss.
1378 4601 1432 4642 ut
1448 4605 1580 4652 saepe
1599 4592 1790 4660 Crtecas
1806 4599 1952 4658 voces

394 4649 603 4724 legendo
623 4649 909 4724 depravent,
947 4649 1058 4724 bei'e
1097 4649 1261 4724 tamen
1301 4649 1621 4724 ιερεςιρςηεζνω
1647 4658 1813 4724 ιφδκῆς
1832 4649 1954 4724 reti:

395 4709 539 4784 nent,
549 4709 651 4771 fimo
669 4709 860 4784 quidam
874 4709 1118 4784 antiquior
1135 4753 1148 4774 ,
1173 4722 1302 4784 teste
1323 4709 1555 4784 viciario,
1603 4719 1765 4768 ικωδος,
1800 4709 1844 4758 id
1872 4714 1951 4756 est

394 4773 674 4844 incantator,
687 4773 782 4830 'aut
803 4783 886 4843 qui
907 4773 1125 4844 cantibus
1138 4773 1330 4844 animos
1350 4773 1498 4844 allicit
1521 4785 1768 4844 aquarum.
1781 4781 1951 4844 vocum

394 4831 571 4903 una,rsi
587 4831 674 4892 aui
696 4844 811 4892 satis
822 4831 966 4889 ‘recta
989 4839 1249 4903 scriptipne
1269 4869 1284 4893 ,
1301 4841 1409 4903 ‘aut.
1431 4831 1635 4903 plurium
1668 4831 1952 4903 auctoritate

396 4891 742 4966 exemplarium
766 4905 1020 4956 niteretur,
1044 4891 1344 4966 praeferenda
1369 4891 1614 4963 videretur
1639 4904 1703 4939 ex
1727 4891 1816 4960 bis,
1842 4902 1952 4966 que

392 4951 577 5021 subdit:
597 4951 660 5028 “et
674 4951 868 5028 cygneo
890 4951 1061 5028 canore
1082 4971 1172 5007 vox
1195 4955 1381 5028 dulcior
1402 4967 1418 5014 ;
1443 4953 1641 5024 minime
1666 4952 1794 5028 enim
1813 4951 1953 4999 nobis

395 5013 870 5087 probaturimp'ruessa
895 5022 1066 5087 lectio,
1091 5031 1231 5081 quam
1254 5013 1438 5087 tantum
1476 5026 1571 5084 non
1610 5013 1912 5087 i‘m‘mutamlt‘ts
1933 5045 1948 5069 ,

395 5069 965 5149 lié'éatijééiiiﬁ's'aas'trig
980 5069 1091 5149 plus
1110 5069 1258 5149 aequo
1280 5075 1526 5149 videamur
1549 5071 1820 5149 indulgere.
1847 5069 1952 5120 Ca:-

393 5131 1103 5197 te'rut'n'cnin—d—enuoattentius
1119 5131 1386 5188 litierarum
1404 5136 1606 5197 vestigia
1626 5131 1947 5197 inVeronens.

395 5191 883 5271 iisiiiigﬁi'éeiétﬁis,’
900 5191 1036 5254 venit
1056 5204 1107 5271 in
1125 5205 1344 5271 ruentem
1363 5196 1486 5271 ,_q_ui
1508 5191 1795 5256 d'esrteratus
1817 5191 1952 5240 locus

392 5270 506 5318 satis
529 5258 659 5317 be'ne
690 5258 884 5316 restitui
908 5268 1088 5326 posSet.
1125 5258 1449 5326 Scribitur_ihi
1487 5269 1802 5326 ornatissima,
1831 5265 1951 5326 quae

395 5326 569 5379 litterze
590 5332 629 5377 si
647 5327 887 5377 tantillum
907 5318 1248 5378 emendentur,
1270 5331 1325 5367 ac
1347 5319 1518 5368 ductus
1539 5325 1685 5366 rectm
1699 5318 1952 5379 scripturae

393 5377 652 5440 reddantur
678 5391 727 5438 in
751 5389 878 5436 hunc
898 5385 1091 5434 modum
1114 5395 1420 5438 OKOKHIZHK,
1443 5379 1646 5440 elegans
1678 5377 1839 5425 statim
1866 5389 1954 5440 ex-

391 5460 563 5514 surget
584 5439 777 5509 isensus,
803 5461 858 5496 ac
880 5447 1047 5514 lectio,
1068 5452 1123 5514 ut
1145 5455 1233 5514 n95
1250 5440 1442 5514 quidem
1467 5439 1952 5514 putamus-“verissi-

393 5495 787 5574 ina?1~3§t'citiip13é
802 5495 996 5574 sessetth
1010 5495 1551 5574 Fringilla,'sett-ver-ius
1573 5495 1949 5574 Montifringilla,

394 5570 560 5622 ltalice
585 5563 887 5634 Fritig'nello,
913 5563 1029 5634 avis
1055 5563 1297 5634 notissima
1317 5563 1422 5634 ,hita
1453 5573 1485 5634 τιΔ
1511 5573 1630 5634 sono
1661 5571 1952 5634 quem-Lean-

393 5619 978 5706 tando'edit,'appellata_,
1001 5629 1064 5700 de
1079 5637 1189 5735 (qua
1211 5619 1420 5695 loquitur
1460 5619 1746 5670 Aristoteles
1782 5619 1866 5668 lib.
1901 5620 1950 5668 8.

394 5694 596 5735 Animal-
621 5708 724 5735 om)-
757 5695 804 5735 3.
832 5689 1060 5735 Martialis
1115 5721 1127 5735 .
1152 5685 1390 5735 brumam.
1428 5683 1505 5732 55.

394 5694 596 5744 Animal.
621 5683 724 5754 cap.
832 5683 1060 5754 Martialis
1079 5683 1127 5735 ὅ.
1152 5683 1413 5754 Ερὶεγῖξαξι.
1428 5683 1505 5732 55.

759 5740 953 5863 εἱανηοδ
996 5749 1159 5812 inopes
1183 5740 1211 5806 ,“
1244 5740 1644 5808 institutumque
1699 5740 1918 5800 querelas
1935 5778 1950 5802 ν

681 5829 698 5863 ι
722 5853 734 5863 .
763 5828 792 5863 e
815 5827 858 5863 c.
889 5837 892 5840 ’

577 5820 734 5872 Audit,
763 5822 858 5864 etc.
889 5837 892 5840 ~

455 5863 776 5928 Hieronvmus
803 5863 933 5926 vero
973 5882 1204 5933 perquam
1235 5865 1486 5926 eleganter
1520 5865 1841 5924 Nepotianum
1876 5863 1946 5913 illt

1713 433 2047 490 EPISTOLA
2085 432 2198 488 LX.

3502 437 3611 497 500

2053 562 2248 603 canore
2288 562 2387 604 vox
2421 547 2664 604 dulcior?
2704 550 2889 621 Stupet
2925 554 3154 624 animus,
3185 571 3374 613 manus
3405 562 3606 627 tremit,

2049 639 2275 710 caligant
2305 642 2466 707 oculi,
2501 642 2677 712 lingua
2704 643 2946 698 balbutit.
2971 647 3234 719 Quidquid
3248 649 3454 718 dixero,
3480 653 3606 723 quia

2050 732 2139 787 ille
2163 749 2266 788 non
2293 735 2456 801 audit,
2484 746 2682 790 mutum
2709 736 2934 792 videtur.
2964 737 3143 809 Stylus
3167 742 3278 810 ipse
3303 745 3450 812 quasi
3477 760 3606 800 sen-

2052 824 2190 879 tiens
2222 824 2311 898 [al.
2365 826 2700 899 dissentiens],
2737 836 2792 882 et
2825 843 2946 883 cera
2976 830 3298 899 subtristior,
3341 835 3421 888 vel
3461 836 3608 890 rubi-

2049 915 2207 986 gine,
2261 918 2345 972 vel
2390 918 2492 972 situ
2534 917 2835 972 obducitur.
2883 919 3335 991 Quotiescumque
3374 924 3516 979 nitor
3554 926 3608 979 in

2049 1008 2207 1063 verba
2241 1025 2605 1079 prorumpere,
2637 1019 2690 1064 et
2718 1024 2876 1080 super
2908 1010 3168 1064 tumulum
3202 1011 3317 1080 ejus
3341 1014 3609 1084 Epitapbii

2048 1098 2206 1168 hujus
2257 1098 2414 1154 ﬂores
2467 1115 2755 1170 spargere,
2815 1102 2974 1157 toties
3024 1101 3274 1173 lacrytnis
3325 1105 3611 1173 implentur

2047 1191 2208 1257 oculi,
2237 1202 2291 1246 et
2311 1200 2564 1246 renovato
2586 1191 2793 1262 dolore,
2822 1201 2964 1248 totus
2992 1193 3048 1248 in
3073 1194 3258 1250 funere
3285 1177 3422 1249 smn.
3451 1197 3613 1252 Moris

2045 1284 2312 1353 quondam
2342 1283 2457 1350 fuit,
2487 1293 2546 1339 ut
2583 1300 2742 1355 super
2769 1286 3031 1342 cadavera
3058 1288 3134 1358 (ά)
3159 1287 3527 1344 defunctorum
3559 1291 3610 1344 in

2045 1376 2302 1431 concione
2332 1391 2427 1445 pro
2459 1377 2648 1432 rostris
2674 1375 2860 1434 laudes
2888 1379 3039 1434 liberi
3075 1380 3332 1448 dicerent,
3355 1389 3410 1438 et
3447 1383 3615 1438 instar

2047 1466 2346 1536 lugubrium
2369 1467 2663 1522 carminum
2679 1467 2744 1522 ad
2761 1467 2932 1533 ﬂetus,
2959 1465 3258 1540 etgemitus
3287 1469 3611 1528 audientium

2049 1567 2263 1628 pectora
2284 1558 2633 1612 concitarent.
2669 1559 2744 1612 En
2766 1573 2943 1613 rerum
2973 1561 3025 1613 in
3055 1560 3209 1616 nobis
3232 1562 3363 1616 ordo
3384 1570 3617 1617 mutatus

2047 1660 2150 1716 est,
2170 1660 2223 1705 et
2240 1651 2290 1705 in
2304 1650 2658 1706 calamitatem
2673 1659 2907 1706 nostram
2925 1651 3155 1720 perdidit
3170 1668 3265 1708 sua
3285 1654 3404 1722 jura
3456 1655 3616 1727 332

2049 1751 2257 1796 natura.
2285 1741 2438 1809 Quod
2488 1742 2746 1798 exhibere
2784 1741 3000 1797 senibus
3032 1741 3245 1813 juvenis
3285 1743 3487 1813 debuit,
3516 1747 3620 1800 hoc

2043 1831 2225 1903 juveni
2251 1831 2566 1888 exhibemus
2588 1848 2764 1888 senes.

2117 1925 2172 1978 2.
2213 1924 2349 1992 Quid
2380 1925 2540 1994 igitur
2573 1923 2806 1980 faciam?
2844 1924 3067 1995 Jungam
3099 1934 3274 1982 tecum
3313 1926 3618 1998 lacrymas?

2048 2015 2154 2072 Sed
2206 2015 2494 2084 Apostolus
2545 2015 2827 2086 prohibet,
2881 2014 3300 2072 Christianorum
3353 2024 3616 2084 mortuos,

2049 2108 2377 2164 dormientes
2425 2122 2622 2163 vocans
2672 2109 2750 2177 (1.
2806 2107 2983 2163 Thess.
3022 2107 3100 2180 4).
3154 2108 3219 2164 Et
3261 2108 3516 2165 Dominus
3563 2110 3616 2163 in

2049 2199 2333 2270 Evangelio
2365 2217 2377 2252 :
2417 2217 2436 2249 ι
2470 2198 2583 2252 Non
2611 2207 2711 2264 est,
2743 2217 2762 2250 ι
2789 2198 2980 2268 inquit,
3014 2218 3033 2251 ί
3065 2209 3276 2254 mortua
3301 2199 3496 2270 puella,
3515 2199 3611 2255 sed

2056 2291 2245 2346 :lormit
2278 2309 2297 2343 ι
2331 2289 2520 2362 (Marc.
2550 2291 2604 2346 5.
2637 2290 2726 2355 59,
2764 2301 2808 2344 et
2838 2289 2964 2343 Luc.
2993 2291 3046 2346 8.
3078 2290 3190 2359 5:2).
3224 2290 3456 2346 Lazarus
3484 2307 3619 2362 quo-

2049 2397 2153 2451 que
2181 2381 2301 2451 quia
2331 2381 2643 2444 dormierat,
2674 2381 2961 2437 suscitatus
2987 2391 3068 2436 est
3099 2380 3280 2451 (Joan.
3310 2382 3420 2454 11).
3448 2383 3619 2437 Laeter

2048 2483 2104 2548 et
2127 2471 2405 2542 gaudeam,
2429 2473 2549 2544 quia
2587 2491 2606 2522 ι
2642 2481 2826 2541 raptus
2854 2479 2956 2538 est,
2989 2486 3057 2526 ne
3083 2471 3282 2526 malitia
3305 2471 3615 2528 immutaret

2049 2577 2283 2622 mentem
2307 2568 2420 2636 ejus
2447 2609 2460 2632 ,
2497 2587 2516 2620 ι
2551 2567 2670 2636 quia
2701 2585 2720 2618 ε
2754 2567 3024 2637 placuerat
3055 2568 3162 2622 Deo
3210 2567 3387 2621 anima
3414 2566 3556 2620 illius
3583 2584 3603 2618 ι

2051 2657 2203 2728 (Sap.
2234 2659 2313 2728 4).
2357 2658 2461 2713 Sed
2491 2658 2655 2713 invito
2695 2667 2749 2713 et
2799 2660 3112 2728 repugnanti
3139 2673 3235 2730 per
3253 2671 3418 2728 genas
3437 2656 3615 2727 lacry»

2051 2765 2150 2804 ma:
2178 2749 2364 2813 fluunt,
2399 2758 2454 2804 et
2499 2749 2636 2804 inter
2663 2760 2928 2819 prmcepta
2958 2751 3234 2815 virtutum,
3263 2748 3616 2804 resurrectio-

2048 2843 2239 2912 nisque
2281 2857 2452 2911 spem,
2499 2843 2773 2896 credulam
2819 2852 3076 2907 mentem,
3126 2841 3375 2909 desiderii
3419 2840 3620 2911 frangit

2048 2931 2288 2987 allectus.
2316 2932 2359 2987 Ο
2387 2947 2530 2987 mors
2556 2949 2673 3003 quae
2702 2933 2893 2989 fratres
2921 2933 3133 2999 dividis,
3163 2943 3216 2987 et
3243 2948 3424 2988 amore
3443 2932 3618 2987 socia-

2054 3033 2157 3090 tos,
2203 3024 2433 3080 crudelis
2477 3040 2540 3079 ac
2583 3026 2715 3080 dura
2759 3025 3037 3082 dissocias.
3086 3025 3322 3081 Adduxit
3366 3033 3608 3081 urentem

2048 3125 2265 3172 ventum
2292 3116 2549 3171 Dominus
2579 3115 2646 3171 de
2674 3115 2888 3171 deserto
2909 3115 3307 3182 ascendentem,
3332 3115 3421 3184 qui
3452 3115 3622 3168 sicca-

2049 3207 2128 3261 vit
2155 3220 2316 3261 venas
2344 3215 2483 3272 tuas,
2528 3215 2583 3261 et
2621 3205 2878 3260 desolavit
2915 3205 3113 3261 fontem
3155 3216 3299 3261 tuum
3333 3203 3484 3275 (Osee
3523 3203 3616 3258 15.

2052 3299 2163 3370 15).
2192 3299 2464 3355 Devorasti
2507 3298 2720 3370 quidem
2763 3297 2972 3366 Jonam,
3015 3297 3108 3352 sed
3147 3304 3201 3352 et
3236 3297 3288 3352 in
3326 3305 3478 3351 utero
3521 3303 3616 3352 tuo

2049 3395 2199 3450 vivus
2251 3395 2368 3449 fuit.
2425 3393 2651 3449 Portasti
2687 3392 2840 3462 quasi
2889 3399 3177 3458 mortuum,
3219 3398 3277 3444 ut
3327 3397 3617 3458 tempestas

2051 3485 2236 3542 mundi
2259 3485 2697 3554 conquiesceret;
2732 3491 2788 3537 et
2824 3481 3014 3537 Ninive
3039 3490 3222 3536 nostra
3247 3480 3386 3535 illius
3413 3493 3616 3551 prteco-

2053 3579 2142 3634 nio
2170 3578 2486 3632 salvaretur.
2535 3575 2631 3630 llle
2679 3573 2767 3629 ille
2808 3582 2860 3629 te
2899 3573 3026 3629 vicit
3069 3592 3081 3625 :
3115 3573 3204 3628 ille
3248 3580 3298 3626 te
3333 3569 3616 3641 jugulavit,

2050 3669 2303 3740 fugitivus
2327 3665 2616 3734 Propheta,
2646 3665 2734 3734 qui
2768 3664 2980 3732 reliquit
3005 3663 3222 3717 domum
3251 3675 3421 3724 suam,
3459 3657 3617 3712 dimi-

2052 3761 2122 3815 sit
2155 3757 2516 3813 bmrcditatem
2546 3771 2718 3818 suam,
2754 3754 2900 3809 dedit
2933 3753 3177 3808 dilectam
3207 3751 3434 3804 animam
3465 3763 3616 3802 suam

2053 3851 2106 3905 in
2130 3848 2374 3903 manibus
2400 3846 2746 3916 qumrentium
2777 3859 2898 3899 eum
2925 3843 3020 3914 [aL
3049 3841 3201 3913 eam].
3233 3841 3332 3908 Qui
3365 3855 3460 3910 per
3479 3839 3618 3894 Osee

2053 3939 2317 4040 quaedam
2345 3937 2438 3992 tibi
2467 3936 2665 4006 rigidus
2696 3934 2998 3989 minabatur
3025 3952 3038 3987 :
3069 3951 3086 3985 ι
3125 3933 3230 3986 Ero
3265 3945 3409 3986 mors
3441 3941 3550 3995 tua,
3581 3944 3614 3982 ο

2614 4035 2623 4040 -
2778 4025 2790 4036 .
2836 4024 2858 4040 ..
2968 4039 2971 4040 ν
3058 4022 3121 4040 ,η
3166 4039 3200 4040 ,,
3235 4022 3296 4040 ..
3347 4018 3430 4040 ..η
3477 4019 3614 4040 ειη---

2054 4018 2198 4086 ηιᾶδ
2231 4043 2360 4084 :ero
2380 4041 2586 4081 morsus
2611 4035 2753 4088 tuus,
2778 4024 2982 4080 inferne
3003 4044 3022 4076 ι
3054 4022 3204 4095 (Osee
3232 4022 3316 4077 15.
3342 4018 3455 4092 17).
3477 4019 3622 4074 Illius

2054 4130 2246 4183 morte,
2280 4129 2334 4174 tu
2364 4127 2576 4173 mortua
2605 4131 2663 4171 es
2693 4133 2706 4170 :
2733 4115 2872 4170 illius
2898 4124 3091 4182 morte,
3127 4127 3224 4167 nos
3245 4111 3495 4168 vivimus.
3523 4110 3622 4163 De-

2055 4209 2276 4274 vorasti,
2315 4218 2368 4263 et
2405 4206 2658 4262 devorata
2689 4221 2767 4261 es.
2803 4205 3043 4274 Dumque
3084 4203 3347 4272 assumpti
3384 4199 3625 4270 corporis

2055 4301 2359 4358 sollicitaris
2389 4301 2660 4366 illecebra,
2691 4309 2746 4353 et
2773 4297 2941 4352 avidis
2987 4296 3222 4350 faucibus
3250 4294 3487 4364 praedam
3524 4307 3625 4363 pu-

2058 4404 2156 4457 tas,
2181 4392 2432 4465 interiora
2456 4400 2542 4446 tua
2573 4390 2780 4446 adunco
2809 4389 2967 4444 dente
2994 4387 3238 4442 confossa
3269 4395 3416 4440 sunt.

2126 4487 2178 4542 5.
2220 4485 2430 4542 Gratias
2457 4483 2574 4549 tibi,
2601 4480 2809 4536 Christe
2833 4481 3095 4542 Salvator,
3122 4487 3207 4532 tua
3236 4477 3440 4546 agimus
3467 4488 3621 4530 crea-

2057 4587 2193 4638 tura,
2223 4575 2364 4646 quod
2393 4585 2498 4628 tam
2527 4580 2798 4642 potentem
2830 4568 3191 4624 adversarium
3222 4574 3464 4620 nostrum
3492 4564 3621 4620 dum

2053 4667 2335 4732 occideris,
2365 4665 2603 4721 occidisti
2639 4663 2729 4735 (ε).
2754 4663 2882 4729 Quis
2898 4670 3022 4715 ante
3042 4669 3093 4714 te
3113 4658 3357 4712 miserior
3377 4657 3616 4724 homine,

2054 4758 2144 4826 qui
2175 4768 2389 4812 aeternae
2434 4755 2622 4810 mortis
2660 4761 2865 4807 terrore
2894 4759 3213 4822 prostratus,
3245 4749 3454 4804 vivendi
3498 4764 3622 4804 sen-

2055 4865 2171 4904 sum
2202 4848 2268 4902 ad
2307 4847 2409 4902 hoc
2435 4854 2636 4899 tantum
2669 4851 2969 4911 acceperat,
3003 4851 3060 4896 ut
3100 4840 3340 4912 periret?
3372 4858 3390 4890 ι
3423 4840 3623 4908 Regna-

2052 4941 2130 4994 vit
2153 4938 2294 4992 enim
2319 4950 2462 4990 mors
2479 4934 2547 4989 ab
2565 4934 2732 4989 Adam
2755 4947 2918 5002 usque
2931 4932 2996 4986 ad
3015 4932 3253 5002 Moysen,
3272 4931 3432 4985 etiam
3460 4945 3623 4998 super

2055 5028 2392 5097 cos,qui,non
2411 5023 2842 5096 peccaverunt,in
2856 5021 3257 5077 similitudinem
3294 5020 3451 5091 333
3483 5035 3620 5088 pra:-

2053 5117 2390 5174 varicationis
2443 5115 2572 5171 Adae
2607 5135 2626 5167 ›
2694 5114 2893 5186 (Rom.
2941 5113 2996 5169 5.
3043 5115 3112 5168 M
3141 5113 3180 5183 ).
3231 5110 3286 5167 Si
3329 5110 3618 5174 Abraham,

2054 5257 2129 5305 avi
2153 5253 2452 5315 compararit,
2478 5265 2569 5302 seu
2590 5251 2966 5315 ipsumam:th
2988 5247 3198 5315 dixeri_t_,
3235 5250 3346 5315 puta
3383 5243 3511 5315 quod
3535 5241 3621 5290 ille

2054 5318 2166 5366 dum
2191 5307 2395 5373 viv'eret,
2421 5307 2512 5363 sibi
2552 5307 2726 5361 crebro
2751 5307 3094 5373 insusurrant,
3119 5307 3296 5373 aliquid
3319 5307 3484 5366 operis
3506 5318 3531 5352 a
3564 5315 3623 5351 se

2054 5385 2248 5438 petens,
2273 5370 2414 5438 quam
2435 5376 2542 5438 ejus
2566 5384 2730 5438 tamen
2754 5385 2932 5438 vocem
2945 5370 3105 5420 subdit
3124 5370 3217 5418 sibi
3233 5377 3428 5438 _(‘ygneo
3447 5375 3622 5438 canore

2054 5389 2248 5448 petens,
2273 5389 2414 5483 (illam
2435 5389 2542 5438 ejus
2568 5389 2730 5424 tamen
2754 5389 2922 5421 vocem
2945 5389 3105 5420 sumit
3124 5389 3217 5418 διυι
3241 5389 3254 5415 (
3275 5389 3428 5438 yyucu
3447 5389 3620 5412 cursura

2053 5437 2204 5487 fuisse
2224 5437 2286 5485 du
2310 5449 2506 5486 morem.
2557 5435 2703 5485 Certe
2739 5434 2867 5483 avim
2903 5431 3139 5481 denotare
3169 5429 3380 5479 voluisse
3419 5425 3623 5485 probant

2056 5507 2294 5562 postrema
2315 5498 2420 5562 haec
2442 5497 2608 5547 verba.

2124 5559 2195 5622 td)
2229 5560 2470 5622 Victorius
2509 5568 2652 5622 super
2693 5554 2953 5622 cadavera
2971 5557 3220 5622 parentum
3254 5547 3622 5622 deﬁtnetorgmug

2055 5602 2198 5732 3υὲιῖιῖ
2231 5602 2490 5670 lectionem
2510 5602 3193 5680 'p'rrobat—sub'sequitur
3215 5646 3229 5667 ,
3271 5602 3437 5657 laudes
3479 5602 3621 5654 liberi

2093 5684 2288 5732 icerent.
2313 5681 2376 5730 At
2399 5692 2566 5729 vocem
2589 5677 2718 5726 illam
2741 5683 2991 5732 parentum
3011 5683 3174 5732 neque
3198 5665 3493 5732 exemplaria
3530 5677 3619 5732 no-

2093 5665 2568 5732 ἷξεῖἶνέἠῖίλὶῖόξεὶιί
2589 5665 2718 5726 illam
2734 5665 2991 5733 parentum
3011 5665 3174 5733 neque
3198 5665 3493 5733 exemplaria
3530 5677 3619 5733 no-

2056 5727 2389 5799 institisset;
2412 5727 2516 5790 inec
2553 5742 2656 5801 ipse
2677 5727 2860 5801 Victor.
2885 5727 3110 5801 admonei
3131 5730 3262 5801 unde
3298 5727 3615 5801 expresserit.

2129 5787 2511 5867 (ἧξἰᾷῗᾷνόἱῇ
2537 5787 2784 5867 ἐὶέιιηριει·
2796 5810 2816 5867 _;
2841 5794 3122 5867 priius‘enim
3147 5791 3223 5841 vel
3248 5799 3292 5840 te
3309 5787 3475 5839 vocula
3497 5788 3617 5839 abe-

2064 5855 2155 5920 rat',
2175 5855 2254 5915 'vel
2278 5862 2393 5918 attid
2426 5867 2533 5911 ante
2553 5855 2772 5912 miserius
2794 5855 3066 5907 legebatur.
