4146 6336
470 442 565 501 591
606 428 609 431 ’

465 566 615 620 [suae
638 565 693 616 et
729 555 897 614 Jacob
921 554 977 613 in
1002 552 1233 622 interno,
1263 552 1383 625 quis
1424 551 1480 608 in
1524 549 1784 608 calorum
1819 550 2030 623 regno?

464 654 524 713 Si
551 650 812 708 amicidui
837 649 938 705 sub
958 660 1115 720 poena
1143 644 1464 704 olendentls
1496 643 1687 711 Adam,
1723 652 1779 700 et
1803 642 1895 713 qui
1920 655 2029 698 non

463 750 836 817 peccaverant,
876 741 1069 798 alienis
1116 739 1348 812 peccatis
1398 737 1720 795 tenebantur
1765 734 2025 803 obnoxii,

462 836 592 909 quid
605 835 676 893 de
696 834 781 891 his
800 832 1124 892 credendum
1145 841 1248 897 est,
1270 830 1360 903 qui
1384 830 1632 886 dixerunt
1660 844 1680 880 ι
1707 826 1760 883 in
1776 825 2028 882 cordibus

452 929 593 993 suis,
618 940 727 983 non
753 933 837 982 est
865 925 1006 981 Deus
1023 925 1049 979 1
1078 941 1097 977 i
1122 923 1224 992 Qui
1251 941 1270 974 ι
1297 920 1534 991 corrupti
1559 929 1612 976 et
1642 917 2029 974 abominabiles

458 1019 583 1075 facti
627 1028 771 1085 sunt,
808 1018 864 1073 in
911 1015 1272 1073 voluntatibus
1316 1011 1462 1069 suis?
1495 1032 1514 1065 ι
1542 1011 1645 1080 Qui
1676 1028 1696 1063 ι
1724 1008 2029 1066 declinave-

459 1120 607 1179 runt,
648 1109 809 1166 simul
840 1109 1057 1165 inutiles
1102 1107 1226 1163 lacti
1264 1115 1426 1171 sunt;
1467 1119 1575 1161 non
1614 1113 1699 1160 est
1745 1103 1835 1174 qui
1872 1100 2031 1158 faciat

460 1204 677 1272 bonum,
705 1218 812 1259 non
835 1210 1110 1273 estusque
1133 1199 1200 1256 ad
1230 1198 1435 1255 unum?
1467 1216 1487 1252 ι
1519 1195 1637 1272 (Ps.
1668 1196 1756 1251 15.
1790 1195 1845 1266 1)
1875 1192 2028 1263 Quod

457 1296 503 1352 si
527 1295 759 1351 Lazarus
778 1294 993 1351 videtur
1019 1291 1075 1348 in
1116 1292 1236 1348 sinu
1269 1289 1521 1357 Abrahae,
1552 1289 1777 1358 locoque
1802 1285 2026 1355 refrige-

456 1387 545 1454 rii,
585 1386 712 1457 quid
752 1384 926 1442 simile
953 1382 1195 1440 infernus
1227 1388 1283 1438 et
1326 1394 1492 1451 regna
1535 1378 1831 1436 cmloruml
1874 1378 2026 1432 Aura

455 1476 725 1533 Cursu-ul
762 1475 1034 1531 Abraham
1080 1472 1222 1545 apud
1280 1471 1482 1528 inferos
1529 1488 1543 1525 :
1583 1477 1706 1539 post
1754 1466 2024 1523 Christum

454 1566 591 1623 latro
614 1568 669 1623 in
706 1566 971 1638 paradiso.
1008 1564 1078 1621 Et
1118 1564 1320 1619 ldcirco
1366 1564 1420 1617 in
1455 1560 1851 1617 resurrectione
1885 1560 2023 1629 ejus,

416 1650 619 1716 'multa
659 1657 1039 1715 dormientium
1093 1669 1320 1726 corpora
1367 1662 1752 1716 surrexerunt,
1807 1662 1862 1708 et
1911 1651 2025 1707 visa

451 1758 577 1806 sunt
603 1752 656 1805 in
687 1747 763 1822 (a)
788 1750 995 1807 emlesti
1020 1747 1333 1805 Jerusalem.
1368 1736 1623 1817 Tuncque
1645 1744 1922 1815 impletum
1944 1752 2028 1800 est

450 1840 580 1897 illud
606 1842 834 1913 elogium
863 1858 877 1894 :
908 1860 929 1893 t
960 1841 1129 1911 Surge
1149 1840 1239 1910 qui
1257 1839 1480 1905 dormis,
1503 1847 1558 1893 et
1577 1836 1807 1902 elevare,
1831 1842 1885 1892 et
1904 1834 2027 1890 illu-

454 1932 680 1989 minabit
704 1941 757 1988 te
783 1931 1029 1988 Christus
1060 1948 1080 1985 ι
1111 1928 1329 2002 (Ephes.
1362 1930 1415 1986 5.
1441 1928 1554 1998 14).
1582 1926 1816 1985 Joannes
1844 1926 2024 1998 Bapti—

449 2031 531 2079 sta
559 2024 613 2078 in
640 2037 827 2079 eremo
855 2030 1108 2094 personat
1134 2038 1148 2074 :
1179 2039 1198 2074 ι
1228 2021 1602 2077 Ptenitentiam
1619 2020 1759 2091 agite
1788 2036 1803 2073 :
1832 2031 2028 2090 appro-

445 2115 721 2186 pinquavit
763 2114 907 2170 enim
957 2130 1180 2186 regnum
1221 2114 1502 2170 caelorum.
1553 2113 1598 2168 A
1646 2112 1836 2169 diebus
1879 2111 2024 2168 enim

447 2203 667 2262 Joannis
691 2205 941 2278 Baptista
983 2220 1206 2276 regnum
1253 2204 1510 2262 calorum
1563 2203 1667 2259 vim
1707 2203 1927 2273 patitur,
1971 2211 2027 2259 et

446 2298 665 2355 violenti
683 2298 937 2370 diripiunt
959 2298 1085 2355 illud
1111 2318 1132 2352 ι
1158 2297 1368 2372 (Matth.
1388 2299 1443 2353 3.
1463 2299 1516 2354 ὅ.
1538 2306 1585 2353 et
1601 2298 1686 2352 11.
1706 2295 1819 2367 11).
1850 2296 2026 2352 Flam-

447 2403 567 2444 mea
608 2389 700 2446 illa
736 2392 1008 2460 romphaea
1051 2400 1231 2447 custos
1278 2390 1533 2460 paradisi,
1574 2397 1630 2445 et
1682 2389 2023 2459 praesidentia

446 2477 651 2535 foribus
674 2480 986 2545 Cherubim,
1022 2481 1222 2537 Christi
1261 2482 1514 2537 restincta
1547 2488 1601 2535 et
1627 2489 1860 2535 reserata
1900 2489 2026 2534 sunt

446 2571 730 2640 sanguine.
751 2570 861 2626 Nec
887 2572 1081 2626 mirum
1108 2571 1211 2627 hoc
1239 2564 1464 2627 nobisin
1488 2574 1881 2627 resurrectione
1902 2585 2025 2641 pro-

446 2659 609 2726 mitti,
640 2673 761 2715 cum
791 2674 978 2716 omnes
1020 2662 1109 2731 qui
1134 2662 1188 2715 in
1213 2675 1393 2728 carne,
1440 2675 1547 2716 non
1577 2660 1870 2716 secundum
1898 2676 2022 2716 car-

448 2763 572 2804 nem
617 2750 868 2817 vivimus,
914 2751 1293 2821 municipatum
1332 2750 1622 2806 habeamus
1668 2752 1720 2804 in
1763 2751 1900 2807 coelo
1927 2769 1942 2806 :
1970 2760 2025 2807 et

447 2835 539 2892 hic
580 2838 756 2895 adhuc
802 2840 989 2910 positis
1029 2840 1235 2896 dicatur
1277 2841 1331 2896 in
1362 2849 1506 2897 terra
1540 2859 1553 2896 :
1591 2856 1611 2893 ι
1639 2840 1881 2911 Regnum
1926 2841 2023 2898 Dei

445 2927 586 2985 intra
615 2944 712 2988 vos
738 2941 821 2989 est
855 2950 874 2986 ι
910 2931 1063 3006 (Luc.
1095 2933 1183 2989 17.
1206 2932 1328 3003 2t).

516 3025 571 3079 4.
612 3026 765 3084 Adde
792 3027 934 3099 quod
970 3038 1096 3084 ante
1128 3028 1574 3085 resurrectionem
1603 3026 1820 3094 Christi,
1858 3047 1878 3081 ι
1919 3043 2022 3084 no-

446 3122 532 3171 tus
562 3134 584 3169 ι
618 3126 821 3174 tantum
855 3136 875 3171 r
903 3119 957 3174 in
986 3118 1167 3176 Judtea
1199 3137 1219 3173 ι
1244 3128 1359 3176 erat
1385 3137 1405 3170 ι
1435 3119 1612 3175 Deus:
1642 3119 1696 3173 in
1722 3118 1881 3175 Israel
1908 3134 2022 3175 ma-

346 3222 349 3227 ·
445 3220 607 3276 gnum
638 3223 831 3265 nomen
869 3210 985 3280 ejus
1018 3227 1038 3263 ι
1097 3208 1214 3283 (Ps.
1260 3211 1371 3282 75).
1396 3210 1463 3265 Et
1509 3209 1610 3281 ipsi
1636 3210 1725 3281 qui
1764 3220 2025 3266 noverant

446 3311 590 3363 cum,
618 3306 797 3354 tamen
821 3299 889 3354 ad
917 3300 1116 3357 inferos
1158 3301 1522 3357 trahebantur.
1561 3298 1663 3356 Ubi
1691 3310 1816 3357 tunc
1859 3302 2021 3357 totius

447 3385 599 3440 orbis
624 3388 890 3457 homines,
923 3391 991 3447 ab
1019 3391 1167 3448 india
1195 3406 1363 3460 usque
1398 3393 1463 3448 ad
1502 3390 1853 3459 Britanniam,
1886 3408 1916 3447 a
1942 3394 2020 3448 ri-

444 3474 569 3543 gida
600 3475 997 3548 Septentrionis
1026 3482 1200 3553 plaga,
1236 3497 1405 3554 usque
1457 3482 1524 3539 ad
1555 3482 1795 3541 fervores
1838 3483 2021 3539 Atlan-

444 3568 539 3624 tici
566 3568 788 3639 Oceani,
829 3581 935 3628 tam
982 3575 1397 3632 innumerabiles
1422 3576 1625 3648 populi,
1667 3586 1723 3634 et
1750 3585 2019 3633 tantarum

442 3660 677 3732 gentium
703 3663 1071 3723 multitudines
1091 3666 1116 3719 ?

586 3799 752 3868 Quam
787 3801 943 3857 variis
968 3801 1173 3874 tinguis,
1200 3801 1373 3857 habitu
1402 3809 1506 3857 tam
1550 3802 1718 3868 vestis,
1744 3810 1791 3856 et
1827 3802 1980 3857 armis
1999 3818 2019 3857 :

1474 3893 1712 3965 (.Eneid.
1738 3894 1813 3965 8).

512 4022 745 4080 Piscium
763 4025 869 4081 ritu
887 4041 950 4083 ac
963 4027 1312 4096 locustarum,
1345 4037 1399 4084 et
1419 4027 1564 4084 velut
1584 4043 1785 4085 musca:
1858 4027 2019 4101 335

443 4121 499 4168 et
524 4115 723 4172 culices
736 4119 1183 4177 conterebantur:
1206 4121 1408 4192 absque
1425 4121 1610 4176 notitia
1630 4120 1826 4177 etenim
1848 4120 2017 4176 Crea-

441 4205 574 4260 toris
600 4208 702 4271 sui,
728 4209 906 4263 amnis
932 4209 1096 4264 homo
1128 4225 1288 4280 pecus
1315 4221 1419 4267 est.
1466 4211 1617 4267 Nunc
1653 4228 1782 4268 vero
1810 4215 2016 4282 passio-

444 4308 571 4349 nem
597 4294 820 4361 Christi,
842 4302 895 4352 et
922 4300 1369 4354 resurrectionem
1400 4301 1539 4370 ejus,
1563 4313 1873 4357 cunctarum
1899 4318 2020 4374 gen-

445 4387 578 4442 tium
614 4396 669 4444 et
692 4402 851 4445 voces
876 4399 933 4445 et
959 4390 1149 4447 litterae
1188 4399 1401 4448 sonant.
1432 4391 1607 4448 Taceo
1646 4392 1712 4448 de
1740 4393 2012 4462 Hebr-mis,

443 4479 664 4548 Graecis,
702 4480 757 4539 et
784 4482 1005 4551 Latinis,
1030 4498 1161 4554 quas
1186 4484 1432 4540 nationes
1463 4483 1587 4539 ﬁdei
1607 4498 1718 4541 sua:
1749 4486 1804 4539 in
1829 4484 2019 4541 Crucis

440 4569 596 4626 titulo
636 4573 897 4629 Dominus
939 4573 1223 4631 dedicavit.
1281 4574 1643 4631 immortalem
1686 4578 1918 4632 animam
1963 4586 2019 4632 et

441 4670 566 4731 post
588 4661 996 4721 dissolutionem
1038 4666 1281 4737 corporis
1307 4666 1711 4750 subsistentem,
1735 4666 1877 4737 quod
1909 4666 2015 4739 Py-

441 4754 694 4823 thagoras
712 4757 1023 4824 somniavit,
1052 4759 1388 4816 Democritus
1414 4774 1521 4816 non
1548 4760 1792 4827 Credidit,
1810 4761 1866 4816 in
1890 4776 2019 4817 con-

420 4906 423 4915 ‘
504 4906 570 4973 (a)
606 4907 713 4979 an
733 4922 830 4979 una
849 4910 1015 4979 hacde
1028 4924 1087 4961 re
1107 4921 1331 4963 veterum
1354 4922 1431 4979 est
1450 4917 1715 4979 sententia,
1741 4914 1851 4965 aliis
1871 4923 2018 4979 aeter-

444 4966 593 5039 nan,
615 4966 723 5018 aliis
745 4973 1079 5039 temporariam
1101 4978 1511 5039 resurrectionem
1534 4977 1608 5025 his
1630 4966 1714 5039 qui
1745 4991 1855 5027 cum
1879 4976 2018 5039 Chri-

444 5037 524 5097 sto
545 5039 927 5097 resurrena'unt
947 5070 959 5087 ,
984 5034 1327 5082 tribuentibus.
1354 5036 1498 5084 Juxta
1534 5034 1716 5097 prim'os
1748 5039 1797 5085 in
1829 5036 2018 5085 caelesti

445 5088 727 5161 Jerusalem
748 5091 1033 5161 Sanctorum
1070 5106 1271 5161 corpora
1293 5088 1645 5161 apparuerunt,
1665 5099 1811 5161 juxta
1830 5097 1950 5161 alios
1971 5100 2020 5146 in

446 5152 846 5215 terrena._Priori
862 5152 1220 5215 sententiain
1245 5152 1389 5215 quam
1413 5158 1573 5215 vergit
1596 5152 1705 5205 uere
1722 5158 1811 5205 loci
1841 5157 2019 5206 Hiero-

445 5225 645 5283 nymus,
665 5211 1097 5283 faventnprigeneg
1112 5215 1228 5283 inﬁt}.
1254 5211 1341 5283 27';
1352 5211 1585 5283 ΜείιιιρῐεεὶΔ
1605 5217 1785 5283 Εέιδεξὴ.
1810 5217 2022 5283 Demon-

446 5272 584 5337 strat.
607 5272 791 5334 Evaug.
818 5273 958 5337 liber.
980 5273 1027 5337 ᾗ
1055 5273 1113 5337 8.
1130 5272 1460 5337 Hilar.'l‘ract.
1486 5276 1534 5337 in
1557 5276 1602 5326 2.
1630 5277 1884 5337 Psalmum,
1908 5278 2025 5328 Ruf-

445 5332 572 5399 ﬁnus
594 5336 641 5383 in
661 5332 968 5399 expositione
979 5333 1202 5399 Δεγιιὼυιί
1218 5370 1232 5399 ,
1255 5335 1454 5399 aliique.
1481 5336 1581 5386 Sed
1603 5338 1802 5388 alteram
1826 5332 2022 5391 tuentur

446 5349 572 5384 unus
594 5349 641 5383 tu
661 5349 725 5383 ex
742 5349 968 5387 iostuone
991 5349 1202 5399 symbol:
1218 5370 1232 5394 ,
1255 5349 1454 5399 atnque.
1481 5349 1581 5386 δθα
1603 5349 1802 5388 atteram
1826 5349 2022 5391 tuentur

446 5393 678 5507 Elerique
700 5349 808 5453 eiii,
829 5409 954 5458 quos
978 5396 1321 5468 interpptime
1350 5400 1653 5461 Augustinus
1675 5402 1815 5461 epist.
1848 5401 1929 5450 99.
1961 5402 2022 5451 ad

495 5458 702 5507 rudium.
728 5457 1091 5507 Chrvsostomus
1112 5472 1161 5506 tu
1192 5459 1443 5507 epistolam
1475 5460 1532 5507 ad
1566 5460 1833 5507 Hebrzeos.
1872 5468 2021 5507 atoue

475 5455 1091 5523 ivmli'ttm,_Chry505tonius
1112 5455 1456 5523 iu'ppistolam'
1475 5460 1532 5509 ad
1566 5455 1833 5523 Hebrieos,
1872 5468 2021 5523 atque

447 5518 633 5582 ibidem
656 5517 1025 5582 'l‘heodbretus,
1049 5525 1147 5568 etc.
1164 5517 1491 5582 Cenferenda,
1514 5521 1645 5582 quod
1679 5517 1921 5582 praecipue
1938 5517 2023 5573 est

448 5536 633 5568 mtuum
669 5536 995 5568 ιιιθοοοτυιιιδ
1049 5536 1147 5568 θω.
1171 5536 1491 5580 waterenua,
1583 5536 1645 5570 00
1697 5536 1921 5582 ιΐὲεψυθ
1946 5536 2023 5573 est.

448 5580 511 5644 ad
530 5588 889 5644 rem_nostram,
907 5552 1070 5644 Paula:
1091 5588 1145 5630 et
1163 5578 1411 5629 Eustachii
1433 5583 1491 5631 ad
1514 5536 1795 5644 Vercellum
1821 5584 2023 5644 epistola

448 5639 530 5705 {6.
555 5656 607 5690 ιι.
629 5641 677 5705 7.
701 5655 811 5705 quae
829 5643 927 5705 jam
949 5656 1037 5691 suo
1056 5643 1160 5691 loco
1182 5643 1453 5705 notavimus
1475 5645 1624 5705 verba
1650 5656 1661 5689 :
1694 5661 1718 5689 ι
1738 5639 2023 5693 Νθε’δωιίιιι

448 5700 749 5767 Jemsolyma
771 5700 984 5767 @lestis
1006 5706 1129 5754 sicut
1148 5704 1374 5766 plerique
1398 5702 1602 5767 ridicule
1624 5705 1916 5755 arbitrantur
1934 5740 1948 5763 ,
1973 5707 2021 5754 in

447 5758 543 5809 hoc
568 5758 680 5827 loco
704 5764 1008 5827 intelligitur,
1039 5758 1165 5817 cum"
1190 5758 1384 5827 sign’um
1426 5763 1614 5814 nullum
1655 5778 1767 5815 esse
1812 5758 2025 5827 potuerit

452 5822 581 5890 apud
604 5823 826 5890 homines
848 5822 1040 5890 Domini
1065 5822 1371 5889 resurgentis
1386 5859 1400 5886 ,
1425 5827 1466 5875 si
1502 5839 1700 5889 corpora
1740 5822 2023 5878 Sanctorum

451 5883 505 5939 in
528 5883 711 5949 caelesti
734 5885 1005 5936 Jerusalem
1030 5890 1127 5937 visa
1154 5883 1282 5939 sunt.
1318 5904 1339 5932 »

1717 434 1957 493 SANCTl
1998 392 2369 490 BIERONYMI

3603 447 3713 506 592

2140 548 2454 606 solutionem
2494 549 2847 611 damnationis
2884 568 2996 611 suae
3036 553 3289 614 Socrates
3326 557 3623 630 disputavit
3655 565 3711 622 in

2138 656 2374 709 carcere,
2418 641 2599 711 ludus,
2637 644 2819 714 Persa,
2869 647 3097 718 Gothus,
3150 648 3429 723 Egyptius
3475 653 3715 725 philoso-

2137 733 2387 803 phantur.
2423 731 2502 805 (li)
2544 732 2828 793 Bessorum
2869 736 3071 806 feritas,
3112 746 3168 794 et
3208 740 3511 809 pellitorum
3559 747 3713 803 turba

2137 822 2478 893 populorum,
2508 823 2599 895 qui
2640 835 2969 883 mortuorum
3003 829 3272 901 quondam
3302 831 3506 891 inferiis
3533 835 3713 893 homi-

2137 928 2233 970 nes
2276 913 2642 984 immolabant,
2694 917 2979 975 stridorem
3018 935 3172 976 suum
3216 923 3271 977 in
3317 924 3473 982 dulce
3521 927 3714 987 Crucis

2136 1002 2409 1075 fregerunt
2454 1007 2643 1076 melos,
2689 1015 2746 1064 et
2799 1009 2963 1066 totius
3012 1012 3196 1068 mundi
3242 1029 3349 1070 una
3392 1032 3496 1072 vox
3550 1019 3711 1074 Chri-

2134 1104 2249 1152 stus
2291 1107 2393 1154 est.

2204 1189 2260 1246 5.
2300 1189 2438 1258 Quid
2464 1192 2689 1263 agimus,
2717 1194 2940 1251 animal
2967 1211 3073 1266 quo
3109 1211 3210 1256 nos
3248 1203 3551 1259 venimus?
3583 1206 3709 1275 quid

2132 1281 2361 1351 primum
2401 1285 2761 1342 assumimus?
2799 1286 2927 1357 quid
2965 1292 3245 1345 tacemus?
3307 1292 3709 1353 Excideruntno

2135 1373 2229 1429 tibi
2258 1384 2520 1446 praecepta
2547 1376 2840 1434 Rhetorum
2860 1378 2884 1431 ?
2905 1387 2960 1435 et
2983 1389 3238 1452 occupata
3261 1383 3428 1451 luctu,
3450 1402 3703 1457 oppressa

2133 1462 2417 1537 lacrymis,
2473 1468 2762 1539 prmpedita
2805 1470 3144 1541 singultibus,
3195 1473 3409 1531 dicendi
3462 1479 3704 1535 ordinem

2132 1573 2241 1613 non
2271 1558 2461 1614 tenes?
2485 1557 2586 1615 Ubi
2616 1560 2744 1616 illud
2773 1562 2841 1617 ab
2870 1562 3092 1618 infantia
3124 1564 3357 1621 studium
3382 1568 3702 1636 litterarum,

2131 1659 2187 1705 et
2210 1649 2286 1720 (ε)
2312 1650 2659 1720 Anaxagoras,
2686 1665 2750 1707 ac
2773 1651 3079 1710 Telamonis
3105 1669 3319 1726 semper
3351 1658 3558 1714 laudata
3583 1676 3706 1717 sen-

2132 1742 2334 1797 tentia?
2384 1742 2625 1798 Sciebam
2670 1758 2755 1799 me
2794 1745 3043 1815 genuisse
3094 1749 3395 1805 mortalem.
3447 1750 3700 1822 Legimus

2129 1832 2465 1901 Crantorem,
2495 1834 2648 1904 cujus
2675 1834 2921 1891 volumen
2955 1836 3022 1891 ad
3046 1838 3434 1899 confovendum
3462 1842 3700 1899 dolorem

2130 1939 2307 1991 suum,
2336 1932 2547 1981 secutus
2593 1932 2678 1981 est
2726 1924 2913 1982 Cicero
2942 1926 3077 1997 (Lib.
3118 1929 3182 1982 de
3219 1928 3469 1987 Consolat.
3512 1936 3599 2003 qui
3626 1936 3705 1990 iu-

2130 2017 2380 2087 tercidit);
2419 2017 2673 2082 Platonis,
2720 2017 2989 2089 Diogenis,
3020 2016 3353 2089 Clitomachi,
3393 2021 3698 2091 Carneadis,

2129 2107 2398 2164 Posidonii
2438 2108 2505 2164 ad
2531 2108 2793 2166 sedandos
2822 2111 2995 2165 luctus
3035 2110 3287 2182 opuscula
3323 2114 3699 2182 percurrimus,

2129 2201 2220 2269 qui
2243 2200 2466 2256 diversis
2504 2200 2771 2267 aetatibus,
2806 2198 3137 2256 diversorum
3177 2201 3374 2257 luctum
3405 2203 3487 2258 vel
3530 2203 3698 2273 libris,

2128 2292 2214 2347 vel
2238 2292 2475 2361 epistolis
2500 2292 2740 2348 minuere
2764 2300 2888 2349 sunt
2911 2293 3109 2359 conati,
3133 2294 3370 2350 utetiam
3394 2297 3438 2349 si
3461 2304 3698 2351 nostrum

2128 2382 2621 2453 are‘retingenium,
2652 2382 2721 2438 de
2748 2382 2961 2438 illorum
2996 2394 3175 2453 posset
3211 2384 3443 2441 fontibus
3471 2387 3699 2457 irrigari.

2128 2475 2440 2545 Proponunt
2480 2474 2891 2530 innumerabiles
2916 2476 3076 2543 viros,
3107 2485 3161 2531 ct
3189 2477 3415 2532 maxime
3445 2477 3699 2532 Periclem

2126 2577 2183 2623 et
2224 2566 2630 2637 XenOphontem
2668 2565 3020 2634 Socraticum,
3067 2582 3291 2637 quorum
3330 2569 3467 2624 alter
3492 2569 3702 2624 amissis

2126 2656 2335 2712 duobus
2359 2658 2504 2724 ﬁliis,
2546 2666 2830 2713 coronatus
2876 2658 2932 2712 in
2965 2659 3221 2715 concione
3247 2658 3497 2716 disseruit
3522 2676 3535 2712 :
3564 2660 3702 2716 alter

2126 2765 2248 2805 cum
2276 2750 2581 2805 sacriﬁcans
2632 2749 2798 2804 lilium
2838 2749 2916 2820 (ἀ)
2941 2750 2995 2805 in
3025 2750 3163 2806 bello
3181 2750 3418 2807 audisset
3438 2751 3697 2818 occisum,

2126 2840 2439 2911 deposuisse
2462 2855 2716 2896 coronam
2739 2840 2955 2906 dicitur,
2986 2851 3041 2896 et
3064 2842 3302 2897 eamdem
3343 2843 3501 2910 capiti
3537 2858 3700 2921 repo-

2126 2934 2318 3000 suisse,
2349 2941 2627 3005 postquam
2668 2930 2872 2990 fortiter
2896 2934 2949 2989 in
2976 2934 3089 2990 acie
3127 2934 3459 2990 dimicantem
3497 2936 3702 3005 reperit

2126 3025 2444 3081 concidisse.
2506 3024 2666 3097 335
2728 3026 2868 3094 Quid
2898 3041 3188 3082 memorem
3221 3026 3489 3082 Romanos
3511 3027 3696 3095 duces,

2126 3132 2353 3188 quorum
2375 3118 2658 3174 virtutibus
2674 3119 2824 3188 quasi
2841 3119 3153 3189 quibusdam
3174 3119 3569 3184 stellis,Latinae
3592 3120 3698 3174 mi-

2125 3217 2250 3263 cant
2289 3207 2553 3263 historiae?
2588 3208 2844 3263 Pulvillus
2885 3209 3201 3279 Capitolium
3247 3209 3518 3276 dedicans,
3549 3224 3696 3265 uror-

2128 3308 2297 3367 tuum,
2315 3309 2374 3356 ut
2399 3300 2762 3368 nuntiabatur,
2790 3301 2964 3358 subito
2994 3301 3182 3370 tilium,
3209 3317 3271 3358 se
3290 3302 3453 3373 jussit
3477 3301 3697 3359 absente

2122 3391 2356 3463 sepeliri.
2365 3390 2426 3446 L.
2434 3392 2630 3447 Paulus
2644 3400 2847 3463 septem
2859 3392 3046 3449 diebus
3058 3394 3196 3450 inter
3211 3393 3435 3449 duorum
3448 3393 3697 3465 exequias

2123 3482 2357 3538 ﬁliorum
2373 3482 2726 3553 triumphans,
2743 3483 2929 3539 urbem
2944 3483 3216 3554 ingressus
3229 3493 3328 3540 est.
3340 3482 3696 3539 Praetermitto
3744 3510 3747 3515 -

2121 3575 2400 3643 Maximos,
2431 3577 2660 3632 Catones
2683 3577 2779 3647 (ε),
2811 3576 3011 3641 Gallos.
3041 3576 3285 3644 Pisones,
3316 3576 3527 3644 Brutos,
3549 3575 3693 3630 Scaz-

2121 3669 2293 3736 volas,
2318 3668 2580 3737 Metellos,
2606 3668 2859 3736 Scauros,
2882 3667 3097 3731 Harios.
3123 3667 3367 3734 Crassos,
3398 3666 3690 3734 Marcellos,

2121 3771 2281 3832 atque
2307 3760 2568 3829 Auﬁdios,
2592 3776 2819 3832 quorum
2855 3776 2960 3816 non
2998 3759 3175 3817 minor
3210 3761 3263 3816 in
3288 3760 3433 3815 luctu
3454 3775 3612 3829 quam
3640 3759 3694 3814 in

2121 3852 2276 3908 bellis
2300 3852 2467 3909 virtus
2494 3851 2615 3918 fuit,
2653 3862 2711 3907 et
2750 3866 2975 3922 quorum
3003 3850 3259 3906 orbitates
3288 3850 3342 3905 in
3374 3850 3449 3922 (ί)
3491 3849 3695 3904 Conso-

2121 3942 2336 4001 lationis
2380 3943 2518 4000 libro
2559 3942 2762 3999 Tullius
2813 3940 3125 4011 explicavit,
3179 3956 3247 3996 ne
3295 3939 3478 3996 videar
3522 3939 3696 4011 potius

2192 4097 2367 4165 (bj‘De
2406 4096 2577 4165 Bessis
2613 4096 2850 4165 videndus
2885 4090 3060 4145 Strabo
3088 4094 3175 4145 lib.
3214 4095 3262 4144 7.
3302 4096 3386 4159 qui
3433 4108 3518 4165 eos
3560 4101 3696 4165 notat

2129 4178 2151 4205 ι
2183 4155 2413 4220 majorem
2438 4160 2559 4209 Emi
2592 4160 2769 4208 montis
2792 4164 2977 4219 partem
3009 4166 3204 4215 tenere,
3228 4155 3427 4218 propter
3449 4155 3695 4205 latrocinia

2120 4219 2337 4289 latrem?
2357 4222 2617 4289 arcellae.
2642 4227 2697 4289 et.
2723 4220 3255 4289 αυταιιιηεξρθτειωίιυεξ
3276 4220 3435 4289 ,δ’ίυιω
3448 4229 3642 4289 “ssere-
3662 4232 3687 4261 ι

2120 4283 2259 4332 Adde
2282 4283 2324 4331 si
2349 4277 2508 4343 placet
2533 4277 2835 4331 Herodotum
2856 4318 2870 4338 ,
2896 4277 3139 4343 Solinum,
3165 4277 3389 4343 Ovidium
3408 4312 3423 4337 ,
3448 4277 3653 4343 Plinium
3674 4314 3690 4337 ,

2121 4340 2387 4405 pluresque
2408 4343 2557 4405 alios.
2596 4343 2733 4405 Quod
2770 4349 2930 4405 autem
2970 4340 3155 4405 pellitos
3192 4341 3337 4405 dicit,
3371 4340 3634 4400 praecipuos
3648 4350 3691 4405 _e

2123 4397 2278 4466 Getis,
2303 4397 2386 4466 aut
2407 4403 2552 4452 Dacis
2572 4397 2776 4466 populos
2794 4397 3055 4466 designat;
3080 4404 3160 4466 qui
3192 4397 3402 4466 ferarum
3425 4397 3558 4446 more
3583 4397 3691 4458 pel-

2119 4465 2249 4515 libus
2270 4462 2819 4524 obtegebantinrQPorro
2836 4462 3047 4511 omnium
3072 4462 3691 4524 elegantissinie_trtrorum-

2120 4539 2219 4589 que
2246 4520 2619 4589 conversionem
2654 4523 2816 4573 laudat
2850 4524 2901 4572 S.
2943 4520 3178 4589 Paulinns
3204 4523 3370 4589 Poem;
3398 4520 3497 4589 l?._
3517 4524 3570 4568 Et
3601 4531 3689 4569 sua

2127 4577 2257 4638 Bessi
2280 4585 2391 4636 nive
2415 4585 2653 4645 duriores,
2676 4592 2809 4635 Num:
2831 4597 2938 4636 oves
2959 4584 3092 4648 facti.
3115 4584 3241 4635 Tum
3258 4581 3405 4646 paulo
3424 4577 3548 4631 infra
3568 4616 3583 4643 ,

2275 4695 2330 4739 Et
2352 4693 2477 4750 ceae
2497 4693 2715 4745 curram,
2735 4694 2791 4750 et
2804 4694 3181 4750 uterquepacus
3198 4720 3215 4748 ,

2270 4750 2362 4810 Qui
2384 4748 2494 4800 colit
2515 4756 2662 4799 terra:
2683 4748 2859 4807 medio,
2880 4748 2955 4799 vel
2980 4749 3064 4799 ille

2277 4809 2448 4862 Divitis
2468 4811 2617 4874 tuatua
2633 4811 2752 4874 bore
2766 4809 2989 4874 pilleatus

2403 4872 2575 4923 accola
2596 4871 2739 4935 ripe.

2124 5102 2267 5147 etiam
2292 5099 2416 5159 apud
2433 5098 2681 5148 Valerium
2705 5093 2833 5149 Max~
2855 5098 3096 5159 praecipue
3120 5095 3224 5145 lib..
3249 5097 3298 5145 5.
3319 5102 3532 5155 exstant,
3554 5093 3700 5143 Elia-

2123 5159 2666 5329 “£3353
2691 5218 2742 5269 in
2780 5217 2901 5290 bello
2924 5232 2984 5267 ex
3020 5217 3137 5268 Mss.
3163 5224 3217 5268 et
3234 5216 3436 5268 Victorii
3483 5215 3699 5266 editione

2123 5293 2181 5329 su
2218 5279 2552 5329 ecrmus.V1d.
2576 5278 2815 5329 rElianum
2856 5279 2942 5328 lib.
2974 5282 3023 5329 3.
3047 5280 3238 5329 (anxii.
3271 5278 3336 5328 de
3360 5277 3697 5329 Xenonhonte.

2123 5277 2552 5351 audebimus.nV'id.
2576 5278 2815 5351 rElianum
2856 5279 2942 5328 lib.
2974 5277 3697 5351 3..mp.’3.'de_Xenophonte:

2193 5340 2255 5414 (ej
2291 5341 2385 5389 Pro
2410 5340 2572 5390 Gallos
2594 5343 2820 5412 quadam
2842 5337 3142 5401 exemplaria
3176 5340 3317 5390 caios
3344 5337 3549 5402 legunt,
3572 5337 3698 5401 quod

2125 5416 2223 5452 non
2244 5404 2494 5463 improbo;
2527 5403 2626 5451 Cau
2661 5400 2845 5451 seducet
2868 5414 3150 5463 praenomen
3177 5400 3315 5451 Gallo
3336 5409 3462 5450 erat.
3484 5399 3598 5463 S_ed_
3609 5412 3701 5463 pro

2126 5439 2458 5534 tangam:
2478 5439 2856 5534 ᾗίῆῥὶίὸἲξῆ,
2869 5439 3167 5534 angam.
3180 5439 3704 5534 samaegrae

2126 5527 2244 5574 tium
2268 5520 2457 5585 Regem
2480 5524 2633 5582 innui,
2656 5526 2739 5591 qui
2769 5520 2877 5573 cum
2892 5520 2962 5571 'in
2995 5520 3254 5591 consulatu
3277 5520 3490 5591 unicum;
3513 5521 3665 5591 ﬁlium
3687 5555 3701 5577 ,

2128 5584 2549 5646 eumque’magnae
2570 5584 3217 5646 Spei'juvenemnamisiget,
3241 5584 3352 5643 ejus
3374 5589 3583 5646 mortem
3606 5589 3702 5630 tam

2127 5643 2675 5708 (equo'auimo'tulit,'ut
2694 5643 2871 5708 statim
2905 5643 3094 5708 ab_ejus
3122 5657 3244 5704 rogo
3267 5646 3501 5708 Senatum
3539 5644 3588 5690 in
3624 5655 3705 5690 cu-

2127 5702 2251 5768 riam
2271 5716 2514 5768 evocaret,
2541 5707 2670 5768 quod
2693 5703 2918 5768 Valerins
2940 5702 3363 5768 Maximus'tradit.

2195 5745 2258 5829 m
2272 5745 2832 5836 “eamagema
2846 5745 3699 5836 ἐῑςέῑδῑιῑῖῡῡᾶςῖᾱῑξρηφιμιίοεε,

2128 5824 2276 5889 quam
2307 5830 2412 5888 ipse
2449 5829 2497 5876 in
2537 5828 2673 5889 Filia:
2695 5838 2797 5889 suae
2819 5829 2975 5873 morte
2997 5825 3283 5886 composuit,
3307 5834 3361 5875 ut
3385 5833 3590 5877 testatur
3613 5824 3702 5875 Tu-

2130 5887 2369 5938 sculanar.
2393 5895 2564 5949 quaest.
2592 5887 2677 5937 lib.
2701 5888 2749 5937 5.
