4146 6336
402 372 509 432 593

404 489 574 543 aliena
625 481 787 556 quam
828 488 1010 539 nostra
1052 477 1324 551 quaesisse.
1374 476 1691 546 Quanquam
1744 479 1801 528 et
1854 471 1970 527 haec

405 583 460 637 in
490 578 875 649 sugillationem
920 574 1088 630 nostri
1135 572 1369 628 breviter
1419 569 1560 624 dicta
1607 566 1732 631 sint,
1777 564 1823 619 si
1866 577 1971 619 non

406 676 622 740 prmetet
650 665 782 722 ﬁdes
809 664 953 737 quod
977 662 1219 720 exhibuit
1243 659 1549 716 inﬁdelitas.

478 761 546 829 6.
571 757 736 828 Igitur
770 757 839 812 ad
879 762 1063 812 nostra
1099 752 1395 809 veniamus.
1425 750 1541 805 Non
1584 749 1829 819 plangam
1852 758 1976 801 cum

404 847 570 906 Jacob
593 856 647 903 et
673 844 838 902 David
863 845 1001 901 filios
1025 845 1077 899 in
1093 843 1210 914 lege
1234 840 1522 897 morientes
1545 837 1673 904 ;sed
1690 850 1812 893 cum
1831 834 1980 892 Chri—

404 947 492 994 sto
533 939 588 994 in
627 936 915 1007 Evangelia
966 935 1219 1005 recipiam
1267 939 1629 1002 resurgentes.
1682 928 1980 985 Junuoaou

406 1042 626 1093 socrus.
657 1028 1074 1085 Christianorum
1104 1024 1354 1097 gaudium
1382 1031 1483 1080 est.
1511 1040 1532 1075 ι
1564 1021 1646 1077 Ad
1685 1020 1980 1091 Vesperam

402 1118 770 1176 demorabitur
794 1117 972 1185 uetus,
1000 1129 1056 1175 et
1082 1116 1151 1173 ad
1177 1116 1496 1175 matutinum
1523 1113 1707 1171 laetitia
1737 1111 1854 1184 (Ps.
1884 1111 1975 1168 29.

403 1209 484 1283 6).
507 1210 625 1269 Nox
649 1211 942 1282 pracesait,
965 1209 1081 1266 dies
1102 1218 1278 1267 autem
1296 1205 1737 1279 appropinquavit
1758 1224 1776 1257 ι
1799 1203 1974 1279 (Rom.

406 1300 518 1373 15).
562 1301 716 1358 Unde
760 1309 816 1358 et
857 1300 1067 1372 Moyses
1091 1299 1327 1356 moriens
1361 1298 1628 1369 plangitur
1656 1295 1833 1367 (Deut.
1863 1293 1975 1364 34),

402 1393 562 1449 Iesus
584 1392 787 1463 absque
808 1390 996 1449 funera
1034 1400 1092 1449 et
1116 1389 1366 1462 lacrymis
1404 1391 1467 1445 in
1492 1395 1676 1445 monte
1700 1386 1977 1455 sepelitur.

410 1484 674 1555 Quidquid
701 1485 772 1541 de
797 1483 1091 1555 Seripturis
1133 1496 1294 1553 super
1332 1480 1714 1537 lamentatione
1740 1477 1847 1533 dici
1878 1488 1980 1547 po-

407 1586 531 1644 test,
560 1576 615 1631 in
640 1590 708 1632 eo
734 1576 872 1637 libro
898 1589 1006 1646 quo
1029 1574 1251 1635 Paulam
1276 1572 1464 1628 Romae
1487 1569 1747 1628 consolati
1771 1580 1976 1634 sumus,

405 1667 638 1724 breviter
656 1665 1060 1737 explicavimus.
1085 1663 1239 1721 Nunc
1260 1663 1417 1721 nobis
1439 1676 1535 1732 per
1556 1661 1715 1721 aliam
1734 1660 1981 1718 semitam

407 1759 475 1815 ad
514 1757 760 1815 eumdem
789 1757 966 1814 locum
992 1756 1413 1827 perveniendum
1444 1762 1549 1823 est,
1594 1769 1665 1811 ne
1707 1753 1983 1811 videamur

406 1853 643 1921 prmtrita
683 1848 780 1923 [aL
832 1848 1119 1922 praterita]
1148 1858 1205 1906 et
1241 1848 1437 1905 abolita
1465 1847 1736 1919 quondam
1774 1846 1982 1903 calcare

405 1945 648 2016 vestigia.

478 2036 532 2092 7.
572 2035 786 2093 Scimus
803 2033 1018 2105 quidem
1039 2033 1390 2105 Nepotianum
1426 2037 1668 2087 nostrum
1705 2043 1828 2086 esse
1858 2041 1983 2084 cum

409 2126 639 2193 Christo,
682 2136 738 2184 et
765 2126 1083 2185 Sanctorum
1121 2127 1346 2182 mixtum
1370 2124 1569 2191 choris,
1596 2123 1739 2193 quod
1766 2122 1854 2178 hic
1880 2135 1982 2176 no-

408 2218 613 2275 hiscum
658 2217 871 2274 eminus
906 2216 1202 2275 rimabatur
1228 2217 1283 2272 in
1328 2215 1505 2278 terris,
1538 2222 1595 2269 et
1631 2213 1984 2268 aestimatione

407 2309 702 2379 qumrebat,
726 2308 802 2365 ibi
822 2308 1093 2364 videntem
1122 2307 1369 2363 cominus
1396 2306 1576 2362 dicere
1604 2322 1616 2357 :
1649 2323 1669 2356 ε
1697 2303 1847 2361 Sicut
1882 2318 1982 2359 au-

406 2398 661 2467 divimus,
687 2398 765 2455 sic
788 2406 844 2454 et
867 2397 1117 2464 vidimus,
1145 2399 1199 2453 in
1224 2397 1438 2452 civitate
1468 2396 1678 2453 Domini
1702 2395 1981 2461 virtutum,

406 2490 467 2546 in
490 2490 705 2547 civitate
729 2488 823 2549 Dei
854 2489 1023 2545 nostri
1056 2506 1077 2540 ι
1112 2486 1230 2559 (Ps.
1260 2487 1349 2542 17.
1384 2487 1449 2556 9)
1478 2503 1492 2541 :
1521 2485 1619 2541 sed
1656 2485 1984 2543 desiderium

324 2572 329 2578 ’
404 2582 669 2639 absentiae
687 2580 804 2650 ejus
827 2578 969 2636 ferre
991 2592 1100 2634 non
1120 2591 1424 2648 possumus,
1446 2591 1550 2633 non
1576 2576 1740 2640 illius,
1770 2577 1868 2633 sed
1888 2591 1984 2632 uo-

405 2683 580 2728 stram
605 2672 775 2728 vicem
801 2671 1064 2728 dolentes.
1094 2671 1304 2739 Quanto
1323 2670 1414 2726 ille
1440 2667 1669 2734 felicior,
1695 2676 1843 2726 tanto
1863 2684 1980 2724 am-

408 2764 556 2834 plius
584 2779 684 2819 nos
710 2764 767 2820 in
789 2763 998 2829 dolore,
1020 2763 1164 2834 quod
1192 2763 1281 2819 tali
1302 2777 1547 2820 caremus
1570 2762 1733 2819 bono.
1759 2762 1991 2819 Flebant

407 2863 469 2911 et
494 2869 709 2913 sorores
726 2854 987 2910 Lazarum
1013 2854 1194 2924 (Joan.
1217 2852 1336 2925 11),
1364 2868 1524 2924 quem
1556 2860 1987 2911 resurrecturum

414 2955 693 3002 noverant.
723 2943 794 3001 Et
831 2955 890 3001 ut
931 2960 1089 3003 veros
1131 2945 1367 3002 hominis
1387 2946 1718 3015 exprimeret
1739 2945 1983 3011 allectus,

416 3038 531 3107 ipse
553 3037 796 3093 Salvator
815 3037 1045 3107 ploravit
1081 3052 1240 3108 quem
1274 3038 1683 3093 resuscitaturus
1707 3046 1823 3093 erat
1849 3036 1990 3108 (Ibi-

417 3128 573 3201 dem).
601 3130 889 3200 Apostolus
932 3144 1142 3200 quoque
1167 3130 1285 3199 ejus
1312 3131 1402 3199 qui
1430 3130 1564 3185 dixit
1592 3147 1604 3184 :
1634 3147 1655 3182 ‹
1683 3128 1855 3198 Cupio
1880 3129 1991 3184 dis-

417 3221 551 3275 solvi
575 3229 629 3275 et
649 3235 770 3275 esse
793 3236 913 3276 cum
951 3220 1114 3292 336
1149 3221 1364 3276 Christo
1391 3239 1410 3273 ι
1438 3219 1663 3292 (Philip.
1697 3219 1863 3293 195)
1889 3237 1903 3274 :
1933 3228 1991 3276 et

420 3311 543 3367 alibi
565 3330 579 3367 :
602 3329 623 3365 ι
641 3311 771 3367 Mihi
781 3312 960 3368 vivere
977 3312 1217 3368 Christus
1236 3312 1548 3379 cst,etmori
1561 3313 1764 3367 lucrum
1779 3331 1798 3365 ι
1824 3311 1873 3383 (Ι
1881 3313 1986 3368 bid.

421 3417 471 3458 ν.
489 3402 606 3472 Si),
630 3403 831 3473 gratias
848 3403 975 3472 agit,
998 3402 1139 3471 quod
1161 3402 1438 3473 Epaphras
1458 3402 1548 3474 [aL
1578 3401 1991 3474 Epaphrodim}

421 3495 491 3551 de
521 3496 709 3551 mortis
737 3496 838 3551 sibi
862 3495 1052 3550 vicinia
1075 3495 1314 3551 redditus
1343 3497 1434 3563 sit,
1474 3511 1543 3551 ne
1569 3496 1791 3551 haberet
1820 3496 1990 3551 tristi-

426 3585 550 3640 tiam
577 3600 737 3655 super
764 3585 1030 3641 tristitiam
1057 3584 1318 3658 (Philipp.
1347 3586 1429 3656 2),
1469 3602 1576 3641 non
1603 3587 1990 3643 incredulitatis

426 3682 595 3739 metu,
644 3675 739 3732 sed
776 3677 1047 3733 desiderio
1080 3677 1340 3731 caritatis.
1375 3678 1590 3743 Quanto
1631 3678 1800 3746 magis
1842 3686 1900 3734 tu
1938 3687 1994 3732 et

425 3768 721 3823 avunculus
745 3778 800 3824 et
836 3769 1155 3840 Episcopus,
1187 3768 1289 3824 hoc
1332 3778 1435 3836 est,
1465 3779 1525 3826 et
1560 3772 1617 3825 in
1647 3786 1809 3827 carne
1853 3781 1905 3826 et
1936 3772 1991 3826 in

424 3858 613 3928 spiritu
644 3869 815 3928 pater,
838 3858 991 3915 doles
1009 3860 1201 3915 abesse
1222 3860 1428 3915 viscera
1460 3868 1569 3925 tua,
1602 3869 1657 3916 et
1692 3861 1847 3931 quasi
1880 3876 1911 3915 a
1941 3869 1995 3918 te

423 3947 631 4004 divulsa
652 3951 932 4020 suspiras?
965 3951 1073 4006 Sed
1106 3951 1351 4019 obsecro,
1388 3959 1451 4006 ut
1484 3951 1705 4007 modum
1738 3952 1996 4009 adhibeas

426 4038 479 4092 in
505 4039 707 4107 dolore,
737 4055 945 4098 memor
983 4042 1126 4098 illius
1152 4043 1435 4099 sententiae
1463 4062 1479 4099 :
1506 4043 1584 4099 Nc
1624 4043 1749 4115 quid
1792 4044 1951 4099 nimis
1978 4060 1992 4098 :

424 4129 765 4202 obligatoque
802 4147 1090 4203 parumper
1126 4134 1379 4203 vulnere,
1398 4134 1583 4191 audias
1625 4134 1811 4191 laudes
1854 4135 1993 4204 eius,

426 4222 580 4291 cujus
617 4236 829 4293 sempr
862 4224 1058 4281 virtute
1095 4227 1310 4282 lutatus
1346 4241 1435 4291 es;
1481 4240 1583 4281 nec
1621 4225 1829 4291 doleas,
1856 4226 1998 4296 quod

429 4313 591 4368 talem
612 4314 878 4382 amiseris,
906 4315 1001 4371 sed
1025 4315 1259 4386 gaudeas
1278 4315 1422 4386 quod
1452 4316 1609 4371 talem
1633 4314 1904 4372 habueris.
1931 4316 2001 4373 Et

431 4402 568 4459 sicut
592 4403 653 4463 hi
672 4406 762 4474 qui
789 4406 843 4461 iu
872 4407 1023 4463 brevi
1058 4408 1251 4463 tabella
1294 4415 1556 4464 terrarum
1594 4408 1726 4464 situs
1752 4409 1997 4477 pingunt,

430 4492 502 4549 ita
532 4494 585 4548 in
630 4509 799 4557 parve
843 4499 949 4552 isto
982 4492 1251 4555 volumine
1294 4512 1487 4554 cernas
1528 4496 1862 4563 adumbrata,
1892 4513 2002 4555 non

386 4594 397 4603 ‘
433 4597 686 4654 expressa
723 4587 875 4657 signa
912 4588 1171 4646 virtutum
1203 4607 1217 4645 :
1248 4589 1623 4660 suseipiasque
1651 4605 1683 4647 a
1708 4589 1868 4647 nobis
1893 4604 2001 4646 non

433 4678 595 4747 vires,
615 4680 708 4736 sed
734 4681 1083 4738 voluntatem.

500 4771 555 4826 8.
596 4769 864 4845 Praecepta
889 4773 1185 4829 Rhetorica.
1203 4803 1275 4815 -—
1290 4774 1415 4830 Haec
1434 4785 1701 4847 pracepta
1719 4786 1844 4841 sunt
1862 4779 2005 4835 Rhe-

432 4870 627 4931 terum,
657 4872 716 4919 ut
743 4864 975 4934 majores
997 4866 1113 4936 ejus
1152 4867 1243 4936 qui
1278 4866 1576 4922 laudandus
1597 4878 1698 4935 est,
1735 4879 1790 4924 et
1816 4885 2003 4926 eorum

429 4960 575 5019 gesta
601 4952 761 5009 altius
788 4962 1117 5024 repetantur,
1148 4955 1333 5024 sicque
1371 4955 1439 5010 ad
1467 4956 1640 5024 ipsum
1680 4971 1781 5027 per
1799 4959 2001 5029 gradus

431 5055 608 5097 sermo
656 5046 930 5113 perveniat
969 5060 981 5097 :
1023 5060 1130 5115 quo
1168 5045 1416 5100 videlicet
1463 5045 1620 5101 avitis
1661 5050 2005 5119 paternisque

431 5131 714 5189 virtutibus
759 5134 1019 5190 illustrior
1058 5136 1168 5201 tiat,
1219 5143 1272 5189 et
1315 5143 1406 5190 aut
1447 5152 1553 5192 non
1582 5137 1935 5208 degenerasse
1973 5156 2003 5196 a

430 5224 623 5294 bonis,
672 5236 766 5284 aut
808 5228 1105 5285 mediocres
1150 5229 1267 5298 ipse
1315 5244 1538 5287 ornasse
1586 5230 1848 5288 videatur.
1890 5232 2005 5291 Eoo

431 5329 614 5374 CARNIS
636 5318 799 5387 bona,
820 5333 943 5389 qua:
967 5332 1179 5388 semper
1197 5327 1251 5374 et
1282 5319 1394 5390 ipse
1418 5322 1759 5393 contempsit,
1792 5324 1844 5379 in
1885 5325 2003 5381 ani-

432 5424 532 5465 ma:
560 5410 807 5467 laudibus
842 5402 949 5466 non
984 5412 1252 5482 requiram
1287 5430 1299 5466 :
1333 5429 1435 5469 nec
1462 5430 1549 5470 me
1582 5416 1795 5486 jactabo
1828 5417 1894 5472 de
1912 5433 2006 5488 ge-

432 5514 579 5570 nere,
610 5502 663 5560 id
690 5510 792 5571 est,
823 5502 891 5557 de
935 5501 1015 5575 (1)
1062 5501 1246 5559 alienis
1274 5504 1452 5572 bonis,
1495 5521 1616 5561 cum
1648 5514 1704 5563 et
1736 5507 2006 5564 Abraham

431 5599 487 5647 et
513 5591 659 5650 Isaac
701 5593 870 5651 sancti
907 5593 1028 5660 viri,
1071 5593 1377 5663 lsmaelem,
1414 5606 1470 5653 et
1507 5596 1647 5656 Esau
1695 5608 2005 5670 peccatores

500 5786 567 5857 (1)
603 5793 734 5845 Alias
754 5791 1049 5858 alienigenis,
1074 5796 1202 5862 quod
1224 5800 1279 5849 et
1301 5797 1478 5850 Gravlo
1496 5799 1726 5862 probatur
1746 5803 1906 5865 magis

1757 354 2087 414 EPISTOLA
2124 355 2211 409 LX
2224 394 2237 409 .

3551 361 3657 422 594

2082 471 2366 542 genuerint
2390 469 2596 542 (Cenes.
2635 472 2724 529 16.
2749 472 2931 548 αιεό).
2959 474 3030 535 Et
3052 490 3083 533 e
3109 477 3351 551 regione,
3385 475 3577 549 Iephte
3601 480 3659 536 in

2078 560 2135 619 iu
2159 562 2406 633 catalogo
2437 562 2729 634 justorum,
2760 565 3003 638 Apostoli
3042 584 3175 628 voce
3219 579 3550 641 numeratus,
3590 554 3689 629 del

2078 655 2368 713 meretrice
2389 654 2460 712 sit
2485 666 2640 715 natus
2664 656 2849 730 (Hebr.
2881 660 2971 727 11,
2998 659 3172 717 ludio.
3195 660 3306 731 11).
3336 681 3357 719 ς
3386 664 3598 731 Anima,
3629 683 3650 716 ι

2079 747 2279 817 inquit,
2307 766 2328 801 ι
2355 763 2478 821 qure
2512 749 2830 820 peccaverit,
2862 751 2972 820 ipsa
2999 754 3257 825 morietur
3280 773 3302 808 ι
3333 754 3542 829 (Ezech.
3568 754 3656 812 18.

2080 835 2177 913 4);
2223 854 2350 911 ergo
2389 836 2508 911 quin
2543 856 2649 899 non
2687 842 3009 913 peccaverit,
3052 843 3171 915 ipsa
3194 844 3355 901 vivet.
3396 840 3507 902 Nec
3540 846 3650 901 vir-

2083 940 2248 999 tutes,
2277 946 2377 991 nec
2409 934 2532 991 vitia
2565 942 2847 1006 parentum
2887 935 3067 993 liberis
3100 936 3447 1006 imputantur.
3480 938 3565 997 Ah
3591 953 3659 994 eo

2083 1031 2325 1095 tempore
2366 1038 2667 1093 censemur,
2706 1042 2771 1082 ex
2813 1040 2919 1098 quo
2957 1027 3013 1085 in
3050 1025 3266 1085 Christo
3303 1029 3654 1087 renascimur.

2082 1115 2278 1172 Paulos
2304 1125 2614 1186 persecutor
2652 1117 2927 1182 Ecclesiae.
2966 1125 3020 1175 et
3062 1132 3221 1175 mane
3269 1117 3426 1189 lupus
3469 1135 3657 1191 rapax,
3722 1161 3726 1165 -
3816 1156 3823 1157 ί

2080 1204 2357 1277 Bcnjamin
2388 1205 2592 1278 (Gener.
2623 1204 2738 1277 l9),
2764 1206 2835 1265 ad
2864 1222 3140 1278 vesperam
3173 1207 3249 1284 (a)
3289 1208 3436 1269 dedit
3458 1224 3658 1277 escam,

2081 1297 2301 1355 Ananiae
2329 1298 2419 1355 ovi
2444 1298 2767 1357 submittens
2788 1310 2946 1373 caput
2980 1299 3115 1375 (Act.
3157 1301 3233 1373 9).
3274 1302 3439 1375 Igitur
3464 1297 3519 1359 et
3551 1302 3658 1359 Ne-

2081 1389 2332 1458 potianus
2372 1397 2575 1459 noster,
2620 1390 2772 1463 quasi
2813 1392 3104 1455 infantulus
3139 1393 3378 1465 vagiens,
3422 1402 3480 1453 et
3514 1393 3661 1452 rudis

2082 1493 2237 1550 puer,
2266 1478 2444 1539 subito
2472 1483 2647 1549 nobis,
2676 1483 2830 1554 quasi
2852 1484 2923 1541 de
2948 1482 3183 1543 Iordane
3201 1494 3471 1544 nascatur.

2153 1572 2209 1628 9.
2250 1571 2402 1628 Alius
2425 1573 2644 1629 forsitan
2672 1574 2953 1643 scriberet,
2982 1578 3122 1649 quod
3145 1576 3217 1633 oh
3243 1569 3470 1635 salutem
3494 1576 3664 1646 illius,

2083 1664 2378 1734 Orientem,
2408 1680 2751 1747 eremumque
2777 1666 3085 1734 dimiseris;
3127 1675 3184 1725 et
3211 1684 3299 1727 me
3322 1669 3665 1727 carissimum

2083 1757 2320 1815 sodalem
2343 1766 2513 1827 tuum,
2549 1758 2809 1815 redeundi
2848 1773 2944 1830 spe
2972 1760 3276 1829 lactaveris,
3306 1769 3366 1816 ut
3408 1761 3663 1833 primum,

2082 1850 2129 1905 si
2152 1849 2266 1906 ﬁeri
2292 1857 2494 1921 posset,
2522 1863 2765 1905 sororem
2789 1863 2909 1906 cum
2932 1851 3153 1925 parvulo
3175 1850 3389 1923 viduam
3410 1869 3425 1919 ;
3448 1851 3663 1925 deinde,

2082 1941 2130 1996 si
2156 1939 2437 1997 consilium
2466 1940 2552 1996 illa
2626 1940 2785 2012 337
2862 1952 3158 2013 respueret,
3194 1943 3384 2000 saltem
3414 1950 3664 2013 nepotem

2083 2031 2455 2091 dulcissimum
2481 2032 2966 2095 conservares.ilic
2984 2045 3068 2093 est
3084 2035 3228 2092 enim
3250 2036 3339 2090 ille
3354 2034 3424 2092 de
3440 2050 3548 2107 quo
3573 2034 3671 2093 tibi

2084 2123 2353 2194 quondam
2404 2122 2723 2179 vaticinatus
2762 2138 2879 2180 sum
2915 2142 2930 2183 :
2961 2125 3088 2183 licet
3128 2125 3383 2195 parvulus
3416 2140 3491 2181 ex
3526 2124 3669 2182 collo

2085 2214 2319 2283 pendeat
2344 2228 2533 2286 nepos.
2561 2214 2830 2280 Referret,
2862 2216 3101 2287 inquam,
3143 2217 3303 2283 alius,
3332 2218 3476 2289 quod
3504 2216 3558 2273 in
3590 2216 3665 2287 (ὁ)

2087 2305 2267 2374 palatii
2297 2304 2503 2371 militia,
2544 2307 2644 2363 sub
2668 2306 2951 2378 chlamyde
2987 2317 3044 2364 et
3083 2307 3334 2365 candenti
3374 2307 3504 2375 lino,
3543 2321 3668 2363 cor-

2087 2409 2189 2465 pus
2230 2395 2347 2466 ejus
2375 2396 2550 2467 cilicio
2598 2397 2780 2451 tritum
2809 2396 2880 2452 sit
2912 2414 2927 2451 :
2956 2398 3099 2467 quod
3143 2405 3291 2457 stans
3326 2405 3453 2453 ante
3481 2396 3665 2452 θεουΙὶ

2089 2495 2401 2558 potestates,
2428 2487 2596 2543 lurida
2629 2487 2852 2557 jejuuiis
2894 2502 2990 2545 ora
3027 2489 3321 2559 portaverit
3350 2504 3365 2542 :
3398 2488 3541 2560 quod
3564 2487 3666 2542 ad-

2089 2577 2196 2634 huc
2213 2579 2312 2633 sub
2337 2577 2560 2654 alterius
2585 2577 2934 2645 indumentis,
2961 2579 3116 2637 alteri
3137 2579 3444 2639 militaverit
3475 2596 3488 2631 :
3520 2587 3576 2634 et
3600 2578 3669 2634 ad

2087 2662 2193 2721 hoc
2240 2666 2482 2722 habuerit
2529 2667 2821 2743 cingulum,
2869 2676 2930 2735 ut
2957 2668 3153 2737 viduis,
3199 2669 3418 2748 pupillis
3440 2668 3539 2741 (ο),
3565 2683 3668 2739 ορ»

2088 2759 2311 2828 pressis,
2343 2758 2661 2830 miserisque
2687 2761 3013 2818 subveniret.
3045 2761 3175 2817 Mihi
3201 2776 3311 2818 non
3339 2761 3552 2833 placent
3584 2760 3670 2817 di-

2088 2850 2317 2909 lationes
2360 2852 2479 2909 istaa
2529 2853 2858 2924 imperfectae
2906 2856 3178 2913 servitutis
3214 2856 3331 2912 Dei.
3373 2857 3443 2915 Et
3481 2864 3672 2914 centu-

2088 2943 2297 3000 rionem
2340 2942 2670 3010 Cornelium,
2726 2953 2787 3001 ut
2837 2946 2965 3018 lego
3010 2945 3237 3018 justum,
3289 2947 3470 3009 statim
3512 2946 3674 3005 audio

2091 3033 2420 3106 baptizatum
2446 3035 2584 3105 (Act.
2613 3035 2725 3108 10).
2955 3060 2964 3068 ο

2162 3125 2254 3181 10.
2292 3122 2678 3182 Verumtamen
2722 3127 2868 3182 velut
2918 3127 3240 3185 incunabula
3279 3128 3526 3200 quadam
3571 3143 3671 3185 na-

2090 3217 2291 3277 scentis
2317 3215 2443 3272 ﬁdei
2478 3217 2929 3289 comprobem“;
2959 3227 3020 3275 ut
3042 3221 3133 3289 qui
3153 3221 3252 3277 sub
3289 3221 3483 3279 alienis
3503 3221 3672 3292 signis

2091 3308 2316 3365 devotus
2347 3308 2501 3364 miles
2528 3308 2659 3376 fuit,
2710 3310 2993 3383 donandus
3021 3312 3202 3369 laurea
3237 3313 3348 3381 sit,
3391 3322 3673 3386 postquam

2091 3414 2192 3456 suo
2234 3401 2348 3471 regi
2375 3402 2600 3472 cmperit
2638 3402 2885 3461 militare.
2920 3404 3145 3463 Baltheo
3183 3407 3359 3476 posito
3382 3408 3675 3479 habituque

2092 3503 2318 3562 mutato,
2348 3495 2603 3566 quidquid
2629 3498 2919 3553 castrensis
2934 3493 3143 3568 'peculii
3174 3498 3305 3567 fuit,
3332 3501 3386 3558 in
3412 3515 3675 3572 pauperes

2094 3589 2352 3660 erogavit.
2395 3587 2625 3658 Legerat
2649 3590 2835 3644 enim:
2886 3608 2908 3643 ι
2942 3590 3046 3658 Qui
3073 3592 3186 3646 vult
3223 3592 3491 3660 perfectus
3517 3607 3673 3661 esse,

2094 3679 2293 3734 vendat
2318 3679 2496 3734 omnia
2530 3695 2651 3751 quae
2676 3680 2877 3747 habet,
2905 3690 2961 3737 et
2987 3682 3080 3737 det
3106 3684 3429 3753 pauperibus
3447 3725 3463 3751 ,
3507 3694 3562 3739 et
3590 3700 3677 3741 se-

2096 3778 2288 3839 quatur
2312 3782 2402 3824 me
2433 3787 2452 3821 ι
2488 3768 2701 3841 (Matth.
2729 3770 2844 3841 19).
2878 3772 2941 3827 Et
2974 3771 3168 3827 iterum
3199 3789 3211 3824 :
3248 3789 3268 3825 ι
3304 3772 3421 3828 Non
3452 3775 3674 3843 potestis

2096 3859 2305 3915 duobus
2328 3857 2558 3913 dominis
2586 3863 2809 3924 servire,
2838 3859 2969 3928 Deo,
3010 3869 3066 3917 et
3101 3876 3363 3918 mamonae
3390 3882 3410 3916 ι
3459 3863 3674 3933 (Βοιώ.

2098 3947 2292 4019 6.14).
2315 3947 2551 4017 Excepta
2575 3947 2663 4001 vili
2693 3949 2906 4015 tunica,
2947 3959 3004 4005 et
3030 3951 3362 4019 operimento
3390 3954 3532 4022 pari,
3571 3969 3677 4023 quo

2097 4047 2240 4095 tecto
2278 4045 2484 4093 tantum
2523 4051 2781 4107 corpore,
2830 4037 2994 4110 frigus
3023 4040 3358 4107 excluderet,
3404 4043 3541 4099 nihil
3574 4044 3678 4099 sibi

2098 4128 2326 4199 amplius
2374 4127 2687 4184 reservavit.
2716 4127 2905 4185 Cultus
2942 4128 3089 4202 ipse,
3137 4131 3428 4201 provinciae
3471 4146 3679 4189 morem

2099 4233 2362 4290 sequens,
2399 4233 2499 4293 nec
2520 4219 2795 4277 munditiis
2813 4261 2829 4288 ,
2858 4236 2961 4279 nec
2997 4222 3246 4281 sordibus
3265 4222 3519 4281 notabilis
3538 4234 3678 4281 erat.

2101 4308 2338 4380 Cumque
2375 4308 2589 4366 arderet
2616 4310 2855 4383 quotidie
2875 4352 2891 4380 ,
2932 4320 3026 4369 aut
3051 4312 3118 4370 ad
3149 4314 3337 4385 Egypti
3357 4315 3680 4375 monasteria

2103 4415 2348 4473 pergere,
2373 4409 2465 4456 aut
2490 4400 2891 4473 Mesopotamiae
2916 4403 3149 4465 invisere
3171 4404 3398 4470 choros;
3424 4406 3509 4461 vel
3532 4412 3680 4461 certe

2103 4493 2397 4550 insularum
2414 4492 2712 4563 Dalmatiae,
2736 4509 2853 4564 qua:
2875 4495 3057 4552 Altino
3079 4503 3285 4550 tantum
3302 4494 3439 4551 freto
3458 4495 3678 4566 distant,

2102 4585 2416 4643 solitudines
2438 4599 2700 4656 occupare
2723 4603 2737 4640 :
2757 4586 3079 4642 avunculum
3100 4585 3417 4649 Pontiﬁcem
3428 4586 3683 4645 deserere

2174 4758 2240 4827 (a)
2280 4757 2417 4827 U_t_in
2437 4757 2608 4808 Graeco
2624 4761 2767 4827 textu
2782 4758 2970 4827 variant
2991 4757 3101 4827 heic
3121 4758 3217 4810 loci
3240 4760 3555 4827 exemplaria,
3578 4761 3685 4814 aliis

2105 4816 2257 4881 διδέισί,
2283 4819 2390 4867 aliis
2411 4826 2591 4881 διαδώσιε
2605 4816 2992 4881 maerentibus
3010 4853 3026 4881 ,
3066 4820 3134 4870 ita
3178 4827 3230 4871 et
3251 4816 3687 4881 apud'Auctbrem

2104 4877 2325 4949 nostrum
2341 4880 2465 4949 editi
2730 4877 2884 4949 lihri_,_
2916 4880 2999 4932 alii
3011 4877 3187 4949 dedit,
3218 4877 3301 4935 alii
3335 4896 3539 4949 quomm
3575 4896 3689 4949 pars

2105 4942 2387 5050 inajortest,
2411 4940 2610 5001 dividit,
2638 4948 2819 4992 etcum
2844 4941 3118 4994 Veronensi
3139 4944 3233 4996 Ms.
3251 4940 3403 5009 spolia
3420 4959 3505 5008 pro
3526 4940 3687 4997 es'cwn

2128 5016 2257 5050 891111
2284 5038 2297 5050 .

2128 5010 2297 5063 egent.

2170 5065 2257 5139 (hi
2281 5063 2355 5139 Es
2391 5063 2488 5139 illis
2526 5076 2706 5136 nenipe
2730 5068 3017 5139 ωειλ-(μσς
3048 5067 3481 5139 μθεπιετςῂιγρῡυδ
3518 5074 3691 5139 vocant

2108 5125 2382 5193 Scriptores
2400 5125 2811 5193 veteres,'i_ism1e
2836 5125 3165 5193 Chlamydem,
3185 5136 3237 5180 et
3272 5130 3452 5193 lineam
3474 5135 3686 5189 vestem,

2106 5163 2288 5236 είῖτέὐι
2310 5186 2377 5236 ait
2400 5163 2634 5254 Libonis;
2654 5163 3087 5254 imam-ia
3095 5163 3685 5254 ’ῥ’ίοῖἑίἶίίῖιῗὲζλέεἶυῖὲξζῖ

2106 5203 2215 5236 ειη
2235 5203 2288 5235 ut
2310 5203 2377 5236 an.
2401 5203 2634 5238 LIDDDIUS
2654 5203 2705 5237 ω
2730 5203 2886 5261 υιςεῑ..
2911 5203 3083 5241 contra
3102 5203 3401 5263 ιτιοιτφιιιιυω
3423 5203 3607 5299 ιλἍώδας
3625 5206 3685 5241 καὶ

2106 5249 2701 5323 Μωαβιεειηιυβιψβο
2732 5252 2978 5323 ,ιειυυωιςο
3005 5252 3128 5323 Viae
3162 5250 3414 5323 φωειιοιεξυ
3447 5263 3474 5323 .a
3507 5250 3688 5323 ,5εεὶῖέ-

2106 5310 2235 5367 nam,
2260 5311 2345 5359 ubi
2367 5311 2434 5360 de
2454 5310 2706 5360 Nebridio.
2731 5311 3027 5364 Fortunatus
3048 5310 3311 5367 Presbyter
3332 5311 3417 5362 lib.
3439 5313 3464 5361 1
3490 5312 3555 5361 de
3577 5312 3690 5362 Vita

2108 5370 2161 5421 S.
2187 5372 2379 5441 Martini
2405 5372 2509 5442 (3p.
2548 5370 2910 5442 l._111iﬁt§§_alha
2932 5374 3154 5442 chlamys
3172 5370 3278 5436 plus
3309 5379 3379 5442 est
3407 5384 3690 5442 quampar-

2202 5448 2232 5506 ᾳ
2246 5432 2401 5506 Regis.
2418 5430 2547 5485 Hinc
2563 5440 2615 5505 et
2626 5433 2872 5508 Candidati
2881 5435 3074 5509 milites.
3092 5430 3114 5438 ”
3172 5430 3583 5502 "caudinntareli
3612 5433 3692 5483 uis

2107 5447 2454 5545 ggtntortbus.
2479 5495 2741 5545 Cumanus
2765 5495 3022 5545 Africanus
3042 5435 3245 5545 hml.
3269 5497 3332 5543 de
3356 5447 3620 5542 laudibus
3630 5508 3687 5544 u-

2145 5493 2454 5563 criptoribus.
2479 5495 2741 5563 Corrippus
2765 5495 3022 5548 Africanus
3041 5497 3129 5563 lib.
3156 5493 3332 5563 made
3598 5493 3687 5544 Ju-

2108 5553 2471 5626 stini‘ncumque
2494 5553 2728 5626 Palatinis
2762 5564 2893 5609 stans
2923 5557 3143 5626 candida
3171 5553 3687 5626 turbaﬂtribunishetc.

2757 5629 2948 5669 uartum
2971 5619 3280 5669 Consulatum
3299 5614 3503 5666 Honorii
3525 5614 3687 5668 niveas

2111 5633 2357 5670 uauaian.
2383 5633 2624 5697 ranegyr.
2651 5633 2702 5666 ιιι
2723 5633 2948 5728 quartum
2971 5633 3280 5691 ponsularum
3300 5633 3503 5666 nonum
3525 5633 3687 5686 umens

2110 5679 2323 5730 cohortes
2357 5687 2495 5731 vocat
2519 5694 2531 5727 :
2566 5680 2744 5730 l‘rebel
2763 5694 2840 5730 ius
2862 5680 3017 5730 Pollio
3048 5680 3100 5728 in
3122 5676 3342 5728 Gallieno
3362 5675 3545 5728 albatos
3565 5677 3689 5730 milt—

2110 5748 2243 5863 m(c)
2268 5800 2512 5853 Victorius
2531 5802 2661 5855 addit
2678 5798 2920 5864 orphans}.

2111 5618 2702 5697 Fl‘l‘filli‘P'l’é‘Heﬁli-P
