4146 6336
497 375 606 434 595

495 499 605 539 non
629 479 884 545 audebat,
930 485 1010 533 tot
1043 476 1097 533 in
1136 477 1230 534 illo
1251 491 1478 536 cernens
1502 479 1742 551 exempla
1768 480 2020 536 virtutum
2040 521 2058 547 ,

497 572 745 640 domique
772 568 974 624 habens
1013 569 1155 625 unde
1193 570 1442 628 disceret.
1473 571 1529 627 ln
1558 588 1662 628 uno
1689 581 1847 644 atque
1871 571 2061 627 eodem

361 671 368 679 '
448 736 454 742 .
493 674 549 720 et
574 666 877 721 imitabatur
901 665 1234 732 Monachum,
1266 677 1320 723 et
1344 668 1664 739 Episcopum
1687 669 2057 724 venerabatur.

491 757 607 812 Non
627 798 642 822 ,
671 767 728 812 ut
758 755 1028 828 plerisque
1053 759 1296 816 accidere
1331 761 1498 827 solet,
1525 760 1806 815 assiduitas
1831 759 2060 814 familia-

491 848 706 902 ritatem
728 887 744 912 ,
772 847 1109 907 familiaritas
1133 861 1496 922 contemptum
1538 852 1680 907 illius
1708 851 1937 918 fecerat;
1967 852 2062 907 sed

489 939 560 993 ita
591 953 712 993 cum
744 937 990 1005 colebat,
1019 942 1172 1011 quasi
1218 952 1495 1013 parentem
1518 985 1534 1010 ,
1565 944 1636 997 ita
1670 942 2059 1009 admirabatur,

486 1029 638 1095 quasi
659 1029 898 1098 quotidie
924 1046 1117 1086 novum
1144 1044 1406 1090 cerneret.
1436 1033 1572 1100 Quid
1598 1034 1802 1089 multa?
1830 1034 1916 1088 Fit
1935 1033 2062 1089 Cle-

484 1120 650 1187 ricus,
679 1130 734 1177 et
762 1139 857 1193 per
877 1124 1061 1180 solitos
1084 1125 1280 1196 gradus
1305 1125 1594 1198 Presbyter
1609 1126 1908 1182 ordinatur.
1933 1125 2062 1181 Jesu

485 1209 649 1278 bone,
674 1211 764 1282 qui
784 1215 1032 1284 gemitus,
1055 1217 1144 1287 qui
1169 1215 1417 1287 ejulatus,
1444 1232 1564 1288 quae
1591 1217 1696 1273 cibi
1734 1217 2055 1287 interdictio,

485 1317 606 1373 qu:e
631 1302 752 1374 fuga
783 1305 1056 1362 oculorum
1085 1310 1322 1364 omnium
1341 1310 1366 1362 τ
1389 1309 1522 1365 ἰἰιιιι
1549 1309 1779 1381 primum
1799 1321 1854 1368 et
1884 1313 2060 1369 solum

485 1396 747 1452 avunculo
767 1397 932 1453 iratus
957 1408 1057 1455 est.
1077 1400 1410 1469 Querebatur
1433 1416 1492 1457 se
1513 1402 1653 1459 ferre
1672 1417 1778 1458 non
1809 1418 1986 1473 posse,
2007 1413 2062 1461 et

477 1486 753 1555 juvenilem
781 1498 979 1543 (etatem
1006 1490 1351 1564 incongruam
1385 1493 1699 1550 Sacerdotio
1721 1495 2055 1552 causabatur.

483 1573 592 1632 Sed
614 1588 812 1647 quanto
848 1581 1011 1653 338
1049 1583 1166 1652 plus
1185 1586 1534 1656 repugnabat,
1561 1596 1710 1642 tanto
1737 1589 1906 1658 magis
1927 1589 1978 1643 in
2000 1602 2059 1645 se

481 1669 657 1723 studia
698 1670 933 1726 omnium
976 1674 1306 1742 concitabat,
1351 1686 1406 1732 et
1433 1693 1753 1734 unusunus
1777 1679 2054 1749 negando,

479 1759 622 1828 quod
653 1775 773 1818 esse
815 1762 1062 1832 nolebat,
1090 1781 1261 1838 eoque
1288 1768 1502 1840 dignior
1540 1779 1688 1839 erat,
1715 1786 1822 1842 quo
1861 1785 1920 1827 se
1944 1772 2058 1828 cla-

477 1851 659 1907 mabat
682 1852 977 1924 indignum.
1004 1856 1246 1915 Vidimus
1268 1859 1343 1933 (a)
1369 1862 1705 1920 Timotheum
1735 1867 1903 1922 nostri
1925 1876 2059 1924 tem-

479 1942 646 2010 poris,
697 1951 752 1999 et
793 1959 957 2002 canos
990 1949 1045 2002 in
1091 1950 1348 2020 sapientia
1373 1993 1389 2018 ,
1435 1953 1771 2026 electumque
1799 1971 1829 2011 a
1876 1957 2058 2030 Moyse

477 2030 855 2104 Presbyterum
877 2079 892 2105 ,
932 2054 1090 2109 quem
1138 2041 1253 2111 ipse
1296 2045 1459 2098 sciret
1495 2060 1616 2101 esse
1653 2047 2052 2121 Presbyterum.

476 2118 642 2188 Igitur
661 2121 979 2182 Clericatum
1002 2143 1109 2185 non
1138 2130 1397 2188 honorem
1425 2134 1750 2208 intelligens,
1779 2118 1873 2196 sed
1895 2156 2051 2208 onus,

477 2210 706 2279 primam
735 2229 916 2272 curam
951 2219 1155 2290 habuit,
1187 2233 1243 2278 ut
1286 2225 1584 2284 humilitate
1613 2241 1891 2301 superaret
1919 2234 2055 2288 invi-

476 2297 643 2370 diam,
669 2303 864 2362 deinde
896 2316 954 2362 ut
981 2311 1180 2366 nullam
1211 2313 1449 2372 obscteui
1478 2318 1531 2372 in
1557 2333 1618 2374 se
1647 2297 1879 2377 rumoris
1903 2322 2056 2379 fabu-

476 2389 582 2445 lam
609 2393 793 2463 daret;
826 2401 886 2453 tit
907 2403 998 2470 qui
1023 2405 1378 2463 mordebantur
1400 2412 1469 2465 ad
1487 2421 1684 2468 telatem
1712 2414 1847 2486 ejus,
1871 2425 2054 2488 stupe-

474 2494 597 2539 rem
622 2487 689 2541 ad
711 2492 1129 2564 continentiam;
1158 2501 1442 2558 subvenire
1471 2507 1815 2575 pauperibus,
1837 2487 2053 2567 visitare

475 2572 820 2647 languentes,
867 2597 1159 2651 provocare
1209 2591 1442 2663 hospitio
1462 2572 1490 2659 ξ
1527 2572 1696 2652 lenire
1745 2572 2047 2668 blanditiis,

475 2664 708 2732 gaudere
735 2684 855 2724 cum
897 2675 1276 2745 gaudentibus,
1318 2681 1447 2739 flere
1481 2700 1600 2741 cum
1631 2687 1899 2744 flentibus.
1930 2664 2050 2746 Cm;

476 2766 662 2811 corum
684 2757 952 2831 baculum,
976 2768 1322 2826 esurientium
1349 2773 1520 2842 cibus,
1550 2791 1674 2846 Spes
1703 2779 2045 2850 miserorum,

477 2846 721 2906 solamen
770 2851 1063 2924 lugentium
1113 2861 1230 2916 fuit.
1277 2864 1355 2920 lta
1406 2867 1460 2922 in
1505 2869 1729 2942 singulis
1774 2846 2050 2935 virtutibus

475 2940 763 3009 eminebat,
793 2947 946 3014 quasi
988 2958 1209 3009 caeteras
1235 2969 1341 3012 non
1370 2940 1613 3016 haberet.
1647 2961 1791 3020 Inter
1815 2965 2047 3041 Presby-

474 3037 619 3088 teros
645 3042 700 3090 et
725 3041 1058 3110 coaequales,
1108 3045 1313 3115 primus
1360 3049 1412 3105 in
1453 3066 1650 3122 opere,
1690 3067 1964 3115 extremus
1985 3037 2047 3118 in

475 3121 683 3180 ordine.
708 3125 971 3199 Quidquid
993 3132 1122 3189 boni
1151 3136 1373 3207 fecerat,
1403 3141 1471 3197 ad
1493 3121 1814 3204 avunculum
1840 3151 2046 3208 refere-

472 3209 585 3266 bat.
619 3214 820 3285 Siquid
850 3219 984 3278 forte
1007 3225 1160 3282 aliter
1181 3242 1435 3288 evenerat
1458 3251 1612 3303 quam
1641 3249 1870 3308 putarat,
1899 3243 2046 3300 illum

477 3304 720 3403 nescire,
751 3322 812 3364 se
837 3324 1048 3369 errasse
1083 3316 1310 3375 dicebat.
1352 3322 1410 3378 ln
1447 3304 1658 3394 publico
1687 3304 2003 3403 Episcopum
2029 3376 2045 3403 ,

475 3389 621 3487 domi
648 3403 851 3464 patrem
895 3415 1117 3460 noverat
1146 3425 1161 3462 :
1191 3389 1501 3479 gravitatem
1527 3389 1757 3487 morum',
1781 3389 2048 3482 hilaritate

475 3478 666 3539 frontis
687 3492 1034 3559 temperabat.
1053 3496 1312 3557 Gaudium
1336 3503 1388 3559 in
1422 3507 1531 3562 risu
1553 3548 1567 3573 ,
1597 3525 1704 3566 non
1728 3514 2045 3574 cachinnum

474 3571 824 3648 intelligeres.
858 3581 1100 3656 Virgines
1127 3600 1182 3646 et
1230 3593 1418 3652 viduas
1463 3599 1656 3657 Christi
1700 3604 1962 3662 honorare
1991 3617 2048 3665 ut

474 3676 672 3723 matres
691 3710 707 3736 ,
741 3671 945 3730 hortari
968 3687 1026 3733 ut
1050 3696 1290 3752 sorores,
1320 3703 1440 3745 cum
1466 3696 1608 3748 omni
1641 3699 1903 3755 castitate.
1929 3701 2044 3756 Jam

473 3766 611 3850 vero
639 3767 912 3832 postquam
936 3765 1149 3826 domum
1177 3788 1237 3830 se
1268 3781 1598 3850 contulerat,
1626 3796 1679 3841 et
1699 3789 1886 3845 relicto
1919 3791 2047 3848 foris

473 3843 938 3947 Clericoaduritiae
961 3873 1020 3916 se
1047 3864 1337 3923 tradiderat
1353 3843 1752 3947 Monachorum,
1775 3881 1965 3938 creber
1990 3886 2043 3940 in

475 3937 824 4040 orationibus,
857 3947 1080 4020 vigilans
1106 3955 1159 4010 in
1188 3963 1475 4030 precando,
1508 3965 1772 4040 lacrymas
1797 3973 1910 4030 Deo
1937 3992 2044 4033 non

474 4022 776 4137 horninibus
815 4037 1103 4110 offerebat;
1139 4022 1341 4118 jejunia
1384 4053 1436 4109 in
1460 4022 1663 4128 aurigae
1688 4063 1905 4121 modum
1947 4082 2046 4137 pro

472 4115 785 4178 lassitudine
818 4135 873 4182 et
911 4130 1113 4190 viribus
1144 4143 1384 4208 corporis
1424 4115 1818 4210 moderabatur.
1849 4115 2045 4215 Meursa:

472 4212 719 4264 avunculi
747 4213 1020 4288 intererat,
1053 4232 1107 4278 et
1128 4228 1205 4282 sic
1231 4234 1470 4300 apposita
1496 4253 1721 4310 qumque
1747 4212 2046 4315 libabat,

469 4306 522 4351 et
550 4305 980 4371 superstitionem
1022 4313 1262 4386 fugeret,
1294 4331 1347 4377 et
1371 4305 1748 4389 continentiam
1783 4352 2040 4398 servaret.

470 4390 660 4450 Sermo
680 4399 796 4468 ejus
826 4417 921 4471 per
937 4419 1096 4464 omne
1114 4415 1411 4470 convivium
1439 4419 1507 4475 de
1537 4390 1822 4493 Scripturiﬁs
1843 4433 2044 4502 aliquid

469 4497 769 4556 proponere
789 4533 804 4558 ,
837 4492 1062 4554 libenter
1087 4501 1270 4560 audire
1291 4547 1308 4572 ,
1353 4492 1676 4577 respondere
1705 4492 2007 4580 verecunde
2026 4568 2041 4592 ,

470 4586 619 4630 recta
659 4583 954 4656 suscipere,
983 4606 1144 4660 prava
1179 4611 1283 4650 non
1306 4597 1504 4658 acriter
1531 4607 1824 4676 confutare,
1855 4613 2040 4686 dispu-

471 4674 672 4766 tantem
717 4689 899 4735 contra
943 4698 1004 4740 se
1045 4690 1212 4760 magis
1237 4691 1462 4763 docere,
1508 4714 1667 4770 quam
1698 4674 2044 4768 vincere..Et

471 4754 703 4866 ingenuo
729 4767 950 4870 pudore,
983 4777 1071 4844 qui
1100 4754 1324 4840 ornabat
1343 4754 1555 4845 aetatem
1576 4833 1592 4860 ,
1624 4795 1752 4865 quid
1780 4799 1930 4870 cujus
1958 4818 2044 4860 cs-

472 4859 575 4952 set,
608 4855 926 4952 simpliciter
952 4868 1222 4939 confiteri;
1248 4885 1406 4947 atque
1432 4882 1484 4936 in
1513 4855 1658 4941 hunc
1680 4855 1893 4948 modum
1912 4855 2043 4952 Veru-

469 4939 688 5040 di-tio-nis
708 4948 935 5040 gloriam
960 4955 1297 5030 declinando,
1321 4939 2038 5040 eruditissimus-habebatur.

468 5029 884 5133 llludiaiebat,
917 5043 1250 5122 Tertulliani,
1284 5029 1431 5113 istud
1473 5029 2042 5133 Cypria—iii—iznlio'cuza:

468 5123 674 5238 .cim‘i’tii,
709 5127 837 5184 illud
867 5132 1052 5192 Hilarii
1081 5150 1183 5196 est.
1215 5143 1304 5199 Sic
1344 5123 1594 5207 Minatius
1632 5155 1801 5226 Felix,
1853 5123 2037 5238 V339

468 5213 538 5267 ita
563 5213 886 5288 Victorinus,
923 5226 975 5279 in
1004 5229 1143 5285 hunc
1169 5235 1386 5292 modum
1422 5250 1504 5296 est
1521 5243 1730 5302 locutus
1749 5213 2033 5312 Arnobius:

467 5305 550 5408 life
597 5325 828 5416 quoque,
864 5317 994 5416 quia
1025 5337 1120 5390 pro
1163 5326 1443 5386 sodalitate
1468 5340 1711 5394 avunculi

467 5397 732 5457 interdum
763 5405 1126 5474 proferebatiu
1154 5417 1776 5499 medium.Lectioneque
1798 5397 2032 5508 assidua:

470 5500 524 5544 et
559 5495 905 5555 meditatione
929 5501 1206 5573 diuturna,
1235 5521 1421 5578 pectus
1463 5531 1616 5572 suum
1663 5495 2034 5586 bibliothecam

462 5582 658 5642 fecerat
673 5587 888 5646 Christi.

493 5761 1039 5851 i.(t.1)m(:)umod_nimirum
1062 5776 1358 5851 Timotheus.
1366 5782 1822 5851 jimior__l_:3tiiscorius
1842 5801 2035 5846 creatus

493 5822 502 5832 ο
525 5797 598 5825 νο]
640 5797 776 5824 κυυυ
814 5797 1039 5824 ιιιιιιιιἯιιΙ
1069 5797 1348 5830 uniusneus
1393 5797 1532 5834 umor
1552 5797 1818 5851 Etitsmpus

463 5829 529 5871 sit.
553 5838 566 5872 :
593 5829 671 5876 cui
693 5834 1011 5893 Nepotianum
1033 5850 1293 5903 comparat.
1321 5797 1424 5894 Vill.
1452 5845 1495 5894 1.
1523 5845 1643 5898 'l‘im.
1671 5851 1717 5900 4.
1747 5854 1818 5902 12.

1725 365 1804 424 SA
1814 363 1971 422 NCTl
2009 359 2388 420 ΗΙΕΒΟΝΥΜΙ

3632 379 3741 438 596

2242 477 2329 532 ll.
2362 476 2582 545 Quoties
2623 479 2713 536 ille
2738 485 3104 541 transmarinis
3147 485 3399 557 Epistolis
3423 490 3741 563 deprecatus

2167 575 2270 633 est,
2304 578 2360 622 ut
2387 569 2584 638 aliquid
2627 571 2691 624 ad
2722 586 2781 627 se
2821 575 3158 631 scriberem?
3186 581 3393 648 quoties
3425 593 3740 644 nocturnum

2166 656 2234 712 de
2261 658 2543 730 Evangelio
2570 662 2885 732 petitorem,
2922 676 2976 722 et
3001 667 3468 739 interpellatricem
3504 677 3620 732 duri
3653 681 3744 750 ju-

2164 747 2299 805 dicis
2324 751 2454 806 mibi
2498 753 2706 808 viduam
2745 756 3026 814 exhibuit?
3071 759 3222 828 (Luc.
3261 764 3349 821 15.
3397 767 3452 838 5)
3495 747 3740 844 Cumque

2164 856 2264 913 ego
2287 843 2495 899 silentio
2510 847 2677 916 magis
2697 863 2854 918 quam
2875 851 3068 908 litteris
3087 854 3428 927 denegarem,
3457 873 3511 918 et
3536 843 3739 934 pudore

2168 935 2474 1004 reticentis,
2515 938 2768 1008 pudorem
2807 941 3163 1003 suﬂunderem
3190 952 3527 1021 postulantis,
3571 973 3740 1015 avun-

2163 1027 2340 1082 culum
2368 1028 2498 1083 mihi
2527 1033 2774 1101 opposuit
2801 1045 3153 1107 precatorem,
3178 1043 3267 1112 qui
3305 1052 3360 1100 et
3386 1045 3604 1106 liberius
3636 1067 3736 1122 pro

2162 1117 2268 1174 alio
2295 1128 2515 1188 peteret,
2540 1131 2595 1178 et
2618 1139 2717 1194 pro
2741 1130 3038 1185 reverentia
3065 1129 3362 1191 Sacerdotii
3403 1138 3606 1197 facilius
3636 1117 3736 1198 im-

2163 1224 2413 1283 petraret.
2445 1217 2569 1273 Feci
2591 1234 2720 1290 ergo
2742 1223 2883 1292 quod
2907 1224 3092 1294 voluit,
3117 1235 3174 1283 et
3201 1228 3348 1284 brevi
3374 1231 3573 1302 libello,
3596 1236 3734 1291 ami-

2161 1305 2312 1361 citias
2364 1318 2572 1365 nostras
2618 1320 2834 1369 aeterna
2885 1317 3160 1374 memoriae
3224 1325 3553 1380 consecravi.
3615 1329 3734 1394 Quo

2160 1407 2430 1467 suscepto,
2453 1397 2625 1456 ϐιωθὶ
2643 1417 2793 1473 opes,
2816 1413 2871 1460 et
2887 1404 3031 1462 Darii
3052 1409 3261 1466 divitias
3282 1427 3342 1469 se
3360 1414 3550 1472 vicisse
3565 1418 3736 1488 jacta-

2160 1484 2271 1542 bat.
2315 1487 2466 1544 Illum
2491 1491 2700 1560 oculis,
2730 1494 2878 1551 illum
2907 1499 3181 1569 manibus,
3218 1502 3365 1559 illum
3393 1507 3511 1562 sinu
3531 1549 3547 1574 ,
3567 1484 3729 1567 illum

2160 1591 2255 1635 ore
2297 1581 2534 1638 tenebat.
2578 1583 2816 1659 Cumque
2839 1590 2893 1647 in
2919 1599 3089 1648 stratu
3114 1594 3418 1666 frequenter
3441 1604 3728 1675 evolveret,

2159 1683 2302 1741 saepe
2329 1688 2490 1743 super
2517 1684 2702 1745 pectus
2725 1683 2982 1751 scporati,
3019 1683 3190 1740 dulcis
3217 1693 3404 1759 pagina
3431 1691 3727 1752 decidebat.

2158 1761 2214 1818 Si
2245 1779 2371 1819 vero
2405 1769 2836 1838 peregrinorum,
2882 1773 2928 1829 si
2954 1776 3242 1832 amicorum
3273 1781 3534 1852 quispiam
3562 1801 3730 1843 vene-

2160 1863 2277 1922 rat,
2306 1857 2584 1913 laetabatur
2611 1871 2794 1917 nostro
2821 1879 2983 1935 super
3020 1882 3079 1923 se
3119 1870 3440 1928 testimonio.
3481 1875 3548 1930 Et
3572 1879 3729 1948 quid-

2158 1948 2286 2016 quid
2316 1949 2492 2005 minus
2520 1952 2573 2006 in
2616 1956 2872 2023 opusculo
2899 1966 3032 2026 erat,
3062 1951 3400 2020 distinctione
3423 1968 3724 2038 moderata,

2160 2047 2214 2093 et
2239 2043 2687 2109 pronuntiationis
2706 2047 2960 2104 varietate
2983 2051 3275 2120 pensabat;
3301 2065 3358 2109 ut
3381 2056 3433 2110 in
3457 2060 3727 2116 recitando

2157 2131 2283 2196 illo,
2317 2133 2392 2205 (b)
2419 2135 2531 2205 ipse
2569 2137 2648 2191 vel
2687 2139 2899 2208 placere
2935 2145 3202 2214 quotidie,
3228 2149 3315 2202 vel
3343 2149 3623 2220 displicere
3651 2155 3730 2209 vi-

2159 2222 2393 2278 deretur.
2428 2224 2580 2282 Unde
2608 2227 2693 2284 hic
2733 2229 2942 2301 fervor,
2985 2235 3084 2290 nisi
3110 2251 3176 2291 cx
3215 2252 3396 2296 amore
3425 2243 3559 2300 Dei?
3589 2246 3727 2302 unde

2158 2311 2288 2384 legis
2333 2314 2529 2370 Christi
2571 2317 2832 2376 indefessa
2874 2324 3180 2394 meditatio,
3210 2329 3313 2385 nisi
3353 2346 3418 2387 ex
3461 2333 3724 2392 desiderio

2156 2403 2272 2473 ejus
2296 2406 2383 2474 qui
2411 2406 2581 2478 legem
2621 2409 2802 2465 dedit?
2830 2413 2933 2468 Alii
2961 2430 3236 2474 nummum
3262 2420 3457 2478 addant
3483 2439 3720 2496 nummo,

2154 2503 2210 2550 et
2236 2499 2562 2570 marsupium
2587 2501 2904 2560 suffocantes
2922 2547 2938 2574 ,
2970 2517 3330 2568 matronarum
3353 2528 3482 2584 opes
3525 2533 3723 2573 venen-

2149 2597 2242 2644 tur
2269 2588 2579 2661 obsequiis:
2618 2593 2726 2649 sint
2764 2595 2985 2653 ditiores
3011 2599 3288 2668 Mouachi,
3314 2584 3470 2674 quam
3515 2606 3726 2664 fuerant

2154 2679 2436 2737 saeculares
2473 2699 2488 2736 :
2533 2685 2842 2754 possideant
2888 2703 3017 2756 opes
3060 2690 3160 2746 sub
3205 2691 3417 2750 Christo
3456 2712 3719 2767 paupere,

2155 2785 2288 2837 quas
2331 2773 2428 2827 sub
2451 2774 2713 2844 locuplete
2733 2776 2947 2834 diabolo
2971 2795 3078 2835 non
3110 2779 3398 2839 habuerant
3425 2804 3440 2840 :
3469 2795 3523 2841 et
3546 2790 3721 2858 suspi-

2153 2870 2240 2914 ret
2281 2875 2375 2916 eos
2402 2861 2640 2920 Ecclesia
2688 2867 2912 2936 divites,
2955 2886 3090 2941 quos
3134 2873 3298 2928 tenuit
3332 2876 3559 2933 mundus
3593 2889 3719 2936 ante

2152 2950 2448 3008 mendicos.
2474 2953 2798 3026 Nepotianus
2825 2970 3006 3018 noster
3032 2979 3216 3019 aurum
3235 2965 3465 3034 calcans,
3487 2970 3718 3027 schedu-

2146 3039 2232 3119 las
2247 3053 2599 3101 consectatur.
2621 3047 2726 3103 Sed
2749 3051 2885 3106 sicut
2899 3054 3049 3123 sui_in
3075 3069 3231 3112 carne
3252 3065 3586 3130 contemptor
3615 3069 3716 3127 est,

2153 3143 2210 3188 et
2237 3147 2545 3207 paupertate
2564 3140 2760 3197 incedit
2783 3145 3053 3213 ornatior;
3086 3147 3155 3203 ita
3178 3158 3341 3205 totum
3373 3149 3442 3224 (c)
3470 3152 3720 3211 Ecclesia:

2153 3223 2432 3298 investigat
2455 3242 2720 3285 ornatum.

2223 3318 2312 3373 l2.
2346 3319 2426 3374 Ad
2451 3323 3123 3396 comparationemq'aidem
3141 3332 3494 3403 superiorum,
3513 3335 3717 3393 modica

2149 3417 2274 3464 sunt
2292 3426 2410 3480 qua:
2433 3412 2622 3468 dicturi
2642 3430 2846 3484 sumus,
2897 3418 3058 3491 3&0
3110 3422 3281 3492 sedet
3304 3424 3355 3479 in
3381 3428 3553 3495 parvis
3576 3427 3717 3484 idem

2151 3499 2361 3556 animus
2393 3505 2710 3561 ostenditur.
2752 3506 2820 3563 Ut
2853 3511 2996 3564 enim
3021 3510 3327 3569 Creatorem
3354 3531 3458 3571 non
3485 3517 3538 3572 in
3579 3519 3717 3575 caelo

2155 3599 2356 3646 tantum
2384 3595 2664 3663 miramur,
2699 3606 2752 3652 et
2777 3605 2938 3666 terra,
2967 3601 3099 3666 sole,
3130 3618 3330 3660 oceano
3353 3645 3367 3669 ,
3398 3605 3713 3676 elephantis,

2151 3683 2369 3738 camelis
2388 3725 2404 3751 ,
2436 3688 2587 3756 equis
2607 3729 2622 3754 ,
2653 3689 2856 3755 bobus,
2891 3693 3070 3760 pardis
3089 3734 3104 3760 ,
3136 3696 3292 3762 ursis,
3323 3699 3594 3767 leonibus;
3624 3703 3718 3758 sed

2151 3777 2284 3832 etin
2314 3779 2534 3833 minutis
2574 3796 2784 3850 quoque
2827 3783 3176 3852 animalibus,
3228 3787 3443 3845 formica
3469 3832 3486 3859 ,
3514 3793 3714 3863 culice,

2151 3867 2370 3934 muscis,
2402 3868 2741 3936 Vermiculis,
2789 3880 2843 3926 ct
2881 3873 3178 3930 istiusmodi
3220 3893 3448 3948 genere,
3494 3898 3717 3953 quorum

2150 3958 2320 4028 magis
2344 3973 2570 4030 corpora
2613 3960 2810 4017 scimus
2835 3978 2996 4034 quam
3027 3967 3265 4034 nomina,
3295 3970 3640 4044 eamdemque
3663 3974 3717 4029 in

2149 4052 2356 4107 cunctis
2395 4069 2711 4111 veneramur
2734 4055 3008 4114 solertiam
3039 4077 3054 4113 :
3093 4059 3166 4115 ita
3191 4077 3344 4117 mens
3383 4063 3594 4122 Christo
3621 4067 3717 4124 de-

2148 4140 2292 4206 dita,
2325 4159 2476 4216 aeque
2501 4155 2556 4202 et
2591 4147 2646 4202 in
2683 4148 3004 4220 majoribus,
3033 4160 3088 4206 et
3109 4151 3162 4206 in
3203 4153 3494 4212 minoribus
3521 4158 3718 4215 intenta

2150 4241 2261 4297 est,
2298 4237 2472 4290 sciens
2505 4237 2665 4292 etiam
2705 4254 2802 4309 pro
2842 4241 3017 4298 otioso
3050 4241 3214 4298 verbo
3243 4245 3562 4302 reddendam
3600 4264 3718 4306 esse

2149 4323 2429 4380 rationem.
2459 4327 2587 4382 Erat
2631 4344 2757 4400 ergo
2786 4330 3079 4401 sollicitus,
3123 4333 3170 4389 si
3216 4334 3407 4391 niteret
3441 4337 3639 4404 altare,
3670 4339 3716 4393 si

2151 4416 2381 4484 parietes
2405 4417 2606 4486 absque
2649 4419 2902 4492 fuligine,
2931 4426 2976 4479 si
3015 4425 3309 4497 pavimenta
3345 4435 3518 4497 tersa,
3561 4429 3604 4484 si
3629 4429 3716 4500 ja-

2149 4507 2293 4563 nitor
2318 4511 2506 4566 creber
2534 4511 2588 4566 in
2624 4523 2810 4583 porta,
2843 4516 2960 4572 vela
2989 4532 3200 4588 semper
3227 4518 3280 4573 in
3320 4519 3505 4588 ostiis,
3537 4520 3581 4574 si
3623 4535 3718 4576 sa-

2148 4602 2379 4656 crarium
2405 4602 2682 4668 mundum,
2706 4606 2750 4660 si
2781 4621 2904 4662 vasa
2931 4609 3192 4665 luculenta
3220 4608 3312 4682 [aL
3349 4609 3588 4682 lucentia)
3615 4630 3627 4666 :
3660 4622 3717 4668 et

2149 4688 2203 4744 in
2231 4703 2418 4746 omnes
2452 4695 2801 4750 caeremonias
2830 4697 2916 4766 pia
2957 4699 3258 4756 sollicitudo
3296 4700 3550 4772 disposita
3570 4744 3586 4771 ,
3612 4718 3716 4760 non

2149 4782 2359 4850 minus,
2401 4799 2508 4840 non
2549 4786 2722 4857 majus
2759 4789 3059 4860 negligebat
3097 4791 3351 4848 officium.
3393 4793 3722 4866 Ubicumque

2147 4888 2270 4928 eum
2311 4875 2362 4928 in
2408 4875 2645 4932 Ecclesia
2693 4895 2996 4951 quaereres,
3026 4883 3313 4940 invenires.
3359 4884 3605 4943 Nobilem
3643 4889 3721 4944 vi-

2147 4981 2267 5021 rum
2297 4966 2375 5040 (d)
2401 4967 2504 5034 Qu.
2534 4968 2756 5026 Fabium
2799 4971 3024 5028 miratur
3062 4973 3360 5045 Antiquitas
3381 5016 3396 5042 ,
3441 4978 3532 5048 qui
3561 4979 3720 5036 etiam

2231 5125 2281 5210 οὶ
2305 5125 2690 5210 adimitis?
2710 5128 3328 5210 iﬁ‘f:.9“9f‘3_v§£999_"5i
3346 5133 3642 5210 sed-abest-

2233 5126 2259 5176 b
2305 5126 2464 5175 Malim
2487 5126 2580 5176 sibi
2601 5140 2690 5189 pro
2710 5128 2831 5200 ipse,
2855 5130 2984 5191 quod
3007 5143 3036 5179 a
3053 5131 3328 5204 Veronensi
3485 5135 3642 5186 abest.
3706 5199 3716 5210 .

2233 5126 2281 5249 δὲ
2315 5187 2556 5257 Yeteres_
2569 5187 2690 5237 editi
2710 5188 2896 5257 Lrasm.
2920 5199 3070 5257 atque
3104 5192 3283 5243 Victor.
3309 5197 3486 5257 quibus
3505 5196 3719 5248 nonnulli

2145 5246 2269 5318 _Mss.'
2287 5248 2432 5298 etiam
2449 5246 2796 5318 suffragantur,
3020 5254 3195 5314 legunt
3209 5246 3564 5318 prohoemia:
3587 5271 3607 5318 ;
3631 5246 3720 5308 sed

2143 5311 2425 5377 impressam
2447 5309 2707 5360 lectionem
2727 5311 3024 5377 [eronensis
3046 5309 3155 5364 cum
3175 5309 3425 5377 plerisque
3447 5319 3557 5367 aliis
3579 5309 3718 5368 codd.

2145 5379 2197 5443 et
2218 5383 2328 5432 quae
2345 5371 2705 5434 subsequuntur
2733 5372 3090 5435 Hieronymiani
3104 5371 3365 5426 contextus
3383 5382 3591 5430 maxime
3609 5393 3719 5443 pro-

2142 5431 2273 5481 bant.

2210 5493 2277 5558 (tl)
2317 5493 2478 5574 Caium
2501 5494 2700 5545 Fabium
2717 5511 2825 5547 cum
2849 5497 3199 5574 Q‘uinto‘Fabipo
3216 5499 3415 5574 videtur
3425 5501 3722 5574 confundere

2141 5555 2388 5622 memoriae
2411 5555 2543 5618 lapsu
2562 5591 2576 5615 ,
2601 5571 2850 5622 unumque
2874 5555 2914 5622 ξ
2932 5559 3137 5622 duobus;
3161 5560 3350 5610 facere.
3375 5563 3568 5613 Primus
3591 5566 3720 5613 enim

2141 5615 2352 5682 Pictoris
2376 5615 2496 5682 arte
2532 5615 2784 5682 excelluit,
2813 5627 2866 5670 et
2886 5620 3064 5672 Salutis
3101 5621 3358 5682 Templum
3381 5637 3459 5672 an.
3485 5626 3548 5674 ab
3586 5624 3721 5674 Urbe

2143 5677 2333 5749 condita
2364 5679 2472 5747 430.
2515 5677 2978 5758 pinxit,_utPlinius
3003 5677 3425 5758 testatunlib.‘
3449 5699 3491 5733 c.
3514 5687 3561 5734 4.
3587 5687 3720 5758 unde

2142 5739 2468 5808 et__Pictqris__
2481 5739 2768 5808 cognomine
2801 5745 3007 5808 donatus
3033 5756 3124 5793 est.
3160 5743 3300 5808 Alter
3320 5746 3524 5808 hujusce
3568 5753 3722 5806 ne‘pos

2140 5800 2252 5880 fuit,
2274 5808 2325 5870 et
2348 5803 2404 5859 Ο.
2430 5800 2608 5880 Fabula
2622 5805 3076 5880 LPictor‘dc‘nominc
3091 5800 3444 5880 appellabatur.
3462 5807 3552 5880 llic
3564 5800 3720 5880 porro

2142 5861 2392 5912 historiam
2407 5864 2604 5914 secundi
2621 5865 2740 5916 belli
2763 5868 2922 5918 Carth.
2937 5861 3140 5927 scripsit,
3158 5861 3324 5926 deque
3345 5867 3429 5917 illo
3450 5861 3715 5931 Appianus,
