4146 6336
325 407 430 461 δ97

325 523 581 578 Romana:
609 515 838 589 scriptor
865 512 1105 570 historia
1141 518 1258 580 est;
1285 509 1382 570 sed
1408 509 1574 582 magis
1597 524 1666 566 ex
1694 508 1898 580 pictura

326 626 484 683 quam
511 624 577 664 ex
598 607 787 662 litteris
810 620 1007 662 nomen
1027 604 1230 660 invenit
1261 621 1275 658 :
1307 613 1363 660 et
1390 603 1626 658 Beseleel
1659 611 1901 657 nostrum

327 705 541 775 plenum
570 697 828 769 sapientia
867 706 922 752 et
949 697 1137 767 spiritu
1176 695 1310 761 Dei,
1342 694 1614 766 Scriptura
1655 702 1898 749 testatur.

327 795 525 867 Hyram
552 804 763 862 quoque
785 789 949 844 ﬁlium
977 787 1219 843 mulieris
1244 785 1422 859 Tyriae
1439 828 1455 853 ,
1485 786 1627 856 quod
1654 785 1792 841 alter
1819 794 1902 840 ta-

327 882 635 948 bernaculi,
685 881 818 936 alter
845 879 1052 950 Templi
1082 877 1468 949 supellectilem
1506 877 1747 933 fabricati
1794 877 1903 933 sint

329 975 524 1050 (Exod.
561 974 623 1028 51
649 989 664 1039 ;
695 984 744 1027 et
767 973 820 1028 '5.
849 971 978 1044 Reg.
1008 970 1086 1040 5).
1115 969 1395 1038 Quomodo
1420 971 1562 1025 enim
1590 969 1726 1024 laeta:
1754 983 1906 1040 sege-

329 1077 430 1134 tes,
462 1077 518 1122 et
539 1067 731 1122 uberes
757 1066 890 1136 agri,
921 1063 1186 1120 interdum
1209 1062 1420 1127 culmis,
1448 1062 1730 1132 aristisque
1751 1060 1905 1115 luxu-

328 1162 466 1217 riant
499 1157 604 1231 (Ea:
642 1157 798 1228 Virgil
827 1154 1012 1226 Georg.
1041 1156 1098 1224 Ι)
1131 1171 1258 1211 ενι-Α
1288 1168 1576 1210 pascuus
1596 1153 1823 1223 ingenia,
1851 1159 1906 1207 et

328 1270 480 1310 mens
511 1253 663 1322 plena
690 1249 974 1306 virtutibus
993 1291 1010 1316 ,
1038 1249 1091 1304 in
1121 1248 1384 1303 variarum
1423 1246 1618 1301 artium
1643 1243 1907 1300 redundat

327 1347 666 1419 elegantiam.
697 1343 850 1401 Unde
892 1353 948 1400 et
995 1342 1134 1414 apud
1179 1341 1394 1398 Graecos
1422 1340 1497 1414 (α)
1540 1339 1906 1410 Philosophus

328 1441 417 1496 ille
445 1439 722 1506 laudatur,
770 1438 862 1509 qui
896 1453 1057 1494 omne
1095 1451 1202 1507 quo
1227 1443 1466 1492 uteretur
1505 1449 1672 1505 usque
1697 1434 1763 1488 ad
1794 1431 1908 1503 pal-

329 1534 455 1590 lium
484 1542 539 1589 et
562 1532 838 1596 annulum,
866 1546 1025 1586 manu
1053 1544 1149 1584 sua
1178 1530 1370 1583 factum
1391 1527 1650 1598 gloriatus
1668 1533 1770 1580 est.
1795 1523 1908 1579 lloc

330 1626 469 1682 idem
500 1639 785 1696 possumus
804 1631 859 1678 et
886 1622 953 1678 de
979 1622 1081 1676 isto
1109 1620 1308 1686 dicere,
1335 1619 1427 1690 qui
1458 1617 1691 1672 bisilicas
1718 1615 1908 1670 Eccle-

329 1721 445 1786 εἰπε,
477 1729 529 1774 et
557 1718 633 1790 (ὁ)
658 1717 945 1788 Martyrum
973 1713 1364 1778 Conciliabula,
1389 1710 1616 1766 diversis
1645 1708 1866 1764 floribus
1887 1748 1905 1776 ,

331 1821 386 1869 et
405 1814 654 1867 arborum
679 1810 848 1865 comis
868 1850 883 1875 ,
916 1809 1210 1878 vitiumque
1237 1805 1504 1876 pampinis
1531 1802 1859 1858 adumbrarit
1890 1819 1906 1856 :

332 1914 392 1960 ut
416 1903 671 1974 quidquid
699 1900 945 1972 placebat
985 1899 1038 1954 in
1068 1898 1335 1972 Ecclesia,
1377 1905 1484 1952 tam
1515 1894 1868 1965 dispositione
1889 1931 1906 1956 ,

331 2012 490 2067 quam
515 1997 666 2065 visu,
705 1993 1008 2066 Presbyteri
1037 1991 1272 2048 laborem
1309 1999 1365 2047 et
1407 1990 1642 2046 studium
1677 1996 1909 2044 testare-

333 2097 438 2144 1111³.

405 2183 489 2238 l3.
518 2181 688 2236 Macte
716 2179 931 2245 virtute,
947 2178 1102 2247 cujus
1126 2177 1249 2232 talia
1271 2175 1555 2246 principia,
1587 2173 1762 2244 qualis
1788 2173 1910 2227 ﬁnis

331 2273 475 2329 erit?
512 2269 557 2326 Ο
595 2271 918 2326 miserabilis
954 2269 1184 2323 humana
1206 2267 1462 2330 conditio,
1487 2274 1538 2320 et
1560 2266 1677 2319 sine
1701 2263 1912 2318 Christo

329 2378 524 2418 vanum
543 2377 703 2417 omne
727 2359 869 2430 quod
885 2359 1111 2414 vivimus
1131 2358 1146 2412 !
1167 2357 1302 2425 Quid
1323 2365 1372 2412 te
1387 2354 1696 2410 subtrahis?
1751 2350 1908 2424 34],

330 2454 458 2524 quid
523 2451 922 2523 tergiversaris,
973 2449 1145 2504 oratio
1199 2465 1214 2501 :
1267 2447 1416 2517 quasi
1472 2445 1614 2500 enim
1684 2454 1911 2499 mortem

328 2547 476 2602 illius
506 2547 726 2600 differre
766 2544 1032 2613 possimus
1054 2581 1069 2607 ,
1113 2550 1167 2596 et
1195 2543 1356 2594 vitam
1386 2539 1562 2594 facere
1593 2539 1910 2608 longiorem,

331 2639 415 2693 sic
466 2639 717 2691 timemus
761 2635 825 2689 ad
870 2635 1112 2688 ultimum
1154 2633 1463 2702 pervenire.
1513 2651 1530 2684 ι
1560 2632 1746 2688 Omnis
1786 2644 1913 2684 caro

327 2730 537 2785 frenum
556 2768 570 2792 ,
597 2736 652 2783 et
677 2727 852 2780 omnis
871 2725 1040 2796 gloria
1069 2725 1183 2794 ejus
1212 2725 1364 2794 quasi
1394 2723 1494 2778 llos
1531 2723 1656 2780 faeni
1690 2742 1709 2775 ι
1758 2720 1904 2792 (lsai.

332 2819 426 2877 ιο.
477 2819 557 2890 6).
611 2817 712 2874 Ubi
755 2831 896 2872 nunc
919 2817 1110 2872 decora
1137 2817 1225 2870 illa
1251 2816 1442 2882 facies,
1474 2815 1560 2870 ubi
1602 2819 1762 2870 totius
1788 2831 1913 2872 cor-

333 2913 480 2983 poris
522 2909 770 2981 dignitas.
820 2924 926 2979 quo
954 2909 1113 2964 veluti
1158 2909 1380 2978 pulchro
1421 2908 1766 2974 indumento,
1799 2909 1916 2978 pul-

336 3003 582 3059 chritudo
615 3003 807 3057 animae
832 3002 1189 3058 vestiebatur?
1231 3001 1621 3068 Marcescebat,
1654 3002 1784 3072 proh
1811 3001 1912 3056 do-

337 3098 440 3164 lor,
468 3098 626 3150 ﬂante
653 3106 832 3150 austro
858 3096 1046 3161 lilium,
1073 3104 1128 3150 et
1153 3110 1381 3166 purpura
1404 3095 1556 3149 viola:
1579 3095 1630 3148 in
1655 3095 1912 3165 pallorem

339 3188 538 3244 sensim
601 3187 882 3257 migrabat.
943 3184 1184 3256 Cumque
1240 3185 1476 3241 febribus
1528 3196 1812 3254 mstuaret,
1862 3197 1916 3242 et

342 3293 596 3334 venarum
621 3278 794 3333 fontes
823 3277 1060 3332 hauriret
1088 3277 1254 3344 calor,
1284 3278 1424 3334 lasso
1451 3279 1685 3333 anhelitu
1711 3279 1917 3334 tristem

342 3369 659 3425 avunculum
695 3367 1090 3424 consolabatur.
1132 3368 1310 3424 Laetus
1338 3377 1454 3424 erat
1477 3370 1692 3437 vultus,
1725 3378 1778 3425 et
1804 3370 1920 3424 uni-

343 3461 512 3516 versis
529 3461 670 3516 circa
697 3460 1046 3530 plorantibus,
1073 3459 1220 3514 solus
1244 3459 1359 3529 ipse
1394 3460 1620 3516 ridebat.
1647 3461 1920 3531 Projicere

346 3557 586 3627 pallium,
613 3570 802 3612 manus
821 3555 1130 3622 extendere,
1153 3554 1336 3611 videre
1361 3555 1503 3625 quod
1526 3555 1616 3610 alii
1645 3572 1752 3610 non
1775 3555 1923 3610 vide-

346 3647 498 3715 bant,
523 3657 578 3703 et
612 3648 763 3719 quasi
801 3648 854 3702 in
880 3662 1162 3703 occursum
1199 3661 1259 3702 se
1295 3647 1527 3716 erigens,
1555 3647 1787 3702 salutare
1831 3662 1923 3703 ve-

349 3739 596 3794 nientes:
625 3739 944 3810 intelligeres
973 3739 1120 3794 illum
1149 3754 1255 3793 non
1279 3740 1472 3806 emori,
1513 3739 1608 3795 sed
1635 3739 1920 3810 emigrare,

348 3838 405 3885 et
429 3839 639 3886 mutare
657 3829 873 3898 amicos,
904 3845 1011 3885 non
1035 3829 1358 3900 relinquere.
1384 3828 1682 3884 Volvuntur
1709 3844 1804 3898 per
1827 3845 1924 3886 ora

349 3923 632 3994 lacrymte,
682 3931 736 3978 et
781 3922 1062 3978 obfirmato
1107 3921 1320 3988 animo,
1369 3935 1476 3975 non
1516 3935 1653 3990 queo
1681 3920 1926 3975 dolorem

350 4016 687 4081 dissimulare
714 4001 872 4086 quem
903 4015 1094 4086 patior.
1130 4013 1262 4082 Quis
1290 4011 1537 4070 crederet
1563 4013 1617 4068 in
1647 4012 1738 4068 tali
1778 4013 1925 4068 illum

351 4117 590 4177 tempore
619 4117 816 4162 nostrae
845 4106 1258 4163 necessitudinis
1285 4106 1575 4172 recordari,
1603 4113 1659 4161 et
1697 4105 1929 4163 luctante

352 4201 564 4266 anima,
615 4199 912 4256 studiorum
966 4199 1106 4256 scire
1151 4198 1531 4255 dulcedinem?
1579 4199 1924 4270 Apprehensa

353 4293 598 4350 avunculi
621 4308 799 4359 manu,
825 4292 982 4361 hanc,
1005 4293 1176 4363 inquit
1199 4293 1293 4365 (c),
1318 4291 1578 4368 tunicam,
1609 4307 1713 4362 qua
1741 4291 1931 4348 utebar

355 4383 410 4441 in
449 4385 742 4441 ministerio
769 4383 996 4451 Christi,
1038 4384 1190 4441 mitte
1217 4384 1566 4440 dilectissimo
1596 4385 1749 4451 mihi,
1774 4393 1931 4441 aetate

356 4476 514 4546 patri,
556 4475 706 4530 fratri
732 4475 975 4546 collegio,
998 4483 1054 4531 et
1071 4475 1327 4547 quidquid
1351 4490 1381 4530 a
1411 4484 1462 4532 te
1487 4477 1669 4546 nepoti
1694 4475 1930 4532 debeba-

357 4574 444 4621 tur
465 4565 686 4622 all'ectus
705 4608 721 4634 ,
752 4566 806 4620 in
833 4565 978 4621 illum
1022 4565 1253 4622 transfer
1271 4607 1286 4633 ,
1316 4582 1471 4637 quem
1500 4581 1709 4622 mecum
1736 4567 1936 4636 pariter

357 4657 630 4728 diligebas.
658 4657 832 4728 Atque
857 4657 909 4712 in
950 4657 1072 4712 talia
1099 4657 1262 4713 verba
1304 4657 1520 4726 defecit,
1551 4659 1800 4714 avunculi
1825 4674 1938 4715 ma-

357 4763 507 4814 num,
537 4749 642 4804 mei
678 4749 1049 4805 recordatione
1073 4759 1440 4806 wntrectans.

342 4870 362 4887 μ
429 4839 517 4894 14.
549 4839 704 4906 Scio,
731 4838 873 4910 quod
900 4839 1136 4895 nolueris
1164 4854 1405 4895 amorem
1449 4839 1502 4894 in
1535 4848 1586 4895 te
1625 4840 1818 4896 civium
1861 4841 1940 4897 sic

367 4967 390 4998 ι
411 4952 643 5012 Senatus,
664 4953 839 5014 inquit.
856 4951 1085 5011 Quintum
1105 4950 1326 5006 Fabium,
1339 4951 1424 5059 qui
1440 4951 1608 5013 etipse
1619 4951 1940 5003 Hannibalica

367 5025 466 5059 rum
487 5027 652 5059 rerum
676 5014 925 5059 historiam
949 5013 1247 5059 conscripsit.
1275 5012 1348 5059 De
1373 5012 1491 5059 Dle
1512 5012 1571 5059 ad
1586 5012 1830 5059 oraculum
1855 5016 1940 5059 mi-

357 5025 466 5062 rum
487 5027 652 5075 rerum
676 5012 925 5062 hiStoriam
949 5013 1262 5075 oonscripsit,_
1275 5012 1491 5075 Delphos
1512 5012 1571 5075 ad
1586 5012 1830 5061 oraculum
1850 5016 1944 5075 mi-

357 5075 476 5136 sit.»
498 5073 559 5124 Et
583 5075 749 5136 Livius
769 5075 850 5124 lib.
876 5075 954 5124 22.
979 5089 1082 5136 cap.
1102 5075 1128 5122 7
1138 5072 1151 5122 Ι
1178 5072 1380 5136 Fabium
1398 5073 1634 5136 azqualem
1657 5073 1944 5136 temporibus

359 5133 690 5200 huj_usee_belli
719 5135 936 5200 (secundi
958 5133 1366 5198 Car'thaginensisl
1385 5133 1678 5196 potissimum
1701 5133 1944 5188 auctorem

359 5209 412 5247 se
434 5196 650 5248 habuisse
673 5196 879 5248 testatus
901 5207 994 5248 est.

430 5258 735 5323 (a)_Hippia_s
765 5259 934 5323 Eleus,
968 5271 1122 5323 quem
1146 5265 1256 5320 post
1286 5255 1546 5323 flatonem
1577 5260 1626 5323 in
1650 5259 1829 5322 Hippia
1854 5260 1944 5309 mi-

360 5318 491 5386 nore:
508 5318 857 5386 la_udat__Cicero
879 5322 926 5370 3.
947 5318 1014 5386 ue
1038 5318 1261 5386 Oratore,
1286 5318 1543 5380 Lucianus,
1565 5318 1765 5386 aliique:

431 5380 494 5447 (ὁ)
533 5381 725 5431 Sacella
765 5383 1056 5443 martyribus
1093 5381 1331 5447 dedicata,
1353 5395 1475 5447 quae
1512 5380 1682 5440 etiam;
1709 5384 1946 5447 martyria

431 5395 477 5443 ιο
533 5395 725 5431 δειεθιιει
765 5395 1056 5443 martyribus
1093 5395 1331 5440 aculeata,
1401 5395 1475 5430 uae
1512 5395 1680 5440 etiam,
1709 5395 1945 5447 martyrta

360 5395 668 5512 dicebantur,
705 5450 756 5492 et
796 5451 1064 5512 Martyrum
1096 5439 1315 5512 concilia.
1353 5395 1478 5512 Ripa
1499 5457 1756 5512 sermones
1777 5457 1945 5512 Occur-

360 5511 474 5569 [unt
497 5505 621 5566 apud
649 5502 1244 5569 veteres_iu"dedieatione
1268 5502 1459 5569 concilii
1493 5511 1756 5569 Martyrum
1779 5518 1794 5565 ;
1821 5517 1872 5557 et
1896 5509 1944 5556 in

359 5562 576 5638 Enniano
597 5578 797 5630 quoque
820 5564 1131 5629 Mortyrolog.
1157 5563 1359 5614 concilia
1389 5562 1657 5630 Martyrum
1680 5562 1945 5619 hoc’sensu

363 5639 609 5677 Invenies.

431 5687 489 5750 (ε)
531 5689 678 5739 Certo
717 5689 832 5738 hinc
869 5689 1067 5751 colligas
1089 5689 1150 5737 ab
1184 5687 1246 5736 iis
1269 5700 1424 5749 usque
1458 5692 1760 5750 temporibus
1795 5704 1946 5752 pecu-

362 5746 468 5818 liari
495 5757 636 5818 veste
659 5763 775 5818 usos
807 5751 1091 5818 sacerdotes
1107 5789 1119 5807 ,
1143 5749 1432 5818 dum‘sacris
1454 5759 1776 5818 Operarentur
1800 5754 1948 5818 _;rsive

363 5807 443 5922 21:1
468 5811 707 5922 mqnditie
731 5819 933 5876 tantum,
958 5814 1064 5864 sive
1088 5813 1235 5863 etiam
1257 5809 1405 5873 forma
1428 5824 1456 5862 a
1477 5807 1756 5877 quotidiana
1783 5807 1952 5866 distin-

400 5884 521 5921 uere
547 5886 620 5921 ur.

362 5883 620 5926 αυυωιυτ.

1704 389 2041 448 EPISTOLA
2079 353 2193 446 ax.

3480 402 3588 462 598
3653 365 3657 370 ’

2009 507 2268 579 probare,
2297 517 2352 565 et
2379 507 2624 565 all'ectum
2653 511 2838 581 patriae
2879 515 3063 585 magis
3085 516 3343 586 quaesisse
3371 517 3423 573 in
3463 532 3588 590 pro-

2006 603 2200 671 speris.
2243 601 2349 658 Sed
2392 601 2762 671 hujuscemodi
2803 604 3034 662 officium
3065 608 3118 663 in
3161 609 3315 665 bonis
3354 611 3588 681 juncus:-

2005 695 2124 751 dins
2166 704 2282 762 est,
2313 696 2368 750 in
2411 696 2566 751 malis
2607 697 2830 768 gratius.
2883 698 3016 753 Tota
3044 699 3182 756 hunc
3223 703 3444 769 civitas,
3476 712 3588 759 tota

2005 790 2210 862 planxit
2233 789 2400 846 ltalia.
2427 789 2634 860 Corpus
2672 799 2814 846 terra
2844 793 3112 862 suscepit,
3157 797 3333 849 anima
3372 795 3588 851 Christo

2006 879 2214 936 reddita
2243 890 2347 937 est.
2375 881 2455 936 Tu
2498 890 2750 952 nepotem
2779 882 3085 953 quaerebas,
3129 883 3367 940 Ecclesia
3392 886 3587 942 Sacer-

2007 971 2208 1026 dotem.
2251 971 2532 1028 Pratcessit
2577 983 2627 1028 te
2655 987 2932 1029 successor
2959 983 3101 1028 tuus.
3129 973 3282 1039 Quod
3328 982 3383 1030 tu
3424 991 3547 1032 eras
3572 1016 3589 1042 ,

2007 1061 2101 1116 ille
2140 1071 2260 1132 post
2297 1071 2349 1118 te
2371 1063 2572 1133 judicio
2597 1064 2834 1119 omnium
2864 1063 3189 1120 merebatur.
3220 1066 3396 1136 Atque
3423 1067 3496 1123 ita
3521 1083 3590 1124 ex

2008 1167 2114 1207 una
2155 1151 2317 1208 domo
2341 1153 2538 1224 duplex
2571 1155 2920 1212 Pontiﬁcatus
2955 1170 3170 1226 egressa
3201 1165 3286 1213 est
3311 1155 3542 1226 dignitas
3566 1199 3585 1226 ,

2009 1241 2136 1297 dum
2164 1242 2218 1298 in
2241 1243 2414 1299 altero
2443 1245 2729 1314 gratulatio
2748 1255 2852 1314 est,
2875 1247 3018 1318 quod
3043 1248 3276 1302 tenuerit
3304 1265 3319 1302 :
3340 1248 3394 1303 in
3423 1247 3594 1304 altero

2009 1349 2232 1403 mmror,
2247 1336 2386 1406 quod
2404 1347 2586 1408 raptus
2601 1339 2690 1406 sit,
2711 1355 2779 1394 ne
2799 1348 3022 1396 teneret.
3046 1341 3284 1398 Platonis
3317 1341 3406 1412 (In
3436 1341 3594 1397 Plue-

2010 1427 2164 1498 done)
2194 1429 2459 1484 sententia
2480 1441 2563 1486 est
2583 1472 2599 1498 ,
2673 1430 2835 1505 342
2908 1432 3134 1490 Omnem
3161 1435 3483 1506 sapientium
3511 1435 3594 1490 vi-

2011 1527 2118 1575 tam
2137 1561 2153 1585 ,
2193 1521 2593 1578 meditationem
2623 1537 2743 1579 esse
2769 1526 2977 1581 mortis.
3005 1524 3248 1582 Laudant
3274 1525 3378 1582 hoc
3405 1527 3592 1584 Philo-

2011 1611 2267 1682 sophi,et
2286 1613 2340 1667 in
2361 1614 2554 1669 caelum
2586 1629 2754 1685 usque
2797 1615 2994 1671 ferunt.
3039 1617 3146 1674 Sed
3191 1619 3362 1673 multo
3405 1618 3597 1676 fortius

2011 1702 2338 1772 Apostolus:
2389 1703 2652 1770 Quotidie,
2682 1705 2887 1775 inquit,
2925 1707 3115 1760 morior
3145 1724 3235 1776 per
3259 1709 3478 1778 gloriam
3504 1725 3592 1764 ve-

2013 1803 2171 1849 stram
2197 1794 2276 1864 (1.
2308 1795 2426 1850 Cor.
2456 1796 2545 1851 15.
2579 1797 2692 1864 51).
2737 1797 2896 1851 Aliud
2933 1805 3016 1852 est
3043 1799 3191 1854 enim
3214 1800 3421 1866 conari,
3452 1799 3595 1854 aliud

2013 1899 2172 1955 agere
2204 1903 2217 1939 :
2268 1885 2410 1940 aliud
2451 1887 2631 1941 vivere
2659 1886 2978 1941 moriturum
3001 1927 3016 1952 ,
3049 1887 3195 1942 aliud
3237 1889 3374 1943 mori
3419 1888 3595 1943 victu-

2013 1991 2154 2030 rum.
2187 1975 2282 2032 llle
2311 1976 2606 2031 moriturus
2632 1985 2715 2032 est
2734 1992 2798 2032 ex
2827 1977 2995 2049 gloria
3019 1993 3034 2044 ;
3067 1978 3168 2034 iste
3195 1979 3422 2034 moritur
3447 1993 3595 2034 sem-

2015 2080 2112 2136 per
2152 2066 2218 2120 ad
2245 2066 2490 2137 gloriam.
2524 2065 2794 2122 Debemus
2831 2067 2993 2138 igitur
3020 2078 3074 2124 et
3105 2083 3204 2125 nos
3243 2068 3422 2125 animo
3457 2083 3598 2140 prte-

2016 2156 2296 2222 meditari,
2351 2157 2493 2227 quod
2540 2157 2832 2227 aliquando
2875 2159 3035 2214 futuri
3083 2173 3317 2216 sumus:
3361 2170 3417 2216 et
3457 2161 3600 2231 quod

2015 2247 2272 2311 velimus,
2317 2248 2586 2315 nolimus,
2633 2248 2823 2304 abesse
2855 2249 3067 2321 longius
3096 2266 3200 2306 non
3235 2259 3435 2322 potest.
3466 2252 3600 2308 Nam

2017 2337 2061 2391 si
2093 2346 2390 2406 nongentos
2419 2339 2544 2393 vitae
2569 2339 2956 2397 excederemus
2991 2357 3184 2410 annos,
3213 2352 3273 2398 ut
3301 2353 3426 2399 ante
3451 2344 3601 2398 Dilu-

2017 2429 2160 2482 vium
2187 2428 2399 2483 vivebat
2439 2431 2730 2486 humanum
2757 2447 2946 2502 genus,
2978 2443 3035 2489 et
3067 2434 3416 2491 Mathusalem
3447 2435 3602 2491 nobis

2019 2529 2258 2592 tempora
2301 2522 2669 2580 donarentur:
2723 2535 2898 2581 tamen
2954 2527 3087 2583 nihil
3145 2536 3291 2584 esset
3335 2510 3602 2599 praeterita

1975 2613 2293 2692 .longitudo
2311 2655 2328 2680 ,
2359 2629 2476 2684 qua:
2505 2629 2624 2672 esse
2651 2615 2921 2672 desiisset.
2944 2619 3152 2672 Etenim
3190 2619 3327 2674 inter
3351 2634 3473 2674 eum
3503 2620 3602 2689 qui

2018 2703 2206 2760 decem
2246 2705 2379 2760 vixit
2424 2721 2628 2773 annos,
2672 2717 2726 2763 et
2769 2708 2917 2762 illum
2962 2710 3054 2780 qui
3094 2711 3276 2778 mille,
3321 2720 3601 2782 postquam

2018 2797 2159 2854 idem
2187 2799 2310 2854 vita:
2334 2797 2455 2853 imis
2480 2799 2775 2866 advenerit,
2807 2811 2862 2857 et
2889 2802 3250 2859 irrecusabilis
3280 2805 3469 2860 mortis
3509 2820 3604 2860 ne-

2019 2891 2265 2958 cessitas,
2295 2901 2620 2946 transactum
2641 2906 2802 2948 omne
2825 2895 3153 2951 tantumdem
3176 2903 3259 2950 est
3289 2910 3306 2949 :
3335 2895 3437 2951 nisi
3457 2895 3603 2966 quod

2019 2995 2187 3038 senex
2215 2982 2385 3054 magis
2423 2993 2645 3038 onustus
2675 2992 3013 3054 peccatorum
3057 2985 3197 3042 fasce
3225 2985 3600 3057 proficiscitur.

2131 3120 2338 3190 Optima
2363 3137 2572 3192 quisque
2600 3122 2707 3176 dies
2729 3122 2922 3177 miseris
2950 3123 3247 3178 mortalibus
3273 3123 3367 3178 (eui

2128 3213 2310 3268 Prima
2335 3216 2488 3286 fugit,
2522 3215 2735 3268 subeunt
2763 3216 2944 3280 morbi,
2969 3217 3198 3286 tritisque
3224 3224 3470 3272 senectus.

2130 3303 2196 3359 Et
2220 3305 2383 3373 labor,
2411 3316 2459 3361 et
2490 3307 2633 3362 dune
2660 3309 2794 3378 rapit
2833 3308 3152 3363 inclementia
3185 3310 3379 3364 mortis.

2777 3421 2994 3494 (Virgil.
3027 3422 3116 3479 lib.
3146 3423 3200 3480 ὅ.
3231 3421 3464 3496 θεον-9.).

2095 3531 2306 3588 Naevius
2330 3533 2492 3588 Poeta
2522 3550 2537 3587 :
2570 3531 2711 3596 Pati,
2748 3534 2938 3604 inquit,
2960 3551 3158 3590 necesse
3185 3544 3256 3589 est
3285 3535 3444 3589 multa
3467 3551 3610 3590 mor-

2025 3622 2178 3677 talem
2219 3623 2375 3678 ntala.
2408 3623 2563 3679 Unde
2587 3632 2644 3679 et
2682 3624 2926 3690 Niobem,
2957 3625 3080 3695 quia
3119 3625 3342 3680 multum
3380 3625 3608 3690 ﬂeverit,

2029 3714 2083 3770 in
2112 3715 2338 3784 lapidem
2363 3716 2445 3786 (d)
2485 3726 2539 3770 et
2566 3717 2805 3774 diversas
2830 3718 3025 3772 beSIias
3052 3725 3430 3772 commutatam
3459 3715 3614 3770 ﬁnxit

2029 3805 2351 3874 Antiquitas.
2391 3805 2457 3860 Et
2481 3806 2743 3862 Hesiodus
2778 3807 2985 3862 natales
3023 3806 3298 3861 hominum
3329 3807 3624 3894 plangens,

2029 3897 2223 3968 gaudet
2253 3897 2305 3952 in
2336 3896 2522 3953 funere
2553 3913 2567 3951 ε
2597 3897 2988 3968 prudenterque
3015 3897 3217 3952 Ennius
3238 3896 3330 3970 (e).

2141 4007 2344 4075 Plebes,
2372 4007 2466 4072 ait,
2497 4008 2551 4061 in
2569 4008 2662 4062 hoc
2686 4008 2842 4079 Regei
2861 4017 3077 4062 antestat
3104 4013 3214 4063 loco
3249 4023 3267 4063 :
3290 4008 3407 4064 licet

2145 4096 2456 4168 Lacrymare
2475 4099 2658 4168 plebei,
2687 4099 2844 4170 Regei
2873 4099 3076 4154 honeste
3107 4114 3208 4152 non
3237 4097 3369 4152 licet.

2110 4206 2177 4266 Ut
2205 4209 2372 4281 Regi,
2415 4210 2494 4266 sic
2523 4209 2788 4282 Episcopo
2817 4209 2885 4283 (f)
2915 4253 2930 4278 ,
2981 4211 3090 4267 imo
3137 4211 3314 4266 minus
3357 4210 3622 4282 Episcopo

2037 4317 2196 4374 quam
2234 4303 2387 4373 Regi.
2422 4301 2514 4358 Ille
2543 4304 2685 4358 enim
2717 4303 3020 4360 nolentibus
3048 4314 3272 4374 prmest,
3311 4304 3406 4359 hic
3431 4303 3620 4360 volen-

2038 4395 2181 4452 tibus
2213 4413 2227 4451 :
2258 4395 2349 4451 ille
2375 4403 2582 4452 terrore
2610 4395 2824 4466 subjicit
2849 4394 2950 4467 (g),
2981 4395 3070 4451 hic
3099 4397 3354 4451 servitute
3381 4393 3624 4449 domina-

2039 4494 2164 4542 tur:
2201 4486 2289 4542 ille
2337 4501 2561 4557 corpora
2603 4486 2836 4542 custodit
2877 4486 2944 4541 ad
2993 4495 3256 4551 mortem,
3290 4484 3379 4540 hic
3416 4483 3624 4540 animas

2041 4588 2218 4635 servat
2243 4578 2310 4633 ad
2358 4579 2544 4634 vitam.
2571 4577 2628 4633 ln
2657 4586 2709 4633 te
2735 4577 2878 4633 oculi
2909 4577 3147 4632 omnium
3175 4574 3500 4646 diriguntur,
3523 4573 3625 4631 do-

2110 4708 2180 4775 (ά)
2211 4709 2264 4758 ln
2287 4716 2473 4771 petram
2490 4707 2686 4775 quidem
2705 4710 2939 4775 mutatam
2955 4703 3163 4775 Niobem
3185 4703 3324 4775 tinxit
3345 4705 3624 4775 antiquitas,

2043 4765 2142 4820 non
2167 4765 2523 4830 'aute'mtquod
2555 4768 2794 4830 noverim,
2836 4772 2901 4830 et
2928 4768 2978 4815 in
3014 4766 3236 4830 diversas
3277 4765 3478 4816 bestias:
3514 4765 3629 4830 Ipse

2043 4832 2250 4892 Hieron.
2275 4831 2332 4892 ad
2355 4825 2632 4892 Oceanum,
2655 4827 3066 4892 Niobem,_inqult,
3091 4833 3307 4892 putares,
3340 4839 3448 4892 ante
3477 4825 3630 4892 minio

2044 4891 2248 4961 fictilia
2285 4889 2497 4961 lapidem
2537 4902 2675 4939 versa
2713 4895 2805 4961 est.
2853 4887 3060 4961 Omnino
3091 4887 3252 4961 igitur
3294 4887 3407 4938 heic
3445 4887 3630 4961 aliquid

2045 4949 2210 5012 deest,
2235 4949 2656 5014 supplendumque
2680 4951 2891 5014 videtur,
2915 4958 2960 5001 et
2983 4949 3102 5014 alios
3126 4949 3173 4999 in
3197 4951 3416 5014 diversas
3437 4949 3634 5014 bestias

2048 5010 2376 5072 comminutos,
2404 5020 2501 5062 etc.
2527 5010 2610 5062 aut
2636 5013 2780 5063 verba
2804 5011 2888 5061 illa
2909 5019 2955 5063 et
2978 5011 3193 5062 ditersas
3228 5011 3399 5062 bestias
3419 5010 3632 5061 delenda

2047 5083 2178 5124 sunt.

2118 5134 2176 5204 (ε)
2215 5136 2358 5204 Ennii
2381 5133 2511 5204 duos
2543 5135 2689 5204 hosce
2725 5149 2898 5204 versus
2935 5136 3097 5204 veteri
3132 5134 3332 5185 lectioni
3365 5132 3630 5204 reddimus,

2049 5196 2431 5260 notandumque,
2455 5197 2618 5248 Plebes
2652 5211 2738 5260 pro
2778 5197 2908 5260 plebs
2940 5197 3120 5249 dictum
3157 5207 3296 5246 more
3330 5196 3550 5256 antiquo,
3580 5201 3634 5244 ut

2051 5261 2207 5312 trabes
2235 5273 2318 5312 cro
2333 5259 2470 5310 trabs
2495 5262 2542 5308 in
2567 5259 2737 5308 minori
2762 5259 2982 5308 numero.

2119 5319 2173 5387 (Π
2200 5317 2317 5387 Haec
2333 5323 2479 5387 verba
2496 5321 2591 5387 imo
2613 5322 2770 5387 minus
2792 5321 3020 5387 Episcopo
3039 5333 3186 5383 quam
3209 5317 3635 5387 RegiNeronense

2053 5375 2308 5448 exemplar
2331 5397 2426 5433 non
2465 5385 2631 5448 habet.
2674 5375 2983 5448 Martianteu's
3022 5375 3444 5448 contrario'sensu
3493 5375 3635 5438 legit,

2059 5464 2082 5493 κ
2101 5442 2378 5495 imo'minus
2399 5447 2507 5507 regi
2530 5458 2676 5507 quam
2703 5445 2950 5507 episcopo,
2977 5461 3000 5489 ν
3031 5452 3083 5493 et
3101 5443 3204 5492 falsi
3228 5442 3405 5490 acriter
3428 5442 3636 5507 impres-

2053 5521 2155 5558 sam
2177 5507 2436 5557 lcctionem
2461 5502 2828 5568 'acéusati'sed
2868 5502 2970 5555 falli
3015 5519 3128 5555 eum
3163 5517 3223 5552 ex
3252 5510 3354 5550 toto
3395 5502 3635 5568 contextu

2054 5569 2226 5632 Ullum,
2261 5569 2483 5632 hancque
2531 5581 2642 5632 esse
2678 5559 2962 5632 Hieronymi
3012 5573 3250 5632 mentem,
3303 5559 3432 5622 quod
3476 5559 3636 5606 minus

2053 5629 2294 5693 Episcopo
2317 5629 2465 5693 liceat
2486 5629 2706 5678 indolere
2729 5629 2880 5692 quani
2897 5629 3040 5693 Regi.

2124 5690 2186 5758 (ῃ)
2226 5689 2541 5758 Praeferimus
2578 5689 2802 5758 veterum
2842 5689 3194 5758 exemplarium
3225 5694 3404 5758 magno
3436 5692 3636 5758 {10‘5ng

2054 5741 2391 5803 auctoritatem
2411 5790 2423 5809 ,
2452 5767 2511 5802 ea
2549 5753 2695 5800 etiam
2717 5753 2781 5800 de
2805 5764 2946 5799 causa
2979 5741 3105 5811 quod
3128 5741 3407 5811 concinnior
3431 5741 3637 5791 autitbe»

2055 5817 2125 5864 sis
2149 5808 2420 5879 verborum
2445 5812 2637 5874 subjicit
2675 5819 2728 5879 et
2750 5808 3038 5879 dominatur,
3065 5808 3336 5870 meliorque
3377 5816 3552 5856 sensus
3573 5816 3634 5853 vr

2057 5888 2143 5926 sus
2165 5879 2246 5926 sit.
2269 5875 2426 5925 Antea
2451 5870 2559 5926 erat
2580 5870 2794 5925 servituti
2817 5870 3044 5922 donatur.
