4146 6336
533 601 556 639 ι
574 582 762 648 Omnia
791 598 1067 655 poenarum
1086 599 1407 658 percurrere
1424 585 1637 642 nomina
1664 584 1863 657 possim
1886 602 1908 637 ι

1197 678 1412 752 (Virgil.
1438 679 1491 735 θ.
1518 676 1779 749 Ερυξώ).

385 768 570 838 Neque
588 767 731 825 enim
760 767 1035 826 historiam
1058 771 1312 841 proposui
1332 770 1594 835 scribere,
1623 769 1717 825 sed
1748 777 1959 824 nostras

385 860 617 916 breviter
641 859 775 917 ﬁere
808 862 1068 919 miserias.
1102 862 1352 934 Alioquin
1384 862 1449 919 ad
1482 862 1596 918 hare
1635 863 1827 919 merito
1860 876 1957 918 ex-

386 951 662 1021 plicanda,
716 960 773 1009 et
820 953 1181 1026 Thucydides,
1235 964 1294 1011 et
1342 954 1628 1012 Sallustius
1664 955 1796 1011 muti
1846 954 1957 1011 sint

384 1043 489 1117 [al.
518 1045 693 1119 situt].

298 1202 301 1203 ν
451 1137 541 1194 17.
570 1137 725 1194 Felix
760 1138 1087 1210 Nepotianus
1109 1181 1124 1208 ,
1171 1140 1262 1212 qui
1306 1141 1422 1197 hac
1455 1155 1563 1199 non
1605 1141 1750 1198 videt
1780 1156 1794 1194 :
1828 1140 1953 1197 felix

381 1225 469 1290 qui
496 1226 597 1282 ista
627 1242 731 1283 non
759 1229 925 1285 audit.
953 1229 1060 1287 Nos
1089 1231 1293 1299 miseri,
1322 1232 1413 1302 qui
1448 1242 1539 1288 aut
1564 1233 1795 1303 patimur
1814 1273 1831 1300 ,
1861 1240 1954 1288 aut

380 1319 644 1388 patientes
669 1320 861 1378 fratres
873 1333 1087 1381 nostros
1111 1333 1255 1381 tanta
1285 1327 1669 1396 perspicimus;
1695 1334 1750 1381 et
1775 1335 1953 1382 tamen

378 1411 558 1468 vivere
577 1413 843 1485 volumus,
866 1429 1069 1486 eosque
1094 1417 1185 1489 qui
1211 1416 1296 1472 his
1322 1425 1526 1485 carent,
1544 1416 1751 1472 flendos
1774 1418 1955 1487 potius

382 1516 540 1571 quam
572 1502 759 1561 beatos
784 1515 1053 1575 putamus.
1070 1507 1206 1565 Otus
1232 1524 1505 1565 orreusuu
1529 1510 1788 1565 sentimus
1804 1549 1821 1575 ,
1850 1524 1950 1566 nec

372 1590 649 1659 placamus
681 1594 872 1651 Deum.
888 1597 1100 1656 Nostris
1117 1600 1349 1670 peccatis
1379 1600 1598 1656 Barbari
1615 1599 1782 1657 fortes
1800 1609 1943 1657 sunt.

376 1682 584 1742 Nostris
609 1687 753 1745 vitiis
778 1688 1051 1747 Romanus
1079 1702 1365 1763 superatur
1387 1693 1656 1749 exercitus
1681 1702 1772 1749 :et
1796 1693 1948 1763 quasi

375 1790 481 1832 non
503 1778 619 1834 llaec
643 1779 951 1836 sufﬁcerent
971 1782 1212 1841 cladibus
1230 1823 1246 1851 ,
1278 1783 1394 1853 plus
1414 1797 1552 1853 pene
1580 1783 1717 1838 bella
1746 1784 1944 1851 civilia,

375 1883 535 1940 quam
550 1870 759 1927 hostilis
781 1886 968 1929 mucro
992 1875 1343 1945 consumpsit.
1373 1875 1551 1930 Miseri
1580 1874 1854 1941 lsraelitte,
1879 1875 1946 1931 ad

374 1975 597 2031 quorum
620 1966 1075 2034 comparationem
1114 1965 1607 2023 Nabuchodonosor
1632 1983 1819 2025 servus
1852 1970 1945 2025 Dei

372 2051 622 2108 scribitur
646 2051 758 2125 [al.
795 2054 1018 2129 dicitur]
1062 2055 1278 2127 (lerant.
1318 2057 1409 2113 25.
1437 2057 1517 2128 9).
1548 2057 1794 2114 Infelices
1821 2074 1941 2127 nos,

370 2144 461 2214 qui
489 2152 691 2200 tantum
714 2145 1064 2217 displicemus
1087 2148 1218 2215 Deo,
1247 2157 1305 2204 ut
1333 2163 1429 2219 per
1447 2148 1648 2206 rabiem
1678 2151 1941 2209 Barbaro-

368 2249 509 2302 rum,
538 2236 680 2294 illius
707 2238 760 2293 in
789 2254 891 2295 nos
918 2241 997 2295 ira
1034 2239 1306 2296 desaeviat.
1336 2239 1593 2297 Ezechias
1620 2242 1728 2313 egit
1765 2244 1933 2312 pteni-

370 2327 615 2394 tentiam,
643 2339 701 2385 et
717 2339 930 2386 centum
952 2332 1221 2401 octoginta
1239 2332 1473 2402 quinque
1496 2333 1663 2389 millia
1693 2335 1944 2405 Assyrio-

365 2433 484 2473 rum
507 2420 577 2475 ab
601 2436 709 2476 uno
745 2423 950 2493 Angeio
968 2462 985 2487 ,
1012 2438 1113 2478 una
1139 2432 1298 2479 nocte
1335 2424 1511 2480 deleta
1547 2434 1671 2479 sunt
1700 2427 1774 2497 (ι.
1808 2428 1937 2500 Reg.

365 2508 455 2564 19.
507 2509 624 2581 25).
677 2511 936 2582 Josaphat
984 2513 1168 2569 laudes
1219 2514 1430 2570 Domini
1477 2516 1828 2583 concinebat,
1885 2527 1943 2575 et

362 2600 625 2656 Dominus
648 2616 745 2670 pro
771 2603 1022 2660 laudante
1045 2605 1329 2675 superabat
1348 2605 1429 2675 (2.
1448 2606 1683 2677 Paralip.
1711 2608 1801 2663 26.
1820 2607 1935 2680 2|).

356 2690 574 2761 Moyses
593 2701 779 2748 mntra
806 2693 1050 2760 Amalec,
1082 2710 1189 2751 non
1219 2696 1419 2766 gladio,
1444 2697 1539 2753 sed
1569 2699 1813 2755 oratione
1842 2716 1939 2769 pu-

354 2784 542 2854 gnavit
571 2783 766 2856 (Exod.
797 2787 883 2842 i7.
912 2787 1024 2857 ii).
1058 2787 1116 2847 St
1143 2804 1283 2845 ElllGl
1306 2789 1556 2845 volumus
1575 2831 1592 2856 ,
1625 2801 1937 2861 prosterna-

357 2892 499 2933 mur.
522 2876 669 2932 Proh
694 2878 884 2947 pudor,
911 2888 967 2935 et
988 2881 1182 2937 stolida
1208 2896 1377 2952 usque
1404 2882 1472 2937 ad
1502 2883 1933 2941 incredulitatem

356 2988 511 3029 mens
540 2987 557 3028 :
587 2973 862 3030 Romamne
890 2975 1191 3042 exercitus,
1214 2976 1384 3033 victor
1412 2978 1559 3034 orbis
1585 2987 1640 3034 et
1658 2978 1929 3047 dominus,

357 3064 519 3139 3&6
584 3066 657 3122 ab
696 3065 780 3123 his
809 3067 1042 3129 vincitur
1066 3107 1083 3134 ,
1111 3067 1211 3124 hos
1242 3076 1434 3139 pavet,
1468 3053 1658 3125 horum
1699 3076 1933 3133 terretur

355 3166 575 3227 aspectu
602 3156 706 3228 (α),
732 3158 822 3228 qui
867 3158 1074 3229 ingredi
1115 3175 1221 3214 non
1246 3160 1465 3227 valent,
1510 3161 1601 3231 qui
1636 3162 1680 3216 si
1733 3170 1930 3217 terram

356 3249 644 3320 tetigerint,
661 3266 723 3307 se
752 3259 993 3308 mortuos
1017 3252 1364 3310 arbitrantur.
1380 3253 1448 3308 Et
1458 3268 1565 3309 non
1583 3253 1930 3326 intelligimus

354 3339 742 3411 Prophetarum
757 3355 918 3398 voces
935 3359 950 3395 :
974 3361 994 3394 ί
1016 3341 1242 3414 Fugient
1257 3344 1406 3399 mille
1420 3359 1529 3399 uno
1540 3347 1927 3416 persequente?

356 3430 508 3501 (lsai.
538 3432 626 3493 50.
652 3432 743 3505 l7)
772 3433 882 3490 Nec
907 3444 1451 3505 amputamuscausas
1466 3437 1638 3493 morbi
1662 3478 1678 3503 ,
1705 3446 1766 3493 ut
1781 3453 1923 3493 mor-

352 3522 451 3579 bus
490 3525 689 3595 pariter
726 3526 1037 3582 auferatur:
1068 3527 1355 3599 statimque
1398 3543 1680 3586 cernamus
1704 3532 1927 3602 sagittas

352 3614 497 3684 pilis,
525 3615 689 3672 tiaras
713 3616 901 3688 galeis,
930 3616 1165 3673 caballos
1186 3619 1339 3689 equis
1362 3619 1577 3676 cedere.

428 3705 514 3761 i8.
533 3705 869 3763 Excessimus
893 3708 1207 3764 consolandi
1243 3709 1461 3766 modum
1485 3750 1499 3775 ,
1526 3720 1580 3767 et
1608 3709 1736 3769 dum
1769 3713 1924 3770 unius

245 3808 261 3823 ν
350 3806 576 3854 mortem
634 3798 765 3856 ﬁere
825 3801 1169 3870 prohibemus
1194 3843 1211 3868 ,
1278 3804 1440 3859 totius
1476 3804 1622 3860 orbis
1676 3816 1923 3863 mortuos

347 3890 671 3961 planximus.
698 3891 897 3950 Xerses
937 3894 1028 3950 ille
1053 3910 1150 3949 rex
1194 3897 1594 3966 potentissimus
1618 3941 1633 3967 ,
1664 3901 1752 3970 qui
1792 3902 1917 3958 sub-

353 3981 515 4036 vertit
552 3990 798 4049 montes;
843 3984 1014 4040 maria
1053 3986 1383 4054 constravit,
1434 4002 1554 4043 cum
1593 3989 1660 4046 de
1704 3993 1921 4049 sublimi

345 4070 466 4127 loco
492 4071 751 4128 inﬁnitam
777 4074 1053 4130 hominum
1084 4077 1502 4145 multitudinem,
1532 4090 1586 4136 et
1616 4082 1923 4139 innumera-

345 4163 506 4225 bilem
535 4164 757 4221 vidisset
781 4167 1074 4223 exercitum
1097 4210 1113 4236 ,
1147 4168 1307 4226 ﬂesse
1344 4170 1538 4227 dicitur
1559 4211 1575 4240 ,
1615 4174 1756 4244 quod
1798 4184 1921 4245 post

343 4266 556 4312 centum
580 4271 751 4312 annos
774 4259 948 4314 nullus
972 4274 1180 4326 eorum,
1208 4276 1345 4332 quos
1379 4270 1505 4318 tunc
1528 4267 1801 4329 cernebat,
1828 4283 1919 4322 su-

343 4345 649 4417 perfuturus
674 4356 837 4404 esset.
864 4349 909 4405 0
949 4349 995 4405 si
1023 4366 1300 4422 possemus
1345 4353 1396 4408 in
1434 4354 1592 4410 talem
1627 4357 1917 4416 ascendere

341 4438 612 4507 speculam
638 4479 654 4505 ,
683 4437 752 4495 de
776 4454 879 4509 qua
904 4441 1213 4497 universam
1243 4452 1440 4500 terram
1468 4446 1570 4501 sub
1597 4448 1795 4504 nostris
1818 4464 1915 4518 pe-

343 4527 496 4585 dibus
521 4543 895 4598 cerueremus;
937 4531 1051 4603 jam
1080 4534 1173 4590 tibi
1200 4535 1540 4593 ostenderem
1572 4540 1733 4595 tutius
1769 4540 1917 4599 orbis

341 4619 544 4687 ruinas,
573 4631 761 4692 gentes
777 4623 1042 4693 gentibus,
1064 4634 1120 4681 et
1145 4627 1324 4696 regnis
1348 4642 1510 4697 regna
1539 4630 1755 4696 collisa;
1782 4632 1918 4689 alios

342 4711 614 4782 torqueri,
659 4712 796 4768 alios
843 4716 1023 4770 necari
1050 4757 1066 4783 ,
1114 4716 1247 4772 alios
1284 4718 1561 4777 absorberi
1591 4720 1700 4795 [al.
1735 4724 1914 4799 obrui]

340 4801 608 4872 ﬂuctibus,
635 4806 770 4861 alios
790 4807 860 4862 ad
898 4809 1209 4864 servitutem
1246 4811 1384 4865 trahi
1413 4831 1425 4865 :
1460 4812 1549 4868 hic
1581 4816 1812 4884 nuptias,
1842 4818 1915 4873 ibi

338 4895 609 4966 planctum
639 4911 655 4952 :
686 4898 808 4954 illos
842 4901 1022 4968 nasci,
1056 4901 1188 4957 istos
1214 4904 1350 4957 mori
1385 4921 1398 4956 :
1428 4905 1562 4963 alios
1586 4906 1808 4964 afﬂuere
1835 4909 1916 4964 di-

336 4990 478 5045 vitiis
505 4989 610 5063 [al.
638 4990 900 5064 delictis],
932 4994 1066 5049 alios
1102 4996 1410 5051 mendicare
1438 5012 1452 5048 :
1485 5006 1540 5052 et
1567 5014 1689 5053 non‘
1717 5000 1911 5057 Xerxis

337 5090 541 5138 tantum
572 5084 870 5140 exercitum
896 5127 911 5154 ,
936 5086 1032 5141 sed
1080 5086 1240 5142 totius
1280 5088 1462 5145 mundi
1507 5089 1750 5149 homines
1774 5136 1789 5162 ,
1820 5097 1912 5165 qui

402 5242 465 5309 (α)
500 5243 707 5309 ῌιιᾳᾳοε
717 5245 921 5309 _iterum
952 5246 1346 5309 respicit,_quos,
1377 5254 1433 5296 ut
1464 5249 1607 5299 tradit
1627 5250 1908 5303 Ammianus

336 5303 553 5377 Marcell.
588 5304 675 5377 lib_.
715 5306 796 5354 3i.
838 5318 952 5377 cap.
978 5303 1276 5377 2.'_s_calc'ei
1317 5308 1535 5377 formulis
1570 5312 1718 5362 nullis
1762 5318 1910 5377 aptati

334 5373 500 5442 vetalnt
521 5367 756 5442 incedere
777 5368 1032 5442 gressibus
1054 5367 1247 5442 liberis,
1268 5385 1294 5415 ι
1337 5372 1470 5442 unde
1485 5381 1631 5442 esset;
1655 5382 1707 5426 et
1727 5367 1907 5442 ἀκρὶσᾳι.

332 5437 403 5483 ta,
422 5427 647 5476 dicuntur
665 5430 727 5476 ab
745 5427 946 5490 antiquo
966 5428 1210 5491 Scriptore
1233 5433 1359 5494 apud
1379 5432 1573 5482 Suidam
1586 5474 1600 5494 ,
1620 5427 1677 5485 et
1697 5427 1911 5490 a...‘z..‘....

332 5500 376 5560 εξ
399 5497 529 5552 μδίως
566 5496 611 5560 ξν
647 5500 778 5560 cum;
806 5506 874 5560 «ﬁt
895 5506 960 5560 τῆν
980 5503 1182 5560 Rufrium.
1222 5508 1245 5537 α
1269 5493 1452 5560 Neque
1488 5493 1672 5560 absque
1688 5501 1911 5560 jumento

330 5547 538 5625 Hunnus
572 5549 716 5625 facile
754 5547 1075 5625 amhulaverit
1090 5565 1103 5625 ξ
1129 5568 1155 5625 »_
1170 5547 1384 5625 cptime'
1395 5556 1520 5625 adeo
1550 5547 1908 5625 Hier.'ingredi

331 5623 427 5659 non
450 5612 690 5676 valentes,
727 5620 778 5676 et
812 5614 853 5661 si
888 5612 1402 5676 terramtetigissent,
1439 5623 1593 5666 actum
1615 5622 1680 5670 de
1702 5612 1908 5671 seat-bi-

331 5677 518 5743 trantes
529 5674 672 5743 digit,
689 5674 967 5743 quippequi
985 5674 1189 5743 pedibus
1209 5674 1398 5743 hostem
1422 5679 1763 5743 insequentem
1780 5685 1906 5733 haud

330 5728 1048 5803 possent_ellugére.:Alt§t-um
1084 5736 1148 5803 de
1181 5737 1391 5803 terriﬁco
1416 5728 1589 5803 eorum
1605 5728 1908 5803 suam;

328 5798 483 5859 statur
524 5794 757 5859 Jorna'nd.
792 5796 856 5847 de
901 5795 1071 5859 Rebus
1107 5798 1304 5858 Geticis,
1352 5817 1375 5845 ι
1397 5802 1527 5859 Quos
1555 5794 1688 5853 bello
1709 5794 1905 5856 forsitan

327 5854 886 5930 nunime‘mperabant.‘
920 5857 1082 5912 vultus
1109 5861 1186 5911 sui
1219 5854 1432 5912 terrore‘
1444 5865 1642 5914 nimium
1676 5854 1902 5930 pavorem

328 5917 637 5982 ingerentes,
660 5918 910 5981 fugabant.
945 5937 967 5967 ι

1738 464 2077 525 ἘΡΙΒΤΟΒΑ
2115 466 2248 524 LXI.

3533 492 3660 549 609·

2065 597 2209 640 nunc
2230 584 2433 654 vivunt,
2463 590 2515 644 in
2544 590 2696 649 brevi
2732 598 2906 668 spatio
2934 600 3221 660 deﬁnturos.
3249 604 3492 665 Vincitur
3518 625 3638 667 ser«

2062 688 2151 730 mo
2170 675 2246 731 rei
2265 681 2653 752 magnitudine,
2673 694 2727 741 et
2747 689 2924 745 minus
2945 703 3027 748 est
3051 709 3208 753 omne
3230 699 3371 770 quod
3387 700 3634 761 dicimus.
3660 712 3663 721 '

2137 771 2221 827 l9.
2262 771 2567 831 Redeamus
2593 777 2757 848 igitur
2779 782 2845 838 ad
2875 798 2993 852 nos,
3022 796 3075 842 ct
3100 791 3253 859 quasi
3291 808 3323 849 e
3363 796 3502 852 ctelo
3536 797 3637 859 de-

2059 862 2411 934 scendentes,
2474 870 2747 940 paulisper
2799 883 2979 930 nostra
3022 878 3316 939 videamus.
3360 883 3632 958 Sentisne,

2060 954 2285 1055 abacus
2311 968 2383 1027 te,
2411 962 2624 1055 quando
2648 964 2846 1036 infans,
2877 970 3093 1040 quando
3120 987 3283 1046 puer,
3312 981 3525 1048 quando
3543 954 3634 1055 ju;

2058 1047 2207 1102 venis
2225 1089 2241 1115 ,
2273 1050 2487 1118 quando
2513 1053 2749 1113 robustae
2776 1059 2950 1116 aetatis
2975 1103 2991 1129 ,
3020 1064 3234 1134 quando
3274 1047 3439 1126 senex
3464 1047 3636 1132 factus

2058 1138 2171 1195 sis?
2206 1142 2455 1209 Quotidie
2490 1149 2751 1206 morimur
2775 1193 2791 1221 ,
2832 1154 3071 1224 quotidie
3108 1170 3501 1221 commutamur
3522 1207 3536 1233 ,
3581 1176 3638 1225 et

2056 1240 2234 1332 tamen
2259 1243 2492 1294 :eternos
2524 1248 2623 1296 nos
2656 1257 2778 1300 esse
2805 1247 3094 1306 credimus.
3124 1251 3238 1310 Hoc
3276 1255 3450 1327 ipsum
3491 1261 3636 1332 quod

2054 1320 2218 1419 dicto,
2245 1327 2387 1396 quod
2409 1330 2679 1401 scribitur,
2711 1336 2852 1408 quod
2881 1340 3085 1412 relego,
3115 1345 3261 1416 quod
3285 1320 3537 1419 ementiti,
3567 1352 3635 1410 de

2053 1415 2161 1471 vita
2187 1432 2306 1474 mea
2334 1421 2560 1478 tollitur.
2591 1425 2733 1492 Quot
2767 1441 2965 1499 puncta
2998 1415 3193 1492 notarii
3219 1478 3235 1505 ,
3266 1447 3347 1496 tot
3390 1415 3633 1502 meorum

2053 1508 2245 1583 damna
2265 1523 2724 1588 sunttemporum.
2750 1522 3050 1584 Scribimus
3077 1537 3238 1601 atque
3265 1535 3629 1607 rescribimus,
3712 1606 3721 1613 ί

2054 1612 2330 1661 transeunt
2368 1623 2513 1665 mare
2556 1614 2833 1683 epistolae,
2878 1627 2932 1673 et
2975 1620 3213 1679 ﬁndente
3268 1627 3474 1683 sulcum
3518 1629 3539 1702 [
3557 1632 3629 1688 al.

2050 1697 2236 1762 solum,
2258 1697 2297 1752 f.
2330 1701 2539 1775 solum]
2567 1705 2747 1760 carina
2771 1747 2788 1772 ,
2830 1722 2929 1778 per
2951 1711 3191 1782 singulos
3218 1714 3411 1777 ﬂuctus
3454 1697 3630 1787 aetatis,

2049 1799 2247 1848 nostrae
2280 1804 2548 1852 momenta
2576 1799 2906 1857 minuuntur.
2947 1803 3134 1862 Solum
3175 1807 3434 1869 habemus
3471 1814 3625 1882 lucri,

2048 1883 2187 1954 quod
2208 1883 2403 1941 Christi
2428 1888 2581 1943 nobis
2601 1904 2785 1949 amore
2809 1894 3099 1952 sociamur.
3138 1916 3160 1952 ‹
3180 1897 3387 1956 Caritas
3416 1905 3625 1973 patiens

2047 1984 2150 2040 est,
2174 1977 2400 2049 benigna
2430 1991 2509 2036 est
2542 1999 2556 2036 :
2589 1983 2784 2040 caritas
2806 2002 2911 2042 non
2933 1988 3158 2058 zelatur,
3184 2007 3289 2047 non
3311 1994 3417 2065 agit
3438 2010 3627 2067 perpe-

2046 2079 2182 2134 ram,
2202 2082 2307 2123 nou
2329 2069 2562 2138 inﬂatur,
2578 2076 2755 2129 omnia
2773 2077 3021 2146 sustinet,
3035 2080 3213 2136 omnia
3234 2083 3427 2149 credit,
3446 2086 3627 2147 omnia

2047 2167 2248 2227 sperat,
2273 2163 2451 2216 omnia
2469 2165 2666 2229 patitur
2694 2184 2709 2220 :
2777 2166 2936 2240 347
3012 2170 3220 2227 Caritas
3243 2189 3511 2246 nunquam
3533 2192 3628 2232 ex-

2044 2248 2192 2304 cidit.
2220 2268 2239 2303 ι
2270 2250 2396 2308 Hmc
2411 2268 2624 2324 semper
2636 2257 2763 2313 vivit
2784 2259 2838 2313 in
2858 2268 3102 2329 pectore;
3122 2263 3191 2319 ob
3212 2263 3352 2321 hanc
3369 2265 3622 2337 Nepotia-

2044 2355 2145 2396 nus
2169 2351 2351 2398 noster
2371 2343 2583 2414 absens,
2605 2362 2842 2419 praesens
2870 2359 2974 2417 est,
2998 2361 3052 2408 ει
3072 2367 3171 2423 per
3190 2363 3333 2411 tanta
3358 2366 3621 2414 terrarum

2044 2432 2216 2502 spatia
2238 2433 2456 2501 divisos,
2486 2446 2713 2510 utraque
2742 2442 3115 2513 complectitur
3138 2461 3321 2503 manu.
3353 2447 3624 2505 Habemus

2042 2530 2241 2579 mutua:
2265 2523 2505 2581 obsidem
2531 2529 2788 2584 caritatis.
2814 2529 3109 2603 iungamur
3133 2524 3326 2605 Spiritu
3346 2579 3360 2605 ,
3390 2538 3626 2609 stringa-

2041 2629 2163 2670 mur
2186 2615 2378 2672 aﬁ‘ectu
2403 2659 2418 2684 ,
2454 2627 2511 2674 et
2556 2618 2923 2678 fortitudinem
2952 2625 3147 2681 mentis
3170 2668 3185 2693 ,
3229 2641 3388 2695 quam
3435 2628 3623 2685 beatus

2040 2705 2182 2775 Papa
2228 2706 2564 2765 Chromatius
2611 2712 2846 2767 ostendit
2899 2713 2953 2768 in
3002 2715 3328 2773 dormitione
3376 2721 3619 2790 germani

2044 2795 2272 2869 (Eusebii
2304 2799 2482 2869 fratris
2522 2802 2648 2873 sui),
2692 2818 2793 2860 nos
2845 2805 3118 2863 imitemur
3168 2809 3222 2863 in
3274 2810 3405 2866 ﬁlio.
3461 2810 3616 2866 Illum

2036 2897 2218 2943 nostra
2246 2890 2450 2961 pagella
2486 2891 2769 2963 decantet,
2819 2896 2967 2953 illum
3017 2906 3224 2956 cunctae
3251 2898 3359 2975 [al.
3393 2903 3620 2977 nostrae]

2037 2977 2233 3035 litteras
2251 2990 2466 3038 sonent.
2496 2976 2665 3052 Quem
2689 3001 2916 3058 corpore
2949 3006 3052 3045 non
3080 2991 3343 3058 valemus,
3369 2976 3620 3048 recorda-

2035 3070 2181 3126 tione
2210 3080 2505 3130 teneamus.
2538 3076 2603 3132 Et
2621 3092 2742 3133 cum
2769 3095 2874 3152 quo
2903 3081 3047 3152 loqui
3069 3097 3178 3138 non
3204 3098 3524 3155 possumus,
3548 3084 3618 3143 de

2033 3176 2100 3218 eo
2130 3163 2273 3234 loqui
2295 3168 2921 3238 nunquamidesinamus.

2515 3303 2846 3387 EPISTOLA
2883 3307 3001 3366 LXI
3036 3311 3148 3385 (ὁ).

2528 3420 2597 3494 Au
2632 3439 2709 3509 (c)
2745 3456 3107 3502 vnctuurtuu.

2040 3560 2390 3631 Vigilantiam,
2419 3567 2507 3636 qui
2535 3569 2590 3624 in
2619 3569 2941 3629 Occidentem
2961 3591 3215 3651 regressus
3242 3579 3611 3656 Hieronymia-

2101 3670 2220 3708 num
2240 3672 2438 3723 nomen,
2464 3668 2511 3712 et
2536 3661 2677 3717 illius
2701 3665 2893 3720 amicos
2913 3659 3218 3737 infamabat,
3242 3675 3570 3745 reprehendit
3592 3692 3612 3732 :

2098 3756 2146 3799 et
2172 3747 2405 3803 hortatur
2428 3759 2482 3804 ut
2506 3752 2780 3823 aliquando
2798 3758 3079 3828 resipiscat,
3107 3777 3167 3816 ac
3189 3762 3387 3821 desinat
3410 3767 3609 3822 calum-

2100 3837 2270 3903 niari;
2294 3837 2633 3911 blasphemias
2653 3845 2764 3916 ejus
2786 3846 2838 3901 in
2862 3848 2966 3917 [ine
2994 3851 3183 3905 acriter
3211 3869 3512 3928 coarguens.

2099 3969 2152 4024 l.
2177 3969 2385 4028 Iustum
2410 3974 2628 4044 quidem
2668 3977 2846 4035 fuerat
2865 4022 2881 4048 ,
2913 3997 3249 4056 nequaquam
3276 3988 3376 4044 tibi
3416 3989 3610 4045 litteris

2024 4064 2336 4122 satisfacere
2357 4106 2373 4133 ,
2398 4067 2489 4139 qui
2530 4071 2636 4125 tuis
2679 4074 2899 4130 auribus
2926 4090 3035 4133 non
3065 4079 3345 4138 credidisti
3375 4099 3391 4138 :
3431 4097 3611 4153 neque

2024 4154 2168 4210 enim
2211 4155 2482 4214 scheduls
2506 4163 2731 4231 poteris
2767 4166 3115 4234 acquiescere
3140 4212 3154 4239 ,
3186 4172 3276 4243 qui
3321 4173 3445 4229 vivo
3490 4188 3613 4231 ser-

2024 4248 2171 4303 moni
2214 4263 2324 4303 non
2352 4253 2767 4310 accommodasti
2812 4257 2995 4316 tidem.
3040 4262 3147 4319 Sed
3192 4252 3320 4336 quia
3361 4265 3612 4324 Christus

2024 4341 2278 4409 perlecta:
2322 4342 2483 4399 nobis
2528 4344 2847 4404 humilitatis
2895 4353 3174 4424 exemplar
3219 4357 3273 4411 in
3304 4371 3363 4413 se
3391 4356 3613 4421 tribuit,

2022 4433 2159 4489 dans
2183 4436 2427 4492 osculum
2460 4439 2757 4508 proditori,
2785 4450 2842 4496 et
2886 4443 3117 4502 latronis
3144 4447 3525 4517 paenitentiam
3559 4450 3613 4503 iu

2022 4527 2261 4597 patibulo
2312 4529 2647 4600 suscipiens,
2677 4531 2867 4588 eadem
2908 4536 3118 4592 absenti
3167 4538 3450 4608 signiﬁco,
3492 4553 3615 4610 qua:

2021 4619 2272 4689 praesenti
2311 4636 2524 4691 quoque
2558 4621 2772 4677 locutus
2803 4638 2920 4677 sum
2942 4665 2959 4691 ,
3009 4640 3097 4681 me
3121 4626 3191 4682 ita
3218 4628 3503 4699 Origenem
3534 4630 3613 4687 ie-

2020 4713 2164 4785 gisse
2192 4714 2277 4769 vel
2316 4712 2514 4785 legere,
2549 4722 2608 4770 ut
2633 4713 3027 4785 Apollinarium
3060 4717 3177 4792 [al.
3206 4722 3611 4795 Apollinarem],

2020 4805 2107 4858 vel
2131 4814 2356 4859 caeteros
2384 4804 2745 4871 Tractatores,
2792 4822 3047 4878 quorum,
3093 4813 3147 4865 in
3178 4813 3523 4883 quibusdam,
3556 4816 3622 4869 li-

2019 4893 2149 4949 bros
2175 4893 2415 4951 Ecclesia
2446 4910 2554 4951 non
2576 4897 2793 4969 recipit.
2817 4899 2933 4955 Non
2957 4916 3066 4971 quo
3091 4906 3269 4959 omnia
3291 4905 3471 4962 dicam
3499 4921 3622 4962 esse

2019 4985 2345 5054 damnanda,
2369 5004 2488 5059 quae
2514 4989 2567 5045 in
2592 4990 2811 5049 illorum
2835 4994 3204 5052 voluminibus
3226 5000 3618 5053 continentur:

2019 5080 2115 5151 sed
2161 5080 2302 5152 quod
2333 5082 2578 5153 quaedam
2615 5085 3066 5156 reprehendenda
3096 5090 3380 5144 conlitear.
3412 5088 3612 5145 Verum

2019 5174 2142 5244 quia
2173 5174 2354 5242 operis
2386 5176 2491 5230 mei
2518 5184 2682 5232 estet
2707 5177 2870 5232 studii
2899 5219 2914 5244 ,
2945 5179 3148 5234 multos
3198 5181 3412 5250 legere,
3445 5192 3502 5237 ut
3547 5196 3614 5239 ex

2017 5266 2264 5337 plurimis
2289 5266 2531 5325 diversos
2557 5267 2720 5326 liores
2741 5285 2981 5342 carpam,
3006 5288 3115 5328 non
3148 5283 3254 5328 tam
3285 5277 3610 5346 probaturus

2017 5360 2220 5424 omnia,
2249 5374 2406 5429 quam
2452 5375 2570 5431 quae
2594 5360 2731 5416 bona
2756 5370 2884 5417 sunt
2908 5364 3196 5430 electurus,
3226 5379 3446 5420 assumo
3470 5365 3610 5419 mul-

2016 5460 2100 5509 tos
2126 5454 2182 5510 in
2227 5468 2416 5508 manus
2447 5470 2631 5521 meas,
2674 5465 2730 5511 ut
2758 5472 2788 5512 a
2832 5458 3014 5514 multis
3057 5461 3222 5515 multa
3264 5473 3604 5528 cognoscam,

2014 5544 2312 5601 secundum
2340 5546 2471 5602 illud
2497 5547 2639 5617 quod
2668 5549 2925 5618 scriptum
2953 5560 3037 5606 est
3069 5568 3082 5604 :
3114 5550 3301 5604 Omnia
3329 5550 3548 5620 legentes
3582 5569 3602 5605 :

2012 5636 2181 5711 348
2215 5654 2327 5707 qua:
2349 5637 2481 5694 bona
2510 5650 2625 5695 sunt
2644 5642 2912 5697 retinentes
2940 5644 3014 5712 (i.
3045 5641 3219 5695 Thess.
3238 5639 3425 5709 5.21).
3450 5639 3601 5698 Unde

2100 5770 2151 5844 ε’)
2179 5766 2318 5844 ,Λέξις
2338 5770 2419 5819 75-
2447 5770 2640 5844 ἐξάρτυε
2662 5772 2829 5844 eadem
2957 5769 3049 5844 599
3091 5837 3117 5844 -
3158 5828 3168 5844 ,
3312 5834 3321 5843 .
3443 5834 3453 5844 .

2100 5771 2127 5817 εν
2192 5769 2318 5819 alias
2338 5770 2419 5819 75.
2447 5770 2640 5834 scripta
2662 5772 2829 5823 eodem
2851 5784 2931 5821 an.
2957 5769 3049 5818 396
3158 5828 3168 5838 _
3312 5834 3321 5843 ν
3443 5834 3453 5844 .

2076 5769 2151 5894 ﬁci
2179 5828 2233 5894 in
2261 5829 2550 5894 Verumliis.
2570 5835 2639 5882 ad
2668 5830 2975 5894 Vigilantium
2997 5833 3059 5881 de
3082 5837 3285 5891 Origene
3310 5834 3588 5887 inscribitur

2019 5886 2261 5942 et'st'atim
2291 5890 2411 5942 Utile
2434 5892 2632 5957 quidem
2654 5886 2832 5957 fué’mt,
2855 5905 2940 5956 pro
2963 5886 3188 5955 Juslum;
3209 5900 3307 5944 etc.

3607 3317 3658 3371 ..ι
