4146 6336
483 446 592 507 503

482 561 617 620 satis
631 559 862 616 mirorte
878 555 1112 614 voluisse
1125 553 1373 627 Origenis
1388 554 1518 610 mihi
1536 553 1772 625 objieere
1786 551 2054 625 dogmata,

481 651 635 722 cujus
682 651 735 705 in
777 648 1053 720 plerisque
1076 662 1316 704 errorem
1362 662 1530 719 usque
1573 647 1642 703 ad
1681 646 1821 702 hanc
1847 654 2060 702 aetatem

482 742 698 816 penitus
723 741 958 813 ignoras.
989 740 1176 812 Egone
1202 740 1519 797 haereticus?
1543 746 1599 795 et
1620 754 1717 795 cur
1743 754 1851 807 me,
1878 751 2062 809 quaeso

487 822 732 891 haeretici
760 847 868 889 non
896 833 1112 888 amant?
1155 832 1237 888 Tu
1278 830 1645 890 orthodoxus?
1669 830 1762 902 qui
1790 831 1951 886 etiam
1981 825 2061 901 (a)

479 936 670 985 contra
706 927 1027 983 sententiam
1059 935 1202 982 tuam
1224 967 1241 994 ,
1269 934 1326 982 et
1353 925 1588 997 linguam
1619 922 1721 978 alia
1771 922 2066 994 praedican-

482 1028 592 1076 tem
617 1059 634 1086 ,
663 1027 756 1074 aut
786 1018 983 1073 invitus
1019 1016 1384 1087 subscripsisti
1405 1055 1420 1081 ,
1453 1025 1509 1071 et
1548 1014 1930 1087 praevaricator
1957 1027 2019 1069 es
2046 1031 2060 1068 :

487 1121 581 1165 aut
630 1108 851 1178 volens,
895 1116 950 1165 et
994 1108 1300 1164 haereticus.
1341 1106 1596 1163 Dimisisti
1640 1104 1931 1178 Egyptum
1958 1103 2062 1177 (ὁ),

489 1211 712 1257 cunctas
738 1200 1042 1273 provincias
1073 1199 1360 1270 reliquisti,
1388 1199 1443 1254 in
1468 1197 1664 1270 quibus
1692 1206 1892 1253 sectam
1921 1205 2066 1251 tuam

489 1292 659 1351 libera
686 1294 924 1366 plerique
964 1292 1142 1350 fronte
1184 1291 1476 1348 defendunt
1503 1309 1518 1346 :
1549 1300 1604 1346 et
1649 1290 1857 1362 elegisti
1886 1304 1973 1346 me
1998 1288 2068 1344 ad

489 1384 894 1453 insectandum;
924 1386 1015 1456 qui
1044 1384 1222 1440 omnia
1251 1382 1438 1440 contra
1484 1382 1776 1439 Ecclesiam
1819 1382 2067 1453 dogmata

487 1476 851 1549 reprehendo,
873 1486 929 1533 et
955 1476 1166 1549 publica
1194 1490 1327 1532 voce
1352 1475 1673 1532 condemno.

562 1568 618 1623 2.
651 1566 885 1641 Origenis
910 1584 1125 1624 errores.
1156 1597 1228 1608 —
1246 1565 1505 1638 Origenes
1536 1566 1857 1623 haereticus:
1888 1565 2015 1637 quid
2036 1581 2069 1621 a

487 1679 610 1728 me,
657 1663 749 1734 qui
795 1662 943 1719 illum
992 1661 1048 1718 in
1092 1662 1364 1734 plerisque
1403 1662 1712 1718 hmreticum
1742 1678 1849 1717 non
1891 1661 2071 1732 nego?

488 1753 701 1810 Erravit
746 1755 815 1811 de
862 1754 1261 1811 resurrectione
1297 1754 1549 1826 corporis
1599 1754 1694 1829 [al.
1739 1752 2068 1829 corporum];

487 1844 690 1901 erravit
715 1843 782 1901 de
807 1845 1106 1900 animarum
1131 1854 1294 1914 statu,
1323 1845 1392 1902 de
1413 1846 1609 1901 diaboli
1634 1846 1946 1916 poenitentia
1980 1863 1994 1900 :
2016 1855 2073 1901 et

492 1933 635 2005 quod
664 1934 745 1991 his
770 1935 942 2006 majus
966 1944 1071 2003 est,
1094 1935 1290 1992 Filium
1323 1935 1393 2009 (c)
1423 1936 1538 2004 Dei,
1565 1944 1622 1993 et
1643 1927 1902 2008 Spiritum
1931 1937 2073 1995 Satt-

486 2032 633 2079 ctum
662 2025 717 2098 ip
743 2024 1156 2081 Commentariis
1178 2024 1349 2091 Isaiae.
1384 2025 1669 2098 Seraphim
1694 2041 1817 2083 esse
1848 2036 2073 2084 testatus

487 2123 592 2170 est.
641 2114 699 2171 Si
748 2130 963 2172 errasse
1003 2132 1110 2173 non
1137 2117 1374 2175 dicerem
1402 2133 1562 2187 eum,
1603 2128 1658 2174 et
1698 2119 1813 2174 haec
1837 2119 2075 2191 quotidie

489 2219 597 2260 non
642 2205 1190 2274 auathematizarem,
1237 2223 1414 2264 essem
1459 2208 1657 2265 erroris
1700 2208 1845 2265 illius
1872 2210 2071 2265 socius.

489 2294 677 2367 Neque
697 2296 842 2353 enim
866 2298 937 2352 ita
965 2297 1225 2354 debemus
1250 2298 1388 2355 bona
1415 2298 1533 2369 ejus
1559 2298 1819 2370 recipere,
1854 2307 1913 2354 ut
1934 2298 2075 2354 mala

491 2403 704 2458 quoque
728 2390 1001 2461 suscipere
1025 2405 1300 2463 cogamur.
1329 2391 1410 2464 (Δ)
1440 2393 1509 2447 At
1533 2390 1676 2448 idem
1700 2400 1755 2449 et
1773 2391 2077 2463 Scripturas

491 2476 549 2535 in
590 2481 769 2535 multis
817 2483 955 2538 bene
999 2482 1381 2552 interpretatus
1424 2492 1545 2549 est,
1588 2492 1643 2539 et
1686 2482 2077 2554 Prophetarum

493 2573 726 2629 obscura
756 2573 1013 2629 disseruit
1040 2592 1054 2628 :
1088 2583 1143 2630 ct
1187 2583 1293 2630 tam
1318 2574 1442 2631 novi
1466 2590 1627 2646 quam
1652 2576 1847 2631 veteris
1885 2574 2078 2631 Testa-

497 2664 664 2719 menti
694 2665 949 2720 revelavit
976 2666 1208 2720 maxima
1248 2675 1621 2724 sacramenta.
1666 2665 1725 2722 Si
1772 2666 1932 2737 igitur
1959 2681 2080 2737 quae

496 2754 638 2813 bona
673 2766 801 2812 sunt
821 2796 837 2823 ,
865 2757 1143 2822 transtuli,
1175 2765 1230 2813 ct
1255 2757 1396 2814 mala
1434 2758 1519 2814 vel
1558 2758 1825 2829 amputavi
1845 2799 1862 2826 ,
1893 2756 1969 2831 (ο)
1995 2759 2081 2815 vel

498 2848 732 2913 correxi,
762 2848 845 2904 vel
879 2847 1053 2915 tacui;
1079 2848 1384 2920 argueudus
1410 2864 1531 2905 sum
1551 2865 1647 2905 cur
1673 2864 1769 2920 per
1795 2864 1881 2905 me
1906 2848 2080 2906 Latini

499 2940 639 2996 bona
668 2939 785 3010 ejus
810 2939 1064 3009 habeant,
1091 2949 1148 2996 et
1172 2941 1309 2996 mala
1337 2941 1619 3013 ignorent?
1645 2939 1706 2998 Si
1750 2941 1854 2997 hoc
1878 2941 2081 2997 crimen

501 3040 584 3088 est
601 3073 617 3099 ,
641 3041 895 3104 arguatur
917 3031 1210 3088 Confessor
1243 3032 1481 3088 Hilarius
1518 3033 1612 3105 qui
1640 3030 1975 3088 Psalmorum
2002 3031 2085 3087 in-

502 3105 963 3194 terpretationem,
990 3132 1047 3180 et
1068 3123 1327 3180 Homilias
1350 3124 1403 3179 in
1443 3123 1546 3179 Job
1578 3139 1649 3180 ex
1686 3123 1840 3179 libris
1864 3122 2001 3194 ejus,
2029 3121 2083 3178 id

504 3224 618 3282 est,
667 3231 735 3272 ex
779 3215 967 3273 Graeco
1016 3219 1070 3272 in
1116 3217 1339 3273 latinum
1368 3217 1663 3273 transtulit.
1714 3216 1797 3273 Sit
1837 3216 1890 3271 in
1930 3216 2084 3288 culpa

503 3304 746 3376 ejusdem
787 3305 856 3378 (ι’)
895 3307 1247 3364 confessionis
1276 3307 1639 3364 Vercellensis
1668 3308 1929 3364 Eusebius
1947 3349 1963 3376 ,
1994 3308 2085 3378 qui

507 3401 750 3456 omnium
779 3399 1114 3457 Psalmorum
1132 3399 1562 3458 Commentarios
1585 3400 1826 3458 hmretici
1853 3399 2087 3457 hominis

510 3490 744 3562 (Eusebii
764 3491 1108 3561 Cresariensia)
1134 3492 1295 3548 vertit
1321 3493 1375 3548 in
1413 3502 1655 3549 nostrum
1684 3492 1991 3564 eloquium:
2023 3491 2088 3547 li-

506 3588 594 3636 cet
622 3580 874 3637 haaretica
899 3583 1314 3653 prmtermittens
1330 3624 1345 3650 ,
1371 3584 1570 3654 optima
1598 3597 1823 3655 quaeque
1850 3590 2086 3638 transtu-

506 3672 651 3730 lerit.
680 3673 857 3733 Taceo
885 3674 952 3732 de
982 3675 1254 3732 Victorino
1286 3675 1365 3749 (g)
1411 3676 1807 3745 Petahioncnsi,
1840 3684 1895 3733 et
1928 3685 2089 3732 caete-

508 3768 602 3832 ris,
632 3768 722 3840 qui
750 3767 1036 3841 Origenem
1066 3769 1122 3824 in
1145 3769 1521 3840 explanatione
1545 3768 1803 3825 duntaxat
1845 3767 2089 3839 Scriptu-

507 3875 690 3916 rarum
737 3861 907 3917 secuti
927 3868 1090 3929 sunt,
1123 3870 1178 3918 et
1205 3870 1588 3932 expresserunt
1613 3877 1628 3917 :
1649 3875 1716 3917 ne
1741 3875 1848 3916 non
1871 3869 1978 3915 tam
2002 3875 2090 3916 me

507 3952 821 4022 defendere,
843 3970 1005 4026 quam
1043 3956 1222 4012 socios
1244 3955 1487 4013 criminis
1510 3955 1695 4012 videar
1715 3971 1976 4026 quaerere.
2007 3954 2091 4011 Ad

509 4046 739 4118 teipsum
775 4045 940 4120 359
975 4048 1186 4104 veniam
1216 4065 1231 4102 :
1260 4063 1359 4106 cur
1378 4056 1636 4105 tractatus
1656 4048 1774 4119 ejus
1800 4048 1853 4103 in
1878 4048 1982 4105 Job
1997 4046 2092 4104 de-

508 4136 948 4208 scriptoshabes?
974 4137 1033 4193 ln
1054 4138 1247 4209 quibus
1264 4148 1448 4194 contra
1471 4138 1767 4205 diabolum,
1790 4148 1845 4195 et
1869 4138 1939 4195 de
1964 4138 2093 4194 stel-

512 4225 580 4282 lis
593 4227 835 4297 coeloque
849 4226 1150 4299 disputans,
1162 4228 1406 4298 quzedam
1419 4228 1628 4284 locutus
1639 4239 1744 4294 est,
1763 4244 1882 4299 quae
1897 4228 2092 4285 Eccle-

511 4317 592 4373 sia
627 4331 734 4372 non
760 4317 992 4388 recipit?
1018 4318 1137 4374 Tibi
1156 4320 1256 4375 soli
1283 4319 1407 4375 licet
1428 4323 1494 4392 τῷ
1522 4327 1774 4393 σσφωτάτῳ
1802 4333 1972 4394 κρανίῳ
2005 4322 2092 4394 (Ii)

512 4405 582 4465 de
606 4408 813 4465 cunctis
840 4417 896 4465 et
931 4407 1134 4466 Grzecis
1176 4416 1232 4464 et
1268 4408 1474 4465 Latinis
1502 4409 1911 4467 Tractatoribus
1948 4411 2094 4468 ferre

517 4498 879 4557 sententiam?
905 4507 961 4556 et
974 4499 1124 4572 quasi
1138 4499 1385 4558 censoria
1400 4499 1625 4573 virgula,
1641 4502 1778 4559 alios
1800 4502 1999 4574 ejicere
2024 4504 2095 4561 de

604 4662 650 4728 ᾳ)
678 4662 816 4728 [dem
839 4670 1006 4717 contra
1019 4664 1358 4719 conscientiam:
1377 4671 1527 4728 tuam,
1555 4672 1654 4720 etc.

603 4725 653 4800 lg),
682 4725 1094 4800 Ψωξεεοοοεπιο,
1112 4742 1263 4779 sensu
1286 4725 1584 4800 vetustiores
1605 4731 1846 4800 editiones
1867 4744 1977 4781 cum
1995 4731 2095 4782 Bo-

514 4787 742 4836 noniensi
775 4787 884 4837 eod.
927 4787 1149 4853 proprias
1183 4791 1500 4853 prouincias:
1522 4798 1627 4842 tum
1662 4792 1743 4843 alii
1778 4793 1892 4843 Mss.
1916 4801 2097 4845 seem

516 4858 655 4928 {'1‘3'."
684 4851 1322 4928 2r9_tu.er.-.Hi_c:s=r9
1343 4852 1596 4928 γίείιδιιιίί
1628 4855 1724 4928 se
1746 4855 2097 4928 locassem

522 4918 655 4978 esse,
681 4908 830 4969 quem
851 4908 1069 4959 Ruﬁlnus
1090 4908 1316 4972 intendit,
1338 4908 1453 4963 dum
1478 4930 1595 4965 eum
1614 4916 1706 4965 dici
1725 4925 1861 4980 putat
1884 4916 2097 4967 Alexan-

459 5008 469 5035 τ
519 4966 639 5041 grta:
654 4967 881 5041 haeresim
903 4974 1244 5041 contraxisse:
1267 4975 1349 5041 cui
1359 4987 1608 5041 reponens
1626 4977 1827 5041 Hieron.
1850 4979 1933 5027 lib.
1952 4978 2093 5041 Apol.

722 5030 771 5080 6.
803 5048 827 5076 ι
847 5029 904 5080 In
926 5028 1605 5106 Vigilantii,.inquit,.nomine
1627 5039 1742 5098 quid
1765 5041 1981 5112 somnies
1997 5028 2095 5090 ὐθέ

519 5102 635 5139 8010.
698 5091 746 5139 bi
757 5093 887 5139 enim
902 5104 1016 5139 eum
1036 5106 1206 5139 scribet
1228 5094 1457 5139 haeretica
1473 5098 1597 5139 amid
1619 5088 1956 5139 Alexandriam
1967 5113 2095 5139 mm.

517 5088 746 5158 scio._Ubi
757 5093 887 5141 enim
902 5088 1016 5158 eum
1036 5088 1206 5158 scripsi
1228 5088 1457 5158 haéretica
1473 5098 1598 5158 apud
1616 5088 1957 5149 A'lexaﬁdriam
1967 5088 2098 5150 com-

520 5152 752 5202 munione
782 5152 1468 5225 maculatumnfDanlihrum,
1493 5152 2094 5225 profet_'_epistolam,__nns-

519 5225 665 5286 quam
701 5216 1204 5286 anniuo_reperies._a
1234 5216 1411 5267 Denuo
1428 5216 1604 5286 autem
1633 5216 1875 5286 Victorius
1894 5216 2093 5286 fallitur,

518 5274 764 5344 qui__hunc
783 5274 1099 5337 Vigilantium
1118 5276 1365 5344 diversum
1396 5280 1459 5329 ah
1483 5292 1545 5329 eo
1580 5280 1708 5342 facit,
1731 5283 1815 5344 qui
1839 5274 2098 5335 haereticus

521 5336 675 5397 audit,
701 5347 753 5389 et
775 5336 941 5387 contra
963 5351 1112 5400 quem
1132 5338 1273 5389 Hier.
1295 5340 1472 5391 librum
1494 5344 1589 5393 seri
1653 5336 1703 5393 ἰζ

589 5394 652 5454 (cl
692 5399 733 5449 Α
753 5400 1059 5450 Bononiensi
1075 5402 1218 5451 abest
1241 5401 1347 5454 Dei.
1374 5411 1474 5453 tum
1497 5355 1703 5454 nauigia

608 5412 634 5449 ο
692 5399 733 5449 Α
753 5398 1059 5450 Bononiensi
1075 5402 1218 5451 abest
1241 5401 1347 5461 Dei,
1374 5411 1474 5453 tum
1528 5398 1641 5454 aulo
1663 5411 1772 5468 post
1791 5416 1919 5455 eum.

608 5398 660 5528 ri;
686 5461 973 5528 Feronens.
995 5469 1120 5528 Nam,
1133 5468 1179 5513 et
1200 5465 1466 5528 scripturas
1492 5418 1606 5517 gens
1625 5466 1919 5528 iruerpretati

606 5461 660 5530 d)
686 5461 975 5530 Feronens.
995 5468 1179 5530 Nam‘et
1200 5465 1466 5530 scripturas
1489 5461 1606 5530 bene
1625 5461 1963 5530 iriterpretatus
1985 5474 2072 5520 est.

602 5523 652 5578 el
684 5523 868 5575 Iterum
889 5537 917 5573 a
938 5524 1233 5575 Bononiensi
1255 5523 1395 5578 abest
1426 5527 1498 5578 vel
1518 5527 1727 5578 correxi.

694 5587 849 5651 I_de_m,
873 5592 921 5638 et
941 5588 1189 5651 Confesqu
1214 5589 1549 5651 r’ercellenais,
1572 5599 1663 5642 etc.

609 5648 657 5715 g)
698 5648 837 5716 Falso
859 5657 912 5716 et
935 5648 1101 5716 contra
1115 5648 1237 5716 Mss.
1252 5650 1395 5716 fidem
1419 5648 1620 5716 veteres
1642 5653 1760 5703 editi
1782 5651 2063 5705 Pictarienai
2076 5668 2094 5716 ;

524 5710 774 5780 npiiﬁ'enim
798 5713 844 5760 in
868 5710 1157 5780 quuitania
1178 5713 1412 5780 secunda,
1436 5714 1525 5764 sed
1550 5715 1599 5763 in
1622 5716 1877 5779 superiore
1901 5710 2093 5780 Penno;

518 5771 601 5837 nia
612 5771 880 5837 Episcopus
900 5771 1006 5837 fuit,
1029 5774 1160 5837 quod
1181 5774 1291 5825 aliis
1311 5771 1454 5825 antea
1478 5771 1694 5827 notatuui
1716 5782 1811 5826 est.

580 5832 672 5893 (Irj'
691 5832 880 5882 Addunt
902 5832 1174 5901 Veronens;
1200 5837 1379 5901 aliique
1404 5841 1539 5900 pauci
1564 5840 1680 5889 Mss.
1705 5839 1981 5901 Graecarum
2004 5855 2090 5893 v0-

518 5902 629 5945 cum
650 5902 1102 5959 interpretationem
1115 5932 1130 5961 ,
1152 5898 1207 5950 id
1229 5898 1667 5964 est'snpimtissimo
1688 5899 1901 5953 cerebro.

1762 432 2007 493 SANCTI
2046 430 2427 492 HlERONYMl

3641 446 3754 507 σω

2171 552 2510 611 bibliothecis
2529 596 2546 625 ,
2575 556 2709 616 alios
2736 560 2983 633 recipere
3013 574 3030 617 :
3061 571 3116 618 et
3157 576 3282 620 cum
3329 560 3425 617 tibi
3456 562 3751 636 placuerit,

2169 661 2258 703 me
2300 663 2383 703 vei
2424 647 2794 715 Catholicam,
2847 653 2930 709 vel
2979 653 3301 710 Hrereticum
3346 656 3750 725 pronuntiare:

2170 737 2327 794 nobis
2354 753 2459 795 non
2483 740 2609 797 licet
2649 757 2898 811 perversa
2928 759 3209 814 respuere,
3240 755 3296 802 et
3318 746 3579 807 damnare
3607 753 3754 823 quod

2169 842 2313 900 saepe
2350 828 2752 889 damnavimus?
2793 834 2936 905 Lege
2978 835 3046 891 ad
3089 836 3359 907 Ephesios
3385 838 3591 909 libros,
3636 843 3756 914 lego

2168 930 2363 976 extera
2388 923 2649 992 opuscula
2678 938 2826 991 mea,
2854 926 3086 984 maxime
3110 927 3166 983 in
3191 927 3557 988 Ecclesiasten
3595 932 3756 989 Com.

2171 1014 2463 1071 mentarios
2487 1032 2501 1070 :
2530 1025 2585 1072 et
2605 1015 2808 1088 liquido
2838 1018 3160 1088 pervidebis,
3192 1035 3279 1076 me
3299 1021 3368 1078 ah
3393 1022 3756 1081 adolescentia

2171 1122 2444 1177 nunquam
2491 1107 2720 1179 alicujus
2777 1111 3095 1169 auctoritate
3136 1111 3492 1187 deterritum,
3548 1119 3757 1190 acquie-

2171 1197 2316 1258 visse
2336 1198 2605 1257 haereticae
2632 1200 2904 1270 pravitati.

2241 1291 2296 1347 3.
2339 1290 2456 1347 Non
2496 1306 2693 1373 parum
2721 1300 2807 1349 est
2841 1294 2982 1351 scire
3016 1295 3160 1368 quod
3193 1298 3402 1355 nescias
3431 1316 3447 1356 :
3479 1301 3757 1372 prudentis

2171 1380 2406 1438 hominis
2432 1391 2516 1438 est
2545 1396 2710 1439 nosse
2739 1397 3045 1442 mensuram
3074 1401 3226 1443 suam
3246 1430 3262 1457 ,
3290 1404 3393 1446 nec
3411 1392 3531 1448 zelo
3554 1391 3753 1449 diaboli

2171 1473 2518 1542 concitatum,
2559 1474 2842 1545 imperitiae
2885 1491 2998 1532 suae
3040 1492 3293 1538 cunctum
3332 1482 3517 1539 orbem
3542 1492 3754 1543 testem

2173 1562 2371 1621 facere.
2413 1565 2626 1623 Scilicet
2653 1576 2709 1622 et
2731 1567 2952 1639 gloriari
2979 1571 3129 1641 cupis
3148 1612 3165 1639 ,
3208 1572 3276 1644 (i)
3302 1581 3357 1630 et
3384 1575 3437 1630 in
3468 1577 3636 1647 patria
3664 1588 3749 1633 tua

2168 1654 2404 1726 jactitas,
2428 1672 2515 1714 me
2536 1672 2640 1713 non
2664 1656 2903 1729 potuisse
2921 1662 3253 1733 respondere
3277 1665 3596 1736 eloquentiae
3622 1677 3747 1737 tum,

2175 1756 2230 1803 ct
2265 1763 2490 1806 acumen
2532 1750 2585 1806 in
2632 1760 2686 1808 te
2731 1751 3018 1826 Chrysippi
3061 1754 3398 1815 formidasse.
3446 1756 3750 1817 Christiana

2173 1841 2493 1898 verecundia
2515 1850 2723 1911 teneor,
2742 1853 2796 1902 et
2815 1844 3181 1908 cellulaemea:
3208 1847 3439 1905 latebras
3464 1850 3591 1905 nolo
3612 1867 3757 1907 mor-

2175 1934 2294 1990 daci
2333 1950 2583 1993 sermone
2616 1952 2885 1995 reserare.
2929 1938 3144 2010 Alioqui
3172 1939 3469 2011 proferrem
3499 1943 3572 2016 (1')
3601 1953 3758 2000 πᾶσαν

2175 2044 2262 2095 τὴν
2285 2034 2524 2103 ἀριστείαν
2550 2043 2632 2089 σοῦ
2657 2045 2739 2089 καὶ
2761 2040 3150 2107 τροπαιοφορίαν.
3181 2034 3287 2092 Sed
3324 2036 3438 2092 haec
3470 2038 3588 2093 aliis
3619 2055 3635 2093 :
3662 2048 3757 2094 aut

2176 2123 2438 2195 loquenda
2460 2165 2476 2188 .
2507 2134 2599 2180 aut
2625 2124 2844 2181 ridenda
2875 2125 3110 2182 dimitto.
3154 2126 3266 2198 Ego
3295 2125 3385 2200 [aL
3414 2126 3572 2201 Ergo]
3601 2129 3759 2198 quasi

2177 2214 2511 2272 Christianus
2540 2231 2663 2272 cum
2693 2215 2999 2274 Christiano
3022 2216 3271 2288 loquens,
3300 2218 3521 2275 obsecro
3552 2228 3623 2286 te,
3647 2219 3757 2275 fra-

2179 2317 2296 2377 ter,
2335 2323 2404 2364 ue
2434 2309 2553 2381 plus
2578 2308 2713 2365 velis
2737 2324 2946 2381 sapere,
2979 2324 3140 2382 quam
3167 2310 3313 2381 sapis
3340 2327 3355 2365 :
3386 2325 3453 2365 ne
3482 2310 3569 2366 vel
3598 2311 3757 2367 inno-

2178 2400 2431 2471 centiam,
2474 2400 2561 2456 vel
2605 2400 3001 2470 simplicitatem
3049 2410 3217 2469 tuam,
3247 2401 3334 2458 vel
3360 2411 3506 2459 certe
3539 2418 3604 2459 ea
3640 2420 3760 2475 qum

2182 2500 2354 2560 taceo,
2381 2500 2437 2548 et
2468 2500 2520 2548 te
2549 2507 2655 2549 non
2687 2492 3038 2564 intelligente,
3069 2493 3254 2554 caeteri
3281 2493 3603 2565 intelligunt,
3621 2496 3761 2567 ston

2180 2582 2423 2653 proferas
2445 2623 2461 2650 ,
2502 2593 2558 2639 et
2599 2584 2920 2655 ineptiarum
2951 2595 3164 2641 tuarum
3190 2585 3396 2640 cunctis
3440 2586 3761 2642 cachinnum

2182 2674 2447 2747 praebeas.
2486 2675 2642 2731 Aliud
2670 2691 2700 2731 a
2726 2691 2891 2747 parva
2920 2684 3079 2734 aetate
3107 2677 3343 2734 didicisti
3372 2694 3388 2732 :
3417 2678 3539 2734 aliis
3577 2692 3761 2735 assue-

2184 2777 2272 2827 tus
2311 2784 2371 2826 es
2412 2767 2729 2840 disciplinis.
2760 2768 2877 2825 Non
2906 2778 2990 2826 est
3015 2770 3254 2842 ejusdem
3286 2769 3516 2828 hominis
3535 2812 3550 2837 ,
3579 2779 3636 2828 et
3662 2785 3762 2828 au-

2183 2877 2310 2919 reos
2348 2876 2622 2929 nummos,
2656 2871 2711 2918 et
2752 2862 3054 2934 Scripturas
3097 2865 3351 2935 probare,
3393 2872 3448 2919 et
3480 2864 3766 2936 degustare

2186 2953 2307 3010 vina
2331 2995 2346 3021 ,
2375 2961 2431 3011 et
2455 2953 2751 3025 Prophetas
2768 2996 2783 3021 ,
2808 2956 2897 3012 vel
2921 2956 3204 3026 Apostolos
3229 2955 3547 3027 intelligere.
3577 2955 3662 3012 Me
3687 2957 3754 3013 la.

2185 3060 2339 3103 ceras
2367 3065 2382 3102 :
2412 3055 2656 3103 sanctum
2671 3047 2891 3105 fratrem
2907 3047 3177 3105 Oceanum
3233 3049 3396 3123 35o
3470 3048 3524 3104 in
3552 3049 3765 3122 culpam

2186 3136 2457 3192 haereseos
2485 3152 2643 3195 vocas
2669 3156 2681 3191 :
2711 3138 3157 3212 Presbyterorum
3191 3140 3285 3197 tibi
3316 3138 3581 3198 Vincentii
3609 3150 3665 3197 et
3689 3140 3765 3214 (k)

2187 3230 2508 3300 Pauliniani,
2531 3231 2778 3290 etfratris
2793 3232 3012 3291 Eusebii
3034 3235 3293 3307 judicium
3316 3235 3587 3309 displicet.
3608 3234 3764 3292 Solus

2187 3337 2248 3381 es
2266 3322 2400 3381 Cato
2422 3324 2649 3380 Romani
2669 3326 2884 3395 generis
2904 3324 3311 3395 disertissimus,
3337 3328 3430 3400 qui
3458 3328 3766 3386 testimonio

2188 3426 2281 3474 tuo
2303 3427 2358 3474 et
2379 3417 2676 3490 prudentia:
2696 3419 2828 3475 velis
2848 3418 3014 3475 credi.
3048 3419 3375 3490 Recordare,
3398 3437 3600 3494 quaeso,
3622 3421 3765 3478 illius

2187 3506 2294 3564 diei
2323 3508 2535 3580 quando
2563 3524 2650 3566 me
2673 3509 2741 3565 de
2766 3509 3205 3579 Resurrectione,
3237 3520 3294 3568 et
3318 3513 3542 3570 veritate
3567 3528 3762 3584 corpo-

2189 3602 2264 3657 ris
2290 3601 2614 3672 przedicante
2633 3642 2650 3669 ,
2677 3618 2741 3658 ex
2768 3602 2936 3659 latere
2965 3603 3334 3673 subsultahas,
3363 3603 3430 3675 (ι)
3458 3614 3513 3661 et
3536 3606 3762 3677 plaude-

2188 3693 2287 3748 has
2326 3706 2486 3748 manu
2511 3733 2529 3760 ,
2570 3702 2625 3749 et
2664 3692 2990 3764 applodehas
3034 3694 3257 3764 pedem,
3301 3702 3358 3750 et
3406 3696 3762 3753 orthodoxam

2190 3782 2584 3843 conclamabas.
2613 3783 2899 3855 Postquam
2927 3785 3183 3857 navigare
3208 3786 3440 3857 cmpisti,
3470 3794 3527 3843 et
3552 3786 3619 3843 ad
3643 3786 3765 3843 inti-

2260 3938 2325 4012 (ἱ).
2453 3938 2880 4012 οᾳωῇοιιουὶθιιδᾷ
2904 3940 2994 3991 Ms.
3017 3939 3205 3993 scilicet
3220 3941 3425 4006 gloriari
3455 3940 3619 4005 cupis,
3641 3948 3693 3993 ut
3713 3943 3766 3994 in

2192 4007 2461 4078 νυξυξέαέιεᾳ
2471 4007 2813 4078 Ψῖίὲθδνπὲῑ
2827 4009 3034 4078 ,οιρκμ
3121 4071 3131 4078 .
3621 4065 3651 4078 ..

2192 4062 2463 4199 Ιθέέὲιιῖἓὶ
2491 4063 3243 4199 ἒᾌξιΐεέεῗιῇῗιῗιξξειῗῗρξὲιῗι
3264 4066 3513 4177 ἓξέίιὲιῖῗιᾟ

2196 4188 2328 4250 enim
2348 4200 2459 4250 quae
2473 4189 2554 4244 sit,
2573 4186 3007 4250 haud'expeditum
3025 4186 3103 4236 e'st
3125 4188 3382 4246 afﬁrmare,
3398 4200 3505 4237 cum
3516 4186 3620 4250 alii,
3639 4201 3764 4250 quos

2193 4247 2324 4298 inter
2354 4246 2669 4311 Veronenses
2703 4246 2826 4306 duo,
2867 4261 3018 4311 paean
3054 4255 3134 4298 ten
3155 4256 3422 4311 Anarstran,
3449 4247 3529 4298 vel
3557 4246 3677 4299 esse;
3698 4262 3765 4311 13:.

2194 4320 2421 4373 ἀριστφιιν,
2442 4308 2523 4374 vel
2545 4326 2616 4359 da
2637 4321 2681 4360 τὸ
2711 4319 2846 4367 ad“.
2867 4308 2933 4359 'et
2971 4322 3084 4359 mox
3121 4309 3344 4374 plerique
3380 4323 3641 4374 τραξφορον,
3683 4309 3765 4374 alii

2195 4368 2412 4434 τροκιοὲον,
2438 4368 2519 4420 vel
2540 4384 2718 4433 τροπαίαν
2739 4385 2915 4434 νωτιρων
2941 4368 3155 4482 ,
3176 4368 3322 4434 atque
3359 4368 3451 4419 alia
3490 4368 3762 4432 huiusmodi

2196 4433 2456 4481 verborum
2477 4439 2699 4482 portenta
2721 4431 2998 4482 praeferant.
3048 4447 3080 4480 n
3104 4432 3270 4481 Latina
3294 4434 3438 4481 etiam
3461 4431 3759 4482 interpreta-

2196 4431 2456 4481 v‘erhbrum
2477 4431 2699 4493 portenta
2721 4431 2998 4493 praferant'.
3025 4431 3082 4482 in
3104 4431 3270 4481 Latina
3294 4434 3438 4481 etiam
3461 4431 3759 4493 interpreta-

2195 4493 2332 4543 tione
2351 4492 2496 4555 quam
2517 4492 2732 4556 subdunt
2747 4527 2767 4556 ι
2788 4492 3015 4556 plerique
3034 4506 3204 4556 omnes
3224 4494 3408 4541 variant
3426 4504 3523 4555 quo
3543 4492 3765 4556 ad_prio-

2195 4566 2303 4604 rem
2327 4550 2531 4626 partem,
2555 4552 2772 4626 d.un_t.yel
2789 4550 2979 4625 'onpaein
2999 4550 3326 4626 inﬁrmitatem
3341 4550 3499 4626 tuerit,
3524 4550 3763 4626 utAYet-o-

2196 4613 2397 4679 nens'es,
2422 4614 2519 4672 vel,
2544 4619 2606 4679 ut
2620 4613 2722 4673 alii,
2743 4614 2903 4679 martia
2923 4613 3096 4679 prrelia
3116 4620 3216 4676 tua,
3238 4614 3321 4665 vel
3339 4613 3552 4671 tandem,
3573 4624 3767 4679 onmem

2196 4672 2420 4727 virtutem
2441 4681 2573 4725 tuam
2594 4672 2792 4740 legunt;
2815 4672 3020 4727 alteram
3054 4679 3184 4726 enim
3202 4672 3427 4740 partem,
3454 4672 3767 4739 parvulorum

2197 4713 2795 4811 ἴὶἒί
2815 4713 3195 4811 mecm
3213 4713 3767 4811 33671255"

2199 4794 2439 4869 exhibent
2462 4798 2533 4848 illi
2557 4794 2707 4869 etiam
2728 4797 2846 4869 Mss.
2870 4799 2995 4869 apud
3017 4812 3140 4869 quos
3162 4794 3599 4869 vocatjgraacaruni
3627 4794 3766 4847 littew-

2196 4874 2359 4911 rarum
2382 4863 2565 4921 lacuna,
2583 4860 2849 4921 cujusmodi
2868 4858 3296 4921 eetBononiensis.
3310 4860 3444 4910 Hanc
3463 4858 3771 4909 Martianzeus

2198 4930 2361 4985 tamen
2382 4919 2630 4985 adtexuit,
2646 4919 2835 4985 Latinae
2860 4919 3278 4985 interpretationis
3308 4928 3496 4985 partem
3521 4932 3629 4968 eam
3646 4932 3769 4985 esse

2196 4983 2385 5034 debere
2407 4997 2504 5046 non
2526 4980 2935 5046 animadverteris,
2957 4980 3104 5046 atque
3127 4983 3251 5046 adeo
3271 4980 3439 5046 verba,
3464 4994 3574 5042 quae
3595 4994 3624 5030 a
3646 4980 3770 5046 Hie:

2198 5046 2384 5108 ronymi
2420 5044 2603 5095 calamo
2633 5057 2728 5108 ugn
2753 5040 3064 5108 profecerunt
3097 5042 3225 5108 quod
3247 5043 3430 5104 optime
3452 5040 3768 5108 vetegesalii

2199 5099 2417 5156 edit'ores
2440 5112 2633 5156 cavent.
2659 5099 2812 5168 Porro
2837 5117 2949 5163 nos,
2973 5106 3013 5168 si
3036 5099 3478 5168 quandocurrupto
3514 5099 3623 5168 huic
3661 5102 3770 5152 loco

2198 5169 2386 5218 medica
2423 5180 2592 5216 manus
2628 5172 2704 5216 est
2740 5164 3069 5221 admovenda;
3091 5179 3119 5214 a
3141 5165 3324 5213 Latinis
3353 5164 3554 5213 vocibus
3577 5164 3772 5214 Graecas

2200 5242 2313 5279 esse
2333 5228 2950 5289 restituendasopinamur,
2973 5232 3026 5276 et
3042 5228 3083 5276 si
3103 5226 3305 5289 quidem
3321 5226 3637 5289 Veronenses
3651 5224 3769 5289 Mss.

2197 5291 2569 5358 sequimur,_qui
2592 5285 2919 5358 inﬁer
2941 5285 3153 5345 habent}
3179 5300 3270 5358 pro
3290 5300 3489 5358 ἄμα-τεῖρε·
3505 5285 3771 5358 legendum

2199 5347 2294 5401 eri't
2316 5347 2558 5402 levissima
2590 5347 2887 5409 mutatione,
2909 5358 3131 5409 ἀδρυστξινς
3163 5347 3346 5398 etcum
3370 5348 3493 5397 nihil
3519 5348 3567 5396 in
3590 5347 3773 5397 Graecis

2198 5414 2366 5463 verbis
2386 5415 2476 5473 sit,
2499 5413 2576 5462 cui
2600 5410 2769 5460 Latina
2802 5410 3113 5473 parvulorum
3141 5421 3255 5473 voce
3288 5416 3532 5459 cantatum
3566 5421 3772 5469 respon-

2196 5474 2327 5537 deat,
2354 5488 2441 5537 pro
2461 5469 2743 5537 ὲροπειοᾳρρον,
2770 5469 2824 5520 ut
2845 5471 2943 5520 Mss
2986 5469 3208 5537 plerique
3242 5471 3457 5537 habent,
3476 5483 3521 5521 τὸ

2198 5534 2298 5597 legi
2316 5530 2518 5598 poterit.
2538 5530 2846 5598 Conject'uras
2866 5539 3057 5581 nostras
3070 5530 3197 5580 haud
3215 5531 3352 5581 multi
3369 5530 3596 5591 facimus;
3617 5530 3773 5581 lector
3858 5589 3878 5596 _

2197 5597 2499 5661 qupdnlagis
2521 5597 2696 5661 placet.
2714 5602 2966 5661 sequatur.
2991 5655 3000 5661 _
3028 5655 3039 5661 _
3156 5659 3165 5661 Α
3363 5653 3387 5661 _
3499 5615 3502 5618 ~

2266 5655 2330 5724 (ις)
2366 5652 2637 5724 Bo'nnnien.
2662 5662 2708 5724 et
2734 5652 2938 5724 Ρῴιιὶηἱ,
2959 5655 3132 5724 vitiose
3152 5659 3339 5703 tamen.
3363 5653 3652 5717 Legendum
3675 5652 3767 5702 for-

2198 5713 2329 5772 tasse
2363 5716 2634 5769 I’aulr'niani
2653 5715 2838 5778 ﬂagris,
2864 5722 2910 5767 et

2265 5780 2317 5846 (ι)
2340 5780 2491 5846 idem
2512 5773 2842 5846 subsu'ltabas,
2865 5785 2912 5846 et
2946 5773 3274 5846 applattdehas
3310 5777 3432 5846 pede
3450 5816 3464 5834 ,
3501 5778 3692 5846 omissis
3723 5779 3774 5826 et

2197 5836 2459 5907 prtdu'debas
2481 5854 2626 5907 manu
2649 5850 2666 5887 :
2688 5837 2935 5907 tum_le_git
2947 5873 2963 5897 ,
2976 5836 3023 5907 et
3036 5836 3360 5907 orthodoxam
3373 5836 3619 5890 clamabas
3640 5837 3768 5887 den-

2202 5899 2379 5964 dendo,
2401 5904 2527 5965 quod
2552 5900 2838 5964 glossatoris
2858 5899 3008 5958 inepti
3035 5904 3110 5948 cst
3130 5899 3318 5949 vitium.
