4146 6336
410 460 513 518 605

411 596 553 639 mum
579 577 859 636 cerebrum
884 582 1036 632 tuum
1057 571 1282 630 sentinae
1303 567 1527 642 putredo
1553 562 1820 637 pervenit,
1846 571 1974 618 tunc

415 690 509 731 nos
533 671 813 728 haereticos
836 667 1143 726 recordatus
1174 680 1253 721 es.
1292 662 1430 731 Quid
1465 660 1558 717 tibi
1587 655 1814 714 faciam?
1845 653 1976 711 Cre-

414 766 518 822 didi
545 762 716 821 sancti
743 759 1044 832 Presbyteri
1068 756 1276 814 Paulini
1301 752 1560 825 epistolis,
1583 759 1637 806 et
1655 747 1795 805 illius
1817 761 1977 818 super

416 855 628 912 nomine
653 862 742 909 tuo
765 866 872 907 non
901 849 1080 922 putavi
1112 861 1292 904 errare
1312 844 1588 915 judicium.
1632 842 1699 897 Et
1723 840 1846 895 licet
1870 847 1979 894 sta-

415 953 504 1006 tim
531 957 747 1020 aecepta
775 945 1000 1018 epistola
1027 947 1358 1014 ἀσυμάρτητον
1392 940 1469 1013 (a)
1495 951 1800 996 sermonem
1829 942 1978 989 tuum

415 1044 762 1113 intelligerem
803 1056 817 1094 :
863 1047 1040 1094 tamen
1093 1035 1442 1092 rusticitatem
1488 1039 1544 1087 et
1589 1027 1979 1099 simplicitatem

417 1134 580 1204 magis
605 1134 657 1187 in
683 1141 736 1187 te
763 1127 1060 1185 arbitrabar
1077 1167 1094 1194 ,
1124 1141 1280 1197 quam
1308 1121 1634 1180 vecordiam.
1664 1119 1773 1175 Nec
1797 1131 1981 1187 repre-

415 1226 588 1283 hendo
606 1233 846 1282 sanctum
866 1223 1070 1288 virum;
1100 1220 1288 1276 maluit
1302 1220 1443 1276 enim
1466 1216 1605 1288 apud
1621 1230 1706 1270 me
1732 1214 1983 1269 dissimu-

417 1320 526 1374 lare
562 1317 700 1388 quod
727 1324 966 1380 noverat,
989 1329 1147 1384 quam
1186 1312 1496 1382 portitorem
1528 1307 1839 1364 clientulutn
1867 1305 1980 1361 suis

417 1409 605 1466 litteris
627 1424 904 1467 accusare.
923 1407 1028 1464 Sed
1051 1406 1424 1476 memetipsum
1448 1417 1632 1474 arguo,
1651 1402 1737 1471 qui
1760 1397 1982 1454 alterius

416 1503 589 1572 potius
617 1500 890 1572 acquievi,
930 1513 1091 1571 quam
1120 1512 1241 1554 meo
1261 1496 1462 1566 judicio
1494 1511 1509 1548 :
1539 1502 1594 1549 et
1627 1491 1797 1548 oculis
1835 1488 1981 1545 aliud
2026 1531 2069 1540 ..

415 1593 775 1661 cernentibus,
811 1591 954 1648 aliud
993 1589 1260 1646 schedula:
1294 1585 1494 1644 credidi
1523 1600 1680 1657 quam
1711 1582 1976 1638 videbam.

483 1685 537 1740 4.
554 1683 726 1755 Carpit
741 1684 904 1754 lepide
916 1681 1215 1753 imperitiam
1237 1678 1526 1750 Vigilantii.
1537 1705 1608 1718 —
1624 1675 1983 1742 Quamobrem

417 1777 600 1834 desine
640 1791 727 1832 me
772 1776 1036 1832 lacessere
1058 1814 1075 1841 ,
1119 1781 1174 1829 et
1212 1771 1568 1828 voluminibus
1599 1769 1704 1826 tuis
1728 1769 1978 1824 obruere.

417 1867 581 1923 Parce
605 1867 792 1923 saltem
821 1865 1049 1920 nummis
1079 1865 1204 1930 tuis,
1235 1862 1425 1932 quibus
1447 1861 1684 1916 notarios
1711 1858 1986 1914 librarios-

417 1974 520 2028 qne
547 1957 870 2021 conducens,
896 1955 1100 2012 eisdem
1136 1963 1190 2010 ct
1222 1953 1570 2024 scriptoribus
1597 1952 1760 2008 uteris
1786 1960 1840 2005 et
1866 1949 1984 2004 fau-

419 2049 620 2104 toribus
653 2066 666 2102 :
699 2048 787 2118 qui
825 2055 878 2103 te
919 2046 1040 2102 ideo
1086 2044 1308 2101 forsitan
1349 2043 1583 2110 laudant,
1611 2050 1668 2096 ut
1692 2042 1901 2096 lucrum
1929 2038 1984 2094 in

418 2139 700 2195 scribendo
740 2137 831 2211 [al.
861 2135 1156 2208 scribendis]
1201 2136 1414 2190 faciant.
1461 2135 1516 2190 Si
1564 2133 1695 2188 libet
1735 2144 1986 2186 exercere

419 2232 710 2302 ingenium,
755 2231 902 2286 trade
943 2241 995 2286 te
1036 2229 1405 2284 Grammaticis
1445 2236 1604 2296 atque
1642 2225 1984 2292 Rbetoribus,

418 2320 564 2378 disce
596 2321 934 2376 Dialecticam
953 2359 968 2386 ,
1007 2319 1168 2374 sectis
1198 2319 1462 2372 instruere
1491 2314 1937 2385 Philosophorum
1970 2330 1984 2368 :

419 2421 479 2466 ut
501 2427 623 2467 cum
645 2411 822 2467 omnia
869 2409 1142 2473 didiceris,
1189 2408 1375 2462 saltem
1404 2414 1529 2460 tunc
1549 2414 1723 2460 tacere
1743 2403 1986 2474 incipias.

419 2503 732 2573 Quanquam
761 2501 920 2556 stulte
970 2500 1180 2564 faciam,
1211 2499 1462 2566 magistro
1485 2504 1796 2550 cunctorum
1827 2493 1992 2564 magi-

417 2602 559 2648 stros
600 2605 874 2660 quaerere,
903 2597 956 2643 et
983 2588 1031 2644 ei
1067 2588 1282 2643 modum
1324 2587 1596 2655 imponere
1627 2583 1720 2656 [al.
1752 2580 1988 2655 ponere],

419 2681 512 2750 qui
541 2681 684 2750 loqui
706 2679 892 2745 nescit,
917 2687 970 2734 et
993 2688 1168 2733 tacere
1190 2692 1295 2731 non
1321 2684 1512 2746 potest.
1540 2674 1734 2729 Verum
1757 2682 1841 2728 est
1862 2673 1992 2728 illud

417 2769 562 2840 apud
612 2773 828 2825 Graecos
856 2769 1191 2839 proverbium
1216 2809 1230 2832 ,
1264 2767 1340 2836 (b)
1378 2774 1464 2836 ὄνῳ
1486 2772 1622 2835 λύρα.
1652 2764 1762 2834 Ego
1832 2762 1990 2834 35],

418 2875 562 2929 reor,
581 2871 636 2917 et
657 2877 850 2917 nomen
880 2861 970 2916 tibi
991 2861 1094 2915 κατ’
1113 2863 1380 2931 ἀντὲῖορασιν
1393 2857 1718 2925 impositum.
1731 2855 1863 2910 Nam
1883 2863 1993 2909 tota

421 2961 600 3007 mente
621 2951 899 3019 dormitas,
918 2959 974 3006 et
990 2949 1399 3020 profundissimo
1417 2962 1522 3002 non
1539 2956 1645 3000 tam
1658 2960 1847 3000 somno
1864 2954 1994 3000 ster-

425 3045 515 3110 tis,
535 3059 691 3114 quam
715 3043 976 3113 lethargo.
999 3043 1141 3097 Inter
1159 3051 1380 3096 cmteras
1397 3039 1592 3110 quippe
1613 3037 1990 3108 blaspltemias,

425 3150 554 3205 quas
580 3150 674 3190 ore
701 3135 964 3204 sacrilego
996 3133 1260 3204 protulisti
1286 3174 1301 3199 ,
1329 3146 1491 3186 ausus
1515 3145 1574 3186 es
1601 3130 1781 3185 dicere
1800 3169 1816 3195 ,
1845 3128 1994 3183 Mon-

425 3236 529 3282 tem
561 3227 628 3283 de
661 3243 766 3298 quo
796 3227 1062 3282 abscissus
1102 3235 1185 3282 est
1224 3225 1276 3278 in
1323 3225 1393 3294 (ε)
1439 3223 1652 3278 Daniele
1703 3221 1835 3291 lapis
1879 3223 1996 3276 sine

427 3317 665 3373 manibus
702 3316 942 3387 (Daniel.
993 3316 1108 3395 2),_
1133 3331 1254 3372 esse
1301 3314 1601 3377 diabolum;
1656 3322 1710 3368 et
1764 3311 1995 3382 lapidem

428 3405 716 3475 Christum,
750 3408 841 3478 qui
865 3409 986 3478 quia
1023 3407 1312 3476 assumpsit
1353 3418 1548 3476 corpus
1575 3419 1642 3460 ex
1680 3403 1873 3468 Adam,
1905 3403 1996 3472 qui

428 3499 634 3557 diabolo
678 3509 802 3556 ante
847 3515 943 3570 per
982 3500 1109 3554 vitia
1157 3499 1488 3566 cohaeserat,
1540 3507 1722 3553 natum
1766 3513 1885 3554 esse
1929 3497 1998 3554 de

429 3591 644 3664 Virgine
682 3609 696 3647 :
739 3603 863 3648 uta
907 3601 1120 3658 monte,
1169 3593 1270 3648 hoc
1315 3600 1436 3658 est,
1483 3607 1514 3646 a
1560 3591 1773 3648 diabolo
1819 3589 1996 3646 homi-

431 3699 552 3739 nem
582 3693 868 3754 separaret.
894 3682 939 3739 0
965 3681 1356 3754 praecidendam
1387 3682 1642 3751 linguam,
1663 3696 1726 3736 ac
1756 3695 1854 3750 per
1876 3694 2000 3750 par-

433 3782 512 3828 tes
557 3781 613 3829 et
657 3773 819 3830 frusta
873 3773 1232 3830 lacerandam.
1289 3771 1578 3842 Quisquam
1619 3785 1690 3826 ne
1735 3769 1998 3826 Christia-

432 3883 531 3923 nus
563 3867 726 3924 Deum
770 3868 982 3924 Patrem
1018 3869 1440 3938 omnipotentem
1467 3865 1518 3920 in
1547 3877 1773 3935 persona
1799 3863 1999 3919 diaboli

433 3959 830 4030 interpretatur,
860 3970 915 4017 et
941 3969 1089 4017 tanto
1113 3959 1322 4031 piaculo
1349 3959 1512 4014 totius
1537 3957 1684 4013 orbis
1705 3971 1863 4012 aures
1888 3971 2002 4011 ma-

433 4056 607 4110 culat?
636 4052 693 4110 Si
714 4055 1201 4126 interpretationem
1224 4061 1368 4108 tuam
1393 4051 1484 4124 [al.
1502 4049 1695 4122 istam],
1720 4050 1999 4121 quisquam

433 4163 536 4203 non
560 4149 730 4204 dicam
752 4147 1164 4215 Catholicorum,
1185 4147 1278 4203 sed
1302 4145 1699 4208 haereticorum,
1725 4143 1836 4197 sive
1860 4142 2002 4198 Gen-

436 4241 599 4295 tilium
640 4256 867 4311 unquam
915 4242 1151 4311 recepit,
1192 4239 1337 4310 pium
1369 4239 1438 4294 sit
1478 4237 1620 4308 quod
1668 4237 1877 4291 locutus
1919 4250 1999 4290 es.

434 4330 524 4388 Sin
570 4340 748 4388 autem
797 4341 1005 4405 tantum.
1063 4332 1211 4386 nefas
1260 4345 1531 4402 nunquam
1570 4328 1771 4383 audivit
1807 4326 2002 4382 Christi

435 4424 666 4481 Ecclesia
698 4442 713 4480 :
741 4433 795 4482 et
820 4440 916 4495 per
942 4433 1088 4480 tuum
1129 4422 1354 4494 primum
1392 4436 1487 4490 os,
1520 4421 1632 4490 ipse
1667 4433 1726 4474 se
1765 4427 2002 4474 montem

437 4517 814 4588 interpretatus
839 4527 950 4585 est,
980 4518 1070 4589 qui
1099 4516 1306 4572 dixerat
1335 4533 1349 4568 :
1385 4533 1403 4566 ι
1434 4513 1542 4569 Ero
1568 4513 1753 4568 similis
1790 4511 2003 4566 Altissi-

436 4625 590 4677 mo;»
624 4626 721 4681 age
751 4610 1117 4680 paenitentiam
1141 4649 1156 4675 ,
1186 4610 1240 4664 in
1268 4621 1427 4662 sacco
1456 4619 1674 4660 versare
1698 4613 1750 4659 et
1776 4602 1954 4658 cinere
1987 4619 2002 4657 :

437 4711 491 4758 et
517 4713 717 4758 tantum
738 4703 911 4759 scelus
946 4703 1159 4772 jugibus
1180 4702 1426 4770 absterge
1461 4698 1710 4770 lacrymis
1731 4714 1743 4751 :
1765 4696 1811 4751 si
1831 4705 2006 4751 tamen

439 4792 529 4864 [al.
558 4792 783 4866 tandem]
828 4791 922 4848 tibi
966 4793 1262 4847 dimittatur
1302 4791 1418 4844 haec
1462 4790 1740 4859 impietas;
1769 4796 1824 4842 et
1856 4786 2007 4856 juxta

436 4899 672 4942 errorem
717 4887 960 4956 Origenis
997 4895 1122 4940 tunc
1147 4883 1355 4939 veniam
1382 4881 1731 4952 consequaris
1751 4918 1766 4945 ,
1794 4878 2007 4949 quando

437 4987 824 5034 consecuturus
867 4986 950 5033 est
991 4985 1045 5033 et
1086 4976 1369 5040 diabolus,
1418 4973 1509 5044 qui
1574 4985 1842 5041 nunquam
1890 4969 2010 5039 plus

437 5083 592 5138 quam
617 5084 711 5140 per
726 5084 787 5124 os
803 5074 946 5124 tuum
967 5066 1383 5138 deprehenditur
1405 5061 1818 5133 blasphemasse.
1838 5060 2008 5115 Meam

438 5159 683 5232 injuriam
707 5161 968 5232 patienter
985 5161 1099 5215 tuli.
1123 5159 1452 5230 lmpietatem
1475 5163 1658 5212 contra
1688 5153 1850 5208 Deum
1871 5151 2012 5207 ferre

506 5418 570 5492 tu
607 5418 860 5492 νεςριιοιι·
882 5414 1216 5492 etheet-izn-
1450 5407 2012 5492 ῐςξξιξεείὶίειέἓάιξηιέά

437 5476 843 5540 ια’ὅιεαιάἱιυπι,
868 5479 997 5541 quod
1021 5476 1204 5546 Erasm.
1229 5476 1427 5536 probat:
1450 5476 1646 5546 proprie
1669 5478 1830 5542 autem
1853 5482 1988 5533 ἀσυνάρ

440 5568 546 5604 ητος
570 5545 902 5604 incongruum,
929 5553 1019 5588 seu
1042 5537 1241 5604 minime
1263 5542 1638 5584 convenientem
1659 5530 1916 5604 Signiﬁcat.

419 5633 456 5672 ~_
476 5597 485 5604 ’
508 5597 570 5672 (fr)
609 5597 967 5672 0|itﬁ__6ve¢_n96;
998 5611 1116 5672 iam
1145 5597 1317 5672 eodem
1340 5606 1635 5672 sensu;‘nec
1671 5600 1777 5643 erat
1797 5605 1883 5641 cur
1906 5603 2015 5642 eam

439 5657 703 5717 lectionem
730 5657 1035 5726 martianaaus
1049 5657 1276 5726 falsitatis
1301 5657 1563 5724 incusaret.
1605 5715 1615 5726 ι
1833 5713 1844 5726 ⁸
1985 5713 1996 5724 ,

423 5752 426 5756 ~
471 5713 887 5792 ζίἕῐῦὲηηεειίειε
908 5722 1104 5792 αρέςιεῖεη
1121 5733 1174 5792 9-.
1189 5719 1267 5792 55:
1293 5713 2016 5792 Pr¢129,i'?9€ﬂi0.,€“£'tlsmfr

663 5783 876 5836 Drmielis
899 5776 1208 5839 a’Vigilantio
1245 5776 1535 5839 eipositami
1553 5777 1723 5834 tradit.
1759 5776 1873 5839 heic
1897 5788 2016 5839 vero

441 5836 592 5911 aias
611 5850 850 5911 inbuitur,
867 5858 977 5908 quae
999 5836 1046 5891 ai.
1067 5841 1223 5911 capite
1246 5836 1439 5911 balnei.
1462 5838 1744 5911 exhibetur,
1762 5838 1850 5885 nisi
1871 5837 1912 5886 si
1928 5836 2016 5887 ille

442 5901 710 5962 secundum
731 5901 874 5970 caput
885 5901 984 5970 'pro
1005 5901 1215 5954 secunda
1237 5901 1422 5952 visione
1445 5907 1645 5962 accepit.

1738 435 2076 498 EPISTOLA
2112 435 2275 496 LXII.

2020 579 2039 602 ι»
2081 573 2186 613 non
2210 556 2374 628 potui.
2386 552 2547 613 Unde
2560 561 2616 612 et
2637 555 2716 626 (Δ)
2728 554 2872 616 visus
2883 571 3000 614 sum
3015 556 3316 617 mordacius
3337 560 3390 616 in
3406 568 3648 619 extremo

3538 437 3646 505 600
3730 512 3734 516 .

2080 665 2236 722 quam
2251 649 2620 720 postepistolae
2643 650 2896 715 scribere,
2918 667 3076 721 quam
3095 655 3442 722 promiseram
3467 671 3482 709 :
3504 671 3646 726 quan

2080 742 2311 812 priorem
2352 740 2748 811 paenitentiam,
2782 756 2884 811 qua
2909 755 2939 796 a
2966 757 3053 798 me
3077 743 3289 799 veniam
3331 745 3646 816 deprecatus

2079 848 2160 900 es,
2192 833 2382 888 iterum
2413 833 2744 887 commisisse
2768 832 2908 886 unde
2929 847 3054 903 agas
3081 835 3467 904 pwnitentiam,
3494 837 3647 892 stoli-

2079 923 2357 982 dissimum
2381 923 2466 978 sit.
2494 922 2713 978 Tribuat
2739 922 2833 978 tibi
2857 921 3101 978 Christus
3120 965 3136 990 ,
3162 934 3220 978 ut
3244 923 3427 982 audias
3445 967 3461 995 ,
3492 935 3546 982 et
3572 937 3647 982 ta-

2080 1029 2202 1071 ceas
2231 1032 2243 1069 :
2271 1022 2330 1069 ut
2353 1014 2636 1085 intelligas,
2663 1020 2718 1070 et
2743 1013 2820 1070 sic
2847 1013 3101 1083 loquaris,

2551 1127 2876 1184 EPISTULA
2914 1126 3054 1183 Lxu
3084 1126 3179 1200 (e).

2557 1217 2626 1288 (Ῑ)
2654 1234 2720 1271 an
2748 1232 3190 1281 TMNQUILLINUI.

2081 1331 2489 1405 Tranquillinum
2526 1333 2742 1388 amicum
2775 1333 2940 1399 docet,
2980 1341 3226 1402 quatenus
3254 1331 3649 1403 amplectendus,

2525 1441 2585 1480 ac
2605 1425 2844 1496 legendus
2873 1423 3113 1496 Origenes
3132 1424 3218 1480 sit.

2153 1543 2207 1597 1.
2237 1541 2436 1612 Majora
2463 1541 2682 1612 spiritus
2704 1541 2913 1596 vincula
2941 1554 3060 1596 esse
3087 1555 3244 1610 quam
3275 1553 3576 1610 corporum,
3605 1536 3652 1594 si

2083 1635 2210 1691 olim
2227 1635 2648 1705 ambigebamus,
2677 1649 2818 1688 nunc
2855 1633 3016 1704 352
3055 1632 3430 1702 probavimus:
3451 1631 3572 1686 dum
3601 1639 3658 1686 et

2083 1725 2216 1780 mihi
2261 1725 2514 1780 sanctitas
2542 1734 2628 1778 tua
2659 1723 2827 1778 haeret
2873 1724 3078 1787 animo,
3119 1729 3174 1778 et
3201 1737 3300 1792 ego
3339 1722 3432 1775 tibi
3457 1719 3656 1777 Clmsti

2084 1830 2266 1870 amore
2314 1815 2623 1885 conjungor.
2654 1812 2792 1869 Vere
2836 1812 2978 1868 enim
3021 1819 3077 1867 ct
3119 1811 3431 1881 simpliciter
3477 1809 3658 1865 candi-

2085 1906 2304 1960 dissimo
2319 1906 2518 1975 pectori
2541 1903 2971 1974 tuoluquor,[ipsa
2987 1901 3234 1956 schedula
3251 1911 3306 1956 et
3327 1902 3456 1956 muti
3475 1900 3655 1970 apiécs

2086 1995 2384 2050 litterarum
2413 1994 2671 2064 inspirant
2701 1992 2755 2046 in
2783 2007 2881 2047 nos
2911 2000 3013 2046 tua:
3034 1991 3228 2046 mentis
3254 1989 3520 2044 affectum.

2154 2087 2211 2142 2.
2247 2086 2474 2141 Oceanus
2506 2085 2800 2155 Origenistis
2848 2082 3178 2154 repugnabat.
3198 2111 3269 2123 -—
3299 2081 3451 2149 Quod
3488 2080 3619 2136 dicis
3638 2119 3656 2148 ,

2087 2179 2329 2250 Origenis
2357 2179 2553 2232 multos
2582 2191 2766 2232 errore
2791 2175 3043 2244 deceptos
3063 2216 3078 2242 ,
3118 2186 3174 2230 et
3218 2183 3460 2229 sanctum
3492 2173 3658 2228 lilium

2089 2285 2268 2326 meum
2294 2269 2567 2324 Oceanum
2597 2268 2810 2322 illorum
2838 2266 3058 2320 insaniae
3081 2279 3400 2336 repugnare,
3423 2272 3478 2320 et
3503 2263 3660 2318 doleo

2089 2363 2244 2418 simul
2266 2373 2320 2419 et
2338 2363 2573 2434 gaudeo:
2599 2362 2724 2416 dum
2749 2372 2839 2415 aut
2863 2360 3183 2430 supplantati
3209 2366 3334 2414 sunt
3353 2357 3659 2428 simplices:

2090 2463 2181 2508 aut
2198 2454 2263 2508 ab
2283 2453 2492 2509 erudito
2505 2453 2619 2507 viro
2637 2453 2934 2507 errantibus
2955 2451 3282 2507 subvenitur.
3306 2449 3506 2518 thuia
3528 2462 3662 2504 mea:

2091 2545 2367 2614 parvitatis
2397 2545 2590 2613 qumris
2631 2542 2950 2597 sententiam
2981 2559 2995 2594 :
3029 2550 3204 2595 utrum
3235 2537 3525 2594 secundum
3553 2538 3662 2591 fra-

2092 2644 2228 2691 trem
2257 2635 2564 2691 Faustinum
2586 2636 2792 2704 penitus
2811 2633 3141 2702 reSpuendus
3166 2632 3254 2695 sit,
3274 2647 3340 2686 an
3368 2630 3661 2686 secundum

2095 2727 2351 2797 quosdam
2395 2726 2646 2795 legendus
2687 2741 2750 2780 ex
2789 2731 2937 2794 parte
2967 2743 2979 2778 :
3007 2739 3106 2794 ego
3139 2722 3419 2794 Origenem
3450 2730 3666 2792 prepter

2097 2816 2449 2871 eruditionem
2491 2817 2568 2871 sic
2612 2814 2874 2869 interdum
2922 2813 3205 2883 legendum
3245 2812 3498 2877 arbitror,
3527 2827 3660 2880 quo-

2093 2907 2252 2962 modo
2279 2908 2682 2971 Tertullianntn,
2715 2906 2791 2978 (l)
2823 2904 3085 2960 Novatum
3107 2946 3122 2972 ,
3151 2904 3466 2969 Arnobium,
3497 2902 3667 2972 Apol-

2095 2999 2363 3064 linarium,
2389 3009 2442 3054 et
2467 2997 2750 3054 nonnullos
2777 2996 3178 3052 Ecclesiasticos
3201 2993 3498 3064 Scriptores
3518 2993 3668 3049 Grat-

2094 3105 2188 3145 cos
2233 3090 2431 3160 pariter
2473 3098 2528 3144 et
2571 3089 2827 3142 Latinos:
2861 3096 2916 3141 ut
2960 3087 3099 3142 bona
3143 3100 3327 3140 eorum
3372 3084 3665 3153 eligamus,

2096 3185 2430 3252 vitemusque
2473 3179 2762 3247 contraria,
2800 3179 2949 3248 juxta
2999 3177 3310 3248 Apostolum
3354 3177 3614 3231 dicentem
3651 3194 3666 3232 :

2102 3273 2318 3331 «Omnia
2337 3273 2573 3343 probate,
2587 3270 2662 3343 (g)
2685 3269 2824 3340 quod
2841 3269 3037 3324 bonum
3057 3276 3158 3332 est,
3178 3275 3381 3322 tenete»
3409 3264 3668 3335 (LThess.

2097 3364 2130 3420 ὅ
2155 3364 2196 3435 ).
2226 3363 2492 3419 Caeterum
2519 3361 2607 3431 qui
2635 3359 2718 3414 vel
2741 3360 2791 3413 in
2815 3373 3051 3413 amorem
3083 3357 3199 3426 ejus
3227 3356 3469 3422 nimium,
3497 3355 3581 3410 vel
3614 3354 3670 3410 in

2097 3458 2278 3513 odium
2299 3454 2561 3512 stomachi
2584 3453 2663 3506 sui
2688 3451 2944 3522 pravitate
2963 3449 3246 3515 ducuntur,
3266 3449 3514 3504 videntur
3536 3447 3668 3502 mihi

2099 3548 2175 3603 illi
2221 3546 2502 3603 maledicto
2546 3543 2868 3613 Propltctico
2914 3541 3192 3610 subjacere
3221 3557 3234 3595 :
3268 3557 3288 3592 ‹
3314 3540 3404 3594 Va:
3444 3540 3549 3605 his,
3580 3537 3672 3608 qui

2101 3639 2284 3695 dicunt
2308 3638 2506 3693 bonum
2532 3635 2754 3700 malum,
2783 3641 2837 3688 ct
2863 3631 3061 3686 malum
3090 3631 3285 3685 bonum
3313 3648 3327 3684 :
3354 3629 3444 3699 qui
3475 3628 3673 3683 faciunt

2099 3742 2338 3784 amarum
2367 3725 2544 3790 dulce,
2573 3733 2626 3778 et
2650 3723 2806 3778 dulce
2833 3735 3074 3783 amarum
3101 3717 3256 3789 (Isai.
3288 3717 3364 3787 5).
3393 3717 3501 3772 Nec
3530 3717 3672 3772 enim

2099 3825 2318 3890 propter
2345 3812 2636 3868 doctrinam
2668 3811 2803 3881 ejus,
2834 3824 2994 3878 prava
3035 3806 3368 3876 suscipienda
3413 3814 3536 3859 sunt
3573 3805 3672 3860 do-

2099 3918 2276 3983 gmata
2305 3926 2319 3963 z
2345 3921 2444 3962 nec
2489 3912 2707 3975 propter
2749 3901 3055 3971 dogmatum
3101 3898 3434 3968 pravitatem,
3463 3897 3508 3952 si
3539 3911 3672 3967 quos

2100 3997 2523 4057 Commentarios
2544 3995 2599 4049 in
2621 3995 2919 4063 Scripturas
2946 3999 3158 4047 sanctas
3183 3991 3340 4045 utiles
3364 3988 3551 4056 edidit,
3582 4005 3675 4060 pc-

2103 4095 2247 4152 nitus
2271 4089 2555 4162 respuendi
2585 4095 2731 4142 sunt.
2770 4084 2922 4154 Quod
2957 4085 3002 4140 si
3032 4082 3427 4139 contentiosum
3455 4083 3590 4136 inter
3614 4096 3675 4137 se

2103 4195 2368 4240 amatores
2385 4182 2500 4251 ejus
2516 4189 2568 4235 et
2580 4177 2964 4234 obtrectatores
2986 4174 3164 4229 funem
3181 4173 3432 4228 duxerint
3447 4191 3458 4225 :
3473 4180 3530 4226 ut
3545 4171 3676 4227 nihil

2103 4278 2338 4336 medium
2357 4281 2630 4346 appetant,
2659 4285 2760 4327 nec
2786 4277 3000 4325 servent
3029 4266 3244 4323 modum
3265 4261 3566 4321 :sedtotum
3585 4273 3678 4322 aut

2105 4371 2352 4444 probent,
2372 4376 2460 4422 aut
2496 4365 2832 4437 improbent;
2861 4361 3111 4416 libentius
3141 4360 3283 4430 piam
3304 4359 3674 4422 rusticitatem,

2107 4479 2266 4534 quam
2307 4461 2516 4518 doctam
2574 4455 2959 4526 blasphemiam
3004 4451 3216 4520 eligam.
3249 4449 3475 4504 Sanctus
3513 4447 3676 4504 frater

2108 4557 2361 4613 Tatianus
2391 4555 2471 4627 (Ii)
2504 4554 2769 4607 Diaconus
2792 4557 2846 4605 te
2875 4545 3143 4633 impendio
3168 4543 3438 4600 resalutat.

2177 4669 2246 4782 Si)
2283 4669 2470 4720 Veron.
2492 4667 2608 4716 Mss.
2635 4671 2680 4716 et
2702 4676 2845 4715 ausus
2859 4675 2966 4714 sum
2986 4660 3258 4712 mordacius
3279 4658 3330 4710 in
3349 4663 3566 4710 extrema
3577 4655 3680 4723 epi-

2177 4748 2182 4774 ι
2235 4771 2248 4782 .
2277 4740 2395 4782 etc..
2419 4741 2528 4782 quae
2550 4728 2829 4776 concinnior
2852 4725 2998 4774 lectio
3020 4723 3256 4773 videatur.
3384 4778 3394 4782 _

2109 4723 2248 4791 stola;
2277 4740 2395 4788 etc.,
2419 4741 2528 4789 quae
2550 4725 3000 4791 concinnior-decue
3020 4723 3256 4791 videatur.

2194 4785 2247 4850 εἴ
2277 4785 2404 4841 Alias
2424 4785 2472 4838 Ἰ.
2494 4786 2667 4850 δενὶριζ
2693 4800 2772 4835 an.
2791 4786 2902 4836 596.
2930 4785 3000 4836 vel
3017 4785 3245 4850 sequenti.

2293 4844 2620 4903 Cassiodorius
2644 4847 2856 4896 Institut.
2880 4859 2986 4908 cap.
3013 4847 3059 4895 1.
3081 4844 3412 4908 Tranquillum
3435 4849 3592 4895 vocat.

2288 4912 2606 4979 Vetustiores‘
2619 4909 2734 4979 editi
2749 4918 2895 4979 ,_qua!
3055 4912 3164 4979 sunt
3187 4906 3410 4965 retinete,
3426 4906 3682 4979 retinenti.

2111 4967 2342 5028 busﬂfss.
2369 4980 2421 5021 et
2441 4984 2575 5021 sacro
2594 4976 2750 5020 textu.
2767 4969 2890 5018 Tum
2912 4968 3050 5029 codd.
3075 4967 3390 5029 Yeronenses
3411 4967 3525 5029 duo,
3543 4973 3682 5029 certe
3705 5020 3711 5029 ,

2113 5026 2196 5102 ξιπί
2218 5039 2268 5102 in
2291 5045 2503 5102 amorem
2525 5031 2628 5094 ejus
2649 5029 2868 5090 nimium,
2891 5028 2964 5080 vel
2984 5028 3223 5080 modicam
3244 5027 3476 5081 stomachi
3514 5026 3676 5091 pravi-

2114 5099 2210 5151 t'ate
2233 5099 2491 5156 ducamur,
2513 5103 2608 5144 etc.

2183 5149 2257 5227 (It)
2286 5149 2488 5227 Diaconi
2508 5156 2793 5227 dignitatem
2805 5154 3023 5227 reticent
3035 5152 3351 5227 Yeronenses
3365 5149 3683 5212 membranae,

2115 5213 2247 5286 apud
2261 5233 2382 5286 quas
2403 5219 2522 5286 item
2547 5213 2624 5269 est
2644 5215 2817 5286 salutat
2826 5230 2926 5286 pro
2947 5213 3194 5266 resalutat.

2185 5282 2249 5352 (ι)
2281 5279 2369 5332 ’δίο
2389 5280 2592 5352 qvidem.
2610 5279 2729 5352 sditi
2753 5285 2806 5326 ει
2826 5279 2942 5352 tiss-
2965 5289 3064 5352 uno,
3085 5285 3526 5352 οπμιβερειιιξεεπξιξ

2118 5334 2308 5405 ferunt;
2343 5334 2494 5406 quare
2516 5341 2656 5390 nobis
2694 5340 2946 5406 immutare
2979 5351 3080 5406 non
3089 5399 3098 5406 _
3103 5337 3307 5406 placuit.
3333 5334 3596 5406 mallemus
3608 5339 3685 5406 ita:

2119 5393 2562 5458 menin'ovdtumum
2595 5414 2682 5463 pro
2705 5409 2879 5463 Novato
2902 5399 3033 5463 legi,
3068 5393 3153 5448 ille
3187 5393 3684 5463 enim_e§t_Romanm

2122 5450 2658 5526 eccwl-e-siirewlv’resbytér,
2685 5462 2822 5524 cujus
2845 5450 3122 5526 eruditione
3144 5455 3362 5526 nonnihil
3383 5450 3687 5526 Hie‘rgel‘e-

2119 5509 2353 5589 (iniiinii
2369 5509 2579 5590 absab?
2591 5509 2986 5590 opera'recenset
3005 5519 3286 5590 in_f;atalog.
3303 5509 3685 5590 αξξ-ἓξὲξ

2123 5571 2737 5655 w1i:_‘zya'dﬁP‘aﬁu‘ltir'nin.
2833 5583 2895 5631 ab
2908 5595 2985 5655 eo
3009 5571 3430 5655 mittiusibi‘rogit

2122 5641 2444 5708 devotioni”,
2469 5655 2520 5698 ut
2543 5647 2660 5697 dum
2695 5641 2985 5708 schistnatici
3006 5641 3207 5708 nonanis
3237 5647 3418 5708 venena
3435 5641 3683 5708 cognosci-

2120 5692 3031 5769 m‘usiihe'ntiusisanfar—turisCypriani
3053 5692 3565 5769 bibamuspmidotu'm.
3583 5692 3691 5768 ,Νο-

2121 5758 2961 5830 vatusautemVCarthaginiensis'est
2974 5761 3236 5830 Presbyter
3251 5758 3314 5830 de
3323 5769 3428 5830 ⁸ιιοιὶ
3445 5758 3690 5830 recipien-

2120 5817 2703 5897 ais'i;p;i‘s','ii_igamssqoe
2734 5835 2916 5897 auctor,
2938 5821 3016 5897 cui
3037 5817 3146 5897 ipse
3158 5817 3688 5897 _Novatianus.dogmatt

2120 5879 2872 5958 prop'urg-nando‘junctdsest,sed
2904 5879 3011 5945 ejus
3031 5879 3205 5943 seripta
3239 5893 3334 5931 non
3359 5879 3690 5944 proferuntur,

3558 5284 3684 5334 Ρη·
