4146 6336
616 402 645 457 7

616 402 645 457 1

543 393 614 460 eo
866 507 1026 585 ηε
1098 502 1424 566 EPISTOLA
1453 506 1617 566 mnu
1645 508 1740 585 (α).

1072 654 1139 698 ΑΒ
1162 650 1517 699 τηεοιιίιιιωι.

526 772 821 849 Signiﬁcat,
868 774 1169 843 respondens
1210 772 1490 845 Theophila
1513 814 1529 839 ,
1560 772 1686 827 nihil
1714 771 1806 827 sibi
1832 788 1937 827 esse
1958 768 2093 825 anti-

595 868 737 938 quius
760 883 909 938 quant
935 867 1120 922 Christi
1138 866 1252 937 iura
1265 881 1481 933 servare,
1503 865 1692 936 gratias
1719 880 1872 936 agens
1894 862 2093 918 interim

594 961 656 1013 de
701 959 1081 1014 commonitione
1122 960 1258 1012 circa
1285 957 1512 1013 Canones
1557 956 1974 1022 Ecclesiasticos;
2000 970 2092 1011 nec

600 1049 816 1120 probans
856 1049 992 1120 quod
1015 1049 1102 1104 ille
1125 1050 1378 1106 remissius
1424 1057 1590 1119 ageret
1632 1051 1685 1103 in
1726 1064 1876 1104 causa
1917 1048 2095 1120 Orige—

597 1143 862 1196 nistarum.

728 1240 1033 1309 matrissuae
1060 1267 1206 1308 pars
1237 1265 1529 1307 annoanno
1551 1266 1898 1308 utsnouvuus.

599 1370 653 1424 1.
678 1366 918 1423 Meminit
943 1365 1227 1423 Beatitudo
1255 1375 1366 1433 tua,
1398 1365 1544 1436 quod
1591 1379 1657 1420 eo
1708 1372 1950 1435 tempore
1990 1376 2095 1434 quo

530 1461 607 1535 (b)
636 1462 912 1517 nobiscum
943 1461 1176 1525 tacebas,
1208 1476 1477 1532 nunquam
1506 1461 1573 1515 ab
1595 1460 1783 1514 officiis
1812 1473 1964 1515 meus
1984 1472 2098 1513 ser-

527 1566 615 1608 mo
640 1551 928 1607 cessaverit
961 1570 975 1608 :
1006 1566 1105 1607 nec
1132 1550 1609 1620 consideraverim,
1639 1548 1765 1620 quid
1794 1558 1848 1605 tu
1870 1566 1968 1621 pro
1988 1549 2099 1605 dis-

528 1643 848 1715 pensatione
888 1642 962 1713 (c)
1004 1651 1130 1697 tunc
1175 1641 1416 1707 iaceres;
1466 1640 1560 1697 sed
1603 1640 1731 1712 quid
1784 1656 1871 1695 me
1922 1637 2100 1696 iacere

531 1736 865 1791 conveniret.
882 1734 950 1788 Et
967 1749 1107 1789 nunc
1124 1732 1353 1805 sumptis
1368 1733 1695 1804 Dignationis
1711 1741 1814 1787 tuae
1833 1730 2093 1802 epistolis,

531 1822 763 1883 fructum
793 1826 1023 1898 aliquem
1063 1827 1293 1897 cmpisse
1318 1842 1404 1881 me
1447 1825 1603 1881 video
1629 1824 1962 1895 Evangelictc
1986 1823 2099 1880 lec-

530 1917 712 1974 tionis.
743 1915 799 1973 Si
830 1917 971 1973 enim
1002 1917 1120 1972 duri
1146 1916 1341 1987 judicis
1368 1916 1689 1973 sententiam
1715 1915 1873 1971 creba
1904 1914 2101 1971 mulie-

528 2009 604 2063 ris
633 2006 837 2063 inﬂexit
882 2007 1066 2078 petitio
1104 2006 1255 2078 (Luc.
1282 2006 1524 2079 18.15),
1555 2016 1755 2078 quanto
1795 2006 1964 2077 magis
2004 2022 2100 2078 pa-

534 2106 681 2153 terna
713 2099 917 2153 viscera
947 2096 1378 2168 interpellatione
1408 2097 1592 2152 sedula
1620 2096 1974 2152 molliuntur?

554 2203 559 2207 ·
597 2186 655 2244 2.
677 2187 830 2256 Ωιιοᾶ
858 2187 925 2244 de
944 2187 1250 2243 Canonibus
1270 2187 1658 2243 Ecclesiasticis
1681 2202 1888 2256 mones,
1907 2186 2105 2258 gratias

534 2277 779 2349 agimus;
816 2295 836 2353 ᾳ
873 2277 1042 2345 Quem
1071 2278 1213 2333 enim
1239 2276 1411 2351 diligit
1440 2278 1697 2333 Dominus
1720 2319 1736 2346 ,
1768 2274 2023 2350 corripit;
2051 2285 2107 2335 et

532 2366 762 2443 ﬂagellat
789 2386 1004 2428 omnem
1035 2371 1236 2439 filium,
1268 2387 1426 2442 quem
1471 2371 1660 2442 recipit
1688 2369 1871 2442 (Hebr.
1904 2370 1993 2426 l2.
2025 2369 2105 2442 6).

533 2463 640 2523 Sed
683 2474 859 2521 tamen
904 2465 1039 2520 scito
1084 2464 1241 2519 nobis
1282 2464 1416 2519 nihil
1446 2479 1564 2519 esse
1593 2461 1863 2534 antiquius
1887 2504 1903 2531 ,
1949 2477 2108 2533 quam

533 2555 732 2611 Christi
780 2554 902 2624 jura
954 2569 1205 2619 scrvare,
1246 2569 1347 2608 nec
1397 2552 1614 2608 Patrum
1665 2551 1957 2608 transferre
2004 2551 2103 2623 (al.

539 2642 774 2717 transire)
801 2644 1058 2699 terminos
1080 2684 1096 2709 ,
1127 2658 1451 2714 semperque
1475 2642 1784 2699 meminisse
1810 2640 2110 2698 Romanam

542 2736 721 2802 fidem,
750 2735 1054 2805 Apostolico
1078 2749 1173 2790 ore
1203 2734 1471 2789 laudatam
1490 2778 1505 2803 ,
1536 2735 1687 2803 cujus
1712 2749 1769 2790 se
1794 2749 1914 2790 esse
1941 2734 2111 2805 parti-

545 2833 714 2903 cipem
743 2827 1101 2885 Alexandrina
1123 2826 1360 2884 Ecclesia
1392 2826 1670 2898 gloriatur.

613 2931 668 2986 5.
698 2927 872 2999 Super
917 2925 1118 2983 nefaria
1164 2925 1359 2981 haeresi
1402 2919 1799 2997 (Origeniana),
1845 2920 1924 2994 (ιι)
1973 2919 2114 2993 quod

542 3021 763 3076 multam
795 3016 1099 3089 patientiam
1122 3015 1263 3087 geris
1294 3023 1385 3071 :et
1424 3022 1577 3084 putas
1617 3012 1870 3068 Ecclesiae
1895 3012 2116 3077 visceri-

545 3113 643 3169 bus
687 3110 999 3168 incubantes
1047 3118 1133 3165 tua
1168 3121 1325 3179 posse
1369 3104 1562 3175 corrigi
1622 3103 1880 3168 lenitate,
1935 3102 2115 3158 multis

545 3204 755 3260 Sanctis
799 3203 1045 3272 displicet
1086 3210 1104 3254 :
1153 3215 1221 3255 us
1267 3212 1376 3253 nunt
1421 3209 1699 3251 raucorum
1747 3193 2114 3264 paenitentiam

546 3296 900 3367 praestolaris,
939 3293 1149 3348 nutrias
1170 3287 1445 3345 audaciam
1474 3287 1802 3359 perditorum
1829 3327 1845 3354 ,
1874 3294 1927 3343 et
1957 3285 2115 3342 factio

548 3387 816 3442 robustior
842 3385 951 3440 liat.
977 3383 1107 3439 Vale
1157 3381 1211 3438 in
1246 3380 1481 3437 Christo.

889 3513 1053 3588 εει
1122 3512 1446 3571 EPISTULA
1487 3510 1648 3568 LXIV
1676 3510 1769 3584 (e).

1141 3664 1209 3704 AD
1235 3662 1515 3703 ηιιιοωιί.

966 3782 1038 3855 (f)
1065 3780 1144 3837 De
1176 3780 1325 3838 Veste
1353 3779 1694 3837 Sacerdotali.

544 3914 771 3975 Fabion
795 3917 930 3991 (qum
968 3916 1218 3972 Bethleem
1243 3933 1296 3973 se
1333 3914 1647 3981 contulerat,
1672 3914 1779 3970 illic
1806 3930 1918 3970 cum
1945 3913 2115 3971 Paula

613 4018 657 4066 et
686 4009 960 4066 Eustochio
978 4009 1189 4076 victura,
1215 4009 1303 4063 sed
1327 4007 1669 4078 ingruentibus
1692 4006 1913 4062 barbaris
1942 4017 2117 4061 coacta

612 4111 682 4156 est
718 4101 878 4156 subito
920 4101 1098 4155 reverti
1129 4095 1365 4168 Romam)
1387 4096 1604 4169 explicat
1641 4095 1761 4167 quid
1785 4095 1963 4151 habeat
2006 4112 2114 4167 my-

613 4192 749 4246 sterii
798 4192 1001 4247 vestitus
1048 4188 1383 4245 Sacerdotum
1426 4204 1486 4242 ac
1531 4186 1814 4242 Levitarum
1836 4228 1851 4255 ,
1879 4188 2116 4254 additque

625 4322 674 4381 α]
714 4319 842 4371 Alias
863 4320 945 4369 68.
969 4318 1290 4381 script.icire.
1315 4331 1397 4369 an.
1414 4317 1528 4368 397.

626 4376 676 4442 ὁ)
711 4382 766 4432 In
802 4381 915 4439 aliis,
947 4376 1092 4431 editis
1134 4380 1438 4442 desideratur
1474 4376 1743 4442 nobiseum,
1782 4393 1877 4442 qua
1918 4380 2114 4442 insuper

541 4438 783 4507 expuncta
805 4438 944 4507 voce,
969 4442 1153 4507 variant
1195 4440 1307 4490 Mss.
1356 4438 1568 4507 exempl.
1613 4454 1698 4504 pro
1731 4438 2113 4507 tacebas,__aliis

537 4501 791 4565 "tenebas,
833 4501 941 4555 aliis
982 4501 1207 4553 timebas
1247 4516 1341 4553 non
1378 4505 1494 4565 satis
1529 4501 1745 4565 congrue
1790 4501 2109 4565 legentibus;

536 4566 731 4616 tametsi
754 4560 1039 4629 quibusdam
1062 4565 1218 4613 doctis
1241 4564 1358 4629 vier
1378 4563 1596 4612 videatur
1620 4560 1773 4613 altera
1802 4560 1959 4629 Eclio
1982 4560 2046 4629 ad
2065 4564 2114 4629 id

537 4624 958 4689 tetnporis'referri
980 4638 1264 4689 posse,_quo
1285 4625 1629 4689 Hieronymum
1653 4626 1883 4689 monebat
1896 4624 2112 4689 Tepphi-

540 4685 632 4749 lus,
643 4683 699 4735 ut
715 4683 1111 4749 simultates'cum
1130 4683 1318 4749 Joanne
1334 4683 1739 4749 Jerosol-ymitano
1759 4683 2109 4749 dissimularet;

541 4747 693 4797 altera
714 4749 773 4796 ad
789 4747 924 4810 illud,
948 4762 1045 4810 quo
1062 4748 1189 4810 apud
1203 4749 1356 4810 ipsum
1378 4747 1431 4810 S_.
1458 4747 1715 4810 Doctorem
1735 4748 2112 4810 manebat,_cum

544 4816 595 4877 u_t
616 4810 814 4877 easdem
833 4808 946 4877 lites
965 4808 1295 4877 cgmpbner'et,
1319 4812 1369 4857 in
1390 4808 1695 4857 Palaestinam
1716 4808 1774 4858 ad
1797 4820 1876 4857 an.
1901 4808 2015 4877 §96._
2037 4808 2112 4877 di-

543 4867 667 4919 citur
688 4870 960 4931 advenisse.
987 4866 1085 4918 Sed
1112 4883 1256 4917 unum
1280 4866 1563 4931 germanum
1602 4882 1801 4919 sensum
1840 4866 2018 4918 referri
2051 4870 2114 4918 ab

542 4931 777 4992 impressa
814 4929 1030 4988 tacebas,
1066 4930 1251 4992 evincit
1286 4929 1516 4992 orationis
1557 4932 1836 4992 seriestet
1869 4932 2113 4992 praecipue

549 4990 703 5053 verba
714 5003 753 5053 _:_
770 5003 894 5041 nunc
916 4990 1117 5053 smmis
1144 4990 1440 5053 [lignationis
1462 4998 1558 5040 tua:
1581 4990 1809 5053 epistolis.

486 5074 493 5079 -
615 5051 673 5114 (ε)
712 5051 1008 5114 Yeron._Ms.
1026 5050 1122 5114 pro
1144 5050 1487 5114 dispensatione
1510 5050 1806 5114 non'feceris,
1826 5051 1933 5112 sed,
1953 5058 2049 5102 etc.

631 5112 683 5175 α]
708 5113 888 5175 Penes
1096 5124 1153 5175 ac
1168 5112 1495 5175 uiittianaeum
1510 5112 1667 5175 minus
1688 5112 1821 5175 bene
1834 5119 1951 5175 erat
1970 5124 2115 5175 quam

543 5176 595 5246 in
617 5171 767 5246 inulta
788 5171 1014 5235 patientia
1031 5172 1183 5246 geris.
1206 5171 1407 5243 Rectius
1424 5171 2115 5246 castigatiss._Mediolanensis

492 5280 495 5283 .
542 5237 607 5289 Η.
631 5238 711 5287 59.
736 5231 883 5298 quem
905 5231 1177 5299 sequimur,
1199 5233 1384 5297 quique
1406 5245 1520 5282 mox
1550 5231 1778 5285 Ecclesiae
1812 5232 1993 5287 viribus
2026 5247 2112 5298 pro

544 5296 804 5347 uisceribus
825 5295 965 5347 leait.

544 5297 804 5352 uisceribus
825 5297 965 5352 legit.

622 5309 804 5350 aeribus
826 5309 965 5358 tegit.

622 5360 685 5423 te)
715 5361 852 5423 311198
880 5359 984 5423 128-
1008 5355 1429 5423 secutast-591
1454 5353 1803 5423 ρεέειιρεῑέρνίε

608 5415 681 5486 (Π
715 5418 995 5486 Inﬁeginm
1006 5415 1176 5486 codice
1196 5418 1305 5486 215.
1324 5415 1646 5486 inscribitur}
1662 5417 1880 5486 Libellus
1899 5417 1952 5486 _$_.
1968 5417 2109 5486 Hier.

543 5477 952 5537 ad'li'abiolam'de
974 5482 1096 5531 cibis
1115 5477 1524 5541 Sacerdotalibus,
1541 5491 1598 5529 ac
1613 5488 1753 5530 veste
1770 5479 2061 5541 Pontiﬁcali;
2081 5496 2104 5526 ι

543 5549 689 5610 idque
715 5557 913 5610 ego,_ne
930 5542 1047 5610 quid
1062 5540 1381 5610 dissimulem,
1397 5541 1561 5610 verius
1578 5550 1716 5610 puto;
1734 5553 1842 5610 nam
1860 5550 1913 5591 ut
1933 5548 2113 5610 caetera

543 5600 900 5661 ouiittam'infra
920 5600 1012 5658 sub
1036 5616 1238 5665 numero
1258 5602 1319 5651 8:
1354 5620 1376 5647 α
1398 5600 1683 5665 Compulisti
1698 5615 1798 5661 me,
1824 5603 1994 5665 inquit,
2019 5601 2111 5652 Fa-

546 5672 694 5729 biola,
717 5670 897 5720 litteris
918 5671 1033 5727 tuis,
1054 5673 1108 5716 ut
1129 5666 1194 5719 de
1217 5663 1483 5729 Aarontibi
1506 5663 1787 5729 sacerdotio
1807 5663 2082 5729 scriberem
2095 5700 2110 5724 ,

551 5741 604 5783 et
624 5724 961 5795 vestimentis;
986 5724 1081 5795 ego
1110 5729 1222 5795 plus
1243 5724 1397 5795 obtuli
1413 5729 1507 5795 hut
1527 5724 1739 5795 de_cibis
1754 5762 1768 5787 ,
1804 5732 1857 5795 et
1875 5726 2114 5795 primitiis

496 5818 499 5823 ·
550 5794 864 5843 Sacerdotium
879 5831 893 5851 ,
920 5784 971 5844 et
990 5784 1055 5843 de
1077 5784 1418 5841 observatione
1439 5786 1687 5838 Pontiﬁcis
1707 5784 2111 5850 praelatinnculam

544 5862 803 5906 struerem.
833 5877 859 5899 ι

1804 386 2042 454 SANCTI
2079 386 2454 451 HIERONYMI

2170 5050 2179 5055 ’
2220 5048 2465 5112 gemonico
2480 5062 2549 5112 (an

3655 395 3759 459 608

2268 505 2398 559 velut
2439 511 2718 559 auctarmnt
2762 504 2830 560 de
2874 504 2975 561 ritu
3016 501 3422 579 samnitio“
3460 526 3718 590 mererum
3744 562 3761 590 ,

2265 598 2423 668 deque
2446 599 2575 653 uasis
2599 595 2817 669 Templi.
2845 598 3037 655 Invitat
3070 609 3240 655 autem
3266 601 3413 656 illam
3454 610 3729 665 munde
3746 652 3763 679 ,

2265 700 2319 746 ιιι
2340 690 2742 763 quandoquidem
2762 694 3198 763 pacatajam‘csset
3214 693 3588 756 Ralm
3606 705 3762 775 regio,

2264 785 2440 838 redeat
2465 782 2535 837 ad
2562 783 2834 855 pristinum
2854 786 3250 842 contubernium.

2269 896 2297 950 1
2309 934 2322 950 .
2337 895 2519 966 Usque
2535 895 2694 951 hodie
2721 899 2773 952 in
2798 897 3027 955 lectione
3042 902 3240 959 veteris
3257 902 3585 963 Testamenti
3606 925 3769 981 super

2197 986 2387 1044 faciem
2398 989 2564 1061 Moysi
2581 991 2819 1048 velamen
2838 994 3068 1063 positum
3080 1004 3181 1051 est.
3203 995 3462 1067 Loquitur
3477 1002 3770 1073 glorificato

2198 1079 2371 1147 vultu,
2404 1091 2461 1137 et
2491 1083 2713 1152 populus
2741 1084 3008 1155 loquentis
3032 1087 3257 1156 gloriam
3288 1089 3433 1147 ferre
3463 1107 3568 1148 non
3606 1098 3772 1152 susti-

2200 1179 2292 1229 net
2318 1173 2511 1247 (Eatod.
2547 1177 2658 1246 54).
2714 1176 2850 1233 Cum
2903 1186 3079 1233 autem
3122 1182 3367 1239 conterat
3410 1184 3665 1245 fuerimus
3702 1191 3772 1246 ad

2203 1268 2509 1334 Dominum,
2533 1267 2808 1324 auferetur
2832 1270 2925 1341 (al.
2949 1270 3197 1343 aufertur)
3214 1274 3455 1331 velamen
3484 1292 3500 1330 :
3522 1279 3772 1338 occidens

2201 1359 2379 1415 littera
2410 1361 2658 1427 moritur,
2692 1361 2967 1417 viviﬁcans
3005 1363 3223 1433 spiritus
3253 1367 3562 1424 suscitatur.
3588 1370 3775 1426 Domi-

2202 1467 2304 1507 nus
2328 1453 2472 1507 enlm
2496 1452 2715 1522 spiritus
2739 1461 2842 1520 est,
2865 1462 2920 1508 et
2948 1454 3031 1508 lex
3061 1456 3333 1526 spiritalis.
3361 1458 3513 1516 Unde
3536 1468 3591 1518 et
3610 1462 3775 1520 David

2201 1543 2392 1599 orabat
2439 1544 2494 1598 in
2524 1545 2760 1614 psalmo,
2798 1560 2818 1597 ι
2854 1545 3047 1600 Revela
3088 1545 3275 1602 oculos
3294 1558 3484 1605 meos:
3516 1560 3570 1607 et
3595 1554 3777 1608 consi-

2202 1635 2407 1692 derabo
2429 1634 2692 1693 mirabilia
2721 1638 2791 1693 de
2820 1637 2936 1709 lege
2956 1646 3043 1692 tua
3073 1637 3189 1713 (Ps.
3221 1641 3345 1699 us.
3375 1642 3485 1715 is).
3512 1642 3777 1716 Numquid
3847 1622 3851 1628 ⁷

2202 1727 2272 1783 de
2294 1727 2463 1783 bobus
2477 1742 2605 1784 cura
2626 1738 2709 1784 est
2738 1729 2846 1785 Deo
2865 1729 2889 1783 ἲ
2924 1749 2941 1778 ο
2973 1729 3050 1803 (1.
3074 1729 3190 1786 Cor.
3213 1731 3269 1787 θ.
3297 1730 3412 1805 to.)
3430 1733 3629 1806 Utique
3646 1753 3773 1795 non.

2203 1818 2369 1877 Multo
2394 1822 2561 1893 magis
2585 1822 2654 1878 de
2680 1826 2860 1891 jecore
2889 1823 3065 1893 bovis,
3093 1825 3297 1895 arietis,
3322 1838 3375 1884 et
3398 1828 3693 1900 hircorum,
3722 1844 3779 1889 et

2204 1926 2359 1968 armo
2397 1912 2641 1981 dextero,
2674 1912 2753 1987 (g)
2779 1923 3026 1985 pectore,
3057 1925 3113 1972 et
3156 1928 3376 1989 ventre,
3406 1937 3511 1992 quo
3540 1933 3778 1983 stercora

2205 2005 2561 2077 digeruntur;
2590 2020 2818 2077 quorum
2848 2007 2957 2063 duo
2997 2009 3051 2064 in
3089 2024 3240 2065 esum
3284 2013 3547 2084 accipiunt
3588 2032 3776 2075 sacer-

2205 2097 2363 2152 dotes
2404 2114 2419 2151 :
2464 2098 2676 2152 tertium
2724 2097 2952 2154 Phinees
3008 2108 3242 2156 meretur
3279 2102 3330 2156 in
3371 2106 3667 2174 praemium.
3698 2106 3778 2165 Dc

2210 2187 2444 2243 victimis
2478 2187 2820 2256 salutaribus,
2846 2189 3011 2260 adeps
3031 2204 3136 2262 quo
3166 2198 3350 2262 pectus
3372 2195 3698 2266 obvolvitur,
3723 2210 3780 2256 ct

2208 2278 2429 2351 pinnula
2454 2278 2652 2350 jecoris
2694 2279 2991 2337 oderantur
3019 2296 3181 2353 super
3203 2283 3407 2341 altare:
3448 2286 3618 2356 ipsum
3649 2305 3780 2346 vero

2210 2376 2400 2440 pectus
2443 2378 2499 2423 et
2540 2368 2817 2424 brachium
2846 2371 3094 2426 dextrum
3140 2372 3338 2428 dantur
3361 2375 3537 2431 Aaron
3565 2386 3620 2433 et
3657 2374 3781 2436 ﬁliis

2215 2460 2334 2530 ejus
2361 2458 2654 2531 legitimum
2685 2460 3070 2531 sempiternum
3106 2478 3136 2518 a
3164 2463 3285 2519 ﬁliis
3308 2464 3466 2521 Israel
3497 2466 3678 2541 (Leuit.
3702 2468 3777 2541 7).

2211 2552 2415 2608 Sensus
2444 2551 2499 2607 in
2524 2553 2688 2609 corde
2707 2560 2823 2621 est,
2860 2554 3218 2612 habitaculum
3244 2558 3420 2614 cordis
3448 2560 3501 2614 in
3545 2572 3779 2632 pectore.

2213 2641 2487 2709 Quaeritur
2510 2643 2597 2698 ubi
2627 2643 2697 2700 slt
2724 2643 2802 2717 (Ιι)
2821 2645 3012 2701 animae
3042 2648 3356 2719 principale.
3379 2649 3531 2707 Plato
3559 2652 3612 2707 in
3642 2663 3785 2709 cere-

2215 2726 2314 2788 bro
2345 2732 2632 2789 :Christus
2672 2742 2938 2791 monstrat
3009 2736 3169 2810 355
3243 2739 3298 2794 in
3346 2740 3549 2796 corde:
3586 2759 3606 2795 ι
3634 2724 3817 2799 Beati-

2157 2858 2163 2865 ι
2215 2823 2416 2914 mundo
2441 2824 2625 2890 corde,
2653 2826 2903 2895 quoniam
2948 2827 3049 2896 ipsi
3099 2829 3259 2883 Deum
3287 2829 3557 2887 videbunt.
3596 2832 3683 2900 Et,
3708 2832 3786 2890 De
3884 2906 3891 2914 ε

2216 2913 2400 2983 corde,
2422 2915 3073 2986 proceduntcogitationes
3088 2918 3263 2974 malae.
3279 2919 3366 2986 Et,
3386 2921 3523 2990 Quld
3539 2924 3786 2994 cogitatis

2217 3020 2442 3078 nequam
2459 3008 2513 3062 in
2544 3006 2797 3065 cordibus
2823 3008 3019 3064 vestris
3041 3027 3061 3063 ι
3087 3008 3296 3082 (Matth.
3315 3010 3368 3067 ὅ.
3387 3011 3502 3067 8.et
3520 3010 3606 3070 15.
3631 3014 3719 3070 18.
3739 3023 3787 3070 et

2217 3099 2270 3155 9.
2295 3098 2371 3170 4).
2399 3099 2657 3169 Voluptas
2690 3109 2746 3157 et
2783 3102 3248 3173 concupiscentia,
3284 3105 3436 3177 juxta
3464 3121 3558 3164 eos
3598 3107 3688 3179 qui
3717 3107 3784 3165 de

2219 3190 2457 3261 physicis
2485 3190 2780 3260 disputant,
2811 3194 3058 3250 consistit
3082 3195 3137 3250 in
3170 3194 3376 3266 jecore.
3398 3196 3567 3268 Hujus
3593 3199 3783 3268 pinnu-

2218 3281 2324 3336 lam
2357 3282 2411 3337 in
2433 3282 2647 3339 diversa
2672 3283 3006 3354 volitantem,
3033 3295 3090 3344 et
3116 3301 3215 3357 per
3231 3288 3500 3344 oculorum
3521 3288 3783 3348 fenestras

2216 3382 2586 3442 erumpentem
2606 3373 2772 3440 foras,
2796 3373 3027 3431 oderunt
3049 3377 3356 3434 sacerdotes
3382 3378 3528 3435 Deo:
3561 3384 3617 3436 ut
3639 3390 3784 3451 post-

2215 3479 2376 3536 quam
2406 3466 2821 3536 operedixerint
2846 3468 2978 3534 Deo,
3011 3487 3031 3520 ι
3065 3468 3434 3526 holocaustum
3482 3481 3625 3527 tuum
3662 3473 3784 3544 pln—

2215 3570 2322 3628 gue
2348 3558 2439 3612 ﬁat
2474 3575 2495 3611 ι
2526 3554 2698 3631 (Psal.
2723 3558 2822 3632 19)
2853 3575 2867 3613 :
2893 3567 2950 3615 et
2976 3561 3460 3632 concupiscentiam
3484 3603 3500 3630 ,
3547 3560 3784 3620 libidinis

2216 3648 2584 3716 seminarium,
2621 3649 2745 3720 igne
2770 3650 2998 3721 Spiritus
3035 3653 3512 3718 concremaverint,
3545 3666 3789 3711 merean-

2220 3748 2308 3795 tur
2339 3740 2585 3809 accipere
2615 3742 2892 3812 prmium
2913 3783 2929 3809 ,
2974 3751 3159 3812 pectus
3188 3751 3244 3799 et
3271 3742 3565 3799 brachium.
3594 3744 3653 3799 ln
3690 3758 3786 3815 pe-

2217 3840 2386 3900 ctore,
2415 3832 2640 3888 mundas
2663 3833 3031 3905 cogitationes,
3049 3834 3179 3904 legis
3193 3832 3455 3903 notltlam,
3482 3834 3785 3906 dogmatnm

2217 3912 2499 3979 veritatem
2524 3940 2541 3977 :
2562 3925 2616 3979 in
2642 3924 2864 3980 brachio
2890 3924 3030 3981 bene
3060 3939 3223 3996 opera
3250 3935 3307 3982 et
3330 3942 3561 3999 pugnam
3599 3938 3786 3984 contra

2219 4014 2490 4072 diabolum
2528 4025 2585 4074 et
2607 4025 2865 4072 armatam
2904 4031 3120 4073 manum
3150 4034 3167 4072 :
3197 4027 3256 4075 ut
3277 4019 3419 4091 quod
3457 4029 3635 4077 mente
3659 4036 3790 4077 con-

2220 4110 2501 4177 ceperint,
2553 4111 2798 4181 exemplo
2853 4111 3104 4182 probent.
3153 4113 3307 4169 Jesus
3363 4113 3506 4169 enim
3558 4130 3579 4166 ι
3628 4114 3790 4184 coepit

2222 4201 2399 4257 facere
2413 4211 2465 4256 et
2483 4201 2708 4258 docere»
2739 4200 2873 4275 (Aet.
2897 4203 2968 4276 1).
2991 4204 3167 4275 Ipsum
3187 4214 3395 4276 quoque
3425 4205 3788 4275 pectusculum

2220 4295 2517 4365 appellatur
2571 4294 2632 4367 (ἰ)
2681 4300 2917 4365 autem,
2966 4294 3020 4351 id
3069 4305 3174 4366 est,
3215 4297 3644 4363 additamentum,
3675 4294 3790 4352 sive

2219 4389 2565 4457 pracipuum,
2606 4398 2662 4445 et
2708 4391 2957 4461 egregium
3010 4403 3030 4445 :
3084 4404 3362 4446 amarus
3423 4388 3617 4459 quippe
3682 4387 3790 4445 hoc

2289 4494 2353 4567 (g)
2389 4497 2524 4569 Alias
2543 4496 2996 4569 peCltlSCtth.hPh_“0
3016 4500 3133 4550 dicit
3160 4512 3230 4550 agt
3253 4506 3380 4569 suae
3401 4508 3790 4569 στήρωςῂὄσοξβῖον,

2218 4560 2425 4633 pectoris
2446 4560 2802 4669 pinguedinem.
2837 4562 2934 4611 Sed
2958 4575 3055 4611 non
3074 4560 3346 4669 spernenda
3367 4560 3514 4632 lectio
3536 4560 3680 4669 Regii
3703 4572 3787 4632 eo-

2219 4623 2340 4669 dtcrs
2362 4634 2506 4669 supra
2547 4622 2723 4669 audatt.
2742 4623 3045 4669 duorumaue
3068 4636 3093 4669 a
3116 4635 3284 4669 lorum.
3309 4635 3433 4669 auos
3454 4628 3573 4669 ettat
3646 4629 3787 4669 artua-

2219 4622 2340 4670 dicis
2362 4622 2506 4684 supra
2530 4622 2723 4685 laudati,
2742 4623 3045 4685 duorumque
3068 4622 3433 4685 aliorum,_qu9s
3450 4622 3573 4685 citat
3598 4622 3790 4685 Martia-

2218 4694 2372 4744 naeus,
2397 4678 2533 4744 arma
2554 4678 2719 4732 dextri
2739 4683 2894 4744 pedis,
2919 4678 3160 4734 et'ventre.
3186 4678 3357 4734 Confer
3374 4680 3591 4732 Philonis
3612 4681 3789 4731 librum

2219 4743 2283 4793 de
2308 4743 2516 4807 praemiis
2539 4751 2591 4795 et
2613 4743 2877 4807 honoribus
2897 4744 3230 4807 sacerdotum,
3254 4745 3384 4794 unde
3406 4746 3789 4807 subsequentem

2220 4804 2465 4869 mysticam
2502 4805 2855 4866 expositionem
2890 4806 3080 4855 videtur
3105 4805 3431 4868 Hieronymus
3455 4804 3779 4855 transtulisse.

2218 4864 2454 4915 Ventrem
2477 4874 2639 4915 autem
2660 4872 2797 4914 vocat
2818 4866 2956 4915 Philo
2977 4876 3151 4915 ’ἓνυστοον
3167 4908 3178 4915 .
3200 4871 3465 4915 cruentum.

2256 4871 2454 4915 'entrem
2477 4874 2639 4915 autem
2660 4872 2797 4914 vocat
2818 4871 2956 4915 Philo
2977 4876 3151 4929 ἤνυστρον
3166 4908 3178 4924 ,
3200 4871 3465 4916 Orttentum.

2256 4989 2267 4999 ,
2290 4926 2355 4994 (It)
2394 4926 2517 4999 Illud
2538 4927 2714 4977 (prima
2734 4925 3000 4999 principale
3019 4925 3786 4999 proportiqyoeabgloﬁegemo-

2218 4986 2379 5046 nicon,
2396 4988 2563 5051 _Gr:ec.
2587 4986 2791 5051 manus
2811 4986 3222 5051 veteres'dix'ere.
3249 4987 3388 5051 [inde
3411 4986 3697 5051 Tertullian.
3719 4996 3788 5051 pe

2587 5014 2790 5098 Ἡιμονυιον
2811 5014 2836 5058 ,ν
2846 5014 3013 5038 υιυιυδ
3032 5014 3222 5037 υιλυιυ.
3253 5014 3388 5037 υιιυῦ
3418 5014 3697 5038 aestuum".
3720 5014 3787 5038 υῦ

2569 5061 2592 5121 s
2628 5081 2649 5120 ρ
2673 5055 2717 5098 et
2741 5047 2821 5121 ubi
2839 5047 2921 5121 sit,
2945 5049 3156 5121 disputat
3180 5061 3243 5097 ex
3267 5049 3664 5121 Philosophorum
3687 5047 3789 5121 pla-

2219 5108 2328 5160 citis
2351 5109 2435 5159 lib.
2460 5110 2526 5160 de
2549 5111 2736 5159 Anima.
2764 5116 2816 5158 et
2837 5108 2929 5158 lib.
2952 5108 3321 5160 de'Resurrect.
3345 5108 3505 5160 carnis
3524 5124 3569 5159 c.
3598 5108 3791 5159 wine-

2253 5169 2518 5221 emonicum
2540 5169 2716 5221 animae
2753 5170 2803 5220 in
2836 5170 2981 5219 corde
3018 5181 3346 5221 consecratum
3383 5184 3484 5221 esse
3519 5170 3733 5220 adductis
3758 5184 3788 5220 e

2220 5231 2468 5293 Scriptura
2491 5231 2780 5281 testimoniis
2799 5233 2985 5294 probat,
3014 5234 3090 5281 cui
3113 5233 3376 5282 sementim
3398 5238 3563 5283 noster
3583 5232 3793 5280 subscri-

2220 5294 2294 5343 bit
2333 5299 2432 5340 tum
2457 5293 2597 5343 heic.
2623 5297 2724 5341 tum
2761 5294 3002 5343 praecipue
3024 5294 3075 5340 in
3096 5292 3265 5342 Matth.
3291 5307 3335 5343 c.
3362 5295 3440 5343 15.
3472 5300 3596 5343 Erao
3616 5290 3791 5342 animm

2221 5300 2294 5343 bit
2333 5300 2432 5340 tum
2457 5300 2597 5350 heic,
2623 5300 2724 5341 tum
2760 5300 3002 5354 prmciptte
3024 5300 3075 5340 in
3098 5300 3265 5342 Metui.
3291 5307 3335 5343 c.
3362 5300 3440 5343 15.
3472 5300 3596 5357 Ergo
3616 5304 3791 5342 amnae

2219 5352 2488 5425 praccipate
2507 5366 2613 5424 non
2645 5350 3173 5425 secuudurn't'latonern
3203 5352 3255 5403 in
3274 5353 3508 5425 cerebro,
3531 5353 3616 5406 sed
3637 5352 3791 5425 juagta

2219 5411 2464 5526 Emam
2499 5413 2552 5465 in
2587 5411 2733 5464 corde
2770 5419 2857 5464 est.
2884 5412 2994 5465 Vid.
3017 5426 3126 5477 quae
3158 5415 3212 5464 in
3251 5428 3366 5465 eum
3397 5411 3556 5466 locum
3597 5412 3794 5477 adnota-
3845 5439 3861 5483 λ.

2288 5513 2591 5647 δῖἱιθςθηι
2610 5537 2662 5585 in
2684 5533 3062 5597 gignendicasu,
3090 5528 3341 5585 Erasmum
3356 5543 3557 5587 secutus
3568 5535 3789 5586 Martiau.

2351 5600 2510 5647 evitici
2528 5611 2571 5647 c.
2595 5599 2642 5647 7.
2670 5609 2901 5647 ιςιοιματεκ.
2922 5608 3018 5643 non
3042 5603 3205 5644 tamen
3227 5605 3282 5646 ut
3297 5598 3384 5647 ille
3404 5600 3457 5647 in
3479 5598 3653 5647 eodem
3674 5610 3789 5646 casu

2220 5598 2510 5649 ex’Levitici
2528 5611 2571 5648 c.
2595 5599 2642 5647 7.
2670 5609 2901 5657 ιςιοιμτος,
2922 5608 3018 5643 non
3042 5603 3205 5657 tamen
3227 5605 3282 5646 ut
3297 5598 3384 5647 ille
3404 5600 3457 5648 in
3479 5598 3653 5649 eodem
3674 5610 3790 5646 casu

2220 5662 2672 5722 interpretationem
2694 5656 2974 5722 subdiderat
2988 5692 3001 5714 ,
3025 5656 3363 5722 additamenti.
3387 5659 3538 5710 Nobis
3559 5659 3757 5708 Victorii
3774 5697 3789 5717 ,

2255 5723 2304 5770 ui
2326 5713 2376 5770 in
2394 5729 2530 5771 recto
2548 5721 2697 5769 habet
2716 5731 2779 5766 ex
2797 5716 3015 5780 ejusdem
3031 5713 3234 5768 Levitici
3256 5733 3300 5770 c.
3320 5720 3367 5769 8.
3388 5721 3650 5771 lectionem
3667 5713 3790 5780 prae;

2240 5776 2352 5850 erro
2374 5776 2864 5850 maluimus,_tametSi
2886 5776 2999 5827 Mss.
3025 5786 3186 5829 nostra
3208 5782 3508 5844 exemplaria
3526 5776 3791 5834 attum'cal.

2222 5842 2384 5893 culum
2406 5857 2502 5893 non
2524 5839 2811 5892 addiderint.
