4146 6336
382 446 491 510 ⁸09

388 560 559 632 magis
583 563 760 616 sonat.
784 551 865 611 Ex
908 564 1017 624 quo
1061 538 1412 618 intelligimus
1459 542 1607 613 juxta
1635 540 1765 597 illud
1805 539 1971 595 Mala-

392 654 527 711 chire
559 670 574 708 :
614 669 635 703 ε
666 648 828 705 Labia
878 643 1177 702 sacerdotis
1218 637 1534 697 custodiunt
1573 634 1851 690 scientiam
1874 673 1890 699 ,
1916 639 1973 689 et

392 748 566 817 legem
600 741 879 812 requirunt
905 751 972 793 ex
999 750 1095 790 ore
1119 733 1240 804 ejus
1272 750 1293 785 ι
1328 728 1587 802 (Malach.
1615 728 1669 782 1.
1692 723 1754 817 7)
1786 742 1800 779 :
1829 739 1971 817 pra:-

395 815 606 905 cipuam
643 831 835 887 debere
861 841 988 885 esse
1012 826 1067 880 in
1094 820 1464 880 sacerdotibus
1510 817 1641 888 legis
1684 815 1972 871 doctrinae-

396 944 501 999 que
551 925 789 981 notitiam
839 939 852 976 :
890 927 947 975 et
995 917 1361 974 additamenta
1404 911 1592 982 gratiae
1647 907 1971 980 spiritualis,

397 998 560 1075 talem
589 1015 761 1071 virum
784 1010 986 1069 institui
1009 1051 1027 1077 ,
1059 1009 1149 1080 qui
1179 1006 1348 1078 possit
1375 998 1863 1058 contradicentibus
1887 1011 1975 1064 re-
2024 1060 2029 1065 ο

397 1111 589 1167 sistere
612 1104 738 1180 (Tit.
764 1103 876 1176 1.),
906 1111 962 1159 et
991 1100 1123 1156 nihil
1149 1099 1202 1153 in
1229 1112 1287 1153 se
1317 1094 1525 1151 sinistri
1550 1091 1745 1147 habere
1774 1087 1972 1159 cperis,

398 1202 543 1274 quod
584 1201 745 1255 ducat
767 1197 834 1252 ad
874 1203 1127 1250 tartarum
1161 1208 1174 1245 :
1217 1189 1312 1246 sed
1337 1188 1584 1244 dextrum
1619 1182 1893 1239 brachium
1922 1186 1978 1234 et

398 1272 732 1365 separatum,
757 1305 825 1344 ur
853 1302 1022 1344 OPERA
1051 1281 1347 1340 sacerdotis
1386 1276 1784 1347 comparatione
1807 1272 1976 1327 virtu-

402 1364 516 1442 tum
562 1384 714 1454 ejus,
750 1396 783 1436 a
818 1379 1025 1435 cunctis
1061 1372 1364 1430 hominibus
1400 1376 1645 1440 separata
1688 1366 1817 1421 sint.
1852 1364 1976 1418 llaec

402 1478 471 1534 dc
497 1453 728 1531 victimis
752 1512 767 1539 ,
799 1479 852 1526 et
880 1470 948 1525 de
976 1468 1060 1522 his
1087 1456 1208 1536 quae
1250 1461 1547 1518 offeruntur
1584 1456 1641 1512 in
1682 1453 1839 1510 altari
1880 1470 1895 1505 :
1925 1460 1980 1508 et

402 1583 522 1638 quae
543 1562 910 1621 sacerdotibus
952 1559 1145 1615 dantur
1176 1570 1207 1609 a
1234 1551 1481 1609 Domino.

474 1662 530 1715 2.
559 1658 821 1715 Caeterum
853 1664 907 1709 et
936 1654 1039 1708 alia
1068 1652 1163 1707 tria
1183 1691 1199 1717 ,
1229 1646 1466 1715 exceptis
1501 1642 1749 1716 primitiis
1778 1639 1979 1695 hostia-

408 1767 527 1808 rum
545 1790 562 1816 ,
591 1758 647 1806 et
675 1746 743 1803 tle
773 1746 1013 1817 privato,
1040 1752 1093 1797 et
1114 1741 1182 1796 de
1221 1736 1447 1794 macello
1485 1734 1697 1805 publico
1715 1772 1730 1798 ,
1756 1731 1846 1786 ubi
1875 1744 1980 1784 non

408 1840 617 1911 religio,
643 1838 735 1895 sed
765 1838 937 1893 victus
959 1832 1253 1891 necessitas
1283 1838 1387 1893 est,
1417 1825 1784 1884 sacerdotibus
1809 1837 1982 1911 mem-

409 1930 506 1987 bra
532 1929 855 1993 tribuuntur,
883 1924 1190 1989 brachium,
1222 1920 1459 1985 maxilla,
1488 1917 1567 1990 (a)
1605 1924 1659 1971 et
1681 1922 1884 1969 venter.
1909 1910 1985 1965 De

408 2022 628 2077 brachio
653 2022 761 2090 jam
794 2017 1049 2074 diximus.
1075 2014 1284 2071 Maxilla
1313 2012 1654 2082 eloquentem
1692 2005 1985 2063 eruditum-

411 2129 516 2184 que
542 2113 826 2183 significat,
858 2119 912 2165 ut
945 2106 1088 2179 quod
1117 2113 1336 2178 pectore
1361 2100 1713 2169 concipimus,
1745 2110 1838 2151 ore
1864 2107 1985 2163 pro-

411 2218 641 2260 mamus.
671 2201 871 2259 Venter
918 2197 1310 2269 receptaculum
1373 2193 1614 2248 ciborum
1642 2230 1658 2255 ,
1710 2188 1764 2242 in
1809 2192 1988 2241 scorto

411 2291 752 2349 Madianitide
773 2287 1088 2345 sacerdotali
1116 2285 1344 2355 pugione
1370 2280 1648 2336 confossus
1678 2270 1984 2348 (Νιιιηᾶὅ),

413 2386 695 2457 universos
752 2380 917 2452 356
966 2376 1243 2432 hominum
1271 2372 1989 2437 lahores,etmomentanca

414 2476 781 2532 blandimenta
806 2472 965 2541 gulae,
983 2467 1236 2525 stercoris
1258 2464 1362 2520 fine
1379 2462 1727 2519 condemnat:
1743 2466 1797 2513 et
1813 2470 1992 2512 osmn-

412 2569 493 2625 dit
514 2565 783 2622 mentibus
800 2561 1126 2619 consecratis
1140 2558 1272 2625 Deo,
1292 2566 1458 2612 totum
1475 2554 1615 2625 quod
1632 2567 1899 2619 curamus,
1919 2549 1993 2623 (ὁ)

415 2658 564 2729 quod
591 2671 858 2720 voramus,
892 2655 947 2707 in
974 2665 1243 2707 secessum
1266 2648 1473 2720 projici.
1503 2644 1655 2702 Unde
1675 2653 1729 2698 et
1760 2644 1993 2713 Aposto-
2056 2710 2065 2711 ί

417 2749 503 2803 lus
534 2764 550 2801 :
580 2765 600 2800 ι
639 2747 811 2809 Esca,
838 2743 1029 2814 inquit,
1065 2741 1278 2807 ventri,
1319 2748 1374 2794 et
1414 2745 1601 2791 venter
1640 2734 1779 2791 escis
1809 2751 1822 2787 :
1855 2733 1995 2788 Deus

415 2848 596 2895 autem
637 2846 693 2893 ct
737 2838 877 2891 hunc
905 2844 959 2890 et
985 2834 1103 2889 illas
1124 2833 1364 2887 destruet
1390 2849 1410 2883 ι
1443 2829 1516 2901 (1.
1545 2827 1663 2883 Cor.
1687 2827 1741 2882 6.
1771 2825 1859 2895 15)
1889 2841 1904 2879 :
1928 2824 1995 2879 Et

419 2946 454 2988 e
480 2928 752 2986 contrario
769 2927 836 2982 de
858 2924 1144 2981 luxuriosis
1173 2941 1187 2978 :
1218 2942 1236 2974 ‹
1260 2922 1493 2989 Quorum
1512 2920 1651 2974 Deus
1664 2930 1851 2972 venter
1870 2924 1953 2970 est
1975 2933 1989 2969 :

422 3031 476 3078 et
499 3022 668 3093 gloria
696 3020 748 3074 in
783 3017 1098 3075 confusione
1119 3030 1305 3070 eorum
1335 3032 1354 3065 ι
1385 3011 1606 3085 (Philip.
1631 3011 1684 3066 ὅ.
1712 3006 1997 3081 l9).Vituli

424 3096 695 3187 pulverem
734 3126 896 3182 quem
951 3110 1271 3165 adoraverat
1301 3105 1499 3167 Israel,
1529 3104 1582 3159 in
1629 3108 1994 3170 contemptum

425 3203 819 3275 superstitionis
861 3203 915 3258 in
951 3210 1133 3271 potum
1175 3198 1381 3267 accepit
1420 3194 1678 3266 pepulus,
1728 3202 1786 3247 ut
1810 3192 2000 3246 discat

425 3303 775 3352 contemnere
804 3291 948 3364 quod
986 3292 1041 3345 in
1066 3303 1341 3346 secessum
1392 3285 1578 3356 projici
1604 3283 1832 3339 viderat.
1854 3281 2000 3336 Prm-

430 3386 620 3456 cipitur
669 3382 1076 3448 sacerdotibus,
1132 3394 1202 3435 ne
1251 3376 1604 3433 ministraturi
1652 3376 1707 3431 in
1757 3372 1995 3442 templo,

429 3477 606 3532 vinum
628 3484 680 3532 et
707 3475 932 3530 siceram
963 3473 1167 3539 bibant,
1215 3485 1285 3527 ne
1311 3470 1572 3526 ebrietate
1599 3475 1653 3524 et
1677 3466 1916 3538 crapula,
1945 3472 2002 3520 et

427 3568 571 3624 curis
620 3565 775 3636 hujus
816 3565 939 3620 vitae
984 3569 1388 3633 prmgraventur
1433 3557 1593 3614 corda
1639 3571 1823 3612 eorum
1857 3572 1872 3610 :
1902 3570 2001 3610 nec

434 3668 635 3729 partem
660 3658 888 3714 habeant
915 3657 967 3712 in
982 3663 1160 3721 .terra,
1178 3654 1282 3710 nisi
1295 3654 1466 3709 solum
1492 3652 1659 3707 Deum
1682 3647 1996 3721 (Levit.‘10);

433 3757 492 3804 ut
518 3747 660 3804 nulla
688 3747 958 3805 debilitate
980 3746 1301 3822 (c)insignes
1328 3744 1433 3798 sint
1464 3760 1477 3795 :
1511 3758 1579 3797 ne
1611 3741 1815 3797 truncis
1860 3742 2003 3794 auri-

433 3841 564 3911 bus,
592 3842 720 3898 1:850
747 3842 900 3898 oculo
919 3882 936 3909 ,
965 3841 1116 3897 simis
1154 3838 1370 3894 naribus
1390 3877 1404 3899 .
1437 3835 1627 3891 claudo
1650 3833 1784 3907 pede
1808 3873 1822 3898 ,
1865 3832 2002 3887 cutis

431 3933 610 3989 colore
655 3940 896 3998 mutato,
942 3946 1062 4001 qua:
1106 3928 1284 3984 omnia
1332 3926 1638 3982 referuntur
1683 3922 1751 3977 ad
1803 3923 1997 3976 anima:

432 4025 580 4079 vitia.
610 4023 896 4080 VOLUNTAS
915 4037 1043 4078 sum
1064 4020 1116 4075 in
1144 4017 1381 4083 homine,
1414 4031 1522 4069 non
1562 4021 1746 4068 natura
1777 4011 2000 4067 damna-

434 4122 537 4171 tur.
566 4115 623 4172 Si
651 4116 769 4187 qnis
797 4130 829 4171 e
856 4106 1227 4171 sacerdotibus
1248 4110 1452 4183 semine
1481 4104 1720 4170 ﬂuxerit,
1745 4104 1810 4158 ad
1835 4119 2005 4159 sacer-

434 4208 664 4264 dotalem
690 4197 931 4263 mensam
953 4205 1266 4278 prohibetur
1286 4200 1544 4259 accedere
1569 4217 1585 4267 ;
1614 4209 1668 4255 et
1685 4213 1716 4254 e
1736 4197 2005 4254 contrario

434 4301 610 4364 vidua,
633 4298 784 4370 cujus
812 4314 930 4354 cum
953 4298 1081 4353 Sara
1115 4295 1430 4351 defecerunt
1457 4290 1760 4358 muliebria,
1787 4298 2005 4361 propter

434 4391 809 4448 continentiam
843 4397 898 4445 et
942 4389 1237 4445 castitatem
1266 4386 1520 4454 recipitur
1566 4383 1618 4438 in
1658 4382 1876 4438 domum
1908 4396 2003 4452 pa-

434 4484 565 4540 tris:
596 4492 650 4539 et
676 4483 743 4538 de
770 4482 950 4554 templi
967 4481 1156 4537 aerario
1186 4480 1365 4535 alitur.
1393 4478 1545 4545 Quod
1570 4476 1612 4531 si
1635 4476 1776 4531 filios
1807 4475 2007 4531 habue-

370 4624 383 4645 ε
433 4574 535 4643 rit,
564 4574 805 4640 redditur
832 4572 999 4628 soboli
1028 4587 1140 4627 suae
1160 4613 1176 4638 ,
1210 4580 1269 4625 ut
1291 4570 1441 4641 juxta
1468 4567 1780 4639 Apostolum
1806 4568 1872 4623 iis
1900 4568 2004 4622 mi-

434 4672 712 4733 nistretur,
733 4685 752 4718 r
781 4681 901 4735 qua:
940 4680 1065 4720 vere
1093 4665 1267 4720 viduae
1310 4672 1462 4720 sunt:
1489 4664 1563 4735 (1.
1592 4662 1723 4716 Tim.
1745 4662 1800 4717 5.
1825 4661 1879 4733 '5)
1909 4678 1923 4715 :
1950 4670 2006 4717 et

436 4770 492 4816 ut
521 4774 640 4830 qua:
684 4757 751 4813 de
787 4755 1207 4811 sacerdotalibus
1250 4762 1578 4809 sustentatur
1606 4754 1742 4809 cibis
1762 4794 1778 4818 ,
1809 4754 2005 4810 nullius

434 4848 656 4907 alterius
675 4861 859 4903 amore
896 4855 1158 4902 teneatur.
1196 4845 1413 4898 Vicinus
1440 4851 1494 4897 et
1519 4844 1883 4919 mercenarius
1906 4858 2006 4899 ex-

499 4962 564 5030 (a)
604 4961 661 5014 In
690 4960 1065 5032 ementem.
1084 4960 1133 5032 ίρ
1162 4956 1478 5032 natasse
1502 4955 1552 5032 ξι
1579 4953 1710 5032 esss
1733 4954 2006 5032 semitm-

431 5016 595 5095 gtu'm't,
621 5023 745 5088 quod
772 5030 823 5072 et
843 5021 995 5071 Ju'daei
1029 5018 1307 5083 Babylonici
1346 5017 1543 5089 faciunt.
1586 5016 1713 5087 Infra
1754 5029 1839 5077 pro
1883 5030 2004 5069 voce

434 5084 884 5149 ron/ossusgquidam
910 5084 1027 5149 editi
1042 5117 1056 5142 ,
1082 5088 1133 5131 et
1155 5093 1300 5149 manu
1318 5084 1503 5149 exarati
1527 5076 1634 5128 libri
1653 5076 1778 5140 apud
1802 5083 2004 5130 veteres

436 5142 650 5209 editores
672 5142 856 5209 habent
876 5142 1114 5209 conﬂatus,
1138 5143 1221 5192 alii
1246 5142 1479 5209 defossus.

501 5208 564 5320 (ὁ)
605 5206 789 5258 Iterum
810 5200 1010 5278 Erasuip
1040 5200 1356 5255 consentiens
1378 5204 1536 5253 editor
1568 5200 1827 5274 Benedict.
1875 5201 2005 5276 addit

501 5285 524 5320 υ
564 5283 652 5320 oco
681 5268 811 5320 quod
835 5274 1121 5320 seramus.
1155 5278 1265 5320 qua:
1286 5264 1382 5315 duo
1406 5266 1554 5315 verba
1571 5298 1586 5320 ,
1612 5270 1664 5314 ut
1702 5262 1816 5312 olim
1840 5262 2003 5315 Victo-

432 5262 524 5321 ιιοό
546 5262 652 5320 loco
681 5268 811 5332 quod
835 5266 1121 5332 satagimus,
1155 5278 1265 5332 qua}
1286 5264 1554 5332 duoverba
1571 5298 1586 5326 ,
1612 5270 1664 5314 ut
1702 5262 1816 5332 olim
1840 5262 2003 5332 Victo-

433 5334 563 5392 rius,
586 5334 658 5383 sic
685 5326 776 5383 nos
812 5326 1017 5393 pltl'ii'm)
1054 5326 1288 5393 Mssgﬂde
1310 5328 1501 5393 adducti
1525 5328 1870 5393 expunximus.
1893 5326 2003 5393 Non

436 5388 599 5464 tamen
623 5407 683 5445 eo
706 5388 1117 5464 satisconsultum
1149 5389 1240 5464 loci
1272 5390 1542 5464 integritati
1574 5388 1848 5464 credimus,
1873 5389 2002 5464 quod

436 5458 567 5506 enim
591 5467 681 5506 nos
701 5466 811 5504 cum
832 5453 1043 5503 Vlctorio
1063 5462 1315 5511 curamus,
1340 5449 1418 5501 alii
1452 5450 1695 5502 currimus
1718 5449 1999 5511 ediderunt,

435 5516 554 5579 falso
575 5526 840 5579 utrumque
856 5516 999 5565 scribi
1017 5548 1032 5579 ε
1055 5516 1370 5579 suspicamur,
1384 5514 1508 5579 nisi
1512 5525 1737 5562 curamus
1758 5512 2001 5579 referatur
2035 5550 2038 5554 .

434 5579 492 5627 ad
517 5572 976 5637 homr'num'labores,
1003 5577 1067 5625 de
1084 5572 1272 5637 quibus
1283 5575 1445 5637 modo.
1472 5574 1699 5624 Fortasse
1719 5581 1823 5622 erat
1844 5572 2003 5637 glutti-

430 5651 556 5699 mus,
579 5648 664 5691 aut
683 5638 799 5703 quid
817 5634 997 5698 simile,
1014 5634 1243 5688 sed'ultra
1256 5634 1719 5699 Mss..auctoritatem
1742 5646 1836 5683 non
1848 5634 2004 5684 aude-

434 5713 561 5836 ωιέῖ)
596 5764 863 5836 Pet-peram
898 5774 1008 5812 eum
1043 5757 1799 5836 ErasmanenS‘tlictinanedit‘i‘q
1812 5770 2002 5836 segnes

430 5819 523 5939 Et;
536 5819 917 5938 qqam
932 5836 1097 5875 vocem
1120 5836 1187 5874 ex
1202 5822 1308 5872 aliis
1332 5819 1496 5882 editis,
1520 5827 1571 5870 et
1591 5819 1706 5870 Mss.
1727 5819 1833 5870 fere
1850 5823 2002 5871 omni-

544 5900 602 5938 re
650 5901 663 5936 ι
787 5900 817 5935 u

1758 421 2090 487 EPISTGLA
2120 423 2307 483 LXIV.

3532 424 3640 490 6l0

2079 534 2368 593 cluduntur
2401 549 2430 588 a
2454 532 2703 589 convivio
2728 526 3092 603 sacerdotum,
3114 535 3528 593 serviscihorum
3559 553 3646 594 re-

2078 628 2257 700 liquize
2284 626 2665 685 conceduntur.
2681 622 2799 681 Jam
2822 633 2951 681 tunc
2979 626 3354 697 rejiciebantur
3380 629 3649 703 Phygelus

2079 730 2133 777 et
2157 720 2542 791 Hermogenes,
2569 726 2623 774 et
2651 715 3008 787 recipiebatur
3034 719 3111 791 (1)
3133 719 3512 792 Onesiphorus.
3536 721 3646 778 Pri-

2080 810 2245 867 mitiae
2271 810 2509 869 ciborum
2548 816 2603 865 et
2640 808 2877 864 omnium
2922 807 3129 879 frugum
3158 821 3315 880 atque
3363 827 3646 883 pomorum

2080 901 2375 956 offeruntur
2407 900 2645 957 Antistiti
2675 917 2687 953 :
2732 909 2788 954 ut
2816 898 3017 954 habens
3060 899 3252 954 victum
3301 910 3459 973 atque
3489 906 3651 960 vesti-

2083 1000 2218 1058 tum,
2252 991 2454 1061 absque
2484 991 2594 1046 ullo
2624 990 3011 1060 impedimento
3037 1005 3260 1048 securus
3284 1002 3338 1048 et
3375 993 3510 1050 liber
3537 1011 3655 1052 scr-

2080 1083 2191 1137 viat
2237 1080 2482 1136 Domino.
2526 1081 2887 1151 Primogenita
2960 1080 3279 1138 mundorum
3344 1083 3654 1140 animalium
3746 1086 3749 1089 ’

2081 1171 2349 1241 accipiunt
2371 1171 2680 1227 sacerdotes
2705 1189 2719 1225 :
2744 1172 3137 1228 immundorum
3162 1173 3653 1243 pretia.ﬂominum

2082 1276 2292 1332 quoque
2314 1262 2468 1333 primi
2496 1272 2678 1332 partus
2707 1263 3066 1333 redimuntur,
3084 1273 3139 1320 et
3156 1266 3287 1345 quia.
3301 1267 3538 1323 conditio
3553 1283 3656 1323 una

2082 1355 2450 1419 nascendiest,
2476 1355 2553 1429 (ά)
2576 1358 2803 1426 pretium
2874 1357 3034 1430 357
3107 1360 3384 1430 aequaliter
3409 1358 3658 1428 offertur.

2082 1444 2159 1503 sic
2182 1446 2515 1502 moderatum
2537 1457 2591 1502 et
2620 1448 2777 1504 leve:
2805 1456 2862 1505 ut
2883 1464 2981 1505 nec
3010 1450 3160 1506 dives
3185 1452 3525 1519 intumescat,
3557 1468 3661 1511 nec

2086 1538 2261 1593 tenuis
2304 1548 2682 1609 prmgravetur.
2726 1539 2932 1597 IEditui
2978 1552 3031 1598 et
3080 1543 3345 1613 janitores
3391 1545 3663 1616 accipiunt

2085 1630 2321 1686 decimas
2356 1650 2370 1686 :
2414 1644 2483 1687 et-
2514 1648 2724 1688 rursum
2777 1635 3011 1690 decimas
3055 1636 3380 1693 decimarum
3429 1640 3665 1696 offerunt

2087 1723 2455 1781 sacerdotibus
2486 1724 2671 1795 (Num.
2701 1726 2789 1782 18.
2817 1737 2865 1782 et
2892 1727 2983 1799 55)
3009 1746 3022 1782 :
3051 1737 3199 1785 tanto
3246 1732 3351 1786 illis
3391 1733 3662 1801 minores,

2087 1824 2288 1885 quanto
2317 1815 2416 1885 ipsi
2463 1817 2694 1887 majores
2722 1819 2936 1888 populo.
2962 1820 3319 1890 Quadraginta
3366 1832 3488 1878 octo
3529 1825 3665 1880 civi-

2091 1915 2226 1961 tates
2264 1908 2329 1962 ad
2379 1908 2722 1965 habitandum
2761 1910 2959 1966 Levitis
3001 1920 3054 1966 et
3101 1913 3478 1970 Sacerdotibus
3504 1898 3672 1986 sepe;

2089 2006 2275 2052 rantur
2322 2016 2335 2051 :
2385 2014 2476 2053 sex
2519 1999 2678 2055 urbes
2722 1999 3057 2071 fugitivorum
3098 2011 3243 2057 trans
3280 2003 3567 2060 Iordanem
3612 2014 3667 2061 et

2092 2088 2229 2141 intra
2257 2087 2543 2143 Jordanem
2574 2090 2843 2161 eliguntur
2876 2111 2889 2148 :
2918 2100 2973 2147 et
2999 2093 3121 2148 finis
3146 2094 3286 2149 exilii
3321 2108 3466 2150 mors
3487 2094 3668 2151 Ponti-

2092 2176 2208 2232 ficis
2246 2187 2345 2232 est.
2376 2177 2635 2234 Universa
2671 2196 2788 2249 quae
2826 2181 3049 2237 festinus
3104 2197 3284 2239 sermo
3334 2185 3664 2253 perstrinxit,

2094 2276 2149 2323 et
2186 2283 2413 2347 quorum
2461 2270 2662 2338 pulsavi
2697 2279 2923 2338 tantum,
2953 2286 3052 2328 nec
3092 2256 3273 2344 aperui
3310 2286 3664 2341 sacramenta,

2093 2359 2163 2414 ad
2210 2369 2430 2416 cunctos
2484 2361 2750 2430 pertinent
2794 2364 3101 2419 sacerdotes
3144 2382 3157 2418 :
3205 2364 3447 2422 Pontifex
3490 2374 3665 2422 autem

2095 2454 2307 2525 quantis
2351 2454 2550 2524 polleat
2580 2455 2902 2526 privilegiis,
2938 2456 3109 2513 dicam
3131 2456 3385 2514 breviter.

2166 2547 2219 2600 5.
2261 2545 2446 2617 Caput,
2477 2548 2666 2618 inquit,
2697 2564 2843 2601 suum
2862 2565 2962 2604 non
2990 2550 3317 2620 discooperiet
3346 2549 3531 2622 (Leuit.
3551 2551 3642 2623 21)

2097 2636 2267 2692 liabet
2287 2637 2527 2703 cidarim,
2557 2646 2610 2708 et
2630 2651 2820 2693 nomen
2847 2639 2939 2694 Dei
2968 2648 3144 2710 portat
3164 2640 3216 2695 in
3236 2640 3412 2697 fronte
3438 2656 3452 2694 :
3482 2641 3662 2698 diade-

2096 2734 2251 2785 tnate'
2267 2736 2486 2783 ornatus
2529 2738 2611 2782 est
2637 2729 2806 2799 regio,
2836 2730 2901 2784 ad
2943 2731 3232 2800 perfectam
3275 2731 3475 2788 Christi
3522 2734 3672 2789 venit

2098 2825 2330 2884 mtatem,
2350 2832 2561 2887 semper
2581 2819 2696 2888 ejus
2721 2819 2888 2889 gloria
2912 2823 3267 2892 protegendus
3289 2833 3372 2880 est
3399 2841 3414 2880 :
3439 2827 3671 2881 etvesti-

2098 2922 2276 2966 menta
2297 2927 2393 2967 sua
2422 2928 2528 2969 non
2560 2914 2789 2980 scindet,
2823 2916 2946 2984 quia
2993 2897 3221 2972 candida
3246 2928 3391 2985 sunt,
3425 2920 3546 2989 quia
3575 2920 3673 2975 im-

2098 3004 2296 3073 polluta
2315 3044 2329 3070 ,
2358 3006 2480 3074 quia
2506 3020 2702 3078 agnum
2732 3008 3008 3078 sequentia
3038 3024 3053 3061 :
3085 3017 3139 3065 et
3164 3009 3232 3065 de
3273 3020 3500 3067 attonsa:
3555 3013 3672 3068 ovis

2099 3094 2341 3152 confecta
2371 3098 2678 3154 velleribus.
2713 3099 2945 3155 Thamar
2988 3103 3185 3158 amissa
3211 3103 3484 3173 pudicitia,
3515 3105 3675 3162 scidit

2103 3189 2332 3253 tunicam
2365 3187 2517 3263 (Gen.
2540 3190 2652 3263 38).
2679 3192 2906 3262 Caiphas
2936 3193 3147 3263 perdito
3168 3194 3500 3261 sacerdotio,
3531 3198 3676 3266 rupit

2101 3279 2315 3350 publice
2340 3281 2661 3337 vestimenta
2715 3282 2929 3354 (Matth.
2960 3282 3077 3355 26).
3112 3282 3182 3354 (ε)
3215 3303 3233 3336 t
3262 3285 3435 3355 Super
3459 3302 3677 3342 omnem

2101 3373 2353 3434 animam,
2372 3389 2490 3443 quas
2511 3383 2715 3429 mortua
2733 3385 2833 3441 est,
2854 3390 2959 3432 non
2979 3376 3305 3446 ingredietur
3333 3396 3352 3431 ι
3382 3376 3565 3447 (Lavit.
3582 3378 3674 3435 21.

2102 3464 2215 3533 11).
2275 3463 2606 3536 Ubicumque
2644 3474 2921 3538 peccatum
2971 3475 3075 3534 est,
3108 3468 3240 3522 etin
3269 3479 3490 3537 peccato
3511 3483 3675 3536 mors,

2104 3557 2229 3612 illuc
2256 3557 2503 3614 Pontifex
2525 3574 2630 3613 non
2661 3559 2886 3615 accedit.
2923 3577 2941 3611 ι
2973 3558 3160 3615 Anima
3192 3575 3313 3629 quae
3340 3561 3677 3629 peccaverit,

2105 3647 2218 3717 ipsa
2239 3648 2496 3703 morietur
2518 3666 2537 3699 ι
2571 3648 2782 3720 (Ezech.
2817 3646 2928 3721 18).
2959 3649 3211 3716 Quamvis
3234 3650 3327 3704 ille
3364 3651 3435 3705 sit
3483 3650 3636 3707 dives
3658 3691 3675 3719 ,

2102 3738 2347 3806 quamvis
2377 3749 2587 3808 potens,
2622 3748 2677 3796 et
2696 3739 3088 3796 multitudinem
3110 3738 3299 3795 offerat
3318 3740 3677 3807 victimarum,

2068 3891 2075 3897 ,
2105 3828 2149 3884 si
2180 3836 2422 3883 mortuus
2453 3839 2556 3896 est,
2590 3828 2660 3900 (Ῑ)
2694 3844 2800 3883 non
2830 3828 3065 3899 tangitur
3085 3842 3117 3883 a
3143 3827 3399 3884 Pontifice
3420 3868 3434 3893 ,
3461 3843 3571 3895 non
3596 3829 3680 3885 vi-

2105 3919 2280 3975 detur.
2313 3917 2464 3985 Quod
2492 3919 2536 3975 si
2568 3919 2818 3988 resurgit,
2837 3926 2892 3973 et
2917 3918 2984 3973 ad
3012 3932 3199 3973 vocem
3216 3918 3511 3995 salvatoris
3526 3933 3682 3989 egre-

2106 4009 2248 4065 ditur
2267 4010 2334 4066 de
2359 4010 2604 4081 sepulcro
2623 4052 2640 4077 ,
2670 4020 2725 4066 et
2755 4010 2937 4065 fasciis
2965 4018 3309 4079 peccatorum
3362 4010 3569 4065 solutus
3600 4011 3684 4065 in-

2107 4103 2249 4158 cedit
2280 4102 2457 4171 (Joan.
2490 4104 2578 4159 11.
2606 4101 2700 4174 12)
2727 4142 2740 4167 ,
2788 4102 3013 4158 intrabit
3055 4099 3123 4155 ad
3168 4115 3290 4155 eum
3318 4100 3600 4155 Pontifex:
3630 4109 3685 4158 et

2108 4194 2183 4249 ibi
2230 4195 2388 4251 faciet
2432 4194 2809 4262 mansionem,
2838 4205 3044 4252 etcum
3097 4203 3411 4266 resurgente
3459 4193 3685 4266 prande-
3736 4174 3749 4182 ”

2106 4284 2204 4341 bit.

2178 4378 2233 4432 4.
2280 4396 2300 4428 ε
2325 4376 2498 4449 Super
2527 4385 2680 4448 patre
2709 4392 2806 4433 suo
2830 4386 2886 4435 et
2914 4385 3085 4433 matre
3124 4389 3218 4431 sua
3254 4390 3359 4431 non
3392 4376 3688 4445 inquinabi-

2112 4478 2227 4524 turi
2255 4470 2273 4540 (
2297 4468 2435 4523 Leuit
2464 4469 2554 4523 2i.
2602 4468 2717 4542 11).
2752 4468 2915 4526 Multa
2947 4482 3045 4523 nos
3067 4466 3243 4521 facere
3269 4466 3411 4536 cogit
3429 4465 3684 4523 affectus:

2108 4571 2163 4619 et
2191 4578 2298 4617 DUI
2324 4576 2775 4625 raormqurrusu
2802 4560 3118 4631 respicimus
3136 4572 3419 4628 corporum
3435 4598 3452 4626 ,
3480 4569 3538 4615 et
3565 4575 3686 4617 cor-

2108 4655 2255 4725 poris
2282 4663 2332 4709 et
2358 4654 2550 4708 animae
2578 4652 2902 4708 offendimus
2928 4651 3259 4707 Creatorem.
3289 4650 3391 4720 Qui
3420 4662 3562 4708 amat
3583 4668 3684 4725 pa-

2110 4755 2248 4800 trem
2274 4752 2367 4800 aut
2393 4755 2618 4799 matrem
2647 4758 2811 4812 super
2836 4743 3133 4809 Christum,
3165 4759 3269 4800 non
3299 4752 3381 4801 est
3399 4760 3467 4801 eo
3490 4746 3685 4816 dignus

2110 4836 2263 4908 (Luc.
2288 4837 2366 4907 9).
2393 4835 2693 4906 Discipulus
2723 4834 2790 4889 ad
2823 4836 3159 4907 sepulturam
3181 4838 3347 4908 patris
3369 4837 3448 4896 ire
3472 4839 3687 4897 desidc-
3726 4828 3733 4839 ’

2171 5075 2248 5140 (ά)
2284 5076 2427 5151 Male
2449 5077 2640 5140 quidam
2667 5077 2788 5151 editi
2815 5088 2868 5132 et
2891 5080 3003 5131 Mss.
3042 5098 3073 5151 tt
3101 5083 3214 5147 quia
3239 5083 3449 5151 conditio
3482 5086 3688 5151 humana

2108 5140 2336 5212 nascendi
2360 5143 2730 5212 estcommunis,
2754 5156 2927 5212 omnes
2950 5140 3157 5205 pretium
3182 5146 3436 5209 aequaliter
3456 5147 3686 5200 offerunt.

2178 5200 2235 5266 (ε)
2266 5200 2346 5276 Sic
2370 5210 2512 5276 vetus
2536 5200 2780 5276 interpres
2803 5219 2878 5276 ex.
2894 5200 3063 5256 Graeco
3086 5220 3142 5258 ιπι
3163 5200 3261 5270 πεισῆ
3284 5221 3379 5276 toﬁ
3397 5222 3685 5276 ταςιλιννήιυια,

2109 5263 2206 5337 etc:
2225 5263 2370 5336 unde.
2388 5266 2542 5337 etiam.
2558 5279 2644 5337 pro
2665 5263 2940 5337 ingreditur
2956 5304 2969 5327 ,
2993 5276 3217 5337 titantea
3239 5263 3355 5337 erat"
3366 5263 3414 5337 in
3450 5263 3684 5332 instanti,

2106 5324 2317 5398 fecimus
2351 5324 2647 5398 ingredietur
2663 5362 2678 5386 ,
2704 5324 2990 5398 tiqqenim',
3015 5333 3070 5398 ut
3094 5334 3269 5398 passim
3306 5332 3513 5398 lsthmc,
3532 5324 3684 5398 atque

2106 5386 2362 5499 altilarénfra
2389 5386 2718 5451 habebantur,
2755 5386 3042 5455 Hieronymi
3079 5386 3230 5444 verba
3259 5398 3391 5451 sunt,
3425 5386 3515 5440 sed
3551 5386 3683 5444 Scri-

2106 5462 2278 5513 Ριιξτξθτ

2177 5510 2233 5578 (f)
2271 5511 2475 5578 Reginae
2495 5511 2747 5578 exemplar
2762 5529 2833 5578 ,_«
2849 5524 2944 5564 non
2970 5516 3183 5578 tangitur
3200 5528 3228 5564 a
3250 5511 3513 5578 Sacerdote
3534 5549 3548 5572 ,
3572 5516 3677 5567 sive

2105 5584 2135 5623 ι
2533 5550 2737 5625 νεαρξη..
2762 5550 3518 5646 seruatae:summa
3534 5550 3566 5621 ν.

2175 5637 2238 5703 (1)
2277 5638 2492 5703 Duce;qu
2508 5649 2571 5687 ex
2597 5636 2976 5703 consensublss.
2997 5645 3048 5687 et
3068 5636 3361 5703 Moguntina:
3384 5636 3551 5703 prima:
3576 5637 3680 5703 edi:

2106 5696 2252 5763 tjoni's
2274 5712 2351 5748 an.
2380 5699 2515 5763 ωηο.
2546 5700 2751 5749 retineri
2783 5700 2927 5762 jubet
2961 5697 3225 5748 onesimtts.
3267 5696 3515 5763 Praeterea
3551 5700 3682 5763 quod

2107 5760 2366 5811 Onesimus
2409 5760 2707 5812 Philemonis
2750 5752 2924 5822 servus
2966 5766 3069 5807 erat
3111 5770 3172 5822 ex
3214 5755 3414 5822 epistola
3441 5752 3584 5822 Pauli
3616 5765 3677 5813 ad

2109 5824 2337 5873 eumdem
2359 5837 2407 5871 v.
2434 5825 2516 5879 lii,
2548 5830 2642 5885 ctc.
2671 5819 2993 5884 onesipltorus
3015 5830 3108 5870 non
3131 5819 3283 5881 item,
3317 5819 3404 5870 sed
3436 5819 3679 5885 ingenuus

2110 5894 2162 5936 et
2196 5887 2299 5947 howL
2319 5898 2373 5933 cs
2391 5884 2625 5947 Aj.(:sluli.
