4146 6336
541 432 639 499 6n

537 566 689 621 rans,
713 547 1011 607 Salvatoris
1036 542 1354 619 prohibetur
1379 546 1624 618 imperio.
1673 546 1881 614 ρσιιιτι
1926 547 2116 604 Motu-

545 657 758 701 znoamt
775 641 903 697 dum
924 639 1091 711 patris
1116 641 1408 709 matrisque
1421 639 1761 702 miserentur,
1775 653 1898 694 suas
1912 639 2119 693 animas

536 733 926 808 perdiderunt!
963 732 1137 804 Super
1165 739 1317 804 patre
1342 741 1396 787 et
1422 740 1592 787 matre
1616 731 1782 802 pollui
1829 730 1982 785 nobis
2009 742 2118 785 non

464 883 473 901 ,
537 826 685 889 licet,
702 833 904 895 quanto
919 823 1087 894 magis
1099 837 1260 894 super
1277 823 1458 888 fratre,
1483 822 1778 887 sororibus,
1801 821 1964 894 358
1983 834 2118 876 con-

461 911 479 939 “
535 915 791 981 sobrinis,
826 915 1046 982 familia,
1078 913 1344 970 servulis?
1371 913 1551 968 Genus
1581 912 1761 982 regale
1787 921 1842 966 et
1865 910 2119 966 sacerdo-

536 1009 643 1065 tale
662 1022 866 1063 sumus.
897 1005 1057 1062 [LLUII
1084 1018 1432 1061 ATTENDAIUS
1456 1012 1684 1074 patrem,
1713 1003 1802 1073 qui
1846 1015 2116 1072 nunquam

468 1097 476 1124 ’
537 1098 787 1162 moritur,
813 1104 905 1151 aut
931 1096 1019 1166 qui
1057 1109 1152 1166 pro
1181 1093 1336 1150 nobis
1376 1094 1602 1148 moritur
1629 1110 1643 1146 :
1673 1103 1726 1148 et
1751 1092 1841 1163 qui
1872 1091 1998 1146 ideo
2023 1091 2122 1145 vi-

538 1207 672 1247 vens
699 1197 940 1245 mortuus
970 1195 1071 1252 est,
1102 1194 1160 1241 ut
1187 1200 1287 1240 nos
1308 1194 1550 1241 mortuos
1575 1183 1886 1240 viviﬁcaret.
1921 1181 1976 1238 Si
1994 1181 2120 1253 quid

543 1283 804 1339 habemus
850 1281 917 1337 de
962 1279 1194 1352 Egypto
1237 1279 1378 1350 quod
1428 1279 1676 1350 princeps
1724 1277 1906 1332 mundi
1959 1290 2117 1331 suum

542 1375 717 1445 possit
744 1387 1060 1444 agnoscere,
1090 1371 1292 1427 tenenti
1321 1369 1587 1442 Egyptia:
1615 1385 1738 1425 cum
1771 1369 1935 1441 pallio
1956 1369 2124 1424 relin-

543 1480 771 1537 quamus
793 1462 944 1535 (Gen.
973 1460 1089 1534 39).
1119 1461 1357 1518 Sindone
1385 1471 1607 1532 opertus
1635 1459 1973 1524 adolescens,
2003 1457 2117 1514 vin-

540 1566 687 1613 ctum
715 1555 999 1610 Dominum
1035 1555 1361 1624 sequebatur
1402 1550 1595 1624 (Marc.
1629 1552 1721 1623 14)
1749 1567 1766 1606 :
1799 1550 2120 1606 incurrisset

540 1647 594 1704 in
653 1647 904 1718 laqueos,
937 1641 1040 1701 uisi
1085 1644 1367 1716 expeditus
1393 1653 1447 1699 et
1484 1643 1655 1699 nudus
1685 1641 2120 1713 persequentium

539 1740 862 1796 declinasset
893 1739 1175 1810 impetum.
1207 1737 1519 1793 Reddamus
1546 1735 1858 1807 parentibus
1882 1751 2001 1807 quae
2029 1749 2124 1806 pa-

539 1843 755 1888 rentum
777 1841 939 1886 sunt:
969 1831 1014 1886 si
1046 1840 1224 1886 tamen
1256 1831 1477 1885 vivunt:
1507 1831 1552 1885 si
1579 1829 1873 1885 servientes
1896 1827 2122 1884 Domino

541 1923 684 1978 ﬁlios
722 1938 851 1979 suos
871 1921 1118 1993 praeferri
1149 1921 1249 1976 sibi
1273 1921 1590 1991 gloriantur.

611 2015 665 2070 5.
703 2033 722 2067 ‹
756 2015 825 2069 Et
848 2014 917 2070 de
946 2015 1144 2070 sanctis
1170 2029 1278 2069 non
1305 2015 1615 2081 egredietur
1645 2031 1660 2068 :
1693 2023 1749 2070 et
1785 2029 1891 2069 non
1920 2013 2125 2084 polluet

540 2106 1012 2163 sanctificationem
1046 2106 1137 2161 Dei
1170 2106 1253 2160 sui
1280 2125 1298 2158 ι
1332 2105 1526 2178 (Leuit.
1551 2106 1642 2160 2i.
1668 2106 1781 2174 £2).
1817 2106 1919 2160 Pro
1948 2107 2122 2163 otioso

540 2213 752 2269 quoque
796 2198 962 2253 verbo
1011 2198 1272 2252 rationem
1319 2196 1580 2252 reddituri
1626 2211 1853 2252 sumus:
1886 2213 1953 2250 ετ
1980 2211 2121 2251 onus

541 2303 678 2352 ouoo
709 2305 812 2343 non
841 2287 1069 2344 mdificat
1094 2289 1376 2345 audientes
1400 2330 1414 2352 ,
1444 2289 1496 2343 in
1549 2288 1844 2358 periculum
1896 2287 2124 2341 vertitur

540 2380 892 2451 loquentium.
923 2379 1038 2451 Ego
1061 2381 1105 2434 si
1132 2380 1329 2444 fecero,
1355 2381 1399 2434 si
1425 2379 1613 2434 dixero
1643 2378 1936 2449 quippiam,
1979 2376 2120 2447 quod

543 2472 965 2540 reprehensione
1005 2471 1221 2541 dignum
1253 2481 1335 2526 est
1363 2487 1375 2523 :
1405 2470 1472 2525 de
1516 2471 1714 2524 sanctis
1743 2470 2022 2539 egredior,
2069 2476 2124 2523 et

544 2561 726 2629 pollno
781 2561 1097 2615 vocabulum
1146 2562 1382 2635 Christi,
1433 2561 1485 2616 in
1525 2577 1630 2630 quo
1678 2562 1805 2616 mihi
1836 2561 2120 2615 blandior:

542 2659 740 2720 quanto
771 2651 940 2719 magis
965 2650 1212 2705 Pontifex
1243 2660 1298 2706 et
1340 2651 1633 2720 Episcopus
1659 2691 1675 2717 ,
1727 2666 1880 2720 quem
1911 2659 2124 2719 Oportet

541 2756 664 2798 esse
690 2742 808 2797 sine
832 2741 1058 2796 crimine
1105 2741 1232 2812 (Tit.
1267 2741 1324 2812 1)
1354 2759 1366 2795 :
1402 2751 1778 2812 tantarumque
1828 2743 2082 2796 virtutum
2102 2782 2120 2809 ,

541 2841 598 2890 ut
625 2848 840 2904 semper
866 2842 1108 2889 moretur
1132 2834 1184 2887 in
1214 2833 1425 2889 Sanctis
1461 2851 1477 2888 :
1515 2842 1569 2888 et
1613 2844 1828 2904 paratus
1871 2833 1941 2888 sit
1963 2833 2124 2889 victi-

541 2940 658 2982 mas
703 2926 898 2982 offerre
929 2940 1025 2995 pro
1055 2926 1253 2996 populo
1276 2966 1292 2992 ,
1333 2925 1413 2995 (l)
1444 2933 1726 2995 sequester
1766 2925 2038 2980 hominum
2067 2934 2123 2980 et

541 3018 660 3085 Dei,
687 3027 742 3073 et
763 3031 956 3074 carnes
981 3018 1101 3089 agni
1125 3033 1282 3074 sacro
1302 3033 1397 3073 ore
1417 3019 1709 3074 conficiens
1735 3036 1749 3072 :
1783 3037 1803 3070 ι
1831 3018 1963 3086 Quia
1992 3033 2122 3074 san-

541 3120 685 3165 etum
711 3109 889 3164 oleum
917 3107 994 3181 (a)
1022 3108 1220 3164 Christi
1255 3109 1346 3165 Dei
1369 3109 1452 3163 sui
1478 3125 1641 3180 super
1667 3124 1790 3164 eum
1816 3118 1916 3164 est.
1953 3128 1972 3163 ι
2004 3108 2119 3164 Non

542 3201 850 3272 egredietur
876 3200 942 3256 de
970 3210 1177 3268 sancto,
1231 3217 1298 3257 ne
1325 3203 1706 3256 vestimentum
1755 3217 1862 3272 quo
1904 3201 2120 3258 indutus

541 3299 644 3357 est,
671 3291 893 3360 polluat.
921 3291 1194 3362 Quotquot
1229 3291 1372 3347 enim
1403 3293 1456 3346 in
1488 3293 1704 3349 Christo
1730 3293 1982 3364 baptizati
2033 3307 2122 3349 su-

539 3395 684 3448 mus,
710 3380 986 3437 Christum
1013 3381 1284 3438 induimus
1305 3382 1448 3451 (Gal.
1468 3383 1548 3455 5).
1576 3383 1864 3439 Servemus
1887 3384 2118 3440 tunicam

538 3486 698 3544 quam
723 3474 1046 3543 accepimus,
1068 3481 1304 3528 sanctam
1323 3474 1687 3529 custodiamus
1723 3475 1778 3529 in
1796 3461 2000 3530 sancto.
2023 3475 2120 3530 Ille

540 3572 828 3619 montanus
853 3563 1120 3620 habitator
1144 3605 1158 3630 ,
1197 3566 1286 3635 qui
1316 3565 1384 3621 de
1409 3565 1706 3621 Jerusalem
1756 3565 2120 3623 descendebat

539 3654 595 3710 in
619 3653 858 3726 Jericho,
884 3670 990 3711 non
1019 3656 1170 3726 prius
1191 3657 1507 3713 vulneratus
1533 3668 1637 3726 est,
1670 3673 1831 3728 quam
1862 3658 2114 3715 nudatus.

541 3745 844 3802 lnfunditur
867 3747 917 3802 ei
947 3747 1126 3804 oleum
1152 3747 1600 3805 medicamentum
1630 3749 1767 3818 lene,
1799 3759 1852 3806 et
1903 3750 2117 3807 miseri-

540 3840 722 3895 cordia
762 3849 1117 3910 temperatum
1149 3857 1164 3895 :
1197 3851 1251 3897 et
1275 3842 1398 3913 quia
1421 3841 1608 3898 debuit
1633 3843 1966 3914 negligentiae
1995 3860 2118 3900 sen-

538 3933 639 3990 tire
687 3935 981 3989 cruciatum
1006 3975 1022 4002 ,
1053 3934 1161 3989 vini
1188 3935 1501 3991 austeritate
1527 3936 1803 3992 mordetur
1829 3937 1978 4009 (Luc.
2002 3938 2112 4008 40):

535 4032 596 4080 ιιι
645 4040 743 4097 per
765 4027 940 4082 oleum
963 4026 1030 4080 ad
1060 4027 1426 4098 paenitentiam
1448 4039 1792 4100 provocetur,
1812 4045 1908 4100 per
1936 4031 2114 4085 vinum

535 4118 874 4174 severitatem
903 4119 1100 4174 sentiat
1126 4118 1438 4188 iudicantis.

609 4207 664 4261 6.
710 4224 730 4258 ‹
766 4205 1002 4262 Uxorem
1027 4208 1292 4278 virginem
1319 4209 1569 4279 accipiet,
1595 4209 1811 4267 viduam
1842 4222 2019 4268 autem
2061 4219 2117 4267 et

537 4296 765 4365 eiectam
804 4306 859 4352 et
889 4299 1228 4354 meretricem
1280 4315 1387 4354 non
1419 4301 1681 4371 accipiet,
1716 4303 1810 4359 sed
1857 4305 2117 4375 virginem

537 4386 606 4442 de
633 4401 829 4458 genere
854 4401 974 4456 suo,
1004 4396 1059 4443 et
1085 4403 1190 4442 non
1224 4389 1607 4445 contaminabit
1649 4407 1830 4448 semen
1855 4409 2009 4448 suum
2062 4394 2115 4449 in

537 4477 754 4548 p0pulo.
777 4477 894 4548 Ego
912 4478 1167 4532 Dominus
1184 4479 1272 4548 qui
1299 4479 1574 4534 sanctifico
1593 4495 1713 4535 eum
1741 4499 1760 4532 ι
1797 4483 1814 4552 (
1839 4481 2000 4537 Leuit.
2021 4485 2114 4540 21.

538 4569 665 4638 it).
710 4569 836 4624 Scio
874 4569 1204 4640 pontificem,
1262 4571 1346 4625 cui
1399 4580 1662 4643 praecepta
1693 4587 1837 4628 nunc
1865 4573 2060 4630 dantur
2085 4591 2118 4631 a

541 4657 812 4728 plerisque
837 4659 1109 4716 Christum
1183 4660 1346 4735 359
1419 4662 1640 4734 intelligi
1668 4679 1682 4716 :
1713 4672 1768 4719 et
1792 4663 1843 4719 id
1871 4665 2010 4735 quod
2037 4667 2119 4722 di-

537 4757 682 4804 ctum
700 4757 804 4815 est,
823 4766 842 4800 ι
870 4765 1029 4820 super
1046 4762 1198 4823 patre
1219 4764 1272 4809 et
1287 4763 1457 4810 matre
1477 4770 1582 4810 non
1597 4756 1980 4828 inquinabitur,
2008 4777 2027 4812 ι
2051 4759 2119 4828 de

539 4837 783 4908 virginali
806 4838 986 4895 Mariae
1013 4853 1169 4912 partu
1197 4845 1419 4900 edisseri
1455 4863 1468 4899 :
1502 4848 1778 4920 multoque
1804 4850 2011 4907 facilior
2035 4861 2120 4908 est

537 4943 701 5002 super
721 4931 948 4987 Domino
973 4933 1363 5005 interpretatio,
1382 4937 1474 5007 qui
1490 4938 1637 4994 audit
1655 4940 1707 4995 in
1725 4940 1937 4998 Psalmo
1962 4961 1976 4998 :
1997 4943 2116 5014 «(Tu

541 5036 603 5080 es
630 5023 882 5082 sacerdos
906 5025 957 5080 in
983 5037 1262 5096 aeternum,
1294 5028 1588 5086 secundum
1611 5032 1851 5089 ordinem
1895 5035 2117 5092 Melchi-

599 5218 771 5294 ((1)1in
791 5220 964 5294 Graeco
980 5230 1039 5275 ὅτι
1053 5234 1208 5286 eam
1228 5233 1348 5294 usus
1366 5237 1419 5294 εδ
1448 5240 1694 5294 δρψρῴ
1715 5244 1806 5281 θεοῦ
1829 5244 1884 5282 ις’
1900 5244 2028 5286 αὗται.
2053 5233 2118 5285 Ει

742 5282 948 5355 quidem
962 5281 1150 5355 nomen
1165 5299 1193 5334 a
1217 5281 1561 5355 vetustioribus
1578 5281 2116 5355 _Hieronymiawnisvetﬁ-v

536 5346 752 5413 tionibus
787 5345 994 5413 aberat,
1013 5347 1064 5395 in
1099 5345 1216 5413 Mss.
1239 5350 1705 5413 auteminveuitur;
1730 5345 1818 5402 se?!
1854 5354 1994 5406 facile
2032 5363 2118 5409 aut

535 5407 771 5475 chrismg,
793 5409 1060 5475 autverius
1076 5407 1325 5475 Christum
1337 5421 1356 5475 ;_
1379 5412 1485 5472 ejus
1507 5411 1611 5462 loco
1636 5407 1898 5475 legendum
1924 5425 2018 5467 est.

606 5468 847 5541 (lLParia
875 5469 1036 5541 habet
1075 5472 1136 5541 in‘
1161 5468 1421 5541 Malacliiae'
1446 5475 1640 5541 cap.__2.
1683 5468 1828 5537 e'ique
1871 5476 2118 5541 origenes

538 5531 718 5582 nomn.
741 5531 788 5580 2.
815 5531 1081 5598 inLevitic.
1098 5531 1308 5598 Basilius
1327 5531 1526 5598 Constit'.
1553 5531 1766 5586 Monast.‘
1782 5550 1888 5598 cap.
1913 5531 1990 5589 ΞΣ
2016 5541 2118 5593 alii-

536 5607 634 5655 que
652 5599 856 5644 veteres
876 5593 1244 5657 adstipulantur.
1262 5594 1315 5657 S.
1330 5594 1625 5657 Augustinus
1646 5605 1808 5648 tamen
1831 5593 1916 5649 lib.
1929 5602 1976 5650 2.
2003 5616 2118 5653 con-

536 5631 634 5704 iii“
644 5631 1244 5728 Parthenianth
1263 5631 2113 5728 iiuncfilouat‘ilstaﬂm'

538 5718 667 5784 quod
693 5717 1008 5784 mediatorem
1049 5717 1161 5770 esse
1199 5718 1408 5784 dixisset
1429 5718 1716 5784 Episcopum
1739 5717 1868 5784 inter
1893 5717 2118 5778 homines

538 5784 591 5826 et
614 5777 802 5838 Deum,
836 5780 964 5847 quod
1004 5795 1128 5847 unus
1149 5782 1387 5847 mediator
1411 5777 1716 5835 sit'Chri'stus
1739 5783 1913 5847 VJesus.
1951 5777 2114 5847 Quare
2144 5797 2145 5800 “

539 5849 772 5915 ep‘sengsn‘
785 5841 1096 5915 accipiendas
1112 5846 1312 5915 estipse
1331 5844 1536 5915 Hieron.
1554 5853 1608 5894 ut
1629 5846 1887 5896 ministerii
1907 5841 2113 5915 tantum,

537 5905 686 5956 atque
709 5900 1076 5955 intercessionis
1097 5900 1416 5960 medihtorem
1441 5909 1718 5974 episcopum
1743 5921 1856 5961 esse
1879 5910 2017 5964 velit.
2051 5900 2115 5984 ﬁ;

1840 429 2084 492 SANCTI
2124 423 2502 490 BIERONYMI

3693 427 3802 492 61!

2223 546 2382 603 sedec
2409 563 2429 599 ι
2455 543 2626 616 (Paul.
2657 543 2778 600 109.
2820 544 2935 615 ﬂ).
2980 544 3048 600 Et
3075 545 3129 601 in
3155 545 3414 602 Zacharia
3439 563 3454 601 :
3489 565 3512 602 ι
3539 548 3674 604 Audi
3705 550 3800 608 εἶθ.-

2221 651 2284 692 su
2305 636 2554 692 sacerdos
2579 651 2768 706 magne
2793 655 2814 689 ι
2842 636 3026 708 (ΖαοΙι.
3045 639 3098 693 3.
3116 638 3210 708 8):
3245 647 3298 693 et
3324 639 3410 693 cui
3437 640 3651 695 sordida
3670 656 3794 710 pec.

2221 736 2462 782 catorum
2491 736 2797 783 nostrorum
2815 731 3127 784 vestimenta
3147 729 3430 798 tolluntur,
3453 739 3510 785 ut
3540 733 3800 802 recipiant

2221 818 2445 890 gloriam
2476 835 2636 890 quam
2667 819 2853 876 habuit
2879 821 3019 892 apud
3047 830 3251 892 patrem
3281 821 3428 892 prius
3454 838 3614 893 quam
3641 840 3799 878 mun-

2221 910 2322 967 dus
2348 920 2508 968 esset.

2294 1003 2348 1057 7.
2389 1001 2496 1058 Sed
2523 1018 2590 1058 ne
2624 1003 2746 1074 quis
2765 1018 2852 1059 me
2879 1003 2987 1059 vim
3013 1002 3192 1061 facere
3220 1004 3512 1075 Scripturae
3550 1013 3718 1076 putet,
3751 1017 3798 1058 et

2223 1092 2302 1149 sic
2328 1107 2508 1149 amare
2535 1093 2807 1150 Christum
2828 1135 2844 1162 ,
2869 1103 2928 1151 ut
2966 1095 3204 1151 historia:
3227 1095 3464 1152 auferam
3496 1093 3808 1158 veritatem,‘

2224 1184 2616 1256 interpretabor
2647 1187 2698 1240 in
2727 1187 3005 1253 membris,
3035 1182 3177 1258 quod
3208 1188 3474 1244 referatur
3519 1188 3595 1259 (ὁ)
3625 1189 3688 1242 ad
3721 1203 3800 1242 ca-

2224 1284 2318 1346 put
2348 1293 2362 1330 :
2395 1275 2684 1347 intelligam
2709 1277 2776 1334 de
2793 1279 2984 1345 servis,
3013 1280 3153 1350 quod
3180 1279 3528 1350 impleaturin
3550 1279 3792 1334 Domino.

2223 1367 2538 1438 Quanquam
2566 1369 2737 1439 gloria
2781 1369 3014 1435 Domini,
3061 1369 3231 1440 gloria
3264 1370 3582 1426 famulorum
3613 1372 3699 1425 sit.
3732 1370 3798 1423 Et

2224 1457 2545 1530 ubicumque
2571 1460 2943 1530 Opportunitas
2985 1460 3088 1515 loci
3127 1462 3341 1530 tulerit,
3369 1463 3446 1518 sic
3466 1462 3534 1517 de
3559 1477 3689 1517 vero
3713 1462 3798 1516 lu-

2222 1552 2368 1607 mine
2404 1552 2707 1622 disputabo,
2735 1560 2794 1608 ιιι
2817 1552 3089 1608 derivetur
3105 1553 3169 1607 ad
3191 1568 3306 1621 eos,
3335 1553 3527 1624 quibus
3554 1551 3798 1608 Christus

2223 1643 2460 1712 donavit,
2500 1653 2558 1699 ιιι
2587 1645 2766 1700 lumen
2812 1645 2941 1700 sint.
2980 1645 3222 1701 Pontifex
3272 1646 3392 1711 iste,
3420 1661 3576 1716 quem
3606 1645 3796 1700 Mosai-

2222 1749 2318 1790 eus
2343 1750 2522 1791 sermo
2545 1736 2799 1792 describit
2825 1779 2840 1802 ,
2868 1736 3078 1791 viduam
3115 1738 3344 1806 eiectam
3374 1748 3427 1792 et
3463 1740 3794 1792 meretricem

2224 1841 2331 1881 non
2362 1827 2503 1881 ducit
2537 1843 2779 1882 uxorem.
2799 1827 2963 1882 Vidua
2983 1837 3086 1893 est,
3116 1827 3266 1897 cuius
3297 1831 3516 1884 maritus
3546 1838 3628 1884 est
3655 1843 3797 1881 mor-

2227 1926 2370 1973 tuus.
2405 1919 2608 1988 Eiecta,
2639 1935 2758 1989 qua:
2785 1935 2812 1972 τι
2847 1921 3038 1975 marito
3068 1924 3279 1978 vivente
3298 1921 3592 1990 projicitur.
3621 1921 3796 1976 Mere-

2225 2011 2351 2077 trix,
2376 2025 2493 2080 qnm
2510 2010 2798 2064 multorum
2819 2011 3022 2065 libidini
3045 2019 3210 2081 patet.
3226 2011 3330 2067 Sed
3347 2013 3571 2082 accipiet,
3600 2013 3792 2082 inquit,

2223 2119 2435 2158 uxorem
2459 2103 2704 2173 virginem
2729 2112 2774 2155 et
2805 2102 2868 2156 de
2893 2119 3072 2173 genere
3098 2120 3208 2168 suo,
3263 2118 3366 2157 non
3413 2103 3790 2173 alienigenam,

2225 2209 2293 2249 ne
2338 2195 2392 2248 in
2421 2195 2557 2248 mala
2589 2202 2728 2247 terra
2760 2193 3018 2246 nobilium
3046 2177 3308 2249 seminum
3347 2193 3604 2247 frumenta
3631 2193 3796 2262 dege-

2226 2294 2398 2340 neret.
2428 2284 2544 2338 Non
2573 2284 2932 2349 meretricem,
2963 2300 3082 2354 qua:
3109 2284 3287 2338 multis
3306 2284 3538 2352 exposita
3556 2293 3796 2339 estama-

2227 2376 2450 2430 toribus.
2479 2374 2593 2429 Non
2621 2375 2869 2443 eiectam,
2891 2390 3009 2444 quae
3031 2375 3188 2429 etiam
3214 2375 3373 2443 priori
3396 2373 3793 2443 conjugioindi-

2224 2483 2323 2539 gna
2371 2468 2486 2522 fuit.
2521 2467 2636 2522 Non
2685 2468 2943 2532 viduam,
2998 2483 3066 2521 ne
3109 2467 3448 2537 pristinarum
3497 2466 3794 2522 meminerit

2224 2560 2556 2630 voluptatum
2584 2576 2597 2613 :
2630 2559 2723 2614 sed
2756 2559 2899 2613 illam
2931 2558 3183 2624 animam,
3216 2574 3334 2629 quae
3372 2575 3478 2613 non
3506 2559 3661 2614 habet
3685 2574 3795 2613 ma-

2223 2652 2420 2718 culam,
2449 2667 2620 2722 neque
2649 2667 2860 2721 rugam,
2889 2666 3007 2721 quae
3033 2666 3153 2706 cum
3176 2650 3387 2706 Christo
3413 2661 3617 2715 renata,
3638 2652 3792 2705 inno-

2223 2751 2376 2796 vatur
2403 2741 2471 2795 de
2501 2741 2587 2798 die
2633 2743 2686 2796 in
2735 2741 2874 2797 diem
2901 2783 2916 2808 ,
2971 2741 3038 2797 de
3065 2757 3163 2812 qua
3207 2742 3490 2812 Apostolus
3522 2742 3791 2812 loquitur:

2224 2830 2488 2901 Despondi
2505 2833 2636 2885 enim
2663 2849 2748 2887 vos
2773 2834 2862 2886 uni
2888 2834 2995 2887 viro
3014 2873 3029 2898 ,
3059 2834 3298 2905 virginem
3335 2843 3523 2887 castam
3565 2832 3796 2886 exhibere

2223 2923 2422 2977 Christo
2451 2925 2470 2994 (
2489 2924 2536 2978 i.
2568 2921 2688 2980 Cor.
2719 2925 2807 2979 Η.
2837 2924 2936 2998 2).
2979 2924 3113 2981 Nolo
3149 2925 3458 2993 discipulam
3513 2925 3792 2994 coniugem

2222 3017 2494 3073 Pontificis
2523 3018 2808 3089 quidquam
2837 3017 3022 3072 haberi
3052 3019 3118 3073 de
3137 3017 3302 3073 veteri
3331 3016 3563 3073 homine.
3588 3016 3642 3072 Si
3661 3030 3794 3072 con-

2222 3109 2554 3165 surreximus
2580 3112 2700 3165 cum
2720 3109 2954 3176 Christo,
2976 3126 3038 3166 ea
3060 3126 3178 3182 quas
3201 3125 3410 3166 sursum
3433 3120 3589 3176 sunt,
3620 3109 3794 3179 sapia-

2222 3217 2360 3258 mus.
2402 3202 2801 3258 Praateritorum
2843 3203 3038 3269 obliti,
3076 3203 3373 3258 futurorum
3400 3201 3561 3256 avidi.
3607 3199 3793 3255 lnfelix

2222 3293 2427 3360 Simon,
2459 3295 2581 3364 quia
2611 3303 2732 3366 post
2760 3294 3082 3364 baptismum
3111 3295 3180 3350 de
3205 3296 3423 3364 antiquo
3451 3294 3794 3350 matrimonio

2221 3384 2510 3456 cogitabat,
2538 3400 2638 3440 nec
2665 3385 2732 3440 ad
2761 3385 3080 3457 virginalem
3101 3394 3319 3442 venerat
3346 3386 3629 3457 puritatem
3650 3428 3665 3456 ,
3691 3385 3794 3442 Pe-

2219 3479 2287 3534 tri
2308 3479 2578 3534 consortio
2606 3478 2853 3551 indignus
2874 3479 2992 3536 fuit.
3652 3490 3660 3499 ‘

2293 3571 2347 3626 8.
2387 3568 2704 3641 Compulisti
2743 3586 2864 3638 me,
2909 3571 3127 3628 Fabiola
3151 3612 3167 3638 ,
3210 3571 3400 3628 litteris
3426 3571 3568 3638 tuis,
3620 3579 3678 3626 ut
3721 3571 3792 3631 de

2221 3662 2398 3717 Aaron
2445 3663 2517 3734 (ο)
2571 3663 2666 3719 tibi
2694 3663 2998 3720 sacerdotio
3033 3664 3324 3720 scriberem
3350 3673 3404 3720 et
3439 3664 3791 3721 vestimentis.

2222 3754 2332 3825 Ego
2361 3755 2481 3824 plus
2506 3755 2696 3822 obtuli,
2723 3765 2783 3811 ut
2807 3755 2874 3810 de
2903 3755 3038 3811 cibis
3065 3764 3118 3812 et
3145 3755 3397 3826 primitiis
3432 3757 3789 3822 sacerdotum,

2218 3853 2268 3900 et
2286 3845 2353 3901 de
2367 3847 2741 3903 observatione
2752 3848 3023 3904 Pontificis
3034 3848 3492 3906 Praefatiunculam
3511 3858 3792 3907 Struerem.

2220 3936 2448 4007 Egressa
2476 3940 2544 3993 de
2573 3937 2841 4005 Sodomis,
2885 3949 2940 3994 et
2966 3939 3032 3994 ad
3062 3949 3312 3995 montana
3359 3940 3634 4009 festinans,
3687 3957 3792 3996 non

2217 4028 2298 4083 vis
2321 4029 2562 4087 habitare
2579 4030 2629 4085 in
2644 4044 2808 4100 parva
2824 4030 2956 4087 urbe
2969 4032 3158 4102 Segor.
3183 4032 3589 4089 Transcendens
3635 4033 3796 4104 360

2218 4122 2541 4194 proselytos,
2585 4125 2828 4193 praeteris
2869 4117 3157 4186 Israelitas,
3189 4125 3464 4181 dimittens
3500 4126 3794 4182 Leviticnm

2218 4212 2463 4282 gradum,
2511 4222 2566 4269 et
2600 4222 2833 4283 praepete
2862 4230 3036 4285 penna
3081 4217 3414 4272 transvolans
3460 4217 3792 4284 sacerdotes,

2217 4303 2284 4358 ad
2310 4303 2622 4361 Pontiﬁcem
2645 4307 2810 4362 venis.
2834 4306 2943 4362 Sed
2967 4307 3092 4364 dum
3115 4317 3292 4364 vestes
3310 4308 3424 4378 eius
3439 4317 3494 4364 et
3514 4307 3796 4362 Rationale

2219 4395 2451 4464 pectoris
2498 4394 2783 4466 diligenter
2826 4397 3087 4468 inquiris,
3132 4407 3312 4453 nostra
3342 4397 3436 4452 tibi
3471 4398 3796 4468 displicuere

2218 4485 2509 4540 consortia.
2538 4485 2606 4540 Et
2633 4495 2686 4540 tu
2704 4486 2918 4557 quidem
2939 4496 3121 4559 optato
3167 4486 3357 4542 frueris
3383 4490 3494 4543 otio
3524 4506 3537 4541 :
3568 4496 3622 4542 et
3640 4487 3795 4558 juxta

2219 4572 2548 4646 Babylonem
2616 4576 3018 4636 Bethleemitica
3077 4576 3300 4634 forsitan
3359 4593 3485 4634 rura
3534 4579 3795 4649 suSpiras.

2218 4662 2327 4720 Nos
2356 4664 2412 4719 in
2444 4665 2696 4735 Ephrata,
2725 4668 2936 4724 tandem
2969 4685 3098 4740 pace
3125 4670 3354 4737 reddita,
3384 4671 3683 4741 vagientem
3728 4669 3799 4727 de

2219 4758 2448 4828 prmsepi
2498 4759 2745 4815 audimus
2779 4760 3074 4817 infantem:
3105 4770 3162 4819 et
3188 4764 3554 4834 querimonias
3579 4763 3695 4834 eius
3735 4777 3800 4818 ac

2219 4851 2437 4906 voculas
2458 4851 2524 4908 ad
2551 4862 2668 4908 tuas
2696 4867 2855 4910 aures
2880 4855 3124 4925 cupimus
3149 4855 3453 4927 pervenire.

2291 4943 2344 4999 9.
2385 4942 2637 5015 Legimus
2683 4945 2736 5000 in
2786 4945 2995 5013 Exodo,
3051 4945 3477 5017 tabernaculum,
3535 4962 3798 5014 mensam,

2218 5035 2595 5092 candelabrum
2621 5078 2638 5104 ,
2685 5038 2874 5105 altare,
2910 5037 3188 5094 columnas
3211 5079 3224 5104 ,
3257 5039 3506 5109 tentoria,
3558 5054 3799 5108 coccum,

2219 5129 2460 5202 byssum,
2486 5131 3152 5202 biacynthum,purpuram
3174 5149 3239 5190 ex
3261 5149 3414 5201 auro,
3433 5143 3674 5206 argento,
3694 5149 3802 5191 acre

2219 5235 2346 5276 vasa
2374 5219 2607 5290 diversa,
2639 5223 3039 5279 tabernaculum
3070 5225 3304 5283 divisum
3343 5230 3397 5284 in
3445 5228 3565 5295 tria,
3596 5226 3802 5283 duode-

2220 5313 2324 5369 cim
2345 5326 2513 5384 panes
2530 5328 2626 5383 per
2646 5313 2881 5384 singulas
2902 5313 3265 5372 hebdomadas
3281 5333 3482 5374 mensa:
3501 5318 3801 5388 impositos,

2220 5405 2278 5462 in
2298 5405 2620 5464 candelabro
2657 5417 2863 5478 septem
2891 5407 3142 5465 lucernas
3165 5451 3180 5477 ,
3211 5411 3382 5470 altare
3430 5411 3620 5468 hostiis
3646 5411 3794 5467 bolo.

2290 5605 2372 5678 (bi
2391 5605 2576 5678 Yitlose
2587 5607 2785 5678 habent
2806 5610 2902 5678 duo
2933 5610 3072 5660 codd.
3095 5610 3302 5678 Regina:
3323 5615 3390 5663 ad
3411 5625 3586 5677 corpus
3607 5627 3696 5678 pro
3717 5627 3790 5666 ca-

2337 5667 2480 5734 Infra
2504 5669 2685 5734 levium
2708 5673 2927 5734 quaedam
2941 5667 3288 5734 emendatius.
3497 5667 3507 5677 '
3608 5667 3624 5678 '
3809 5695 3811 5697 ι

2291 5729 2352 5801 ις)
2379 5729 2548 5780 Veteri
2567 5729 2865 5801 editionian.
2885 5733 3018 5784 M96.
3037 5735 3492 5801 consentiensalter
3515 5737 3641 5801 Reg.
3655 5736 3787 5788 liber

2220 5798 2272 5841 ut
2294 5792 2656 5861 de_Aaron__tibi
2677 5795 2938 5861 scriberem
2977 5795 3282 5861 vestimentis,
3322 5800 3510 5861 absque
3546 5792 3798 5851 sacerdoti

2221 5854 2472 5924 mentione
2496 5852 2630 5912 ulla;
2663 5852 2773 5916 qua}
2814 5856 3018 5906 fortasse
3049 5859 3216 5924 verius
3253 5852 3520 5924 emittitur,
3547 5863 3653 5924 eius
3677 5865 3793 5914 enin

2222 5916 2471 5977 dignitatis
2493 5924 2792 5968 sacramenta
2817 5932 2912 5968 non
2953 5917 3181 5968 cxolicat.
