4146 6336
438 291 543 349 617

434 403 575 476 gulis
614 399 878 474 lapidibus
918 398 1213 462 secundum
1240 405 1426 454 aetates
1454 386 1736 464 duodecim
1768 398 2010 456 tribuunt

436 496 646 565 sculpta
668 501 795 549 sunt
820 491 1064 548 nomina.
1094 490 1202 559 llos
1232 488 1438 560 lapides
1462 489 1516 545 in
1541 487 1844 545 diademate
1871 488 2018 559 prin-

434 588 572 658 cipis
592 582 741 656 Tyri,
765 591 821 638 et
869 582 927 637 in
949 580 1271 653 Apocalypsi
1294 579 1518 636 Joannis
1542 579 1788 651 legimus,
1810 578 1878 633 de
1898 576 2016 650 qui-

432 678 539 735 bus
574 674 841 733 extruitur
863 673 1104 730 ctelestis
1142 671 1439 730 Jerusalem
1469 672 1682 744 (Ezedo.
1708 670 1818 737 38;
1850 671 2010 741 Apoc.

432 769 529 840 ει)
555 786 568 823 :
593 777 649 824 et
691 768 792 822 sub
835 765 1029 821 horum
1071 763 1377 820 nominibus
1410 774 1466 819 et
1504 763 1689 833 specie
1712 804 1728 830 ,
1762 762 2015 845 virtutum

433 860 521 915 vel
542 857 695 924 ordo,
717 856 806 914 vel
828 854 1120 912 diversitas
1144 854 1428 911 indicatur.
1457 854 1560 910 Per
1581 862 1807 925 quatuor
1831 851 2017 907 Ratio-

435 953 573 1008 nalis
610 950 870 1021 angulos,
909 956 1144 1020 quatuor
1169 947 1353 1004 annuli
1384 957 1508 1001 sunt
1536 947 1724 1014 aurei,
1757 945 2013 1000 habentes

433 1050 623 1097 contra
664 1052 725 1097 se
757 1041 811 1096 in
848 1038 1286 1110 Superbumerali
1313 1038 1447 1093 alios
1500 1046 1766 1109 quatuor,-
1794 1038 1853 1090 u’t
1890 1048 2012 1089 eum

433 1134 732 1203 appositum
763 1129 926 1187 fuerit
951 1139 1105 1197 λόγων
1132 1130 1185 1184 ἰιι
1215 1130 1359 1193 loco,
1390 1144 1546 1200 quem
1572 1128 1626 1183 in
1652 1126 1842 1197 Ephod
1866 1125 2009 1182 dixi-

433 1237 555 1279 mus
582 1222 938 1288 derelictum,
967 1222 1198 1277 annulus
1220 1220 1401 1277 veniat
1422 1228 1607 1279 contra
1635 1219 1890 1273 annulum
1911 1257 1927 1285 ,
1958 1225 2011 1273 et

434 1321 622 1369 mutuo
660 1314 760 1369 sibi
787 1314 936 1369 vittis
956 1313 1279 1384 copulentur
1315 1310 1697 1383 hiacynthinis.
1741 1309 1909 1365 Porro
1943 1314 2012 1363 ne

434 1404 743 1475 magnitudo
762 1413 818 1462 et
842 1403 1052 1474 pondus
1071 1402 1307 1472 lapidum
1326 1410 1577 1458 contexta
1606 1399 1834 1455 stamina
1864 1412 2010 1452 rum-

433 1501 621 1564 peret,
647 1508 780 1550 auro
820 1493 969 1564 ligati
1010 1502 1136 1550 sunt
1177 1502 1337 1563 atque
1363 1490 1602 1547 conclusi
1630 1506 1645 1543 :
1672 1503 1773 1544 nec
1800 1487 2011 1544 suti‘ecit

434 1583 537 1639 hoc
581 1584 648 1638 ad
692 1583 1033 1649 ﬁrmitatem,
1066 1582 1170 1637 nisi
1197 1590 1252 1638 et
1277 1589 1480 1638 catena:
1504 1596 1573 1636 ex
1603 1593 1737 1635 auro
1779 1578 2006 1643 tierent,

433 1691 552 1746 qua,
594 1675 666 1731 ob
711 1672 1164 1745 pulchritudinem
1213 1671 1409 1728 fistulis
1452 1669 1631 1726 aureis
1676 1678 2006 1741 tegerentur,

432 1768 799 1837 liaberentque
822 1773 879 1822 et
904 1765 960 1821 in
989 1763 1258 1819 Rationali
1288 1777 1448 1833 supra
1475 1761 1612 1817 duos
1642 1760 1875 1831 majores
1910 1774 2006 1814 an-

431 1858 621 1923 nulos,
651 1857 742 1927 qui
771 1855 982 1911 uncinis
1009 1852 1477 1925 Superbumeralis
1512 1850 1693 1907 aureis
1723 1858 2008 1905 necteren-

432 1961 543 2017 tur,
574 1960 629 2007 et
651 1949 901 2006 deorsum
926 1947 1063 2002 alios
1085 1946 1260 2002 duos:
1286 1960 1410 2000 nam
1444 1952 1564 2014 post
1590 1953 1796 2014 tergum
1825 1942 1878 1996 in
1905 1941 2008 1996 Su-

431 2039 792 2114 perbumerali
807 2048 993 2095 contra
1018 2048 1208 2110 pectus
1236 2046 1293 2093 et
1315 2036 1673 2101 stomachum,
1691 2049 1756 2088 ex
1782 2040 2010 2101 utroque

429 2133 598 2190 latere
615 2139 771 2188 erant
795 2131 979 2187 annuli
1003 2129 1175 2195 aurei,
1206 2126 1301 2199 qui
1326 2127 1530 2182 catenis
1555 2140 1678 2180 cum
1711 2122 2009 2179 Rationalis

429 2222 778 2280 inferioribus
799 2220 1012 2277 annulis
1028 2218 1391 2289 iungebantur
1415 2233 1428 2270 :
1452 2225 1614 2286 atque
1644 2215 1715 2269 ita
1745 2213 1923 2280 ﬁebat,
1954 2220 2010 2266 ut

429 2314 820 2384 astringeretur
846 2315 903 2367 et
932 2308 1213 2364 Rationale
1236 2297 1696 2377 Superliumerali,
1729 2314 1785 2359 et
1811 2303 2011 2372 Super-

429 2405 708 2461 bumerale
725 2401 1019 2468 Rationali,
1041 2408 1104 2455 ut
1128 2415 1233 2455 una
1261 2409 1472 2456 textura
1496 2405 1684 2453 contra
1704 2394 2008 2452 videntibus

427 2508 724 2570 putaretur.

499 2589 590 2644 is.
611 2584 810 2643 Octava
837 2592 922 2641 est
949 2581 1147 2639 lamina
1174 2595 1337 2638 aurea
1356 2621 1374 2649 ,
1400 2579 1452 2636 id
1469 2587 1572 2644 est,
1589 2578 1692 2636 SlS
1715 2577 1919 2644 ZAAB,
1952 2577 2005 2633 in

424 2696 534 2749 qua
548 2678 804 2748 scriptum
825 2685 910 2732 est
929 2689 1123 2731 nomen
1163 2674 1329 2746 π
1385 2674 1478 2731 Dei
1495 2672 1769 2728 Hebraicis
1780 2674 2009 2743 quatuor

426 2768 621 2827 litteris
634 2767 777 2833 JOD,
803 2766 918 2832 HE,
950 2764 1107 2833 VAV,
1130 2764 1243 2830 RE,
1265 2763 1408 2834 quod
1427 2763 1567 2833 apud
1599 2766 1719 2819 litus
1744 2762 2007 2818 ineti‘abile

428 2864 784 2929 nuncupatur.
807 2858 933 2914 Haec
950 2871 1114 2927 super
1131 2855 1389 2927 pileolum
1417 2855 1615 2911 lineum
1640 2863 1697 2911 et
1721 2858 2007 2910 commune

427 2950 667 3007 omnium
695 2944 1073 3013 Sacerdotium,
1106 2946 1160 3001 in
1185 2947 1441 3002 Pentitice
1471 2946 1589 3017 plus
1616 2944 1851 3011 additur,
1874 2955 1928 3001 ut
1952 2945 2006 3001 in

429 3040 605 3098 fronte
622 3040 734 3095 vita
758 3039 1098 3112 liiaeyntbina
1125 3038 1545 3109 constringatur,
1564 3052 1853 3104 renuens.
1874 3038 2007 3095 Pon-

429 3135 585 3192 tiﬁcis
605 3132 1080 3206 pulchritudinem,
1105 3131 1197 3188 Dei
1220 3131 1537 3188 vocabulum
1559 3140 1785 3187 coronet
1801 3140 1857 3187 et
1884 3144 2007 3203 pro-

429 3234 591 3299 tegat.

497 3321 587 3377 i9.
632 3318 923 3377 Didicimus
942 3359 958 3385 ,
985 3333 1106 3390 qua:
1132 3318 1217 3374 vel
1251 3316 1556 3374 communia
1585 3330 1708 3373 eum
1736 3315 2006 3374 Sacerdo-

430 3414 604 3479 tibus,
634 3412 719 3469 vel
759 3426 881 3484 qua:
919 3411 1173 3482 specialia
1214 3412 1487 3468 Pontiﬁcis
1513 3411 1832 3468 vestimenta
1858 3411 2002 3466 sint:

430 3514 485 3561 et
524 3506 569 3561 si
611 3515 752 3561 tanta
777 3488 1068 3560 dil‘tieultas
1098 3503 1199 3560 fuit
1226 3505 1277 3559 in
1303 3506 1447 3561 vasis
1477 3505 1729 3563 fictilibus
1748 3547 1765 3571 ,
1804 3514 2005 3576 quanta

430 3598 685 3668 maiestas
707 3597 812 3654 erit
841 3601 892 3653 in
924 3599 1205 3661 thesauro,
1241 3600 1329 3668 qui
1362 3592 1688 3654 intrinsecus
1717 3598 1880 3655 latet?
1910 3597 2002 3652 Di-

430 3695 613 3743 camus
651 3686 809 3757 igitur
852 3687 1002 3758 prius
1025 3689 1168 3758 quod
1195 3687 1264 3742 ab
1293 3687 1536 3743 Hebraas
1567 3687 1875 3756 accepimus
1903 3704 1917 3742 :
1950 3695 2007 3743 et

429 3776 572 3849 juxta
601 3791 805 3833 morem
836 3786 1115 3842 nostrum,
1150 3776 1440 3846 spiritualis
1481 3787 1664 3847 postea
1695 3776 2003 3848 intelligen-

429 3869 517 3924 tia:
541 3869 657 3924 vela
689 3868 1005 3939 pandemus.
1043 3869 1284 3934 Quatuor
1310 3869 1524 3924 colores
1549 3877 1606 3924 et
1628 3877 1860 3939 quatuor
1889 3868 2004 3925 ele-

428 3969 605 4015 menta
651 3959 989 4025 referuntur,
1035 3975 1102 4016 ex
1146 3959 1339 4031 quibus
1389 3960 1637 4015 universa
1683 3960 2002 4017 subsistunt.

427 4050 628 4124 Byssus
653 4061 812 4108 teme
836 4052 1143 4124 deputatur,
1171 4052 1294 4124 quia
1320 4068 1385 4109 ex
1416 4061 1556 4108 terra
1582 4053 1839 4124 gignitur.
1874 4053 2003 4108 Pur-

429 4156 561 4211 pura
576 4143 733 4210 mari,
750 4145 874 4214 quia
890 4157 956 4199 ex
967 4143 1085 4214 ejus
1103 4144 1394 4200 cochleolis
1415 4145 1652 4216 tingitur.
1668 4144 2004 4218 Hiacynthus

427 4235 506 4309 (ιι)
535 4237 646 4291 aeri
673 4277 689 4299 ,
717 4245 937 4307 propter
961 4236 1162 4293 coloris
1190 4237 1615 4293 similitudinem.
1662 4237 1869 4294 Coccus
1895 4238 2004 4309 igni

427 4336 482 4383 et
503 4327 713 4394 aetheri,
735 4329 826 4399 qui
851 4329 1110 4385 llebreice
1129 4343 1245 4385 sam
1274 4330 1574 4401 appellatur
1599 4350 1613 4386 :
1641 4330 1782 4400 quod
1810 4331 2005 4401 Aquila

426 4421 676 4494 eam...
708 4421 1068 4492 Symmachus
1102 4427 1306 4497 δίραφον
1342 4424 1724 4494 interpretatus
1761 4433 1865 4479 est.
1898 4424 2005 4480 Pro

423 4524 587 4566 cocco
612 4510 764 4581 juxta
795 4511 1041 4567 Latinum
1067 4513 1343 4584 eloquium
1361 4555 1378 4578 ,
1402 4513 1544 4585 apud
1581 4514 1837 4570 llebrzeos
1864 4522 2004 4571 ne.

425 4616 568 4655 ιΑτιι
588 4642 605 4666 ,
637 4601 688 4653 id
713 4609 831 4666 est,
863 4603 1191 4657 vermiculus
1225 4605 1513 4660 scribitur:
1542 4615 1599 4661 et
1636 4606 1839 4675 justum
1880 4622 2004 4663 esse

423 4696 872 4755 commemorant,
902 4700 959 4744 ut
983 4690 1225 4747 Pontifex
1252 4693 1326 4764 (ὁ)
1366 4686 1638 4750 Greateris
1681 4712 1789 4751 non
1827 4698 2002 4753 solum

392 4778 462 4846 ’ί
485 4823 564 4892 (ᾳ)
594 4823 830 4892 Plerique
851 4814 966 4877 Has.
991 4829 1039 4876 et
1058 4825 1181 4877 aeri.
1205 4827 1309 4892 Sed
1327 4823 1575 4892 Iosephus
1617 4830 1702 4879 lib.
1726 4832 1777 4886 3.
1811 4844 1919 4892 cap.
1953 4831 2001 4881 7.

421 4887 555 4952 unde
594 4887 701 4952 haec
742 4887 1068 4952 Hieronymus
1090 4889 1360 4942 transtulit.
1382 4896 1435 4938 et
1451 4887 1628 4948 'Philo,
1655 4887 1883 4952 neutram
1899 4894 2006 4943 sive

421 4950 555 4998 aeris
574 4950 681 5016 sive
698 4950 897 5016 aetheris
916 4950 1036 5016 cortu
1054 4952 1323 5016 arationem
1343 4963 1489 5016 cocco
1503 4953 1739 5016 tribuunt.
1765 4951 2011 5016 Origenes

423 5022 622 5076 quoque
656 5011 703 5076 in
731 5010 953 5061 Exodum
981 5010 1105 5076 hac
1147 5012 1300 5076 veluti
1343 5013 1492 5076 vulgo
1517 5013 1766 5076 notissima
1794 5010 2002 5076 recitat:

431 5070 455 5115 ᾱ
474 5070 773 5137 Hiaeynthus
796 5086 916 5135 ergo
937 5073 997 5122 ad
1017 5085 1186 5137 aerem
1210 5070 1455 5133 refertur:
1468 5075 1561 5125 hoc
1584 5075 1715 5124 enim
1746 5075 1853 5137 ipse
1887 5075 2007 5137 iudi-

425 5139 503 5180 cat.
524 5132 654 5183 eoler
669 5135 833 5200 ;_sicut
845 5132 1019 5200 (Soccus
1033 5134 1095 5183 ad
1103 5135 1277 5200 ignem
1290 5154 1305 5196 ς
1318 5132 1544 5200 purpurae
1564 5149 1703 5200 aqua:
1723 5132 1861 5187 tenet
1886 5135 2009 5199 liga.-

425 5204 547 5262 ram,
571 5196 709 5262 quasi
748 5208 860 5257 qua:
904 5195 970 5244 de
997 5196 1143 5262 aquis
1179 5195 1382 5259 accipiat
1411 5195 1628 5262 'fucumf
1647 5199 1820 5262 hyssus
1839 5195 2007 5262 terrm,

462 5255 537 5321 uia
559 5255 714 5321 oritur
734 5255 797 5306 ex
821 5264 972 5321 terra.
997 5255 1094 5307 Pro
1112 5255 1296 5321 0499993.,
1314 5259 1443 5321 quod
1453 5258 1576 5309 infra
1589 5255 1862 5321 ἁθιξδυάκνον
1883 5255 2009 5321 legit

462 5269 537 5303 una
559 5266 714 5305 oritur
734 5269 797 5306 ex
821 5266 972 5306 terra.
998 5266 1094 5307 t’ro
1112 5266 1217 5321 esse
1259 5285 1294 5317 ν,
1348 5266 1576 5309 uodiufra
1589 5267 1715 5317 eam
1883 5266 1897 5308 Ι
1971 5266 2006 5312 it

426 5266 654 5392 ﬁrus‘ius,
678 5324 828 5380 atque
853 5318 1111 5392 editiones...
1314 5272 1531 5392 (Romam:
1551 5273 1875 5392 adﬁgi“,
1899 5274 2006 5373 :3:-

427 5379 856 5458 32.9939???“
878 5380 1112 5458 ⁸ξὲίὲἓὲ
1124 5380 1524 5458 ﬂammatus
1543 5379 1895 5458 αιιιὲρίέωίέέι
1916 5398 2009 5458 νιῖο

428 5439 700 5549 ἓῖἕὲῐιέιέςιιὶ
739 5447 892 5504 διμτσν
923 5441 1146 5505 plerique
1169 5442 1285 5494 Mss.
1311 5439 1568 5508 perperam
1603 5439 2008 5511 dia/or,'Latinis

510 5513 625 5552 eris.

492 5560 565 5629 (ὁ)
602 5562 739 5613 Unus
758 5562 965 5627 Reginae
988 5565 1173 5623 codex,
1197 5571 1248 5616 ut
1290 5566 1514 5629 Pontifex
1533 5568 1771 5620 creaturis
1791 5566 2007 5620 euntibus

430 5622 691 5693 adornatus
713 5637 807 5693 you
829 5622 1001 5693 solum,
1029 5634 1123 5693 etc.
1147 5622 1387 5693 _qu:e_nen
1426 5622 1712 5681 Clossntoris
1754 5632 2007 5693 ingenium

430 5683 519 5752 ped
541 5686 695 5748 ipsius
715 5683 1008 5752 Hieronymi
1047 5683 1189 5738 nobis
1208 5688 1400 5739 referre
1425 5692 1522 5741 visa
1546 5701 1690 5752 sunt;
1732 5683 1851 5741 intra
1878 5695 2005 5741 enin

431 5741 525 5795 hoc
538 5741 691 5798 s'ensu
732 5765 757 5797 ι
772 5741 978 5812 justu'm,
1001 5750 1170 5813 inquit,
1190 5764 1310 5812 ergo
1330 5758 1454 5813 erat,
1476 5755 1600 5805 sicut
1615 5741 1759 5815 supra
1781 5767 1845 5805 ex
1865 5763 2006 5815 parte

1780 272 2107 349 timerem
2150 283 2330 341 LXIV.

3596 292 3699 351 6l8

2125 410 2222 466 pro
2248 390 2435 463 lsrael,
2470 397 2564 454 sed
2592 404 2647 455 ct
2673 408 2771 469 pro
2797 400 3046 457 universo
3075 404 3276 463 mundo
3300 413 3487 477 roget:
3511 406 3556 463 si
3577 410 3701 479 qui-

2123 486 2243 542 dem
2285 502 2351 544 ex
2394 495 2533 543 terra
2574 495 2626 544 et
2665 503 2801 560 aqua
2835 495 2893 553 et
2920 505 3048 548 aere
3077 502 3132 549 et
3170 495 3290 565 igne
3328 495 3560 553 mundus
3599 498 3702 555 iste

2121 577 2369 634 consistit
2395 597 2409 634 :
2437 588 2493 635 et
2522 579 2636 634 lucc
2661 579 2927 636 elementa
2956 583 3065 638 sint
3090 587 3350 644 emnidm.
3386 586 3539 645 Unde
3586 592 3696 660 pri-

2122 683 2265 721 mum
2293 669 2672 725 vestimentum
2706 668 2929 739 lineum,
2963 682 3158 728 terram
3182 677 3484 747 significat:
3508 694 3701 735 secun-

2120 758 2246 813 dum
2282 747 2709 831 itiacynthinum,
2740 774 2919 818 acrent
2952 763 3004 816 in
3032 766 3214 823 colore
3238 769 3571 828 demonstrat
3600 774 3695 842 (al.

2120 848 2507 918 demonstrans)
2535 852 2694 923 :quia
2724 851 2792 909 de
2822 855 3054 910 terrenis
3083 857 3337 927 paulatim
3379 862 3445 917 ad
3483 866 3696 920 excelsa

2121 937 2194 1012 (ό)
2243 940 2695 999 sustollimur:ct
2734 942 2849 1014 ipsa
2890 945 3054 1000 vestis
3096 946 3438 1020 liiaeynthina
3467 968 3496 1009 a
3527 958 3701 1026 capite

2120 1042 2289 1101 usque
2313 1031 2381 1086 ad
2413 1032 2549 1087 talos
2572 1035 2813 1100 veniens,
2837 1035 3035 1091 indicat
3062 1050 3242 1094 aerem
3269 1040 3335 1095 de
3361 1044 3511 1099 caelis
3533 1062 3700 1116 usque

2119 1120 2187 1176 ad
2214 1130 2411 1177 terram
2438 1122 2635 1180 fusum.
2665 1124 2797 1181 Mala
2824 1136 3002 1183 autem
3036 1130 3226 1200 punica
3257 1142 3310 1187 et
3342 1133 3696 1192 tintinnabula

2118 1212 2171 1267 in
2216 1212 2559 1271 inferioribus
2599 1217 2769 1286 posita
2793 1259 2807 1284 ,
2845 1215 3051 1290 fulgura
3095 1221 3432 1294 tonitruaque
3468 1205 3697 1282 demon-

2116 1310 2289 1358 strant
2314 1322 2330 1360 :
2355 1305 2469 1361 sive
2496 1314 2693 1363 terram
2720 1317 2778 1364 et
2802 1325 3022 1380 aquam,
3053 1316 3108 1368 et
3129 1313 3366 1370 omnium
3396 1317 3696 1374 elemento—

2117 1402 2235 1448 rum
2255 1394 2393 1450 inter
2403 1411 2463 1452 se
2478 1400 2879 1457 conswnantiam
2903 1413 2989 1458 :et
3005 1405 3082 1458 sie
3100 1403 3200 1460 sibi
3220 1406 3467 1463 universa
3487 1412 3671 1481 perple
3684 1444 3701 1455 -

2116 1492 2203 1551 Xa,
2228 1494 2285 1539 ut
2311 1486 2363 1541 in
2391 1488 2613 1559 singulis
2641 1491 2803 1562 367
2833 1494 3012 1548 omnia
3040 1496 3396 1566 reperiautm.
3422 1501 3574 1569 Quod
3602 1518 3699 1557 au-

2116 1576 2221 1629 tem
2247 1577 2539 1647 supradicti
2563 1580 2778 1635 colores
2798 1594 2931 1639 auro
2964 1584 3151 1641 intcxﬁ
3173 1596 3326 1644 sunt:
3343 1589 3392 1645 id
3411 1593 3696 1663 significari

2116 1665 2318 1732 volunt,
2346 1668 2489 1738 quod
2522 1671 2697 1726 vitalis
2723 1673 2890 1741 calor,
2922 1684 2979 1730 ct
3003 1677 3167 1732 divini
3191 1695 3383 1738 sensus
3412 1686 3697 1753 providens

2115 1757 2186 1812 tia
2210 1760 2456 1814 universo
2481 1770 2742 1831 penetret.
2766 1762 3220 1835 Stipz-rltnmerale
3241 1781 3295 1826 ct
3315 1772 3449 1829 duos
3469 1775 3691 1847 lapides,

2115 1847 2198 1901 vel
2229 1848 2624 1920 smaragdinos,
2648 1853 2731 1907 vel
2754 1855 3074 1926 onychinos,
3097 1859 3188 1930 qui
3213 1861 3449 1932 desuper
3472 1880 3613 1933 sunt,
3641 1879 3696 1926 et

2115 1949 2399 2013 utrumque
2421 1941 2706 2000 humerum
2734 1956 2952 2017 tegunt,
2987 1947 3095 2004 duo
3128 1950 3501 2024 bemisphmria
3533 1950 3696 2016 inte-r-

2115 2040 2428 2103 pt'ctantur:
2467 2051 2698 2106 quorum
2742 2039 2887 2096 aliud
2934 2058 3096 2114 super
3136 2053 3334 2102 terram
3360 2090 3373 2113 ,
3407 2048 3547 2105 aliud
3594 2056 3695 2108 sul:

2116 2131 2254 2178 terra
2279 2125 2378 2189 sit;
2406 2125 2520 2181 sive
2542 2127 2713 2182 solem
2739 2139 2793 2182 et
2816 2129 3021 2196 lunam,
3051 2150 3170 2204 quae
3196 2136 3426 2209 desuper
3453 2141 3692 2197 rutilant.

2112 2212 2309 2270 Z-onam
2340 2216 2504 2280 illam,
2528 2233 2631 2289 qua
2653 2221 2951 2278 sacerdotis
2980 2234 3168 2293 pectus
3191 2238 3448 2300 arceatur,
3479 2247 3531 2289 et
3555 2234 3692 2291 linea

2114 2306 2312 2374 ttmica,
2340 2306 2423 2379 (ά)
2448 2308 2498 2363 id
2520 2318 2604 2364 est
2634 2320 2798 2378 terra,
2822 2315 3210 2386 constringitur
3232 2336 3246 2374 :
3272 2319 3694 2392 interpretatum-

2112 2412 2387 2454 oceanum.
2422 2400 2702 2458 Rationale
2726 2402 2779 2458 in
2811 2404 2995 2464 medio
3023 2409 3253 2480 positum
3283 2422 3477 2470 terram
3500 2415 3697 2475 odisses

2112 2497 2238 2544 runt
2262 2508 2275 2545 :
2298 2506 2417 2561 qum
2463 2491 2635 2548 instar
2678 2498 2859 2564 puneti
2880 2539 2896 2563 ,
2930 2498 3055 2555 licet
3077 2501 3258 2556 omnia
3292 2503 3344 2557 in
3372 2520 3431 2561 se
3462 2506 3650 2563 habeat
3674 2544 3689 2575 ,

2114 2588 2288 2634 tamen
2305 2594 2333 2633 a
2355 2583 2561 2637 cunctis
2580 2583 2808 2641 vallatur
2824 2587 3129 2646 elementis.
3154 2591 3440 2650 Duodecim
3462 2597 3691 2668 lapides.

2111 2669 2194 2725 vel
2222 2669 2500 2728 zodiacum
2529 2673 2952 2746 interpretantur
2981 2680 3237 2739 circulum
3257 2724 3273 2750 ,
3298 2686 3381 2742 vel
3408 2686 3692 2748 duodecim

2111 2765 2351 2826 menses,
2374 2772 2428 2814 et
2456 2762 2679 2834 singulis
2709 2768 2988 2824 versiculis
3015 2770 3221 2843 singula
3251 2775 3526 2847 assignant
3554 2790 3696 2837 tem-
3774 2796 3782 2807 ‘

2111 2858 2261 2918 pera,
2292 2861 2348 2905 et
2379 2850 2462 2906 bis
2490 2863 2674 2910 ternos
2698 2856 2956 2927 deputant
2988 2876 3223 2919 menses.
3255 2864 3364 2921 Nec
3388 2867 3546 2931 alicui
3568 2887 3692 2941 grue

2112 2941 2223 3027 tilis
2244 2943 2488 3001 videatur
2508 2948 2793 3018 expositio.
2825 2950 2938 3006 Neu
2970 2964 3096 3009 est:
3125 2968 3170 3011 st
3201 2959 3479 3016 cmtesru
3510 2971 3565 3017 et
3597 2963 3689 3018 Dei

2109 3033 2548 3105 dispositionem,
2584 3038 2847 3096 idolorum
2878 3045 3185 3101 noninibus
3215 3046 3573 3118 infirmarum,
3608 3054 3690 3109 id-

2108 3125 2253 3182 eirco
2294 3127 2390 3183 Dei
2436 3138 2519 3184 est
2561 3133 2804 3200 neganda
2851 3133 3221 3204 providentia,
3256 3154 3375 3208 qum
3401 3152 3545 3196 certa
3576 3143 3693 3215 lege

2109 3220 2276 3275 currit
2300 3228 2355 3276 et
2379 3219 2587 3287 fertur,
2618 3233 2675 3278 et
2702 3224 2839 3295 regit
2864 3226 3065 3281 omnia.
3107 3217 3239 3283 Nam
3271 3240 3324 3285 et
3356 3231 3405 3285 in
3433 3232 3556 3301 Job,
3587 3234 3694 3291 Ar-
3787 3302 3790 3305 _

2109 3318 2321 3367 cturum
2351 3319 2406 3369 et
2430 3311 2711 3379 Orionem,
2741 3324 2795 3369 et
2827 3315 2901 3386 (e)
2928 3321 3235 3382 uazunoru,
3268 3318 3368 3376 hoc
3391 3332 3493 3392 cst,
3522 3325 3711 3380 zodia-'

2109 3406 2231 3457 cum
2275 3402 2532 3458 circulum
2577 3413 2631 3459 et
2670 3413 2865 3461 caetera
2906 3416 3173 3464 astrorum
3207 3413 3421 3468 nomina
3458 3414 3690 3485 legimus

2109 3491 2252 3562 (Job.
2279 3492 2333 3551 9.
2357 3493 2543 3564 e159).
2569 3492 2686 3550 Non
2713 3498 2854 3565 quod
2876 3497 3064 3554 eadem
3087 3499 3226 3570 apud
3256 3501 3508 3560 llebra'os
3536 3521 3697 3561 voca-

2111 3581 2233 3637 bula
2276 3583 2407 3650 sint,
2435 3583 2530 3638 sed
2560 3588 2681 3655 quia
2710 3601 2808 3641 nos
2834 3603 2940 3642 non
2968 3603 3253 3658 possumus
3275 3607 3394 3661 qurc
3414 3593 3692 3662 dicuntur,

2109 3674 2211 3727 nisi
2237 3675 2509 3729 consuetis
2536 3675 2758 3731 Vocibus
2787 3674 3104 3749 intelligere.
3132 3680 3359 3737 Pulchre
3385 3692 3562 3740 autem
3593 3684 3697 3741 lioe

2110 3762 2282 3832 ipsum
2310 3763 2452 3833 quod
2484 3763 2537 3819 in
2569 3766 2749 3821 medio
2773 3775 2889 3833 est,
2918 3769 3219 3839 appellatur
3260 3770 3576 3841 Rationale;
3611 3790 3698 3829 ra-

2064 3872 2069 3877 '
2111 3854 2254 3909 tione
2277 3855 2421 3909 enim
2444 3865 2633 3910 cuncta
2665 3866 2791 3912 sunt
2816 3857 2992 3928 plena,
3021 3868 3077 3915 et
3107 3871 3319 3918 terrena
3352 3867 3557 3921 luerent
3583 3882 3695 3922 coe-

2110 3944 2337 4000 lestibus
2359 3963 2372 3998 :
2396 3945 2506 4000 imo
2535 3946 2672 4000 ratio
2729 3955 3064 4004 terrenorum
3095 3959 3152 4006 et
3210 3962 3536 4023 temporum,
3560 3959 3700 4011 calo-

2110 4034 2186 4089 ris
2211 4042 2266 4090 et
2292 4034 2527 4105 frigoris,
2559 4044 2615 4092 e‘t
2641 4036 2835 4107 duplex
2868 4038 3010 4095 inter
3040 4050 3271 4114 utraque
3300 4046 3609 4118 temperies,
3633 4048 3702 4102 de‘

2109 4125 2232 4181 coeli
2271 4140 2432 4181 cursu
2473 4134 2528 4182 et
2565 4128 2770 4183 ratione
2799 4128 3097 4188 descendit.
3127 4130 3282 4191 Unde
3321 4144 3376 4193 et
3416 4136 3706 4194 Rationale

2109 4230 2230 4271 cum
2262 4216 2447 4288 Ephod
2479 4216 2672 4274 fortius
2700 4219 3003 4291 Stringitur.
3046 4220 3217 4279 Porro
3252 4228 3392 4296 quod
3419 4227 3618 4285 dicitur
3648 4231 3703 4286 in

2111 4306 2229 4377 ipso
2254 4307 2519 4363 Rationali
2548 4312 2748 4373 eam“
2777 4325 2898 4367 esse
2923 4320 2981 4368 et
3012 4315 3248 4382 ἀλήθεια,
3275 4316 3325 4371 id
3348 4310 3453 4386 est,
3486 4321 3708 4388 manife-

2108 4398 2281 4466 stalio,
2313 4408 2475 4471 atque
2496 4399 2762 4469 doctrina,
2792 4401 2876 4459 vel
2907 4404 3116 4470 veritas,
3146 4402 3251 4461 hoc
3280 4406 3456 4477 ipsum
3489 4410 3705 4480 signifi-

2109 4498 2198 4545 cat
2219 4519 2239 4558 ί
2263 4490 2406 4562 quod
2438 4506 2711 4562 nunquam
2753 4491 2806 4547 in
2856 4491 2955 4559 Dei
2983 4494 3195 4551 ratione
3222 4496 3563 4554 mendacium
3594 4503 3700 4567 sit;

2109 4611 2345 4680 diximus,
2368 4612 2788 4680 utl’ontifexpei
2815 4620 3149 4680 creaturarum
3166 4618 3382 4680 omnium
3408 4625 3575 4679 typum
3599 4631 3725 4680 por-

2112 4675 2561 4783 tsgsin‘vestibus,
2610 4675 2851 4724 indicaret
2888 4682 3062 4725 cuneta
3108 4676 3337 4740 indigere
3375 4675 3715 4734 miiericdrdia

2202 4748 2241 4783 ιε
2267 4748 2297 4782 e
2314 4749 2367 4783 .c.

2169 4736 2241 4785 ei.
2267 4741 2367 4785 etc.

2267 4764 2520 4868 Ἦ(ἷιονὶιιςι
2539 4794 2665 4857 legit
2695 4794 2980 4868 διιεξωηὲιιινζ
3025 4797 3213 4851 scilicet
3236 4815 3346 4868 aer,
3374 4816 3585 4868 eamque
3632 4805 3708 4856 le...

2111 4854 2411 4929 ctionem‘ex
2440 4854 2857 4929 suntet—mentibus
2880 4854 3068 4922 probat,
3095 4869 3244 4929 atque
3269 4854 3694 4929 imbressa'mifatsi

2114 4916 2424 4984 argqitLNos
2446 4916 2619 4984 nostra
2632 4916 2894 4984 sequutum
2915 4916 3234 4984 exettiplar'ia.

2197 4975 2614 5058 difluniaeciisis
2632 4975 3053 5058 insidendum.“
3069 4975 3334 5058 In..lfe[io,
3360 5002 3418 5043 eo
3438 4994 3567 5058 quod
3601 5000 3701 5058 ter-

2108 5048 2220 5119 ram
2237 5042 2551 5119 constringat,
2579 5042 2792 5105 pressius
2800 5042 2966 5119 textui
2989 5046 3194 5111 Joseplu'
3233 5042 3402 5102 Grd'ce
3424 5042 3699 5119 respondet,

2109 5110 2207 5182 Ζρη
2231 5126 2273 5182 γε
2587 5119 2651 5182 res
2691 5118 3115 5182 ὰηὴἀκσημιὶγξι,
3136 5124 3200 5163 »αἱ
3221 5125 3289 5177 γὰρ
3326 5119 3436 5175 σῦτος

2108 5174 2157 5212 τι
2177 5176 2336 5233 nudi-rc,
2357 5178 2466 5227 qua:
2488 5166 2811 5233 Hieronymus
2833 5170 2938 5233 fere
2962 5166 3129 5221 vertit.

2176 5222 2243 5302 (ei
2257 5222 2961 5302 Dion"typog‘raplidrumvitio,
2987 5241 3040 5281 ut
3062 5233 3280 5302 Martiae.
3324 5242 3484 5302 putat,
3507 5242 3596 5291 sed
3624 5252 3689 5290 ex

2105 5283 2324 5357 ngenio
2347 5283 2561 5341 teiiu'rt.
2588 5283 2712 5356 Reg.
2738 5306 2783 5341 c.
2807 5293 2887 5342 23.
2914 5283 3140 5357 legerant
3164 5283 3698 5352 Erasm'féi'viéiéin'd;

2103 5334 2561 5422 massas:
2583 5334 2783 5419 ίέῖιῖἰὲιξι
2810 5334 3140 5415 ῐὶἰοῖῖεἰξὲἷ
3164 5334 3684 5429 ῖιὶιῖιὶῗιὲἑιιῖἶῖἰῖξὲἶῗῖ

2107 5437 2261 5494 notat,
2287 5434 2347 5505 sit
2621 5434 3232 5505 qu‘urqthhittxtahiﬁg,
3278 5441 3386 5505 sive
3424 5443 3692 5505 ﬂexuram,

2103 5494 2510 5567 Quemadmodum
2535 5497 2639 5559 ipse
2665 5495 2778 5567 alibi
2804 5494 2932 5559 legit
2960 5500 3010 5545 in
3051 5497 3134 5547 lib.
3171 5494 3362 5567 ῌὸηιίεἰ
3408 5502 3465 5550 ad
3488 5505 3536 5550 4.
3564 5494 3691 5567 Reg:

2103 5553 2446 5628 'l'beodorotus
2463 5559 2512 5607 in
2537 5553 2651 5608 eum
2675 5557 2830 5628 locum
2849 5553 2932 5609 ξ’τὸ
2954 5569 3168 5623 “eburneo,
3190 5561 3377 5628 inquit,
3412 5575 3565 5626 ἀστέρος
3590 5553 3693 5628 ora;

2102 5626 2217 5678 ὄνομα
2241 5625 2350 5691 sint,
2372 5632 2434 5671 xui
2456 5631 2605 5691 τδπάζιο
2621 5633 2685 5691 ἷξον
2720 5623 2796 5680 ἠως
2820 5630 3037 5691 pervehi»;
3068 5633 3285 5691 ὧνεμάσρςι.
3329 5623 3579 5691 Μαιᾳνὸηι
3605 5623 3692 5679 ιὶο-

2100 5691 2213 5790 κξη,
2247 5688 2360 5744 puto
2402 5692 2508 5734 esse
2545 5682 2722 5748 stellis,
2767 5679 3067 5745 eoizjicioque
3108 5679 3379 5747 Luciferum
3422 5687 3492 5737 sic
3536 5693 3690 5743 uetui-

2168 5756 2227 5790 ιί.

2119 5755 2227 5795 ιηιί.
