4146 6336
465 359 575 417 619

464 455 562 536 sed
587 488 642 536 et
668 477 779 546 ipso
808 470 1011 527 veritas
1039 469 1220 526 multis
1244 467 1411 541 signis
1437 476 1491 524 et
1516 470 1848 539 argumentis
1892 478 2043 521 mon-

467 563 1016 628 streturhominibus,
1035 570 1089 617 et
1116 577 1285 632 usque
1308 561 1373 614 ad
1401 563 1654 616 mortales
1674 560 1869 615 veniat.
1889 556 2044 614 Unde

464 660 659 716 factum
687 663 791 722 est,
820 662 879 708 ut
906 652 1171 709 rationem
1198 652 1327 706 Solis
1354 660 1408 705 ct
1434 650 1575 704 lunze
1596 658 1651 704 et
1674 649 1798 704 anni
1820 656 1877 703 et
1899 662 2047 701 men-

463 752 604 807 sium
629 758 684 805 et
700 755 1011 817 temporum
1065 743 1230 816 368
1274 752 1328 797 et
1350 742 1625 808 horarum,
1652 746 2029 809 tempestatum

463 853 695 913 quoque,
713 834 1021 893 serenitatis
1035 844 1194 903 atque
1216 843 1518 897 ventorum,
1539 840 1592 885 et
1613 845 1792 885 rerum
1810 834 2047 882 omnium

463 942 832 993 nescercmus,
851 936 1190 981 accurrere-ms
1216 938 1426 978 tusmu
1447 937 1474 975 a
1498 922 1606 976 Deo
1632 918 1972 990 sapientiam,
1996 924 2050 971 et

462 1020 579 1089 ipso
610 1016 912 1072 habitatore
941 1027 1103 1083 atque
1128 1013 1374 1076 doctore,
1404 1008 1660 1064 domicilii
1692 1009 1772 1063 sui
1800 1007 1955 1062 nobis
1994 1014 2049 1061 et

461 1108 678 1165 fabrica:
704 1104 983 1162 scientiam
1007 1105 1424 1159 demonstrante.
1454 1099 1630 1171 Super
1651 1100 1829 1154 omnia
1852 1097 2049 1153 cidaris

460 1211 517 1257 et
536 1200 678 1256 vitta
707 1195 1047 1269 hiacjnthina
1076 1193 1269 1249 cmlum
1294 1200 1556 1247 monstrat
1581 1209 1595 1246 :
1625 1198 1679 1246 et
1708 1188 1822 1244 auri
1852 1188 2045 1244 lamina

459 1306 582 1362 qua:
618 1290 671 1346 in
708 1286 887 1345 fronte
928 1283 1203 1342 Pontificis
1229 1294 1346 1348 est,
1368 1280 1805 1352 iuseriptumqne
1847 1292 2046 1335 nomen

462 1382 558 1439 Dei
582 1423 598 1447 ,
627 1380 876 1437 universa
902 1378 981 1452 (a)
1004 1392 1125 1448 qua:
1152 1375 1337 1431 subter
1362 1382 1487 1429 sunt
1509 1415 1524 1438 ,
1560 1372 1656 1428 Dei
1693 1372 1915 1427 arbitrio
1951 1387 2047 1441 gn-

461 1470 964 1542 bernari.'ldipsum
1006 1482 1106 1539 ego
1149 1476 1276 1538 puto
1299 1466 1400 1521 sub
1426 1464 1547 1520 aliis
1574 1460 1881 1519 nominﬁms
1908 1470 1959 1516 et
1992 1460 2045 1515 in

460 1563 749 1621 Cheruhim
776 1572 832 1618 et
858 1567 1087 1632 quatuor
1113 1554 1434 1612 animalibus
1462 1556 1745 1625 ﬁguratum
1767 1594 1783 1620 ,
1811 1566 1931 1621 qua:
1973 1550 2046 1604 ita

459 1656 562 1714 sibi
604 1653 864 1727 permixta
893 1659 1018 1707 sunt
1043 1659 1098 1705 et
1120 1649 1345 1703 ’hieren't
1364 1690 1378 1711 ,
1408 1654 1465 1700 ut
1491 1646 1543 1699 in
1574 1659 1680 1699 uno
1710 1641 2048 1697 inveniantur

458 1758 514 1804 et
534 1757 727 1803 czetera
753 1762 768 1800 :
790 1753 845 1800 et
869 1741 1008 1814 quod
1029 1742 1313 1803 instanter,
1332 1748 1383 1792 et
1409 1746 1532 1793 ante
1551 1751 1610 1792 se
1636 1735 1845 1800 vadant,
1867 1743 1919 1787 et
1940 1745 2043 1786 non

458 1845 815 1894 revertantur.
864 1833 1142 1890 Labuntnr
1186 1829 1326 1886 enim
1377 1835 1732 1897 tempora,et
1778 1824 2045 1896 praeterita

456 1925 837 2000 relinquentia,
861 1924 927 1980 ad
953 1923 1127 1978 int-ira
1157 1920 1427 1977 festinant.
1452 1917 1604 1986 Quod
1626 1926 1805 1972 autem
1834 1927 2046 1985 semper

456 2022 511 2076 in
554 2027 707 2075 motu
746 2027 907 2084 sunt,
940 2012 1072 2069 illud
1100 2012 1402 2084 signiﬁcant
1431 2010 1609 2082 quod,
1643 2020 1691 2065 et
1741 2007 2045 2080 philosophi

455 2110 813 2183 suspicantur,
839 2120 1059 2163 currere
1087 2102 1343 2159 mundum
1367 2118 1465 2158 suo
1490 2103 1701 2168 ordine,
1726 2112 1778 2156 et
1809 2102 2046 2155 incessa-

456 2200 638 2256 biliter
668 2198 814 2254 velut
839 2207 1010 2252 rotam
1042 2194 1096 2250 in
1116 2209 1222 2249 suo
1251 2208 1351 2248 axe
1379 2191 1613 2261 torqueri
1643 2209 1657 2247 :
1685 2190 1824 2247 unde
1847 2201 1902 2246 et
1931 2204 2044 2245 ruta

456 2289 510 2347 in
540 2300 654 2346 rota
681 2295 796 2357 est,
840 2288 891 2343 id
932 2297 1013 2343 est
1033 2327 1049 2353 ,
1080 2295 1290 2355 tempus
1316 2283 1368 2337 in
1397 2291 1641 2352 tempore
1660 2324 1675 2348 ,
1709 2292 1758 2336 et
1791 2294 1963 2335 annus
1984 2279 2041 2335 in

454 2370 799 2450 semetipsum
843 2373 1251 2432 revolvitur:et
1296 2372 1427 2443 ipsa:
1474 2380 1607 2427 rota:
1652 2372 1934 2427 elevantur
1976 2370 2042 2424 ad

456 2472 672 2537 etelum,
697 2478 753 2526 ct
779 2483 941 2540 super
969 2466 1274 2539 crystallum
1306 2464 1530 2519 thronus
1557 2478 1621 2518 ex
1653 2464 1906 2532 sapphiro
1936 2470 2039 2527 est,

457 2572 512 2620 et
533 2577 695 2633 super
720 2561 974 2616 thronum
997 2555 1293 2613 similitudo
1313 2554 1553 2610 sedentis
1579 2570 1593 2608 :
1618 2554 1770 2621 cujus
1792 2552 2043 2607 inferiora

458 2656 612 2725 ignea
653 2659 812 2717 sunt,
840 2648 1118 2720 superiora
1147 2646 1405 2702 electrina
1430 2662 1444 2698 :
1474 2653 1531 2699 ut
1570 2642 1902 2699 demonstret
1926 2657 2044 2712 quin

459 2744 715 2801 inferiora
741 2748 884 2805 sunt,
904 2741 1037 2810 igne
1061 2747 1113 2793 et
1141 2736 1456 2808 purgatione
1482 2734 1720 2804 indigere
1746 2755 1759 2789 :
1783 2749 1899 2803 qua:
1925 2748 2042 2788 sur-

459 2851 602 2902 sum,
635 2836 687 2889 in
718 2831 1039 2889 conditionis
1068 2844 1176 2886 suae
1207 2828 1435 2899 puritate
1465 2827 1778 2896 persistere.
1813 2825 1880 2879 Et
1907 2839 2044 2894 quo-

461 2930 621 2985 modo
648 2928 738 2983 hic
768 2926 820 2981 in
849 2925 1032 2980 habitu
1063 2919 1378 2984 sacerdotis,
1406 2918 1524 2973 auri
1547 2917 1746 2971 lamina
1776 2925 1858 2971 est
1883 2916 2041 2973 desu-

459 3038 592 3095 per:
621 3021 694 3077 ita
719 3020 773 3075 iu
800 3016 1081 3075 Ezechiele
1105 3014 1362 3069 electrum
1390 3011 1441 3065 in
1471 3017 1687 3078 pectore
1707 3050 1722 3075 ,
1750 3016 1805 3064 et
1841 3009 1892 3062 in
1920 3020 2043 3063 ver-

460 3115 565 3170 tice
591 3112 883 3168 collocatur
906 3105 1120 3180 (Eaech.
1146 3104 1199 3159 l.
1224 3103 1306 3175 8).
1333 3101 1545 3158 Justum
1579 3115 1709 3170 ergo
1738 3110 1853 3153 erat
1881 3100 2044 3169 (sicut

459 3218 620 3275 supra
646 3218 711 3259 ex
739 3208 890 3272 parte
918 3195 1173 3269 diximus)
1196 3206 1249 3249 ut
1275 3190 1520 3249 Pontifex
1548 3191 2043 3256 Dei,creaturarum

461 3294 699 3350 onmium
731 3302 912 3365 typum
957 3297 1179 3359 portans
1217 3286 1273 3341 in
1315 3283 1553 3341 vestibus
1594 3283 1736 3347 suis,
1764 3294 2044 3340 lNDlCARE’l‘

461 3401 669 3442 cuncu
695 3384 934 3452 indigere
956 3374 1320 3434 misericordia
1350 3374 1441 3430 Dei
1467 3391 1482 3429 :
1506 3382 1562 3431 et
1615 3388 1736 3429 eum
1780 3374 2048 3428 sacriliea-

463 3486 546 3532 ret
570 3476 656 3542 ei,
685 3477 993 3544 expiaretur
1036 3467 1351 3523 universalis
1390 3465 1663 3532 conditio,
1695 3475 1753 3520 ut
1794 3480 1902 3521 non
1949 3481 2045 3535 pro

463 3569 646 3625 liberis
683 3581 747 3622 ac
789 3562 1096 3636 parentibus
1124 3568 1180 3616 et
1222 3557 1568 3631 propinquis;
1598 3556 1695 3614 sed
1724 3572 1822 3629 pro
1853 3567 2045 3614 cuncta

462 3669 730 3726 creatura,
760 3665 815 3713 et
838 3669 968 3711 voce
996 3663 1051 3709 et
1081 3650 1264 3706 habitu
1296 3657 1624 3722 precaretur.

530 3753 624 3808 ευ.
663 3747 960 3819 Tetigimus
988 3743 1386 3814 expositionem
1415 3740 1753 3810 Hebraicam,
1781 3750 1835 3798 et
1864 3740 2045 3798 inlini-

465 3856 571 3900 tant
593 3855 846 3899 sensuum
867 3838 1073 3910 sylvam
1097 3834 1249 3890 alteri
1274 3834 1503 3906 tempori
1530 3844 1888 3899 reservantes,
1907 3851 2048 3906 quae-

463 3938 586 3992 dam
614 3934 805 3989 futura;
831 3929 1022 3985 domus
1046 3926 1334 3982 stravimus
1366 3923 1723 3981 fundamenta.
1772 3926 1847 3982 De
1886 3925 2042 3981 lenii-

466 4026 679 4083 nalibus
717 4022 870 4079 lineis
914 4020 1015 4075 hoc
1058 4016 1233 4073 solent
1271 4018 1486 4082 dicere,
1518 4016 1673 4071 Ratio
1699 4018 1965 4072 seminum
1994 4027 2047 4072 ct

461 4115 823 4191 generationis
847 4111 913 4166 ad
940 4124 1154 4166 (amem
1187 4110 1482 4179 pertinens.
1506 4117 1665 4162 terra:
1697 4108 1774 4179 (ὁ)
1807 4125 1901 4178 per
1927 4124 2045 4163 eam

467 4213 768 4279 deputatur.
793 4202 957 4276 369
997 4198 1149 4258 Unde
1183 4207 1239 4254 et
1282 4199 1347 4254 ad
1387 4198 1555 4253 Adam
1598 4200 1831 4269 loquitur
1861 4202 2000 4255 Dens
2030 4219 2045 4256 :

469 4302 631 4358 Terra
682 4314 757 4366 es,
785 4307 831 4353 et
860 4297 913 4349 in
939 4306 1125 4348 terram
1153 4292 1247 4347 ibis
1291 4291 1458 4366 (Gen.
1488 4291 1543 4347 ὅ.
1580 4292 1704 4364 19).
1742 4294 2049 4364 Causasque

473 4398 636 4465 hujus
662 4393 760 4459 rei,
788 4386 1056 4461 quomodo
1076 4384 1145 4441 de
1173 4384 1395 4457 parvulo
1422 4384 1626 4438 semine
1652 4394 1706 4439 et
1737 4387 2048 4441 finitissimis

473 4488 639 4547 initiis
660 4494 806 4542 tanta
835 4481 920 4537 vel
946 4478 1220 4536 hominum
1250 4474 1335 4531 vel
1364 4475 1694 4531 diversarum
1728 4493 1904 4531 rerum
1934 4479 2050 4561 pul:

472 4578 719 4638 chritudo
758 4580 1030 4638 nascatur,
1067 4584 1188 4625 esse
1213 4566 1511 4633 obvolutas,
1529 4577 1585 4623 et
1611 4566 1857 4624 humanis
1882 4569 2050 4625 oculis

444 4678 447 4681 '
471 4686 578 4727 non
591 4680 792 4741 patere.
824 4664 1073 4735 Legimus
1094 4660 1149 4716 in
1174 4659 1412 4717 Levitico
1433 4659 1612 4728 (Lavit.
1634 4662 1712 4730 8),
1731 4659 1880 4731 juxta
1907 4676 2049 4732 prse-

471 4774 686 4834 ceptum
715 4759 833 4823 Dei,
854 4756 1069 4829 Moysen
1098 4753 1291 4809 lavisse
1316 4752 1494 4807 Aaron
1515 4761 1570 4806 et
1588 4752 1723 4806 filios
1751 4752 1868 4824 ejus
1896 4771 1909 4806 :
1938 4754 2048 4824 jam

471 4867 599 4911 ωιιε
628 4848 989 4922 purgationem
1016 4844 1220 4911 mundi,
1244 4852 1299 4899 et
1324 4858 1505 4898 rerum
1530 4843 1767 4898 omnium
1795 4845 2052 4900 sanctita-

470 4957 579 5001 tem
610 4937 865 5012 Baptismi
893 4945 1228 4992 sacramenta
1270 4933 1573 5003 signabant.
1619 4934 1737 4988 Non
1783 4937 2051 5006 accipiunt

470 5046 670 5101 vestes,
701 5031 801 5087 nisi
832 5028 955 5085 lotis
981 5028 1127 5098 prius
1151 5025 1418 5090 sordibus,
1454 5040 1554 5081 nec
1578 5036 1838 5082 ornantur
1866 5029 1931 5083 ad
1960 5046 2049 5085 sa-

461 5146 582 5200 era,
607 5128 708 5184 nisi
732 5125 785 5182 in
804 5121 1020 5180 Christo
1042 5122 1169 5175 novi
1197 5118 1442 5175 homines
1465 5130 1834 5178 renascantur.
1862 5123 2047 5179 Vinum

462 5223 614 5281 enim
642 5230 842 5275 novum
874 5214 926 5268 in
959 5211 1110 5267 novis
1134 5211 1340 5267 utribus
1372 5211 1612 5268 mittitur.
1671 5213 1823 5283 Quod
1868 5226 2045 5272 autem

525 5379 601 5443 (α)
633 5372 859 5443 negante,
881 5380 981 5433 quo
1005 5367 1056 5418 in
1075 5367 1241 5431 primis
1260 5368 1442 5422 utimur
1465 5369 1583 5422 Mss.
1608 5370 1749 5434 liber,
1774 5386 1884 5437 qua
1904 5387 2050 5438 super

449 5440 868 5567 "‘Q'L‘j'iifi‘éiiige
896 5502 1122 5567 carpent,
1147 5503 1239 5567 per
1261 5505 1405 5556 quam
1422 5502 1581 5567 terrae
1613 5494 2050 5567 deputatur."M_ar-

461 5558 817 5628 taii’iiiuﬁ'eﬁi,‘
848 5558 1129 5628 ρῖωεέιειαν
1145 5558 1337 5628 βτξιρω.
1386 5564 1440 5606 et
1478 5558 1660 5606 Victor.
1687 5568 1786 5628 ρει*
1806 5569 1838 5628 ς

457 5615 607 5696 sedili
631 5615 805 5696 uae-ms
845 5615 1187 5696 animari:
1211 5615 1324 5690 Ms»
1359 5615 2048 5696 qusm.ts§r:1i}._‘=ﬁ“‘1t1i‘3'

459 5674 767 5738 aedictinus,
789 5685 893 5730 tum
917 5674 1118 5726 alterius
1140 5674 1444 5750 Deginéefet
1470 5674 1832 5750 vetustissima:
1877 5679 2047 5750 editio-

462 5749 537 5796 uis
558 5746 912 5799 auctoritatem,
954 5750 1051 5800 qua
1074 5739 1387 5799 verissimus,
1436 5744 1487 5788 et
1512 5740 1797 5800 perspicuus
1821 5740 2045 5791 exeritur

459 5820 651 5859 sensus.

1778 349 2020 408 SANCTI
2063 344 2441 404 IIIERONYMI

2134 462 2362 540 Moyses
2401 456 2574 529 lavat,
2606 463 2737 534 legis
2776 463 3030 523 indicium
3070 475 3175 521 est.
3211 463 3417 521 Habent
3445 465 3659 540 Moysen
3688 484 3741 528 et

1192 5568 1337 5618 rasm.
1386 5564 1440 5606 et
1478 5556 1660 5606 Victor.
1684 5556 1786 5618 ‘per
1806 5569 1882 5618 ea.
1897 5556 2050 5618 Nobis
2076 5584 2081 5587 -
2103 5603 2111 5612 ,

3624 308 3736 427 ego

2152 552 2460 623 Praphetas,
2491 554 2629 623 ipsos
2654 554 2887 610 audiant.
2920 547 2986 611 Et
3007 556 3083 610 Ab
3103 556 3269 612 Adam
3299 572 3458 629 usque
3482 559 3551 613 ad
3581 559 3740 632 Moy-

2151 661 2240 699 un
2265 660 2438 698 omnes
2464 655 2813 715 peccaverunt.
2843 647 3132 716 Praeceptis
3161 633 3251 702 Dei
3282 647 3493 704 lavandi
3514 664 3735 717 sumus,

2151 743 2207 790 et
2255 749 2375 790 cum
2430 736 2596 805 parati
2623 736 2688 791 ad
2717 736 3087 792 indumentum
3118 737 3351 806 Christi,
3383 740 3591 797 tunicas
3620 744 3738 813 pel-

2152 825 2316 881 licens
2361 826 2807 897 deposuerimus,
2840 836 2967 885 tunc
3015 829 3302 886 induemur
3348 841 3502 889 veste
3549 834 3689 889 linea
3717 877 3734 904 ,

2152 916 2284 971 nihil
2313 917 2365 971 in
2396 932 2517 974 sese
2544 920 2733 974 mortis
2762 919 3013 984 habente,
3042 920 3139 975 sed
3165 930 3273 975 tota
3299 923 3562 982 candida:
3586 912 3642 981 ut
3667 927 3739 982 de

2153 1008 2413 1079 baptismo
2433 1020 2840 1081 consurgentes,
2865 1013 3141 1081 eingamus
3166 1012 3376 1069 lumbos
3401 1016 3456 1071 in
3483 1018 3727 1092 veritate,

2149 1109 2203 1154 et
2250 1110 2355 1154 tota
2400 1101 2743 1169 pristinorum
2790 1111 3131 1173 peccatorum
3180 1108 3457 1175 turpitudo
3506 1110 3733 1166 celetur.

2150 1190 2301 1247 Unde
2322 1201 2377 1247 et
2404 1193 2565 1248 David
2592 1210 2604 1247 :
2628 1192 2774 1248 Beati
2803 1211 3021 1265 quorum
3044 1198 3269 1253 remissi:
3288 1209 3406 1254 sunt
3425 1184 3737 1272 iniquitates,

2148 1290 2196 1335 et
2220 1298 2434 1350 quarunt
2464 1292 2595 1338 tecta
2624 1294 2743 1338 sunt
2772 1294 2976 1354 peccata
3000 1285 3122 1356 (Ps.
3151 1288 3241 1343 3i.
3272 1288 3352 1361 l).
3645 1347 3653 1353 .

2219 1373 2309 1428 2|.
2356 1374 2482 1429 Post
2511 1374 2778 1431 feminalia
2824 1387 2879 1433 et
2934 1378 3131 1433 lineam
3181 1382 3413 1437 tunicam
3468 1383 3739 1441 induimur

2149 1463 2496 1536 hiarynthino
2539 1468 2858 1523 vestimento
2878 1508 2895 1533 ,
2925 1477 2978 1523 et
3015 1469 3299 1540 incipimus
3322 1472 3391 1528 de
3416 1476 3640 1530 terrenis
3668 1478 3735 1532 ad

2147 1556 2252 1609 alta
2285 1557 2667 1614 conscendere.
2692 1557 2816 1614 llatc
2842 1560 2952 1630 ipsa
2977 1560 3320 1631 hiacyntbina
3352 1566 3548 1633 tunica,
3576 1582 3605 1621 a
3632 1567 3734 1624 Sc-

2149 1650 2417 1715 ptuaginta
2456 1645 2527 1720 (c)
2564 1652 2819 1716 ὕποδύτης,
2869 1649 2921 1705 id
2951 1661 3065 1719 est,
3096 1653 3344 1708 subucula
3397 1658 3732 1727 nominatur,

2146 1748 2193 1789 et
2225 1738 2438 1808 proprie
2491 1738 2762 1796 Pontiﬁcis
2803 1749 2920 1807 est,
2961 1742 3327 1814 siguilieatque
3357 1746 3615 1802 rationem
3640 1763 3735 1803 su-

2148 1825 2388 1880 blitnium
2415 1842 2521 1881 non
2555 1836 2737 1897 patere
2779 1830 3064 1898 omnibus,
3109 1832 3204 1887 sed
3253 1833 3546 1904 majoribus
3572 1847 3731 1907 atque

2149 1917 2414 1985 perfectis.
2460 1917 2608 1973 lianc
2634 1918 2933 1975 habuerunt
2958 1920 3172 1993 Moyses
3202 1930 3258 1978 et
3286 1924 3463 1979 Aaron
3519 1927 3733 1982 etPro-

2148 2010 2320 2077 ptictze
2340 2049 2356 2075 ,
2384 2018 2437 2064 et
2456 2022 2645 2065 omnes
2672 2011 2863 2081 quibus
2888 2011 3082 2067 dicitur
3110 2030 3125 2068 :
3149 2011 3215 2066 In
3244 2024 3458 2069 montem
3483 2018 3734 2072 excetra»:

2146 2102 2357 2156 ascende
2403 2113 2479 2170 tu,
2536 2103 2625 2174 qui
2667 2104 2982 2175 euangelizas
3012 2105 3142 2160 Sion
3189 2104 3353 2179 (Isai.
3385 2108 3471 2163 40.
3504 2107 3597 2179 9).
3619 2110 3731 2166 Nec

2147 2190 2299 2244 nobis
2334 2192 2529 2246 sufﬁcit
2570 2192 2811 2264 priorum
2839 2194 3043 2249 ablutio
3085 2205 3442 2266 peccatorum,
3482 2199 3726 2270 baptismi

2145 2284 2335 2351 gratia,
2358 2282 2597 2338 doctrina
2630 2286 2907 2350 secretior,
2945 2287 3045 2341 nisi
3088 2286 3427 2344 habuerimus
3454 2300 3509 2345 et
3545 2305 3728 2361 opera.

2149 2372 2299 2427 Unde
2320 2374 2558 2442 jungitur
2579 2383 2633 2430 et
2654 2374 2862 2444 Ephod,
2895 2376 2945 2431 id
2972 2385 3074 2443 est,
3100 2378 3565 2448 Snperh'umerale,
3586 2382 3731 2455 quod

2147 2463 2407 2518 ltariunali
2444 2465 2725 2535 copulatur
2754 2484 2770 2522 :
2797 2477 2860 2521 ut
2886 2484 2990 2522 non
3018 2469 3087 2524 sit
3128 2470 3325 2537 laxum,
3358 2464 3529 2544 neque
3552 2474 3732 2531 disso-

2146 2558 2334 2623 lutum,
2384 2557 2477 2613 sed
2531 2559 2770 2613 haereant
2816 2561 2916 2615 sibi
2964 2562 3215 2631 invicem,
3271 2575 3325 2620 et
3363 2568 3562 2623 auxilio
3599 2570 3728 2628 sint.

2146 2647 2301 2701 ltntio
2331 2650 2473 2702 enim
2500 2649 2785 2718 operibus,
2824 2660 2881 2705 et
2918 2667 3081 2721 opera
3128 2656 3341 2711 ratione
3363 2657 3600 2729 indigent
3631 2678 3644 2715 :
3674 2672 3733 2717 ut

2144 2737 2284 2807 quod
2314 2748 2492 2794 mente
2516 2741 2838 2823 percipimus
2866 2757 3033 2812 opere
3078 2754 3467 2815 perpetrcntus.
3516 2749 3734 2823 Duoque

2147 2829 2349 2898 lapides
2378 2832 2428 2884 in
2454 2822 2912 2902 Superhumerali,
2938 2837 3022 2891 vel
3044 2839 3311 2894 Christum
3344 2822 3657 2912 signiﬁcant,
3678 2856 3735 2901 et

2145 2921 2765 2991 Ecclesiam,duodecim
2796 2929 3374 3005 Apostolorum,370
3397 2936 3484 3004 qui
3513 2938 3576 2992 ad
3598 2952 3734 3008 prac-

2144 3012 2461 3069 dicationem
2491 3016 2640 3072 missi
2697 3027 2843 3083 sunt,
2887 3023 3102 3075 nomina
3131 3025 3469 3081 continentes
3498 3046 3511 3081 :
3536 3030 3618 3084 vel
3645 3030 3734 3083 lit»

2148 3115 2312 3159 teram
2334 3116 2386 3161 et
2408 3107 2676 3177 spiritum,
2697 3110 2749 3164 in
2763 3109 2954 3180 quibus
2978 3113 3318 3169 continentur
3337 3117 3467 3187 legis
3487 3119 3731 3175 universa

2146 3197 2418 3266 mysteria.
2455 3198 2509 3252 In
2538 3198 2725 3253 dextra
2753 3201 2990 3270 spiritus,
3028 3202 3079 3257 in
3117 3203 3248 3259 lieva
3281 3206 3455 3262 littera
3482 3220 3582 3264 est.
3631 3210 3734 3265 l’er

2146 3286 2354 3341 litteras
2375 3291 2440 3341 ad
2470 3290 2633 3344 verba
2661 3290 3059 3358 descendimus,
3082 3309 3176 3362 per
3194 3295 3351 3352 verba
3381 3299 3623 3354 venimus
3664 3302 3733 3356 ad

2145 3391 2383 3432 sensum.
2414 3379 2586 3447 Quam
2614 3381 2834 3451 pulcher
2854 3383 3006 3447 ordo,
3035 3394 3089 3438 et
3115 3401 3179 3440 ex
3209 3387 3323 3457 ipso
3346 3388 3522 3445 habitu
3548 3406 3733 3447 sacra-

2146 3477 2323 3524 menta
2351 3468 2747 3527 demonstrans.
2777 3472 2831 3526 ln
2855 3472 3090 3529 humeris
3108 3490 3267 3545 opera
3289 3490 3429 3547 sunt,
3448 3481 3496 3534 in
3517 3491 3735 3551 pectore

2147 3563 2301 3616 ratio.
2324 3560 2475 3616 Unde
2495 3571 2549 3617 et
2576 3565 2940 3633 pectusculnm
2961 3567 3249 3621 comedunt
3269 3570 3571 3626 sacerdotes
3616 3572 3733 3629 Hoc

2146 3662 2321 3707 autem
2349 3653 2632 3709 Rationale
2651 3654 2844 3725 duplex
2867 3667 2974 3722 est,
3002 3668 3246 3727 apertum
3260 3671 3318 3715 -et
3338 3661 3729 3727 absconditum,

2147 3744 2373 3814 simplex
2402 3752 2457 3799 et
2481 3746 2781 3817 mysticum,
2809 3745 3091 3803 duodecim
3120 3750 3172 3805 in
3202 3765 3260 3806 se
3282 3752 3481 3822 lapides
3508 3754 3730 3820 habens,

2147 3848 2199 3892 et
2219 3846 2448 3909 quatuor
2470 3839 2704 3904 ordines,
2732 3855 2865 3908 quos
2890 3850 3117 3909 quatuor
3142 3851 3271 3911 puto
3320 3859 3439 3899 esse
3481 3846 3726 3910 virtutes,

2148 3929 2510 3995 Prudentium,
2540 3929 2947 3997 Fortitudinem,
2990 3931 3276 3998 Justitiam,
3309 3944 3363 3991 et
3401 3936 3733 4008 Temperan-

2151 4021 2295 4082 tiam,
2328 4035 2449 4091 quae
2477 4021 2575 4076 sibi
2609 4022 2813 4076 luerent
2854 4024 3076 4078 invicem
3105 4042 3120 4079 :
3148 4036 3202 4080 et
3230 4025 3354 4081 dum
3392 4039 3577 4083 mutuo
3603 4030 3733 4084 niis-

2147 4119 2355 4177 eentur,
2393 4111 2777 4166 duodenarium
2820 4112 3061 4168 efficiunt
3097 4130 3375 4172 numerum
3410 4137 3423 4172 :
3453 4120 3534 4173 vel
3597 4135 3730 4190 qna-

2150 4212 2270 4257 tnor
2298 4202 2380 4274 (ά)
2413 4204 2713 4272 EVangelia,
2747 4220 2866 4274 qua:
2898 4205 2948 4259 in
2988 4206 3307 4279 Apocalypsi
3356 4208 3734 4265 describuntur

2151 4292 2303 4361 plena
2333 4292 2501 4346 oculis
2527 4292 2721 4365 (Apoc.
2756 4295 2842 4348 14.
2876 4294 2984 4366 6),
3008 4305 3063 4350 et
3095 4297 3300 4351 Domini
3331 4299 3447 4354 luce
3472 4300 3729 4357 radiantia

2151 4380 2403 4434 mundum
2435 4381 2751 4438 illuminant.
2781 4383 2837 4438 In
2875 4401 2980 4439 uno
3009 4395 3275 4455 quattuor,
3308 4398 3360 4443 et
3402 4388 3452 4442 in
3475 4397 3729 4457 quattmir

2148 4473 2375 4542 singula.
2406 4472 2558 4528 Unde
2582 4479 2798 4543 δήλωσις,
2831 4489 2884 4531 ct
2911 4481 3126 4543 ἀλήθεια,
3164 4478 3215 4533 id
3244 4488 3327 4533 est
3360 4480 3434 4550 (e)
3459 4481 3688 4535 doctrina
3708 4523 3724 4546 ,

2150 4573 2205 4619 et
2232 4567 2414 4621 reritas
2439 4566 2491 4621 iu
2510 4578 2725 4637 pectore
2744 4570 3048 4628 Sacerdotis
3083 4582 3184 4628 est.
3230 4571 3360 4629 Cum
3399 4573 3540 4628 enini
3572 4574 3729 4630 indue

2180 4767 2284 4879 ese)
2309 4765 2419 4817 Vitl.
2445 4766 2603 4819 Levit.
2618 4770 2666 4819 8.
2684 4771 2739 4820 .7.
2765 4773 2846 4822 ubi
2863 4781 3026 4823 tamen
3052 4772 3198 4823 Alex.
3222 4772 3311 4823 Ms.
3337 4781 3528 4834 επινδθυτην
3550 4775 3728 4836 habet;

2274 4836 2327 4879 et
2364 4828 2737 4879 Hieronvmiana
2776 4836 3071 4879 exennlaria
3119 4836 3290 4879 mirum
3322 4844 3554 4879 munitum
3602 4837 3728 4879 imor

2150 4828 2240 4879 sed
2274 4828 2737 4898 et_Hiero_nynii_ana
2776 4836 3072 4898 exennlaria
3118 4836 3290 4883 mirum
3322 4828 3555 4898 quantum
3602 4828 3730 4886 inter

2151 4903 2209 4938 se
2252 4893 2457 4940 varient.
2503 4893 2730 4951 Quaedam
2762 4893 2994 4957 ιρισδιοηέυς,
3026 4894 3127 4946 alia
3165 4893 3365 4946 notante
3391 4896 3610 4946 Martiae.
3637 4910 3732 4948 ima-

2151 4958 2277 5002 89m.

2215 5012 2291 5082 id)
2328 5012 2599 5082 Erasm._et
2618 5015 2863 5082 Victorius
2905 5017 3156 5078 animalia,
3193 5032 3334 5082 quam
3360 5032 3527 5082 voci-ni
3550 5020 3616 5069 de
3641 5026 3735 5069 suo

2151 5078 2444 5136 subregasse
2460 5078 2749 5142 arbitramur
2763 5078 3137 5142 Hieronymiaoo
3159 5078 3438 5140 co’ntextui;
3462 5081 3575 5130 Mss.
3599 5086 3729 5131 enim

2153 5149 2325 5185 omnes
2348 5145 2500 5206 lunia
2542 5136 2685 5185 nobis
2705 5152 2813 5206 cum
2836 5152 2862 5186 a
2900 5136 3223 5206 Benedictino
3265 5136 3492 5206 insjecti,
3518 5145 3634 5206 quin
3677 5154 3730 5194 et

2152 5203 2361 5266 vetustte
2385 5197 2626 5261 editiones
2648 5200 2864 5266 retinent
2886 5202 3156 5266 evangelia.
3182 5203 3284 5266 Nec
3307 5197 3615 5265 ineleganter
3641 5220 3727 5266 po-

2154 5258 2248 5329 tnit
2267 5257 2403 5329 Hier.
2418 5257 2590 5329 τραξαῶζς
2601 5271 2720 5329 qua;
2733 5262 2965 5329 symbolis
2979 5257 3356 5329 Evangellornm
3375 5267 3424 5314 in
3442 5257 3727 5329 Epocalypsl

2153 5317 2451 5388 tribuuntur,
2473 5317 2893 5388 Evangeliis'ipsis
2909 5317 3189 5374 adscribi-fre
3205 5341 3219 5387 ;
3233 5339 3410 5388 coque
3443 5317 3596 5388 magis
3616 5317 3727 5376 cum

2156 5378 2304 5450 verba
2326 5377 2400 5450 in”
2419 5390 2512 5450 uno
2532 5385 2762 5450 quatuor,
2786 5377 2851 5450 ὶζιΔ
2875 5382 2924 5432 in
2961 5394 3163 5450 quatuor
3199 5377 3387 5450 ἕίκῃὲζα
3427 5377 3621 5450 proprie
3662 5390 3728 5437 de

2153 5438 2431 5508 Evangeliis
2451 5438 2687 5508 dicantur.
2707 5441 2807 5490 Nisi
2829 5442 2953 5508 [rte
2974 5438 3236 5508 'serijsurat
3344 5438 3527 5498 Doctor:
3544 5451 3729 5498 uti-nin-

2151 5513 2268 5605 qlne,
2302 5499 2382 5548 rel
2418 5506 2621 5561 quatuor
2642 5503 2915 5567 evangelia,
2942 5514 2988 5555 et
3020 5499 3224 5568 qtiattmr
3246 5509 3496 5571 animalia,
3522 5524 3728 5583 qum-um

2151 5569 2357 5605 uterum
2403 5562 2665 5605 verborum
2711 5567 2991 5605 mn'mmlnm
3038 5582 3238 5605 ηρι-ιιινςη
3267 5573 3563 5605 inium-inheret
3614 5572 3724 5605 ut...

2150 5562 2357 5630 alterum
2403 5562 2665 5630 verborum
2711 5562 2991 5630 eui-amilum
3033 5562 3238 5617 occursu
3266 5562 3585 5620 interciderit.
3614 5572 3728 5621 Mox

2150 5634 2239 5681 pro
2490 5623 2601 5693 inca
2644 5626 2736 5673 md
2757 5625 2886 5676 autin
2906 5663 2919 5685 ,
2945 5630 3139 5689 quidam
3181 5631 3396 5693 codices,
3430 5632 3615 5682 L'omim'
3652 5620 3730 5681 lné

2136 5694 2309 5730 verme
2329 5684 2568 5733 ardentes.

2211 5742 2416 5813 (e)liiliti
2441 5757 2611 5817 omnes
2638 5755 2817 5808 prmter
2853 5748 3073 5798 Martiin.
3098 5752 3272 5802 addunt
3293 5753 3611 5817 ntanifestatio
3637 5755 3726 5815 rei,

2152 5816 2243 5853 “CC
2263 5816 2365 5855 SUO
2390 5820 2448 5853 illi
2473 5816 2651 5858 verius.
