4146 6336
404 480 415 517 ,
451 442 550 500 εει

452 568 536 615 tus
564 557 683 628 quis
712 555 869 611 fuerit
891 552 1370 624 vestemultiplici,
1395 565 1731 622 consequens
1757 561 1859 620 est,
1890 553 2029 608 veri-

448 659 609 706 tatem
649 665 807 720 quam
850 647 1013 703 corde
1040 646 1263 712 retinet,
1282 659 1533 701 sermone
1569 642 1809 714 proferre
1837 660 1851 697 :
1881 651 1937 699 et
1962 642 2033 699 ob

444 741 497 796 id
524 742 572 795 in
606 739 869 799 Rationali
896 738 1089 793 veritas
1120 747 1220 803 est,
1254 735 1306 797 id
1336 745 1439 801 est,
1463 736 1715 803 scientia,
1742 748 1792 789 ut
1822 735 2033 790 noverit

444 847 562 901 qua:
580 829 817 888 docenda
841 830 951 885 sint
980 848 994 884 :
1025 838 1080 888 et
1105 828 1465 884 manifestatio
1489 837 1652 899 atque
1678 826 1952 896 doctrina,
1971 835 2033 884 ut

444 923 614 993 possit
637 921 904 981 instruere
930 922 1084 995 alios,
1106 920 1249 992 quod
1288 929 1469 977 mente
1492 921 1752 991 concepit.
1784 920 1885 978 Ubi
1905 929 2031 977 sunt

442 1014 533 1087 qui
586 1014 943 1070 innocentiam
991 1012 1280 1069 Sacerdoti
1317 1013 1508 1070 dicunt
1555 1028 1711 1083 posse
1748 1012 2028 1069 sufficere?

448 1106 609 1163 Vetus
634 1106 719 1160 lex
745 1121 896 1161 nova:
920 1106 1164 1176 congruit
1191 1122 1206 1162 :
1238 1105 1467 1173 idipsnm
1487 1104 1699 1175 Moyses
1719 1105 1861 1175 quod
1887 1106 2028 1175 Apo-

442 1196 639 1259 stolus.
678 1195 771 1253 ille
821 1196 1114 1253 sacerdotis
1161 1196 1438 1254 scientiam
1483 1204 1637 1249 ornat
1664 1196 1717 1250 in
1747 1195 2024 1251 vestibus:

442 1287 545 1343 iste
573 1286 906 1343 Timotheum
933 1297 986 1342 et
1017 1286 1196 1342 Titum
1223 1287 1437 1342 instruit
1461 1278 1780 1357 disciplinis.
1825 1286 1937 1345 Sed
1972 1295 2029 1343 et

442 1381 556 1451 ipse
574 1381 1007 1436 vestimentorum
1037 1380 1170 1435 ordo
1191 1378 1508 1450 prtecipuus.
1539 1378 1799 1449 Legamus
1828 1377 2025 1433 Leviti-

440 1486 588 1526 eum.
610 1471 725 1532 Non
750 1472 894 1542 prius
924 1472 1234 1539 Rationale,
1254 1479 1308 1525 ct
1325 1471 1403 1526 sic
1428 1469 1894 1540 Superhumerale,
1927 1468 2023 1525 sed

439 1571 564 1623 ante
588 1562 1061 1632 Superhnnterale,
1075 1571 1130 1618 et
1155 1563 1410 1632 deinceps
1436 1561 1718 1621 Rationale
1735 1560 1915 1630 (Leuit.
1941 1560 2022 1632 8).

440 1653 483 1705 Α
506 1652 757 1707 ηιαηάαιὶε
787 1655 913 1719 tuis,
952 1652 1149 1724 inquit,
1183 1653 1407 1711 intellexi
1456 1650 1644 1724 (Psal.
1684 1651 1808 1708 H8.
1837 1652 1973 1724 ιυι)
2005 1668 2021 1708 :

440 1746 585 1816 prius
611 1745 883 1815 faciamus,
913 1755 971 1804 et
1005 1747 1083 1803 sic
1102 1745 1424 1803 doceamus:
1448 1745 1526 1801 Ne
1553 1744 1810 1800 doctrinm
1837 1753 2022 1801 aucto-

440 1838 597 1905 ritas,
636 1838 803 1896 cassis
854 1822 1107 1908 cperib'us
1157 1838 1483 1893 destruatur.
1535 1837 1645 1892 Hoc
1682 1845 1767 1901 est
1803 1837 1942 1908 quod
1969 1839 2021 1892 in

439 1926 703 1997 Propheta
731 1928 957 1999 legimus
986 1947 999 1983 :
1034 1930 1293 1992 Semiuate
1320 1930 1455 1985 vobis
1478 1930 1761 2000 iujustitia,
1788 1938 1835 1983 et
1856 1930 2024 1984 metite

437 2022 659 2090 fructum
692 2023 807 2077 vita:
829 2038 848 2077 :
865 2023 1150 2088 illuminate
1177 2021 1313 2077 vobis
1329 2023 1499 2076 lumen
1514 2021 1737 2077 scientia:
1754 2020 1912 2091 (Osee
1929 2021 2018 2077 10.

436 2112 554 2183 12).
606 2113 843 2169 Primum
891 2114 1150 2170 seminate
1180 2116 1231 2169 in
1271 2112 1497 2183 jnstitia,
1551 2120 1606 2168 et
1641 2111 1868 2167 fructum
1896 2113 2019 2169 vita:

432 2212 648 2259 mternae
676 2205 878 2271 metite,
913 2214 1093 2274 postea
1127 2205 1277 2260 vobis
1297 2205 1573 2260 scientiam
1602 2203 2019 2263 vindicate._Nce

431 2293 609 2349 statim
636 2296 879 2351 absoluta
902 2295 1158 2367 perfectio
1178 2303 1282 2362 est,
1306 2296 1484 2363 siquis
1499 2284 1945 2365 Superhumerale
1962 2304 2017 2353 et

432 2384 713 2443 Rationale
727 2387 921 2443 habeat
940 2406 953 2440 :
975 2389 1085 2447 nisi
1104 2388 1219 2443 lucc
1236 2387 1344 2457 ipsa
1365 2388 1503 2445 inter
1527 2402 1584 2443 se
1611 2386 1733 2443 forti
1747 2388 2016 2458 compagi-

431 2491 500 2533 ne
526 2477 847 2544 solidentur,
874 2486 929 2533 et
961 2478 1063 2535 sibi
1103 2478 1326 2533 invicem
1355 2492 1593 2535 connexa
1622 2470 1792 2535 'sint:
1850 2478 2011 2556 37],

428 2578 488 2625 ut
538 2577 599 2627 et
646 2569 889 2639 operatio
935 2568 1164 2636 rationi,
1212 2579 1267 2624 et
1316 2572 1453 2625 ratio
1485 2570 1735 2640 operibus
1763 2570 2008 2627 luerent:

425 2668 483 2715 et
512 2660 597 2714 his
616 2659 1038 2729 praecedentibus
1057 2701 1071 2727 ,
1099 2660 1340 2722 doctrina
1369 2671 1622 2733 sequatur
1644 2670 1697 2717 et
1720 2662 1935 2720 veritas.

499 2749 591 2810 22.
618 2750 856 2819 Quatuor
899 2751 1187 2819 elementa,
1233 2753 1302 2809 de
1326 2752 1518 2824 quibus
1544 2754 1703 2823 supra
1743 2753 2004 2820 diximus,

427 2850 487 2901 et-
506 2840 643 2897 duos
671 2842 875 2911 lapides
899 2842 983 2898 vel
1022 2844 1337 2915 Oltycltittos,
1395 2843 1481 2898 vel
1528 2843 1923 2913 smaragdinos,
1954 2853 2009 2900 et

425 2948 666 3006 gemmas
684 2932 989 3003 duodecim,
1008 2951 1127 3006 qua-
1145 2944 1415 3004 ponuntur
1437 2935 1487 2989 in
1508 2935 1791 3001 Ballonali,
1807 2935 1849 2988 si
1866 2945 2009 2989 esset

429 3033 639 3096 tempus
659 3032 718 3079 ut
739 3024 1085 3091 discuterem,
1117 3025 1445 3094 singulorum
1484 3035 1699 3079 naturas
1729 3034 1782 3081 et
1817 3037 2008 3079 causas

425 3117 517 3174 tibi
538 3132 860 3189 exponerem
890 3135 904 3173 :
937 3127 991 3173 et
1011 3117 1135 3189 quid
1175 3118 1538 3189 unusquisque
1570 3118 1764 3185 valeat,
1790 3126 1845 3173 et
1869 3132 2004 3187 quo.

423 3209 581 3265 modo
610 3208 895 3265 virtutibus
921 3208 1144 3281 singulis
1193 3218 1591 3280 comparentur,
1622 3209 1832 3279 plenius
1857 3224 2004 3277 qure-

420 3299 519 3357 sita
547 3299 621 3372 (α)
644 3282 1088 3356 demonstrarem.
1105 3297 1365 3365 Sufﬁciat,
1386 3298 1528 3371 quod
1547 3309 1598 3356 et
1621 3309 1834 3356 sanctus
1860 3299 2002 3369 Papa

419 3388 747 3461 Epiphanius
772 3392 1041 3462 egregium
1058 3405 1218 3461 super
1238 3389 1340 3447 hoc
1360 3391 1609 3449 volumen
1633 3390 1800 3447 edidit
1828 3408 1840 3443 :
1860 3389 2002 3461 quod

418 3481 465 3536 si
485 3482 661 3553 legere
676 3482 928 3551 volueris,
946 3484 1313 3554 plenissimam
1334 3484 1609 3540 scientiam
1629 3484 1996 3554 consequeris.

420 3576 532 3649 Ego
556 3578 667 3649 jam
709 3594 1014 3635 mensuram
1040 3580 1281 3651 epistolae
1322 3579 1585 3636 excedere
1609 3594 1694 3635 me
1721 3579 1993 3648 intelligo,

417 3677 473 3723 et
518 3670 831 3740 excipientis
868 3686 1021 3728 ceras
1054 3672 1209 3730 video
1242 3688 1363 3729 esse
1407 3671 1719 3742 completas.
1754 3671 1903 3728 Unde
1930 3670 1997 3726 ad

417 3759 622 3831 reliqua
665 3770 897 3829 transeo,
952 3773 1008 3818 ut
1053 3763 1264 3818 tandem
1314 3763 1527 3818 finiatur
1552 3763 1746 3818 oratio.
1779 3763 1997 3817 Lamina

414 3863 575 3905 aurea
628 3851 807 3908 rutilat
860 3853 912 3908 in
954 3854 1172 3910 fronte:
1206 3852 1336 3909 nihil
1386 3855 1530 3910 enim
1581 3854 1735 3910 nobis
1780 3853 1998 3925 prodest

415 3942 650 3997 omnium
678 3958 853 3998 rerum
874 3943 1120 4011 eruditio,
1145 3945 1245 4002 nisi
1275 3946 1366 4001 Dei
1397 3946 1617 4000 scientia
1654 3959 1992 4000 coronemur.

414 4027 594 4086 Lineis
632 4032 921 4103 induimur,
967 4049 1223 4089 ornamur
1268 4033 1647 4107 hiacyuthinis,
1693 4049 1845 4088 sacro
1879 4033 1995 4088 bal-

414 4127 502 4175 teo
549 4122 843 4193 cingimur,
927 4124 1120 4180 dantur
1179 4125 1333 4181 nobis
1379 4141 1575 4197 opera,
1619 4126 1896 4181 Rationale
1940 4124 1993 4180 in

416 4219 629 4279 pectore
657 4213 871 4282 ponitur
902 4233 917 4269 :
945 4215 1234 4286 accipimus
1258 4216 1558 4283 veritatem,
1588 4215 1789 4286 profert
1817 4231 1994 4271 sermo

413 4299 707 4360 doctrinam
741 4320 755 4357 :
784 4303 1090 4374 imperfecta
1135 4314 1263 4367 sunt
1300 4307 1584 4371 universa,
1618 4306 1717 4361 nisi
1749 4316 1851 4361 tant
1894 4306 1993 4362 de-

412 4402 543 4445 coro
566 4391 750 4449 currui
771 4393 961 4464 dignus
1011 4405 1279 4466 queratur
1304 4397 1506 4466 auriga,
1536 4405 1591 4452 et
1642 4410 1803 4467 super
1837 4410 1993 4452 crea—

412 4489 564 4536 turas
582 4492 789 4539 creator
810 4485 1080 4554 insistens,
1107 4496 1256 4558 regat
1279 4489 1390 4559 ipse
1410 4503 1530 4559 quae
1554 4487 1809 4544 condidit.
1841 4487 1992 4557 Quod

410 4571 537 4626 olim
560 4573 613 4629 in
651 4575 846 4631 lamina
876 4580 1290 4645 monstrabatur,
1322 4596 1468 4635 nunc
1493 4582 1545 4635 in
1574 4581 1728 4651 signo
1752 4582 1993 4637 ostendi-

411 4671 497 4716 tur
521 4662 728 4718 Crucis.
776 4666 921 4720 Auro
967 4667 1119 4737 legis,
1151 4670 1364 4738 sanguis
1395 4670 1668 4742 Evangelii
1711 4672 1994 4742 pretiosior

406 4759 510 4806 est.
541 4751 690 4805 Tunc
715 4752 919 4822 signum
943 4755 1092 4823 juxta
1117 4756 1415 4817 Ezechielis
1436 4776 1621 4817 vocem
1654 4764 1993 4832 gementibus

409 4838 670 4910 figebatnr
721 4841 774 4895 in
825 4841 999 4899 fronte
1031 4843 1255 4916 (Ezech.
1289 4846 1345 4902 9..
1381 4849 1448 4916 4)
1487 4866 1666 4905 :nunc
1719 4862 1995 4921 portantes

406 4940 621 4984 erucem
647 4929 872 4986 dicimus
903 4950 916 4986 :
949 4933 1214 5005 Signatum
1240 4944 1312 4990 est
1335 4952 1487 5007 super
1511 4954 1602 4993 nos
1637 4938 1805 4995 lumen
1829 4944 1993 5000 vultus

409 5019 503 5083 tui,
532 5016 748 5075 Dandae
805 5020 997 5093 (Psal.
1046 5025 1101 5079 4.
1152 5025 1185 5079 Ἰ
1214 5024 1256 5097 ),.
1306 5024 1396 5081 Bis
1440 5027 1492 5081 in
1529 5027 1715 5084 Exodo
1766 5030 1992 5101 legimus

409 5107 618 5197 (Exod.
671 5110 762 5167 28.
798 5122 843 5166 et
881 5114 1023 5186 2,9),
1046 5116 1394 5188 .prmcipiente
1425 5116 1685 5187 Domino,
1727 5131 1781 5176 et
1810 5121 1992 5197 Moyse

404 5194 552 5270 jnssa
585 5201 809 5259 faciente
837 5207 955 5278 :,(b)
986 5217 1108 5263 octo
1129 5208 1357 5265 vestium
1380 5226 1578 5281 genera
1612 5194 1987 5276 Pontificis.ln

472 5314 553 5391 (tt)
578 5314 654 5390 Ne
664 5316 760 5391 d_uo
779 5318 976 5391 quidem
998 5319 1114 5375 Mss.
1141 5321 1438 5391 exemplaria
1463 5325 1701 5387 invenias,
1725 5340 1835 5391 quae
1858 5328 1988 5381 hunc

409 5377 568 5447 locum
613 5377 991 5447 iisdem'verbis
1037 5377 1335 5447 exprimant;
1380 5396 1495 5437 sunt
1538 5377 1701 5438 tamen
1740 5377 1985 5447 variantes

411 5436 655 5489 lectiones
676 5448 775 5490 tum
799 5453 825 5493 a
850 5443 1006 5501 nobis,
1033 5436 1133 5492 tulit
1156 5446 1220 5493 ab
1241 5436 1349 5496 alis
1378 5436 1659 5503 recensita.
1674 5436 1983 5503 ttnllittsrliere

409 5502 659 5575 momenti,
676 5515 741 5575 ᾳ
763 5504 939 5575 quibus
959 5505 1006 5557 id
1030 5518 1179 5575 unum
1197 5509 1515 5575 _arguas,fere_
1535 5502 1745 5575 adhunc
1769 5502 1993 5575 tnodttm,_

410 5563 641 5633 scriptum
663 5563 1342 5633 olim—{Hieronymtbfpletiius
1364 5563 1566 5633 quwsita
1581 5563 1995 5633 demonstrarent:

376 5644 385 5650 -
412 5629 695 5699 {tentarem
734 5625 957 5699 sufﬁciat,
974 5625 1080 5699 _et'c.
1105 5625 1291 5679 Obvius
1329 5625 1473 5692 porro
1511 5640 1596 5699 est
1623 5632 1675 5683 S.
1703 5625 1980 5699 Epiphanii

1794 436 2119 493 EPISTULA
2157 432 2315 495 LXV.

3567 516 3575 531 ι
3613 447 3722 508 ως

2137 549 2376 606 Levitieo
2402 561 2470 607 ac
2499 566 2937 623 septemtmmn
2964 559 3218 630 scriptum
3266 569 3347 618 est
3370 561 3391 635 (
3413 561 3570 619 Leuit.
3601 564 3717 638 8);

2133 652 2187 699 et
2216 644 2444 700 refertur
2470 647 2735 717 quomodo
2762 647 2969 719 Moyses
2990 651 3205 708 fratrem
3226 669 3379 711 suum
3408 658 3584 712 Aaron
3613 656 3721 714 illis

2131 734 2364 790 induerit
2411 754 2425 792 :
2456 736 2524 792 de
2553 738 2691 793 solis
2723 737 3059 796 fentinalibus
3095 744 3467 812 nihildicitttr,
3494 748 3593 805 hac
3620 748 3717 821 (ut

2128 826 2363 881 arbitror
2382 828 2399 897 )
2421 842 2584 884 causa
2610 868 2625 893 ,
2672 828 2814 899 quod
2839 830 2906 885 ad
2937 831 3186 902 genitalia
3207 846 3385 890 nostra
3402 847 3455 894 et
3482 838 3716 909 verenda

2130 915 2213 970 lex
2242 933 2348 975 non
2378 920 2537 975 mittit
2584 916 2946 990 manum,st
2996 925 3094 995 ipsi
3133 930 3422 984 secretiora
3452 944 3634 988 nostra
3662 942 3718 989 et

2127 1009 2437 1065 confusione
2460 1011 2617 1081 digna
2636 1022 2815 1083 tegere
2837 1023 2893 1070 et
2921 1016 3099 1072 velare
3128 1016 3410 1087 debemus,
3427 1032 3482 1078 et
3510 1026 3721 1079 consci-

2128 1098 2326 1154 entiam
2358 1100 2602 1168 puritatis
2630 1101 2879 1159 feminum
2904 1104 2974 1177 (e)
3000 1106 3107 1161 Deo
3134 1105 3300 1177 judici
3322 1124 3614 1167 reservare.
3642 1113 3720 1169 De

2128 1188 2331 1261 ceteris
2356 1190 2661 1258 virtutibus,
2694 1194 2840 1250 verbi
2862 1197 3051 1265 gratia,
3072 1199 3350 1268 sapientia,
3384 1201 3715 1268 fortitudine.

2121 1276 2345 1347 iustitia,
2365 1285 2735 1351 temperantia,
2763 1285 2924 1359 372
2943 1286 3256 1355 humilitate,
3284 1291 3716 1355 mansuetudine.

2126 1366 2481 1437 liberalitate,
2514 1383 2734 1442 possunt
2760 1385 2813 1430 et
2846 1377 2936 1431 alii
2958 1377 3200 1448 judicare
3227 1398 3241 1436 :
3270 1381 3574 1451 pudicitiam
3602 1383 3716 1463 sola

2126 1455 2233 1530 [ιιι.
2263 1460 2466 1535 solam]
2498 1465 2643 1520 novit
2665 1467 2989 1524 conscientia
3010 1511 3026 1538 ,
3062 1481 3116 1527 et
3145 1472 3359 1529 luunaui
3389 1476 3530 1533 oculi
3556 1458 3718 1547 hujus

2126 1550 2203 1605 rei
2249 1552 2385 1607 certi
2415 1554 2620 1624 iudices
2649 1572 2770 1614 esse
2811 1575 2919 1615 non
2959 1572 3181 1631 possunt
3212 1565 3457 1638 :absque
3501 1568 3584 1625 Itis
3622 1569 3715 1640 qui

2124 1640 2321 1708 passim
2347 1642 2397 1696 in
2435 1658 2640 1700 morem
2685 1648 2963 1705 brutorum
2989 1652 3294 1711 animalium
3324 1654 3546 1715 ~libidini
3589 1671 3717 1716 sunt

2123 1733 2370 1801 expositi.
2414 1734 2570 1793 Unde
2607 1747 2662 1793 et
2704 1741 2977 1810 apostolus
3006 1760 3020 1797 :
3053 1743 3129 1800 De
3156 1747 3431 1818 virginibus
3445 1750 3473 1815 ,‘
3507 1751 3713 1823 inquit,

2122 1834 2428 1894 promptum
2465 1825 2673 1887 Domini
2700 1846 2799 1884 non
2829 1832 2986 1889 Imbro
3033 1833 3129 1907 (l.
3153 1835 3271 1891 Cor.
3302 1839 3354 1893 7.
3382 1838 3488 1911 25)
3514 1858 3528 1895 :
3559 1843 3712 1912 quasi

2120 1912 2345 1986 Moyses.
2374 1916 2620 1989 loquatur
2659 1938 2674 1975 :
2706 1920 3047 1980 feminalibus
3092 1942 3193 1999 ego
3241 1943 3348 1984 non
3378 1932 3566 1999 vestio,
3612 1949 3714 1990 nec

2120 2003 2337 2074 impono
2365 2008 2520 2064 alicui
2552 2012 2925 2069 necessitatem
2956 2033 2969 2070 :
3005 2017 3093 2088 qui
3120 2018 3235 2074 vult
3270 2018 3533 2079 Sacerdos
3558 2039 3710 2092 esse,

2120 2092 2235 2167 ipse
2254 2110 2312 2150 se
2336 2099 2546 2153 vestiat.
2577 2099 2623 2156 Ο
2650 2112 2862 2172 quantae
2887 2105 3141 2177 virgines,
3159 2117 3214 2165 et
3237 2120 3555 2181 quantorum
3585 2128 3710 2185 spe-

2119 2194 2233 2241 rata
2266 2187 2516 2276 pudicitia
2545 2190 2596 2245 in
2622 2192 2709 2248 die
2746 2193 2935 2263 jndicii
2976 2197 3423 2259 dehonestabitnr
3449 2214 3713 2276 :quanto-

2116 2288 2234 2328 rum
2263 2274 2511 2335 infamata
2544 2281 2793 2350 pudicitia
2818 2302 2848 2339 a
2880 2286 2990 2343 Deo
3005 2287 3186 2360 judice
3209 2274 3581 2354 coronabitur.
3607 2293 3708 2366 Ipsi

2116 2362 2276 2435 igitur
2299 2381 2639 2428 assumamus
2663 2372 2970 2442 feminalia:
2996 2379 3094 2449 ipsi
3118 2389 3298 2437 nostra
3320 2385 3555 2444 verenda
3580 2362 3710 2458 οβ’·-

2113 2454 2314 2513 riamus
2344 2474 2358 2511 :
2384 2475 2490 2514 non
2542 2478 2844 2533 quteramtts
2881 2467 3083 2526 alienos
3122 2471 3328 2529 oculos.
3356 2472 3432 2534 Ita
3462 2454 3709 2547 tegantur

2112 2545 2382 2616 genitalia,
2414 2559 2468 2604 ut
2500 2553 2764 2608 nullorum
2793 2558 2961 2617 oculis
2982 2568 3198 2628 pateant
3239 2580 3253 2617 :
3285 2579 3353 2619 ne
3382 2545 3593 2635 quando
3619 2567 3702 2626 in-

2113 2645 2316 2694 tratnus
2356 2639 2548 2698 Sancta
2590 2644 2940 2717 Sanctorum,
2985 2652 3152 2724 siqua
3187 2658 3494 2727 apparuerit
3532 2659 3704 2730 turpi-

2113 2728 2257 2792 tudo.
2291 2744 2459 2789 morte
2507 2737 2815 2794 moriamur.
3618 2728 3635 2730 _
3668 2740 3677 2755 ’

2178 2818 2270 2876 25.
2298 2820 2413 2877 .lam
2452 2838 2631 2881 sern:o
2676 2827 2877 2898 finitur,
2928 2840 2982 2887 ct
3021 2833 3087 2889 ad
3136 2837 3407 2909 superiora
3434 2839 3699 2899 relrabor.

2107 2908 2275 2966 Tanta
2301 2911 2459 2969 debet
2483 2930 2602 2972 esse
2644 2919 2866 2976 scientia
2895 2933 2947 2978 et
2977 2925 3206 2981 eruditio
3250 2927 3526 2987 Pontificis
3566 2934 3698 3001 Dei,

2107 3012 2234 3058 utet
2254 3019 2469 3075 gressus
2499 3008 2636 3078 ejus,
2664 3020 2717 3066 et
2748 3023 2947 3081 motus,
2971 3024 3023 3070 et
3060 3017 3306 3074 universa
3335 3021 3532 3076 vocalia
3568 3024 3695 3081 sint.

2111 3092 2397 3152 Veritatem
2422 3109 2601 3157 mente
2636 3105 2924 3175 concipiat,
2960 3116 3008 3161 et
3039 3115 3149 3164 toto
3175 3124 3293 3165 eam
3328 3110 3508 3168 habitu
3543 3130 3695 3171 reso-

2104 3194 2195 3241 net
2220 3195 2276 3242 et
2315 3198 2505 3244 ornatu
2540 3209 2554 3245 :
2588 3199 2644 3246 ut
2673 3194 2925 3265 quidquid
2969 3198 3098 3267 agit,
3129 3199 3385 3271 quidquid
3428 3203 3693 3275 loquitur,

2102 3274 2172 3330 sit
2191 3276 2432 3334 doctrina
2464 3282 2799 3352 populorum.
2828 3287 3041 3357 Absque
3078 3289 3444 3353 tintinnabulis
3469 3274 3614 3355 enim
3640 3305 3697 3357 et

2101 3365 2326 3424 diversis
2350 3370 2642 3441 coloribus,
2675 3384 2730 3429 et
2755 3379 2983 3448 gemmis
3028 3379 3358 3456 floribusqne
3400 3387 3692 3456 virtutum,

2101 3472 2201 3514 nec
2222 3458 2417 3515 Sancta
2449 3462 2651 3534 ingredi
2676 3475 2871 3536 potest,
2896 3483 2996 3524 nec
3025 3486 3235 3531 nomen,
3263 3475 3533 3531 Antistitis
3562 3491 3691 3548 pos.

2098 3547 2298 3604 sidere.
2344 3549 2470 3606 llam
2518 3553 2593 3609 ad‘
2629 3570 2788 3611 unam
2838 3557 3355 3621 lucubratiunculam
3395 3579 3516 3620 cum
3568 3547 3695 3636 jam

2100 3640 2239 3698 funis
2259 3642 2558 3699 solveretur
2581 3661 2610 3699 a
2642 3647 2847 3715 littore,
2869 3659 2923 3704 et
2954 3660 3131 3710 nauta:
3156 3654 3402 3715 crebrius
3431 3657 3690 3716 inclama-

2098 3743 2238 3802 rent,
2270 3748 2496 3805 propero
2543 3752 2793 3799 sermone
2819 3741 3013 3797 dictavi
3030 3784 3057 3810 ,
3074 3758 3197 3814 quae
3220 3747 3481 3804 memoria
3506 3756 3691 3807 tenere

2099 3833 2372 3896 poteram,
2404 3835 2461 3881 et
2485 3844 2604 3897 quae
2645 3829 2894 3886 diuturna
2936 3833 2991 3890 in
3022 3833 3285 3891 Rationali
3317 3839 3545 3906 pectoris
3584 3841 3689 3901 mei

2098 3915 2323 3972 lectione
2345 3931 2718 3987 congesseram
2764 3939 2777 3977 :
2806 3924 2937 3978 satis
2965 3923 3270 3998 intelligens
3297 3930 3465 3999 magis
3491 3945 3581 3987 me
3605 3931 3690 3987 lo-

2097 4008 2292 4079 quendi
2318 4009 2537 4077 impetu,
2568 4027 2725 4082 quam
2746 4012 2948 4085 judicio
2963 4018 3243 4074 scribentis
3262 4020 3445 4088 fluere,
3460 4030 3515 4078 et
3538 4038 3691 4084 more

2098 4099 2345 4152 torrentis
2401 4099 2670 4156 turbidum
2726 4104 2972 4175 proferre
3021 4120 3349 4165 sermonem.
3404 4108 3595 4169 Fertur
3633 4113 3688 4170 in

2097 4186 2268 4244 indice
2305 4188 2546 4259 Septimii
2574 4191 2889 4253 Tertulliani
2936 4195 3014 4270 (Δ)
3044 4198 3179 4254 liber
3214 4197 3283 4256 de
3313 4202 3490 4258 Aaron
3522 4205 3685 4261 vesti-

2096 4277 2216 4346 bus,
2240 4278 2329 4349 qui
2357 4279 2573 4336 interim
2609 4300 2775 4356 usque
2803 4287 2871 4342 ad
2901 4287 3039 4344 hanc
3064 4288 3205 4344 diem
3244 4305 3277 4346 a
3322 4307 3408 4348 me
3449 4308 3557 4349 non
3605 4304 3691 4352 est

2096 4380 2359 4437 repertus.
2383 4369 2437 4426 Si
2469 4386 2499 4427 a
2525 4373 2675 4430 vobis
2707 4387 2924 4447 propter
2951 4378 3316 4437 celebritatem
3343 4381 3500 4439 Urbis
3530 4382 3691 4445 fuerit.

2095 4457 2364 4529 inventus,
2405 4477 2587 4533 qumso
2613 4481 2683 4520 ne
2719 4482 2891 4523 meam
2923 4470 3119 4526 stillam
3144 4470 3287 4529 illius
3308 4472 3511 4533 flumini
3534 4487 3691 4529 com-

2096 4552 2313 4621 paretis.
2359 4552 2474 4608 Non
2522 4555 2663 4615 enim
2694 4573 3008 4631 magnorum
3039 4562 3281 4619 virorum
3307 4561 3552 4634 ingeniis,
3591 4562 3688 4624 sed

2093 4644 2227 4698 nteis
2252 4658 2368 4698 sum
2399 4645 2601 4701 viribus
2639 4650 3004 4705 aestimandus.

2447 4756 2623 4834 313‘
2672 4758 2996 4819 EPISTULA
3040 4764 3178 4820 va
3215 4763 3333 4838 ((1)..

2095 4882 2162 4921 AD
2192 4882 2485 4927 BBINCINAM
2517 4885 2787 4939 γιιιδικειι,
2816 4888 2933 4929 SIVE
2961 4891 3297 4937 ειριλλυτια
3318 4896 3514 4939 euut
3530 4899 3680 4941 11117.

2096 4975 2551 5048 ραιάναθεείηιωη
2567 4993 2803 5051 quartum
2829 4983 3266 5062 I’salmum,cujus
3289 4993 3592 5061 initiante“,
3623 4996 3684 5052 E-

2165 5069 2391 5124 ructavit
2406 5086 2499 5125 cor
2514 5088 2691 5128 meum
2711 5078 2934 5135 verbum
2950 5080 3227 5149 bonum,in
3245 5079 3343 5157 ἒιυο
3358 5091 3531 5158 sponsi
3543 5089 3681 5144 Cleri;

2163 5159 2247 5223 sti,
2275 5176 2570 5233 sponsteque
2596 5163 3253 5240 Ecclesiarepithnlamiunt
3275 5178 3496 5246 canitur,
3526 5178 3678 5234 Prin.

2160 5252 2309 5322 cipit:
2328 5252 2798 5333 Romanmvirgiui,
2829 5274 2941 5330 post
2981 5266 3248 5337 defensum
3276 5272 3597 5327 aeolunmiis
3625 5286 3681 5327 te

2161 5344 2519 5403 acmult'ebrem
2531 5366 2878 5424 sexttm,quem
2892 5357 2943 5411 in
2959 5361 3674 5433 expasitioneScriptumrum

2162 5436 2380 5491 "toribus
2404 5439 2656 5495 interdum
2672 5446 2996 5518 ,ρνιιῖῙειορῖΙπιιὋ
3025 5451 3406 5519 interpretatur.

2160 5526 2211 5582 l.
2254 5528 2383 5585 Seio
2402 5533 2829 5605 me,Principia,
2862 5537 2913 5593 in
2939 5539 3152 5597 Christo
3182 5543 3313 5607 filia,
3348 5558 3375 5595 a
3402 5542 3675 5613 plerisque

2146 5641 2211 5718 (ιζ)
2233 5643 2616 5699 Martianaeusac
2638 5649 2893 5718 seminum,
2908 5660 3149 5716 expuncta
3168 5653 3416 5704 verissima
3436 5652 3672 5718 lectione.

412 5680 538 5732 liber
568 5686 680 5748 iste,
707 5680 857 5750 qué'm
877 5680 1055 5750 laedat,
1075 5703 1157 5755 ςιρι
1174 5708 1245 5749 τῷν
1262 5680 1403 5743 δὸέαι
1422 5680 1983 5761 λιω,νὲὶτὶιίᾱὲξέὦῖἦίἐ
2081 5680 2614 5770 reﬁihiﬁl'amiiéi"

414 5744 464 5793 in
478 5745 694 5820 ,ᾼὲίνὲηίξ
715 5757 870 5820 Ῡίῗδίθ·
910 5810 943 5820 Α
975 5812 987 5820 .
1030 5815 1040 5820 -
1302 5815 1349 5820 --
1547 5817 1592 5820 μ
1928 5816 1933 5819 ,
2110 5770 2113 5773 ’
2145 5765 2222 5820 (ά)
2256 5765 2447 5818 Iamdiu
2472 5771 2552 5819 hic
2573 5724 2837 5820 mtullian

2617 5789 2646 5820 υ

414 5744 464 5793 in
488 5744 694 5798 Aaronis
715 5744 870 5799 veste.

474 5805 547 5866 (ὸ)
580 5807 633 5856 S.
675 5809 884 5862 lsidorns
904 5810 1158 5879 originum
1183 5812 1268 5865 lib.
1285 5815 1372 5879 μὴ
1396 5829 1502 5879 cap.
1541 5817 1621 5868 21.
1662 5824 1777 5869 octo
1798 5816 1978 5872 suntin
2080 5805 2162 5879 illo

415 5875 747 5947 {fge‘lgettera
774 5873 1147 5947 sacerdoti:th
1181 5873 1579 5947 uestimento'rmn,
1619 5886 1737 5943 etc.,
1755 5895 1864 5947 qua:
1908 5895 1971 5934 ex

414 5926 503 5983 bal:
523 5926 805 5998 Hieronymi
828 5935 1030 6000 epistola
1054 5938 1324 6002 exscripsit.

2110 5765 2222 5840 χά)
2256 5765 2447 5840 Iamdiu
2472 5771 2552 5840 hic
2573 5765 2859 5840 'l‘ertulliani
2883 5771 3010 5840 liber
3042 5773 3424 5840 intereidit_,_tmo
3444 5779 3576 5840 quod
3589 5783 3679 5832 ab

2214 5828 2344 5899 iter-it
2365 5828 2697 5899 elucubratus.
2725 5847 2787 5882 ex
2827 5834 2920 5882 hoc
2963 5834 3120 5886 ferme
3166 5848 3261 5891 tuto
3284 5828 3485 5892 Hieron:
3536 5828 3665 5899 ιυὲιῖ

2078 5890 2246 5938 monio
2267 5888 2513 5941 discimus.

2146 5944 2213 6012 (c)
2253 5950 2323 5998 λι.
2348 5951 2457 6000 lltl.
2492 5954 2679 6017 scripta
2700 5958 2820 6007 circ.
2847 5952 3195 6011 medittmatmi
3216 5959 3327 6013 59L
