4146 6336
390 427 498 487 025

391 547 574 599 tionem
610 547 668 596 et
710 538 1050 593 doctissimum
1089 541 1244 590 sonat
1274 550 1287 587 :
1312 534 1431 597 ξιιι,
1482 527 1734 583 canticum
1765 545 1778 582 :
1807 543 1971 583 IDIDIA

388 637 666 708 antiquum
708 632 1010 690 Salomonis
1031 639 1115 684 est
1145 642 1361 693 nomen,
1388 624 1510 695 quia
1548 624 1655 677 alio
1683 635 1848 676 sensu
1877 637 1971 690 pa.

388 727 567 797 ciﬁcus
591 723 908 795 appellatur.
935 721 1173 790 Quatuor
1197 729 1371 773 autem
1397 713 1619 789 Psalmi,
1645 713 1771 769 licet
1796 712 1850 766 in
1882 726 1974 780 po-

390 799 607 874 steriori
654 815 924 870 titulorum
976 821 1124 882 parte
1165 808 1516 873 dissentiant,
1562 805 1665 860 hoc
1711 801 1974 873 principio

395 916 803 979 prasiiotantur,
831 902 1269 973 quadragesimus
1310 907 1553 970 quartus,
1595 894 1971 967 quinquagesi-

392 1016 514 1056 mus
536 1013 728 1061 nonus,
760 994 1125 1065 sexagesimus
1154 1001 1399 1056 octavus,
1425 987 1850 1060 septuagesimum
1878 1001 1974 1039 uo-

391 1106 493 1146 nus
518 1106 587 1145 τε
612 1088 808 1158 quibus
826 1087 930 1141 duo
950 1085 1108 1140 medii
1130 1085 1511 1146 inscribuntur,
1538 1071 1738 1142 David;
1769 1077 1972 1147 primus

387 1197 439 1240 et
471 1182 814 1245 novissimus,
861 1178 1111 1233 Filiorum
1152 1174 1285 1233 Core
1326 1184 1371 1228 et
1416 1173 1607 1244 Asaph.
1649 1171 1725 1227 De
1766 1168 1972 1225 cunctis

386 1278 568 1331 dieeic
596 1290 700 1331 non
726 1284 810 1329 est
830 1272 992 1343 hujus
1018 1270 1296 1342 temporis,
1318 1282 1476 1339 quem
1499 1266 1779 1336 cmpiinus,
1802 1262 1972 1333 expli-

385 1381 595 1423 cenios.

460 1484 512 1533 4.
547 1478 735 1543 Recte,
767 1477 857 1547 qui
884 1477 935 1531 in
977 1475 1298 1531 saeculorum
1328 1474 1433 1528 line
1459 1470 1697 1527 mutandi
1724 1476 1870 1536 sunt,
1895 1467 1963 1524 de

387 1572 583 1641 quibus
627 1572 914 1638 Apostolus
963 1568 1199 1641 loquitur
1227 1585 1241 1621 :
1273 1566 1461 1621 Omnes
1500 1564 1839 1629 dormiamus,
1883 1559 1972 1614 sed

386 1679 490 1717 non
513 1679 683 1717 omnes
711 1660 1090 1717 immorabimur
1110 1658 1411 1731 (l.Cor.l5.
1440 1654 1554 1731 5|),
1584 1655 1887 1715 referuntur
1903 1652 1970 1708 ad

390 1754 569 1806 linem.
592 1752 656 1807 Et
672 1753 776 1808 hoc
802 1753 973 1822 ipsum
1000 1752 1310 1824 mysterium
1339 1751 1594 1806 lectorem
1620 1757 1882 1819 prirparat
1900 1747 1969 1802 ad

387 1846 790 1916 intelligentiam
818 1846 1132 1916 spiritalem.
1159 1844 1259 1902 Ubi
1287 1844 1429 1899 enim
1459 1843 1623 1918 376
1663 1841 1887 1910 simplex
1915 1848 1970 1896 et

388 1947 611 2006 apertus
637 1946 720 1993 est
761 1951 953 1993 sensus
974 1977 990 2001 ,
1018 1935 1144 2006 quid
1177 1949 1397 1992 necesse
1426 1944 1509 1989 est
1546 1931 1851 1987 audientem
1883 1931 1970 1986 iit-

389 2030 699 2102 telligentize
745 2029 1090 2100 prazmoneri,
1136 2037 1190 2084 et
1237 2028 1341 2082 dici
1380 2027 1447 2080 ad
1494 2042 1648 2093 eum,
1682 2025 1783 2091 Qui
1824 2021 1973 2078 habet

382 2139 534 2178 aures
557 2123 817 2190 audiendi,
839 2122 1013 2177 audiat
1033 2122 1058 2176 τ
1082 2120 1299 2189 (Matth.
1331 2119 1421 2188 15)
1455 2117 1735 2173 Canticum
1760 2130 1972 2186 quoque

382 2215 594 2271 canitur
634 2216 915 2271 carissimo
957 2222 1117 2285 atque
1144 2214 1343 2269 dilecto
1363 2255 1379 2279 ,
1410 2213 1532 2284 quia
1561 2204 1799 2282 propter
1821 2210 1969 2265 illum

384 2306 564 2363 veniet
601 2308 803 2363 sanctis
847 2305 1111 2377 promissa
1155 2305 1401 2360 mutatio.
1434 2303 1564 2368 Quin
1594 2301 1805 2368 quidem
1832 2309 1887 2354 ct
1916 2301 1970 2354 in

385 2396 488 2452 hac
519 2397 619 2451 vita
649 2396 872 2466 intelligi
920 2402 1117 2465 potest,
1146 2394 1362 2465 quando
1390 2391 1639 2448 exnimur
1673 2391 1840 2446 veteri
1869 2390 1969 2445 bo-

385 2486 550 2549 inine,
578 2498 633 2542 et
661 2486 935 2541 induimur
962 2498 1125 2549 novo,
1152 2484 1240 2554 qui
1272 2491 1566 2538 renovatur
1586 2482 1639 2537 in
1666 2482 1971 2553 cognitione

382 2576 679 2633 secundum
722 2576 1010 2645 imaginem
1058 2575 1366 2641 Creatoris,
1406 2584 1460 2629 ct
1506 2573 1729 2644 gloriam
1762 2573 1968 2628 Domini

382 2667 846 2736 contemplantes,
874 2667 925 2720 iu
954 2665 1198 2722 eamdem
1223 2666 1506 2736 imaginem
1531 2669 1972 2722 transformamur

377 2760 536 2831 quasi
567 2775 594 2812 a
623 2758 789 2828 gloria
823 2760 874 2813 in
906 2759 1152 2830 gloriam.
1183 2758 1290 2815 Nec
1316 2769 1398 2815 est
1425 2771 1631 2831 tempus
1671 2761 1835 2815 ullum
1863 2777 1970 2831 quo

382 2863 492 2904 non
521 2858 761 2904 mutetur
785 2849 1035 2917 Sanctus,
1066 2850 1459 2922 prmteritoriim
1487 2851 1810 2907 obliriscens
1834 2861 1888 2907 et
1915 2853 1966 2908 in

382 2939 618 2996 futurum
660 2955 720 2996 se
763 2940 1097 3008 extendens,
1147 2958 1267 2996 cum
1313 2941 1538 2998 interior
1583 2952 1766 2999 noster
1808 2943 1970 2999 homo

388 3041 679 3086 renovetur
706 3030 774 3086 de
803 3031 891 3088 dio
933 3033 984 3088 in
1028 3033 1189 3100 diem,
1222 3044 1276 3089 et
1318 3035 1665 3090 immutabilis
1695 3036 1837 3092 Deus
1876 3037 1967 3108 qui

384 3124 623 3194 loquitur
667 3139 766 3195 per
814 3124 1128 3196 praphetam
1173 3143 1187 3181 :
1229 3124 1343 3198 Ego
1382 3125 1540 3194 Deus,
1583 3137 1631 3183 et
1672 3144 1772 3182 non
1800 3141 1970 3183 mutor

386 3208 642 3285 (.llalach.
679 3217 732 3272 5.
762 3215 843 3284 6),
876 3227 1094 3288 propter
1122 3232 1220 3272 nos
1247 3219 1532 3274 mutaverit
1558 3217 1744 3274 l‘acicni
1774 3234 1924 3274 suam
1949 3261 1964 3287 ,

384 3306 716 3377 iormainqnc
743 3307 885 3362 servi
910 3308 1205 3377 acceperit.
1221 3317 1276 3364 et
1296 3308 1364 3364 de
1380 3307 1563 3365 iudica
1587 3312 1968 3382 transmigrans

383 3396 451 3451 ad
498 3396 816 3465 Pbilistiim,
868 3399 959 3468 qui
1007 3400 1424 3470 interpretantur
1464 3400 1644 3471 poculo
1681 3413 1968 3459 corruentes

384 3487 656 3557 (inebriati
688 3490 830 3544 enim
875 3487 1088 3545 fuerant
1116 3505 1282 3545 aureo
1319 3491 1486 3546 calice
1526 3491 1834 3564 Babylonis)
1863 3494 1969 3563 pri-

384 3595 529 3635 mum
573 3582 783 3637 derisus
823 3581 894 3638 sit
942 3591 1163 3653 propter
1207 3584 1487 3638 stultitiam
1531 3587 1730 3653 crucis,
1771 3587 1967 3644 deinde

385 3686 667 3747 susceptus
696 3687 915 3748 propter
947 3677 1174 3747 gloriam
1208 3677 1615 3747 triumphorum.
1646 3679 1968 3737 Carissimus

383 3775 563 3821 autem
593 3766 683 3823 ille
703 3777 804 3832 est,
833 3766 901 3824 de
926 3784 1033 3838 quo
1056 3767 1218 3823 lsaias
1243 3768 1387 3823 canit
1419 3787 1431 3822 :
1458 3770 1681 3824 Cautabo
1704 3768 1967 3826 Canticum

384 3858 565 3914 dilecto
593 3861 747 3916 vineae
782 3878 906 3917 mete
930 3862 949 3933 (
971 3860 1099 3915 lsai.
1141 3861 1196 3916 5.
1226 3861 1248 3915 1
1274 3861 1333 3931 );
1365 3871 1417 3915 ει
1450 3860 1791 3932 Erangclium
1822 3879 1835 3916 :
1870 3860 1969 3917 Hic

384 3959 456 4002 est
483 3947 532 4002 Ρ
533 3950 649 4005 ilius
678 3968 818 4006 metis
847 3953 1080 4018 dilectus,
1114 3952 1165 4004 in
1201 3969 1299 4022 quo
1328 3951 1451 4005 mihi
1486 3952 1609 4007 bene
1644 3954 1929 4024 cooptat-ui
1946 3995 1961 4017 ,

384 4041 519 4096 lianc
547 4044 720 4098 audite
754 4043 967 4116 (Matth.
996 4046 1083 4101 17.
1118 4043 1196 4116 5).
1228 4044 1324 4098 Cui
1355 4061 1461 4099 non
1490 4060 1631 4100 unus
1660 4046 1924 4116 Propheta
1944 4086 1964 4112 ,

384 4132 480 4188 sed
524 4135 700 4191 omnis
745 4135 944 4191 chorus
986 4136 1216 4191 ﬁliorum
1249 4136 1387 4192 Core
1417 4153 1558 4191 nunc
1589 4138 1775 4192 laudes
1802 4138 1964 4192 canit.

380 4223 483 4290 Qui
514 4225 619 4279 sint
642 4237 820 4280 autem
851 4227 944 4281 lilii
965 4227 1126 4293 Core,
1157 4227 1208 4283 id
1236 4236 1338 4293 est,
1366 4227 1635 4296 Calvariw,
1661 4231 1712 4283 iii
1738 4228 1967 4300 quadra-

384 4317 591 4389 gesimo
637 4322 813 4392 primo
851 4322 1067 4379 Psalmo
1097 4322 1175 4394 (a)
1206 4323 1598 4393 competentius
1643 4322 1966 4393 disputatur.

386 4409 454 4464 Et
494 4419 551 4466 ut
579 4413 812 4468 sciamus
839 4422 1039 4469 textum
1070 4413 1277 4470 Cantici
1310 4414 1463 4470 titulo
1492 4415 1798 4482 convenire,
1845 4432 1968 4471 niu-

384 4505 639 4559 tationem
660 4504 728 4560 dc
752 4506 859 4560 alio
878 4506 944 4561 ad
970 4507 1111 4562 aliud
1137 4506 1289 4574 dicit,
1309 4516 1368 4562 ut
1395 4506 1500 4562 lilia
1522 4507 1609 4565 eui
1637 4507 1964 4578 praccipitur,

387 4608 444 4653 ut
475 4601 679 4669 antiqui
713 4602 947 4670 parentis
972 4602 1340 4670 obliviscatur,
1372 4603 1516 4673 regis
1544 4617 1603 4658 se
1633 4603 1967 4674 amplexibus

382 4700 557 4762 paret.
588 4690 860 4745 Victorem
888 4703 1064 4746 autem
1086 4709 1207 4747 eum
1230 4708 1351 4748 csse
1377 4693 1465 4764 qui
1489 4694 1619 4749 dicit
1646 4712 1661 4748 :
1693 4692 1964 4763 Con/idne,

382 4798 478 4852 ego
506 4781 601 4834 vici
626 4779 869 4832 mundum
896 4779 1075 4853 (latin.
1117 4784 1208 4837 l6.
1237 4784 1328 4854 33)
1353 4799 1369 4848 ;
1397 4792 1453 4839 et
1487 4785 1554 4838 ad
1580 4799 1736 4855 quem
1768 4787 1866 4840 ista
1890 4786 1965 4856 (ὁ)

380 4871 743 4928 adolescentis
769 4872 941 4926 oratio
967 4881 1049 4927 est
1078 4889 1094 4927 :
1127 4876 1167 4926 Α
1198 4884 1246 4927 te
1274 4874 1502 4940 victoria,
1534 4885 1580 4928 et
1617 4877 1887 4945 sapientia,
1918 4886 1967 4930 et

381 4964 571 5036 gloria,
602 4971 650 5016 et
669 4978 759 5034 ego
788 4973 901 5018 tuus
926 4980 1095 5019 servus
1117 4964 1193 5038 (5.
1229 4963 1353 5018 Esd.
1386 4964 1575 5034 4.59),
1603 4965 1842 5034 proiecto
1871 4980 1969 5021 no-

383 5056 461 5109 vit
490 5055 605 5126 qui,
638 5053 865 5109 Domino
891 5057 1160 5121 vincente,
1188 5055 1484 5125 superarit,
1507 5065 1562 5110 et
1591 5063 1675 5109 est
1702 5055 1966 5126 particeps

383 5147 777 5220 triumphorum
823 5146 962 5218 ejus,
1004 5156 1057 5203 et
1103 5148 1193 5219 qui
1239 5147 1735 5215 inunarcescibilem
1778 5146 1965 5218 gloria:

465 5366 519 5430 a)
545 5366 686 5430 Cave,
703 5364 954 5430 intelligas
972 5365 1063 5415 abs
1103 5363 1401 5429 Hieronymo
1422 5364 1757 5430 disputatum,
1782 5360 1875 5414 sed
1899 5375 1963 5414 oo

379 5442 430 5480 tu
448 5426 640 5479 Psahno
661 5428 725 5479 de
748 5426 885 5479 Filiis
896 5426 1020 5478 Core
1040 5426 1393 5480 competentius
1404 5428 1513 5478 dici.

445 5491 518 5562 (ρ)
541 5490 732 5562 ilignei
752 5502 818 5540 ex
854 5486 1311 5562 apocryphoEsdra:
1356 5487 1478 5562 libro
1500 5486 1828 5562 tesiimonium
1850 5486 1960 5560 .ad-

379 5550 489 5617 duci
499 5549 575 5603 'ab
592 5549 910 5617 Hieronymo,
932 5549 1017 5613 qui
1032 5549 1621 5617 abliujusmodihscriptis
1639 5564 1750 5601 cum
1789 5550 1962 5617 primis

379 5614 706 5677 abhorrebat;
751 5610 881 5664 unde
919 5610 974 5663 ei.
1015 5611 1129 5677 alibi
1152 5610 1330 5677 contra
1372 5610 1680 5677 Vigilantiam
1715 5610 1958 5677 scribens,

386 5688 420 5739 ε
432 5671 735 5739 ἰξτοροιιὶε,ἰ
762 5677 935 5739 inquit,
967 5691 990 5721 ι
1012 5673 1127 5739 mihi
1144 5671 1323 5739 librum
1362 5673 1682 5739 apocrypbum
1702 5710 1717 5735 ,
1742 5673 1826 5737 qui
1865 5671 1959 5739 sub

386 5688 412 5720 ι
434 5686 686 5739 Proponis,
708 5691 735 5723 ι
762 5686 935 5739 inquit,
967 5691 990 5721 ι
1012 5686 1323 5749 munitorum
1362 5686 1682 5747 apocrypuum
1702 5710 1717 5735 ,
1742 5686 1826 5737 qui
1865 5686 1955 5780 δΊιι

378 5733 544 5787 Esdrai
580 5740 774 5806 nomine
809 5754 838 5787 a
878 5746 928 5787 te
963 5743 1015 5787 et
1048 5732 1286 5806 similibus
1320 5741 1418 5784 tots
1454 5733 1654 5798 legitur,
1678 5751 1712 5806 ι.
1734 5743 1787 5806 ει
1810 5747 1955 5806 paup

380 5807 504 5859 post,
537 5817 561 5845 ι
582 5800 712 5913 Quid?
745 5812 955 5852 necesse
989 5798 1137 5850 estin
1160 5809 1331 5846 manus
1351 5793 1559 5848 sumer'e‘
1584 5793 1714 5860 quod
1735 5793 1954 5849 Ecclesia

380 5871 473 5911 non
496 5870 669 5913 recmtt
718 5876 742 5909 ο

379 5871 473 5911 non
496 5862 669 5923 recipit
689 5862 742 5913 ?s

1713 400 2049 471 EPISTOLA
2087 409 2250 465 va.
2290 390 2295 395 ’

3535 407 3640 467 626

2074 536 2351 588 comitatu,
2382 523 2451 580 dc
2492 523 2728 580 candore
2767 524 3024 584 bonorum
3052 543 3272 600 operum
3300 537 3356 585 et
3382 529 3449 585 de
3477 530 3652 587 tarie-

2079 625 2188 672 Iste
2213 616 2465 671 virtutum
2508 616 2676 673 texuit
2707 615 2990 674 Salvatori.

2147 710 2203 765 5.
2225 707 2583 766 Eructaoi'tcor
2600 727 2765 765 meum
2792 712 2991 767 uerbum
3009 714 3211 774 bonum.
3239 718 3399 791 377
3418 719 3518 775 Pro
3547 736 3654 792 quo

2077 801 2455 874 interpretatus
2490 812 2570 859 est
2598 803 2973 875 Symmachus,
2992 806 3062 880 (ε)
3108 807 3422 867 Commotum
3450 822 3522 867 est
3564 829 3672 867 cor

2074 901 2241 951 nteant
2267 898 2412 952 verba
2432 899 2561 952 bono
2585 914 2604 952 :
2626 898 2866 954 indicans
2892 898 2957 954 ad
2986 900 3204 956 alterius
3233 919 3536 960 sermonem
3558 921 3657 961 cor

2072 985 2302 1043 dicentis
2343 1002 2468 1044 esse
2509 1001 2860 1055 commouim,
2892 999 2947 1045 et
2992 990 3191 1060 Spiritu
3238 992 3434 1050 Sancto
3479 995 3652 1052 futura

2073 1079 2274 1134 Christi
2296 1090 2631 1137 sacramenta
2654 1083 2938 1151 pandente,
2958 1084 3119 1138 etiam
3142 1082 3285 1139 hunc
3310 1086 3362 1140 in
3383 1087 3649 1158 eloquium

2074 1174 2385 1241 prorupisse
2412 1190 2427 1226 :
2450 1182 2510 1227 ut
2535 1175 2984 1243 quemadmodum
3001 1177 3184 1232 caeteri
3203 1177 3270 1233 de
3289 1177 3518 1236 adventu
3537 1181 3652 1252 ejus

2075 1262 2239 1317 loculi
2268 1270 2414 1332 sunt,
2460 1274 2515 1322 et
2554 1266 2656 1322 iste
2686 1266 3013 1336 loqueretur.
3056 1268 3261 1325 Ructus
3301 1281 3476 1326 autem
3526 1288 3655 1344 pro-

2074 1356 2190 1426 prie
2214 1355 2411 1412 dicitur
2428 1356 2660 1430 digestio
2686 1360 2814 1425 cibi,
2844 1371 2899 1417 et
2923 1373 3299 1419 concoctarum
3331 1380 3572 1421 escarum
3598 1368 3651 1422 in

2073 1455 2293 1503 rentum
2330 1447 2553 1505 eﬂlatio.
2585 1450 2866 1518 Quomodo
2892 1452 3035 1508 enim
3056 1454 3206 1523 juxta
3236 1456 3547 1525 qualitatem
3574 1459 3656 1512 ci-

2074 1538 2265 1594 borum
2294 1539 2364 1595 de
2390 1541 2672 1597 stomacho
2702 1553 2886 1599 ructus
2913 1546 3168 1617 erumpit,
3191 1555 3245 1602 et
3273 1548 3395 1602 boni
3417 1549 3498 1604 vel
3529 1550 3654 1603 mali

2074 1629 2258 1685 odoris
2283 1628 2443 1687 ﬂatus
2473 1617 2726 1688 indicium
2757 1644 2839 1689 est
2869 1651 2884 1689 :
2917 1636 2983 1689 ita
3008 1637 3277 1691 interioris
3306 1636 3538 1695 hominis
3565 1655 3658 1695 co-

2072 1720 2361 1790 gitationes
2390 1718 2554 1777 verba
2586 1724 2883 1795 proferunt,
2912 1734 2965 1780 et
2993 1726 3384 1784 exabundautia
3406 1731 3573 1785 cordis
3599 1749 3656 1788 os

2073 1811 2296 1881 loquitur
2316 1811 2527 1884 (Matth.
2561 1813 2674 1886 12).
2703 1814 2886 1871 Justus
2911 1817 3204 1875 comedens
3227 1822 3399 1891 replet
3422 1823 3652 1879 animam

2072 1918 2261 1969 suam,
2298 1920 2529 1976 cumque
2573 1908 2741 1963 sacris
2786 1907 3049 1965 doctrinis
3095 1911 3255 1967 fuerit
3294 1914 3542 1981 satiatus,
3588 1916 3657 1975 do

2073 1996 2198 2052 boni
2226 1998 2406 2055 cordis
2450 1999 2702 2056 thesauro
2745 2001 2947 2072 profert
2988 2018 3054 2060 ea
3083 2020 3205 2076 quae
3232 2004 3371 2061 bona
3412 2014 3553 2073 sunt,
3601 2016 3659 2065 et

2072 2109 2195 2148 cum
2237 2095 2498 2165 Apostolo
2545 2096 2784 2168 loquitur
2817 2116 2831 2152 :
2863 2096 2943 2153 Αιι
2991 2101 3388 2169 experimentum
3431 2102 3657 2172 qua'ritis

2072 2187 2203 2256 ejus,
2224 2186 2311 2258 qui
2335 2187 2387 2240 in
2405 2203 2483 2240 nte
2501 2187 2721 2258 loquitur
2736 2187 3002 2246 Christus?
3020 2192 3095 2265 (2.
3111 2192 3228 2249 Cor.
3246 2194 3331 2249 15.
3349 2195 3404 2266 5)
3436 2194 3482 2268 (l
3498 2196 3658 2266 )Qui-

2074 2276 2196 2333 dam
2226 2294 2292 2333 ex
2331 2295 2559 2350 persona
2601 2280 2776 2337 Patris
2800 2282 3001 2339 dictum
3032 2284 3253 2356 intelligi
3284 2286 3489 2352 volunt,
3515 2289 3655 2360 quod

2073 2384 2138 2425 ex
2171 2370 2293 2425 imis
2332 2371 2581 2428 vitalibus
2622 2384 2677 2429 et
2723 2375 2903 2431 cordis
2946 2378 3191 2446 arcanis,
3222 2378 3455 2435 Verbum
3501 2395 3656 2437 suum

2072 2462 2214 2532 quod
2255 2463 2309 2518 in
2355 2480 2416 2521 so
2461 2476 2575 2522 erat
2621 2483 2855 2539 semper.
2904 2471 3207 2541 protulerit,
3243 2473 3393 2543 juxta
3435 2474 3657 2535 alterius

2076 2552 2271 2608 Psalmi
2304 2556 2613 2612 vaticinium
2649 2578 2662 2615 :
2689 2557 2775 2614 Ea:
2815 2571 2958 2616 utero
2999 2574 3116 2617 ante
3143 2563 3407 2636 luciferum
3435 2568 3587 2638 genui
3611 2577 3659 2621 te

2074 2642 2195 2714 (Ps.
2217 2644 2339 2701 109.
2363 2646 2440 2716 ‘5).
2461 2646 2531 2705 Ut
2547 2649 2816 2719 quomodo
2834 2661 3016 2707 uterus
3037 2669 3142 2709 non
3163 2654 3421 2727 signiﬁcat
3446 2668 3656 2714 utcruui

2076 2737 2275 2813 (neque
2296 2740 2438 2797 enim
2461 2742 2602 2798 Deus
2628 2743 2885 2801 dividitur
2912 2746 2966 2803 in
2988 2748 3250 2819 membra)
3283 2750 3378 2806 sed
3410 2751 3654 2807 eamdem

2072 2830 2422 2888 substantiam
2455 2832 2630 2891 Patris
2659 2834 2891 2907 Filiique
2935 2838 3311 2908 demonstrat;
3348 2842 3429 2899 sic
3474 2858 3570 2899 cor
3603 2856 3659 2900 ct

2075 2924 2297 2979 verbum
2327 2926 2470 2997 quod
2498 2927 2768 2998 profertur
2792 2946 2857 2986 ex
2886 2932 3068 2998 corde,
3093 2933 3306 2991 Patrem
3336 2937 3581 2994 ostendat
3601 2950 3658 2995 ct

2072 3014 2286 3070 Filium.
2308 3016 2374 3071 Et
2392 3017 2533 3087 quod
2553 3020 2823 3088 sequitur:
2844 3019 2967 3077 Dico
2989 3040 3080 3092 ego
3103 3040 3258 3095 opera
3277 3041 3387 3081 mea
3404 3027 3509 3100 regi
3532 3028 3655 3099 (Ps.

2071 3105 2160 3162 52.
2184 3104 2262 3181 9),
2284 3109 2357 3163 illi
2376 3118 2560 3179 aptant
2587 3112 2950 3183 intelligentiie
2972 3132 2984 3168 :
3007 3113 3128 3185 Ipse
3147 3116 3332 3172 dixitet
3345 3122 3483 3190 facta
3507 3132 3648 3184 sunt,

2071 3200 2180 3266 ipse
2200 3198 2455 3254 mandavit
2476 3210 2523 3255 et
2552 3214 2722 3255 creata
2746 3216 2862 3258 sunt
2895 3205 3075 3271 (Joan.
3107 3208 3197 3280 M)
3233 3226 3245 3263 :
3277 3209 3419 3280 quod
3444 3210 3655 3268 dicente

2073 3290 2251 3357 Patre,
2284 3302 2538 3363 operatus
2578 3295 2646 3349 sit
2676 3295 2867 3352 Filius.
2897 3298 3086 3353 Omnia
3131 3300 3272 3356 enim
3304 3318 3656 3374 quacumque

2071 3385 2230 3440 Pater
2259 3384 2405 3453 facit,
2436 3386 2622 3442 eadem
2654 3398 2708 3443 et
2735 3389 2926 3444 Filium
2960 3390 3138 3447 facere
3163 3393 3436 3459 similiter,
3467 3406 3520 3451 et
3555 3398 3654 3456 Pa-

2070 3486 2207 3533 trem
2236 3490 2541 3534 maneutem
2575 3480 2628 3535 in
2656 3496 2722 3536 eo
2750 3484 2960 3554 operari
2988 3494 3175 3540 cuncta
3208 3501 3304 3557 per
3333 3486 3546 3545 Filium.

2144 3573 2197 3628 6.
2245 3592 2266 3626 t
2310 3573 2440 3628 Dico
2466 3589 2565 3642 ego
2595 3590 2756 3644 opera
2788 3592 2902 3629 mea
2935 3577 3066 3647 regi.
3102 3596 3120 3628 ι
3157 3576 3502 3648 Pmpbeticus
3527 3582 3656 3637 clio-

2072 3681 2161 3720 rus
2185 3665 2381 3720 Christi
2409 3676 2465 3720 ct
2496 3666 2754 3723 Ecclesia:
2782 3678 3114 3723 sacramenta
3154 3668 3417 3736 dicturus,
3439 3660 3504 3724 ne
3530 3687 3651 3726 car-

2071 3757 2214 3813 mine
2241 3756 2482 3812 videatur
2510 3758 2778 3827 indignus,
2807 3768 2860 3812 et
2889 3759 2959 3812 ob
2987 3760 3367 3815 conscientiam
3410 3773 3654 3830 peccato-

2070 3866 2187 3904 rum
2211 3849 2421 3905 dicatur
2448 3850 2496 3906 ei
2528 3867 2542 3904 :
2579 3869 2599 3904 ς
2636 3850 2701 3907 Ut
2728 3850 2857 3922 quid
2889 3858 2941 3905 tu
2968 3865 3186 3909 enarras
3222 3852 3457 3922 jiistitias
3482 3869 3649 3917 nicas,

2071 3942 2365 3997 ctassumis
2383 3949 2756 3996 testamentum
2781 3957 2957 3997 meum
2985 3958 3078 4012 per
3095 3958 3159 3999 os
3178 3952 3323 3997 tunin
3347 3946 3369 3998 ‘!
3390 3963 3408 3997 i
3426 3943 3544 4014 (Ps.
3561 3945 3649 4001 49.

2073 4034 2188 4105 16.)
2211 4048 2373 4104 Opera
2411 4049 2507 4089 sua
2552 4034 2663 4105 regi
2694 4050 2854 4105 quem
2888 4035 3323 4102 laudaituriisest,
3349 4040 3651 4104 ciuilitetnr.

2073 4135 2130 4182 ut
2155 4127 2239 4182 vel
2266 4127 2311 4182 si
2342 4126 2479 4182 bona
2508 4135 2652 4194 sunt,
2684 4127 2798 4197 ipse
2826 4127 3100 4197 suscipiat,
3138 4128 3239 4195 vel,
3273 4129 3318 4187 si
3344 4131 3477 4185 mala
3506 4141 3650 4190 smn.

2073 4217 2331 4285 inundet;
2374 4217 2606 4287 facitque
2632 4218 2772 4290 quod
2798 4218 2981 4290 jussus
3008 4228 3129 4275 est:
3160 4239 3179 4272 ι
3220 4219 3313 4276 Dic
3355 4232 3408 4276 tu
3455 4223 3652 4292 iniqui-

2073 4320 2210 4367 tates
2236 4321 2375 4375 tuas,
2407 4321 2466 4368 ut
2506 4312 2816 4384 justiticeris
2854 4331 2876 4367 ι
2909 4311 3065 4385 (Isai.
3096 4314 3188 4370 45.
3219 4313 3332 4384 2G).
3386 4314 3472 4381 Et,
3505 4333 3524 4366 σ
3560 4315 3655 4370 ,ιιι-ο

2072 4412 2189 4461 stus
2211 4414 2492 4461 accusator
2520 4405 2601 4461 sui
2628 4413 2713 4461 est
2738 4406 2790 4460 in
2821 4403 3080 4476 principio
3106 4408 3374 4461 sermonis
3408 4424 3433 4456 ι.
3466 4405 3649 4476 (Prae.

2072 4496 2159 4553 18.
2212 4496 2327 4568 17).
2392 4494 2593 4552 ldioma
2635 4505 2812 4551 autem
2853 4512 2959 4551 non
3003 4496 3175 4550 solum
3222 4495 3517 4561 Hebraicie,
3555 4496 3652 4555 sed

2071 4596 2126 4643 et
2151 4587 2354 4644 Latina:
2392 4587 2588 4659 lingua:
2624 4596 2729 4653 est,
2757 4601 2854 4657 pro
2881 4584 3309 4656 syntagmaiibus
3341 4594 3396 4640 et
3441 4587 3656 4657 scriptis

2070 4678 2327 4749 opuscula
2347 4677 2546 4733 dicere.
2563 4677 2703 4747 Ergo
2716 4684 2769 4731 et
2796 4676 2895 4729 iste
2913 4674 3006 4744 qui
3055 4675 3220 4750 378
3266 4674 3451 4730 laudes
3471 4686 3656 4731 cauta-

2072 4776 2222 4825 turus
2241 4779 2325 4824 est
2353 4769 2595 4833 Domino,
2625 4781 2841 4822 carmen
2869 4781 3021 4821 suum
3045 4775 3099 4821 et
3122 4767 3432 4837 Opusculnm
3465 4783 3656 4827 cense;

2069 4870 2183 4917 crat
2210 4861 2283 4925 ei,
2306 4869 2362 4915 et
2407 4875 2504 4929 pro
2543 4858 2708 4913 Musis
2746 4858 3055 4928 gentilium,
3092 4859 3303 4931 ipsum,
3346 4862 3555 4934 invocat
3599 4862 3657 4919 iii

2071 4952 2352 5023 principio,
2383 4965 2540 5021 quem
2567 4949 2875 5008 laudaturos
2897 4962 3000 5007 est.

2142 5046 2198 5100 7.
2244 5063 2266 5098 ι
2312 5044 2519 5116 Lingua
2565 5059 2682 5101 mea
2711 5044 2949 5100 calamus
2983 5045 3195 5110 scribto,
3224 5046 3484 5103 velociter
3520 5049 3654 5102 scri-

2071 5135 2269 5192 bentis.
2308 5153 2328 5189 ι
2363 5135 2468 5192 Pro
2495 5150 2600 5207 quo
2621 5150 2719 5192 nos
2759 5135 3094 5206 interpretati
3137 5152 3346 5196 sumus.
3381 5156 3401 5190 ι
3451 5139 3655 5208 Lingua

2071 5243 2191 5283 mea
2237 5227 2391 5282 stilus
2427 5228 2617 5282 scribto
2662 5226 2880 5282 velocis.
2918 5245 2941 5280 ι
2974 5227 3229 5284 Extrema
3273 5244 3399 5300 pars
3446 5229 3648 5298 prologi

2069 5328 2191 5388 est;
2235 5329 2291 5376 et
2338 5334 2460 5375 cum
2509 5318 2931 5390 prmcedcntibus
2977 5318 3139 5391 junge
3181 5319 3322 5391 quod
3363 5318 3650 5389 sequitur;

2072 5413 2347 5471 Eructavit
2368 5427 2462 5467 cor
2486 5426 2664 5467 meum
2695 5412 2747 5466 in
2775 5410 2960 5466 laudes
2982 5410 3079 5466 Dei
3119 5423 3421 5466 sermonem
3448 5408 3658 5462 bonum.

2136 5542 2204 5675 (tr)
2238 5546 2409 5599 Graece
2432 5546 2483 5596 in
2503 5543 2742 5609 Hexaplis
2761 5557 2902 5620 ιεηνιςιη
2921 5557 2946 5605 τι
2967 5553 3100 5609 καρδία
3119 5559 3188 5607 μου
3207 5555 3303 5606 λόγῳ
3322 5552 3447 5652 σιτάοό

2162 5612 2177 5661 1
2199 5673 2208 5675 _
2242 5608 2439 5660 [ﬂorum
2456 5616 2649 5659 scatent
2658 5608 2750 5658 iam
2766 5608 2948 5670 jamdiu
2967 5614 3109 5656 antea
3133 5610 3389 5666 respuerat

2162 5602 2204 5670 i)
2242 5608 2439 5660 [ﬂorum
2456 5602 2750 5659 sententiam
2766 5602 2948 5670 jamdiu
2967 5602 3109 5656 antea
3120 5602 3389 5666 respueret
3405 5602 3653 5666 Origenes

2072 5645 2439 5725 ιιὸἇέἕεῖἱιέἑιῗ
2456 5645 2750 5734 ἷὲῖῖἷεξ
2766 5645 2947 5740 ῗέἶέἶ
2959 5645 3200 5740 istarum
3629 5676 3659 5716 ι

2066 5746 2143 5795 ἐις
2164 5746 2227 5801 -ει
2258 5749 2333 5801 τεν
2363 5742 2472 5801 te»
2492 5724 2810 5801 ,ἐιέστιέιετέρος-
2841 5724 3650 5801 α-Νεωξξιιῗειιτῖιέ,ιιθξειθίιὶρηειης

2068 5758 2143 5795 ’ως
2164 5758 2227 5787 ..ι
2258 5758 2333 5785 τον
2365 5758 2382 5783 ι
2403 5758 2472 5794 ’ριν
2507 5758 2810 5793 petamque“.
2841 5758 2865 5777 ι
2892 5758 3012 5778 nam
3044 5758 3087 5799 :u
3118 5758 3254 5777 ιιιιυι
3288 5758 3385 5797 "uix
3414 5758 3434 5773 ι
3455 5758 3545 5801 un:
3564 5758 3650 5795 aur

2068 5758 2570 5911 ap‘ngilairremt‘hlqsclus
2603 5803 2794 5853 eorum,
2834 5797 2885 5840 et
2920 5787 3153 5850 operibus
3186 5791 3424 5851 [psterior
3445 5822 3465 5848 ι
3496 5785 3657 5840 Pilius
