4146 6336
496 320 600 376 627

498 446 550 493 et
570 434 820 506 opuscula
850 447 968 490 mea
995 432 1187 504 quibus
1214 447 1333 486 eum
1377 431 1758 503 prmdieaturus
1791 442 1929 495 sum,
1964 426 2062 497 ipsi

495 528 827 598 potissimum
854 526 1184 581 Consecravi.
1202 524 1384 581 Debeo
1404 540 1531 595 ergo
1551 532 1607 579 et
1633 523 1865 592 linguam
1892 533 2064 574 meam

496 618 649 690 quasi
679 618 859 673 stilum
885 625 939 671 et
963 617 1226 672 calamum
1265 630 1585 686 praeparare,
1619 624 1675 668 ut
1702 628 1796 682 per
1839 612 1981 667 illam
2012 610 2066 665 in

494 709 657 765 corde
685 718 738 763 et
766 709 987 765 auribus
1015 709 1340 765 audientium
1362 706 1803 774 scribatSpiritns
1819 704 2065 788 sanctus.

493 800 670 855 Meum
701 800 843 856 enim
878 810 964 857 est
1004 800 1157 873 quasi
1200 814 1456 869 organum
1504 798 1749 868 przebere
1791 796 2064 866 linguam:

494 891 635 945 illius
660 892 810 959 quasi
843 906 939 958 per
966 904 1222 960 organum
1253 902 1446 945 sonare
1473 902 1593 957 quae
1618 893 1884 952 suasunt.
1904 885 2068 940 Stilus

493 981 678 1035 scribit
702 981 757 1035 in
778 996 900 1037 cera
932 998 947 1037 :
994 980 1234 1035 Calamus
1261 979 1345 1033 vel
1392 979 1443 1031 in
1471 977 1656 1035 charta
1686 976 1771 1031 vel
1814 976 1867 1035 in
1897 990 2067 1033 mem-

496 1072 698 1138 branis,
727 1082 817 1129 aut
862 1073 915 1128 in
955 1086 1290 1143 quacumque
1334 1066 1559 1125 nntert‘a
1583 1084 1701 1139 qua:
1729 1078 1852 1137 apta
1878 1074 1962 1122 est
2001 1065 2068 1128 ad

494 1166 856 1222 scribendum.
914 1165 1029 1225 Mea
1084 1174 1261 1221 autem
1317 1163 1497 1234 lingua
1556 1163 1607 1217 in
1668 1158 2066 1217 similitudinem

497 1260 689 1315 scriba:
709 1258 928 1324 velocis,
958 1272 1115 1329 quem
1148 1256 1413 1315 notarium
1442 1268 1728 1331 possumus
1750 1250 2067 1319 intelligere,

499 1348 732 1423 quodam
778 1348 1051 1420 signorum
1090 1344 1433 1417 compendio,
1464 1345 1755 1399 breviatum
1802 1338 2070 1409 Evangelii

497 1440 847 1509 strictumque
912 1452 1214 1497 sermonem
1262 1437 1498 1495 exaravit
1549 1436 1602 1491 in
1659 1433 1850 1489 nuntiis
1896 1430 2073 1487 cordis

497 1530 821 1587 carnalibus.
853 1528 909 1585 Si
938 1529 1081 1583 enim
1121 1528 1231 1587 Lex
1262 1542 1356 1598 per
1386 1541 1600 1587 manum
1647 1522 1952 1581 Mediatoris
1994 1521 2076 1576 di-

497 1623 609 1692 gito
641 1622 733 1678 Dei
775 1621 972 1695 scripta
1001 1630 1102 1689 est,
1132 1630 1185 1676 et
1214 1618 1355 1690 quod
1394 1618 1719 1674 destructum
1747 1625 1850 1681 est,
1875 1613 2076 1685 glorifi-

498 1722 674 1768 catum
703 1720 788 1768 est
820 1731 834 1766 :
864 1722 1062 1782 quanto
1092 1710 1261 1786 magis
1289 1707 1662 1779 Evangelium,
1695 1705 1836 1776 quod
1863 1718 2076 1767 mansu-

499 1822 618 1861 rum
673 1814 786 1872 est,
836 1821 931 1875 per
980 1819 1153 1867 meam
1207 1803 1440 1875 linguam
1492 1799 1761 1869 scribetur
1802 1813 1833 1851 a
1876 1795 2074 1867 Spiritu

499 1895 699 1969 Sancto
731 1919 744 1954 :
774 1906 828 1951 ut
860 1895 1003 1952 illius
1029 1894 1239 1963 laudes,
1278 1894 1342 1949 ad
1373 1908 1531 1963 quem
1583 1892 1635 1946 in
1683 1889 1814 1945 Isaia
1860 1887 2073 1953 dicitur,

505 2009 526 2042 ι
575 1989 843 2046 Velocitcr
873 1989 1041 2063 spolia
1073 1986 1319 2053 detrahe,
1347 1986 1457 2040 cito
1487 1983 1730 2056 praedare
1755 1980 1977 2052 (13415.8.
1998 1981 2073 2051 1),

502 2080 660 2137 velox
688 2081 740 2136 in
769 2078 1291 2139 corde'credentium
1322 2090 1500 2135 sermo
1529 2073 1818 2143 describat.

572 2172 629 2226 8.
676 2189 696 2224 ι
744 2170 1034 2241 Speciosus
1076 2168 1246 2225 forma
1288 2182 1397 2237 prre
1443 2164 1566 2221 filiis
1625 2163 1922 2223 hominum.
1961 2181 1979 2214 ι
2014 2158 2070 2216 1η

502 2261 766 2318 llebralco
796 2279 809 2315 :
844 2266 867 2314 ι’
901 2260 1103 2315 Decore
1151 2258 1423 2329 pulchrior
1456 2271 1516 2312 es
1560 2255 1681 2326 filiis
1722 2253 2015 2311 hominum.
2054 2272 2073 2305 ι

501 2353 678 2408 Finito
719 2353 1003 2424 prommio,
1030 2350 1105 2424 (α)
1148 2350 1275 2405 hinc
1319 2348 1641 2404 narrationis
1671 2345 1945 2411 exordium
1975 2354 2076 2411 est,

501 2452 557 2498 et
586 2441 644 2497 fit
687 2444 1008 2512 apostropha
1056 2441 1122 2496 ad
1170 2440 1340 2510 ipsum
1388 2438 1835 2517 amantissimum,
1866 2444 1921 2489 et
1947 2433 2079 2493 dile-

504 2530 743 2587 ctum‘et
767 2548 971 2603 regem,
1003 2532 1088 2587 cui
1113 2530 1339 2589 dicentis
1366 2544 1528 2600 opera
1577 2535 1888 2586 consecrata
1935 2532 2077 2580 sunt.

501 2618 771 2691 Quaeritur
807 2632 987 2677 autem
1016 2622 1286 2692 quomodo
1312 2617 1592 2691 pulchrior
1634 2619 1705 2672 sit
1730 2616 1934 2672 cunctis
1963 2613 2081 2670 ﬁliis

504 2712 880 2778 hominum,de
900 2727 1005 2782 quo
1026 2712 1250 2782 legimus
1271 2711 1323 2765 in
1346 2711 1478 2764 Isaia
1504 2726 1516 2761 :
1538 2729 1556 2759 ι
1593 2707 1834 2763 Vidimus
1859 2721 2004 2771 eum,
2029 2713 2084 2759 ct

507 2820 613 2859 non
642 2803 872 2859 habebat
892 2803 1126 2874 speciem
1156 2816 1329 2873 neque
1366 2800 1638 2861 decorem,
1670 2797 1762 2854 sed
1795 2805 1911 2853 erat
1955 2809 2081 2869 spe-

502 2896 615 2951 cies
643 2894 759 2963 ejus
787 2894 1107 2951 inhonorata
1138 2901 1194 2949 ct
1234 2892 1493 2949 deficiens
1537 2906 1566 2945 a
1612 2889 1736 2945 ﬁliis
1785 2887 2081 2953 hominum.

505 2986 682 3048 Ποιηο
707 2988 759 3043 in
792 2987 943 3059 plaga
974 2986 1202 3058 positus,
1236 2992 1291 3042 et
1315 2985 1489 3041 sciens
1516 2983 1656 3047 ferre
1700 2978 2082 3043 inﬁrmitatem,

505 3081 629 3149 quia
652 3080 850 3135 avertit
872 3078 1059 3137 faciem
1090 3092 1240 3135 suam
1275 3094 1295 3130 ο
1326 3074 1482 3151 (lani.
1502 3074 1592 3129 5'5.
1613 3073 1667 3129 2.
1694 3080 1739 3124 ct
1766 3072 1953 3141 καφ).
1976 3068 2086 3123 Nec

507 3171 689 3225 statim
738 3170 1003 3239 scriptura
1052 3170 1332 3224 dissonare
1383 3166 1454 3239 (b)
1490 3164 1731 3219 videatur
1774 3180 1786 3218 :
1841 3161 1962 3232 quia
2014 3161 2083 3217 ibi

520 3259 828 3328 ignobilitas
848 3260 1092 3329 corporis
1115 3266 1332 3329 propter
1350 3255 1556 3327 flagella
1583 3263 1638 3309 et
1654 3264 1805 3325 sputa
1833 3262 1884 3307 et
1903 3252 2087 3320 alapas

516 3362 572 3405 et
599 3350 799 3412 clavos,
838 3359 892 3405 et
932 3350 1151 3419 injurias
1200 3347 1415 3418 patibuli
1451 3389 1466 3414 ,
1498 3342 2087 3405 commemoraturzbic

518 3440 860 3509 pulchritudo
885 3440 1136 3495 virtutum
1169 3439 1218 3494 in
1246 3453 1398 3493 sacro
1426 3446 1482 3493 et
1506 3435 1811 3492 venerando
1833 3448 2082 3505 corpore.

512 3533 628 3588 Non
657 3548 764 3605 quo
789 3533 1041 3589 divinitas
1080 3533 1279 3588 Christi
1310 3532 1616 3587 hominibus
1867 3544 2088 3599 compa-

515 3635 629 3682 rata
661 3627 732 3700 (ο)
768 3625 1057 3682 formosior
1095 3627 1199 3693 sit;
1226 3625 1341 3680 luce
1362 3628 1505 3680 enim
1544 3639 1648 3679 non
1680 3606 1838 3679 habet
1870 3636 2088 3693 compa-

512 3719 777 3773 rationem
809 3735 824 3773 :
857 3718 951 3774 sed
979 3719 1185 3789 absque
1230 3709 1566 3788 paSsionibus
1605 3715 1798 3780 crucis,
1829 3715 2092 3769 universis

515 3808 786 3878 pulchrior
811 3817 915 3865 est.
945 3809 1107 3880 Virgo
1129 3808 1197 3864 de
1216 3808 1444 3880 virgine,
1473 3808 1563 3879 qui
1593 3822 1697 3861 non
1728 3822 1795 3861 ex
1820 3806 2091 3861 Voluntate

513 3902 635 3966 viri,
661 3903 757 3959 sed
783 3917 851 3957 ex
887 3903 997 3957 Deo
1024 3911 1179 3958 natus
1213 3910 1315 3957 est.
1346 3901 1455 3956 Nisi
1483 3901 1626 3957 enim
1657 3898 1929 3954 habuisset
1956 3908 2011 3955 et
2037 3895 2089 3954 in

516 3994 662 4050 vultu
705 3995 957 4066 quiddam
1006 3996 1285 4065 oculisque
1331 3993 1621 4057 sidereum,
1654 4006 1921 4065 nunquam
1969 4004 2090 4044 eum

515 4083 697 4139 statim
744 4085 913 4140 secuti
972 4084 1197 4140 fuissent
1262 4083 1537 4153 Apostoli,
1573 4098 1671 4137 nec
1695 4080 1786 4151 qui
1830 4079 1897 4134 a’d
1942 4093 2093 4135 cum-

520 4180 955 4249 prehendendum
975 4196 1097 4235 eum
1122 4188 1402 4244 venerant,
1422 4178 1752 4232 corruissent
1780 4173 1959 4246 (Joan.
1978 4171 2089 4243 18).

522 4273 763 4345 Denique
779 4284 832 4328 et
854 4274 904 4327 in
927 4273 1178 4343 prazsenti
1204 4271 1531 4334 testimonio,
1548 4270 1600 4322 in
1626 4283 1735 4338 quo
1754 4268 1847 4321 ait.
1868 4285 1889 4321 ι
1923 4266 2095 4320 llomo

521 4366 576 4420 in
609 4364 760 4436 plaga
792 4365 995 4435 positus
1019 4373 1070 4418 et
1103 4363 1284 4418 sciens
1313 4362 1452 4416 ferre
1494 4359 1881 4422 infirmitatem,
1913 4375 1932 4409 ι
1965 4356 2091 4412 red-

521 4457 602 4512 dit
638 4471 831 4513 causas
875 4471 1040 4528 quare
1087 4456 1185 4510 ista
1229 4466 1516 4524 perpessus
1563 4450 1649 4505 sit.
1680 4467 1699 4500 ‹
1737 4449 1867 4517 Quia
1906 4447 2097 4504 avertit

522 4546 714 4605 faciem
738 4561 911 4613 suam,
944 4567 963 4600 ι
998 4546 1049 4602 id
1076 4555 1179 4612 est,
1207 4544 1477 4616 paululum
1503 4540 1779 4598 divinitate
1801 4539 2092 4606 subtracta,

589 4672 655 4741 fa)
675 4676 956 4746 .Transtulit
979 4692 1041 4746 ex
1062 4677 1294 4746 Eusebio,
1320 4676 1403 4746 qui
1429 4676 1481 4746 iu_
1499 4672 2096 4746 Commentariisltz§lqtlw

522 4734 778 4803 superiore
802 4741 1033 4801 prommio
1052 4754 1080 4789 a
1103 4734 1450 4803 vetustioribus
1471 4736 1825 4803 interpretibus
1839 4734 1910 4802 sic
1932 4734 2095 4803 finito_,

520 4795 630 4862 ﬁeri
651 4811 722 4857 ἀπὸ
745 4795 871 4862 uti»;
884 4812 995 4862 ἀρχῆς
1009 4814 1075 4862 τήν
1095 4811 1248 4856 ειοαην,
1272 4801 1321 4848 id
1345 4808 1507 4862 estea:
1528 4795 1623 4846 alio
1645 4795 1882 4862 principio
1902 4795 2098 4858 exposi-

520 4858 713 4918 tionem,
737 4858 997 4927 subditq'ue
1040 4858 1542 4927 suimetexemplum,
1566 4858 2098 4927 undelaitpongruen-

521 4927 596 4989 ter
618 4932 702 4989 nos
724 4917 1069 4989 quggtre'iugtd,
1092 4922 1350 4983 Speciosus
1383 4917 1534 4969 forma
1567 4930 1667 4980 prae
1688 4917 1795 4967 ﬁliis
1818 4917 2064 4967 hominum
2081 4954 2095 4977 ,

521 4979 585 5031 ait
604 4978 701 5029 alio
721 4978 856 5030 initio
877 4978 1145 5036 duximuaf
1568 4978 1582 4980 “
1908 5008 1911 5015 ι

520 5102 527 5107 _
594 5036 657 5107 (ὁ)
695 5040 864 5111 ΑιξθωειΔ
888 5049 993 5089 erat
1016 5041 1201 5111 videtur
1222 5054 1240 5100 ;
1262 5041 1348 5089 sed
1375 5039 1645 5111 huiusmodi
1685 5046 2092 5111 paragrammataj

523 5098 728 5173 quorum
752 5098 1008 5173 Lectorem
1036 5098 1299 5152 admonere
1322 5115 1419 5150 non
1438 5098 1520 5150 cst
1542 5098 1705 5164 operai
1730 5098 1954 5162 pretium,
1982 5098 2097 5149 taei-

520 5163 560 5219 ti
584 5163 1070 5225 saepeemendamus.
1108 5224 1111 5225 ν
1232 5188 1238 5200 ι

594 5221 668 5298 fc)
692 5224 823 5298 bidui
844 5231 959 5298 ante
982 5224 1444 5298 Mattianzeum,_non
1465 5221 2095 5298 formosiorbqumne‘gandi

523 5281 758 5348 particula
798 5296 995 5348 sensum
1018 5282 1150 5348 _nibil
1174 5281 1476 5348 immutat,‘
1500 5281 1903 5348 iino_clari_orem
1945 5281 2056 5331 iacit
2080 5317 2095 5343 ,

522 5344 760 5419 quidquid
783 5344 1003 5419 videatur
1017 5344 1340 5419 Benedictio?
1375 5344 1668 5419 interpreti,
1697 5345 1779 5419 qui
1790 5356 2099 5419 r'prunusAex:

559 5403 698 5459 unxit
712 5408 1025 5471 quorumdam
1036 5420 1131 5470 ope
1148 5405 1421 5471 Mssallunc
1437 5403 1583 5471 poer
1592 5403 1840 5471 loeuinfle
1852 5406 2097 5471 prastanti

545 5469 702 5521 3hristi
728 5464 877 5524 ferula
907 5464 1204 5519 cont'er‘cum
1234 5466 1329 5517 alio
1353 5470 1400 5516 in
1422 5464 1465 5516 (Ξ.
1489 5467 1539 5515 9.
1567 5464 1778 5519 Matthxi
1800 5502 1813 5524 ,
1840 5464 1969 5513 unde
1995 5464 2097 5513 col-

524 5528 652 5593 ligas
672 5544 767 5590 non
791 5530 1097 5593 existimasse
1119 5529 1466 5593 Hieronymum
1500 5525 1744 5588 fulgorem
1779 5534 1830 5576 et
1851 5526 2099 5593 sidereum

524 5587 653 5655 istud
676 5587 890 5655 corporis
911 5591 1087 5644 Christi
1106 5590 1257 5640 decus
1280 5587 1431 5638 fuisse
1452 5587 1743 5655 perpetuum
1757 5623 1772 5646 ,
1792 5588 1916 5655 _sed_
1931 5587 1990 5639 ad
2012 5587 2101 5655 ali:

524 5649 867 5717 qttodtenipus
887 5660 1070 5717 tantum
1093 5690 1107 5715 ,
1132 5665 1240 5702 cum
1263 5649 1619 5717 nempeivellet
1652 5649 1758 5710 ipse
1790 5649 2016 5700 homines
2037 5649 2099 5699 ad

527 5710 587 5765 ie
607 5710 805 5765 allicere
823 5754 838 5777 τ
860 5714 943 5775 vel
966 5710 1183 5773 terrere,-
1203 5711 1283 5765 vel
1306 5713 1353 5772 in
1377 5710 1473 5822 Dei
1495 5710 1860 5765 admirationem
1883 5724 2063 5774 rapere
2081 5746 2096 5771 ,

530 5780 587 5822 ut
607 5787 659 5822 tn
683 5774 1137 5822 Transﬁaurationis
1159 5774 1403 5822 mvsterio.
1429 5788 1455 5822 a
1478 5773 1637 5822 itsuue
1661 5771 1834 5822 factum
1861 5779 1954 5822 est.

530 5780 587 5823 ut
607 5787 659 5823 tn
683 5771 1137 5839 TranéﬁgUt'ationis
1159 5771 1403 5841 mysterio,
1429 5771 1637 5835 aliisque
1661 5771 1834 5825 factum
1861 5771 1954 5828 est;

1786 311 2024 379 SANCTI
2064 312 2434 371 lllERONYSll

3612 328 3617 333 ’
3637 326 3744 383 (:23

2172 441 2368 496 corpus
2396 427 2601 497 injurtte
2630 429 2934 500 dereliquit.
2967 428 3196 498 Quidam
3237 412 3380 485 hunc
3416 432 3743 492 versiculum

2170 519 2537 588 superioribus
2560 522 2834 591 copulant,
2868 532 2925 578 ut
2949 523 3229 593 speciosus
3273 522 3443 578 forma
3482 538 3594 594 pra:
3619 525 3747 583 ﬁliis

2171 609 2478 678 hominum,
2518 628 2624 668 non
2654 614 2720 669 ad
2748 614 3017 671 Christum
3036 656 3053 684 ,
3084 613 3180 670 sed
3208 614 3276 671 ad
3306 615 3573 673 calamum
3602 618 3758 676 τοίω.

2173 708 2343 755 ratur.

2244 790 2297 845 9.
2344 809 2364 844 ι
2409 791 2584 847 Effusa
2615 804 2697 849 est
2719 795 2889 865 gratia
2915 796 2968 849 in
2995 795 3152 852 labiis
3175 797 3301 861 tuis,
3329 805 3614 867 propterea
3641 799 3740 856 be-

2172 880 2374 937 nedixit
2413 890 2464 936 te
2499 883 2637 941 Deus
2675 885 2726 947 in
2770 894 3053 940 arternum.
3092 904 3112 938 ι
3150 886 3206 940 In
3251 886 3501 943 Editione
3530 888 3747 960 Vulgata

2173 982 2270 1039 pro
2313 969 2609 1038 benedixit,
2641 974 2786 1031 unxit
2831 974 3077 1043 legimus.
3125 973 3234 1031 Sed
3283 975 3559 1032 sciendum
3606 980 3750 1049 quod

2173 1074 2327 1116 error
2368 1063 2690 1134 Scriptorum
2751 1063 3101 1135 Septuaginta
3161 1066 3603 1124 Translatoribus
3642 1085 3750 1126 non

2174 1149 2366 1211 debeat
2389 1153 2661 1221 imputari,
2681 1155 2771 1223 qui
2800 1156 2900 1210 hoc
2930 1155 3051 1210 loco
3077 1170 3200 1216 cum
3227 1156 3488 1213 llcbraica
3517 1158 3754 1216 Veritate

2175 1241 2526 1297 concordant.
2558 1242 2824 1313 Legeutes
2854 1245 3005 1312 illud,
3041 1263 3061 1298 ι
3103 1244 3231 1302 Jesu
3262 1246 3575 1316 proﬁciebat
3596 1257 3755 1308 aetate

2175 1339 2231 1385 et
2251 1332 2508 1401 sapientia
2527 1343 2581 1388 et
2605 1335 2773 1406 gratia
2793 1335 2933 1405 apud
2954 1336 3119 1391 Deum
3139 1346 3192 1392 et
3215 1336 3460 1399 homines
3489 1356 3508 1390 ι
3527 1338 3749 1410 (Luc.2.

2176 1420 2267 1493 52)
2297 1440 2309 1473 :
2336 1422 2403 1476 Et
2442 1422 2495 1477 in
2525 1423 2632 1477 alio
2677 1425 2795 1480 loco
2833 1443 2847 1484 :
2884 1444 2904 1477 ‹
2944 1426 3364 1487 Adtnirabantur
3391 1442 3552 1506 super
3576 1430 3754 1489 verbis

2175 1512 2359 1580 gratia:
2386 1512 2503 1583 ejus
2524 1529 2644 1584 qua:
2670 1515 3083 1585 egrediebantur
3103 1517 3171 1575 de
3188 1532 3282 1575 ore
3305 1519 3448 1574 illius
3484 1538 3504 1573 ι
3535 1519 3750 1591 (Matth.

2180 1601 2234 1655 7.
2278 1601 2409 1673 16):
2460 1604 2526 1659 Et
2573 1605 2716 1676 quod
2773 1625 2792 1659 ι
2852 1606 2910 1662 1η
2964 1617 3226 1678 potestate
3272 1609 3504 1670 habebat
3545 1628 3753 1669 sermo-

2178 1709 2301 1749 nem
2335 1714 2355 1748 ι
2382 1694 2572 1769 (Marc.
2598 1699 2654 1755 6.
2678 1697 2766 1773 7);
2804 1700 3102 1772 intelligere
3130 1718 3435 1774 possumus,
3460 1720 3567 1776 quo
3594 1721 3755 1766 sensu

2178 1788 2378 1845 dictum
2405 1791 2517 1847 sit:
2552 1809 2572 1844 ι
2612 1792 2789 1848 Effusa
2819 1804 2904 1849 est
2945 1796 3114 1865 gratia
3157 1796 3208 1850 in
3241 1796 3396 1853 labiis
3424 1799 3552 1858 tuis.
3592 1817 3612 1853 ι
3642 1798 3756 1859 Noe

2180 1879 2386 1936 invenit
2432 1883 2664 1955 gratiam
2711 1900 2893 1945 coram
2942 1888 3168 1942 Domino
3213 1889 3265 1943 in
3310 1888 3502 1957 diebus
3542 1891 3673 1956 suis,
3701 1900 3758 1946 et

2180 1970 2413 2043 Moyses,
2446 1982 2501 2027 et
2545 1974 2737 2045 reliqui
2782 1975 3190 2047 Prophetarum.
3226 1977 3331 2035 Sed
3362 1979 3536 2039 omnis
3560 1980 3751 2050 gratia:

2181 2064 2463 2119 multitudo
2492 2065 2542 2120 in
2574 2066 2730 2122 labiis
2755 2066 3048 2123 Salvatoris
3068 2068 3235 2125 effusa
3258 2081 3493 2142 e5t,qu:e
3521 2070 3573 2125 in
3599 2070 3754 2131 brevi

2181 2163 2424 2224 tempore
2477 2166 2643 2212 totum
2677 2144 2921 2229 implevit
2966 2160 3177 2216 orbem.
3223 2161 3290 2217 Et
3338 2164 3450 2233 ipse
3501 2173 3752 2234 tanquam

2178 2261 2410 2318 sponsus
2441 2251 2703 2319 processit
2731 2250 2799 2306 de
2828 2250 3060 2306 thalamo
3103 2267 3221 2309 suo.
3249 2271 3269 2306 ι
3306 2254 3351 2309 Α
3381 2270 3588 2318 sume
3613 2256 3756 2312 etei.)

2182 2344 2423 2424 egressio
2467 2345 2605 2415 ejus,
2636 2356 2688 2401 et
2714 2362 2970 2403 occursus
3012 2349 3155 2404 illius
3197 2366 3365 2422 usque
3394 2351 3461 2408 ad
3489 2367 3754 2412 summum

2182 2436 2297 2504 ejus
2334 2456 2352 2489 ›
2378 2435 2499 2507 (Ps.
2534 2438 2646 2509 18).
2678 2439 2807 2493 Nam
2840 2450 2893 2497 et
2925 2450 3105 2496 sancta
3134 2441 3317 2508 Maria,
3341 2446 3463 2513 quia
3489 2458 3754 2516 concepcv

2183 2535 2265 2579 rat
2290 2542 2435 2593 eum,
2464 2528 2514 2582 in
2543 2545 2648 2600 quo
2694 2531 2870 2585 omnis
2922 2532 3195 2601 plenitudo
3227 2533 3522 2597 divinitatis
3551 2535 3756 2593 habitat

2183 2619 2561 2688 corporaliter,
2611 2621 2767 2699 plena
2822 2624 2991 2692 gratia
3043 2623 3303 2678 salutatur
3362 2623 3512 2697 (Luc.
3567 2627 3641 2697 1).
3691 2626 3759 2684 Et

2184 2709 2479 2777 Apostolus
2516 2711 2694 2766 sciens
2740 2712 3174 2783 praedicationem
3227 2730 3398 2781 suam,
3424 2733 3529 2774 non
3559 2717 3611 2772 in
3641 2719 3757 2775 elo-

2186 2800 2404 2879 quentia
2447 2803 2717 2867 smculari,
2751 2803 2844 2860 sed
2892 2804 2943 2859 in
2982 2804 3176 2865 virtute
3207 2805 3320 2872 Dei,
3349 2821 3537 2864 omnes
3577 2808 3759 2864 mundi

2187 2906 2471 2961 superasse
2495 2892 2792 2962 doctrinas,
2823 2896 2898 2951 ait
2930 2915 2945 2951 :
2981 2915 2999 2948 ι
3040 2896 3105 2957 Et
3133 2912 3311 2953 sermo
3339 2914 3490 2957 meus
3520 2908 3574 2955 et
3610 2908 3755 2971 pra:-

2187 2982 2386 3038 dicatio
2410 2998 2549 3049 mea,
2579 2999 2687 3039 nou
2724 2985 2776 3041 in
2804 2986 3245 3063 persuasibilibus
3277 2974 3524 3051 humana:
3550 2992 3763 3062 sapien-

2187 3076 2276 3131 tia:
2301 3076 2501 3142 verbis,
2530 3077 2626 3140 sed
2668 3078 2722 3132 in
2762 3080 3070 3136 ostensione
3096 3081 3315 3154 spiritus
3345 3090 3399 3138 et
3422 3082 3634 3139 virtutis
3659 3101 3674 3138 :
3704 3090 3785 3137 ut"

2187 3166 2257 3220 sit
2298 3166 2431 3222 ﬁdes
2457 3177 2639 3225 ttostra
2682 3184 2790 3227 non
2821 3170 2874 3224 in
2924 3171 3186 3242 sapientia
3243 3171 3538 3242 hominum,
3562 3172 3656 3228 sed
3707 3173 3762 3228 in

2188 3259 2386 3315 virtute
2408 3260 2503 3317 Dei
2534 3280 2555 3314 ι
2611 3262 2774 3339 380
2817 3262 2896 3335 (1.
2923 3262 2966 3317 Τ
2967 3263 3103 3323 lim.
3126 3264 3180 3319 1.
3202 3264 3279 3337 5).
3298 3264 3652 3337 Seqneipsunt
3673 3279 3762 3320 re-

2188 3351 2554 3422 prehendens,
2586 3356 2711 3424 quia
2736 3353 2946 3409 dixerat
2978 3372 2992 3409 :
3031 3372 3050 3406 ι
3088 3355 3336 3426 Amplius
3380 3364 3560 3410 autem
3589 3355 3764 3410 omni-

2190 3442 2291 3498 bus
2321 3442 2603 3498 laboravi:
2642 3462 2661 3496 ι
2696 3445 2878 3503 statim
2925 3445 3152 3505 intulit:
3192 3464 3211 3497 ι
3246 3445 3366 3503 Non
3409 3454 3584 3501 autem
3637 3460 3761 3517 ego,

2190 3535 2282 3591 sed
2309 3536 2479 3606 gratia
2510 3535 2627 3603 Dei,
2652 3552 2771 3606 qua:
2798 3551 3006 3592 mecum
3033 3545 3136 3595 est.
3164 3555 3184 3590 ι
3216 3538 3282 3593 Et
3310 3553 3519 3597 rursum
3540 3554 3555 3597 ς
3577 3554 3595 3589 ι
3623 3538 3760 3605 Quia

2189 3627 2363 3697 gratia
2394 3626 2510 3699 ejus
2534 3627 2622 3699 qui
2664 3627 2715 3681 in
2748 3642 2834 3686 me
2861 3637 2963 3691 est,
2998 3643 3103 3685 non
3146 3628 3245 3686 fuit
3274 3644 3438 3685 vacua
3484 3646 3505 3681 ι
3542 3628 3617 3703 (1.
3643 3626 3763 3690 Cor.

2193 3717 2281 3772 15.
2314 3718 2427 3791 10).
2470 3718 2693 3788 Proprie
2732 3728 2909 3774 autem
2940 3718 2993 3776 in
3032 3720 3365 3776 Salvatorem
3394 3720 3611 3776 verbum
3634 3718 3765 3785 effu-

2191 3807 2362 3863 si0nis
2407 3809 2735 3880 adjuugitur,
2785 3819 2843 3865 ut
2898 3811 3165 3881 signiﬁcet
3207 3813 3392 3884 gratia:
3445 3813 3765 3887 largitatem,

2192 3899 2489 3956 secundum
2536 3900 2668 3957 illud
2700 3919 2713 3955 :
2755 3919 2775 3953 ι
2814 3901 3097 3959 Effundam
3124 3902 3194 3961 de
3237 3904 3430 3974 spiritu
3461 3919 3582 3961 meo
3609 3918 3771 3977 super

2193 4006 2408 4045 omnem
2452 4007 2667 4047 carnem
2722 4012 2741 4045 ι
2780 3991 2942 4061 (Joel.
2983 3993 3042 4048 2.
3090 3992 3203 4066 28).
3256 3994 3344 4060 Et,
3383 4012 3403 4047 ι
3453 3995 3647 4050 caritas
3676 3995 3770 4051 Dei

2194 4080 2386 4137 diffusa
2404 4091 2488 4138 est
2517 4084 2569 4150 in
2600 4084 2853 4139 cordibus
2879 4086 3080 4149 nostris
3114 4104 3134 4138 ι
3166 4085 3340 4159 (Rom.
3365 4088 3419 4143 5.
3444 4087 3525 4156 5).
3557 4087 3621 4144 Et
3647 4097 3772 4141 nota

2196 4175 2339 4245 quod
2378 4177 2616 4231 oumium
2641 4192 2762 4255 qua:
2800 4177 3070 4246 dicuntur,
3105 4179 3507 4251 intelligentiam
3548 4179 3615 4236 ad
3646 4193 3772 4249 per—

2200 4281 2385 4321 sonam
2430 4267 2650 4334 referat,
2681 4268 2771 4339 qui
2816 4281 3124 4351 assumptus
3161 4287 3225 4327 ex
3268 4272 3430 4326 Maria
3471 4281 3553 4325 est
3583 4289 3597 4325 :
3627 4270 3772 4340 quod

2199 4367 2420 4439 propter
2450 4358 2677 4428 gratiam
2729 4360 2994 4420 labiorqu
3048 4364 3102 4417 in
3154 4372 3409 4423 aeternum
3461 4361 3774 4417 benedictus

2198 4464 2320 4505 csse
2350 4451 2557 4506 dicatur
2608 4470 2621 4506 :
2679 4454 2781 4508 tale
2808 4456 2935 4525 quid
2984 4464 3042 4513 et
3090 4457 3350 4526 Apostolo
3404 4454 3772 4531 praedicante:

2205 4559 2225 4593 ι
2272 4541 2579 4605 Humiliavit
2622 4559 2702 4613 se,
2735 4545 2908 4601 factus
2933 4547 3193 4602 obediens
3233 4562 3402 4615 usque
3427 4545 3494 4602 ad
3522 4557 3773 4615 mortem,

2201 4644 2431 4687 mortem
2460 4646 2640 4690 autem
2682 4638 2878 4696 crucis.
2908 4638 3137 4711 Propter
3164 4636 3307 4709 quod
3346 4648 3402 4693 et
3444 4638 3584 4694 Deus
3627 4637 3777 4695 illum

2201 4724 2489 4779 exaltavit:
2519 4733 2573 4791 et
2601 4726 2749 4781 dedit
2779 4727 2853 4782 illi
2883 4743 3079 4784 nomen
3111 4743 3274 4799 super
3300 4743 3462 4786 omne
3491 4744 3684 4784 nomen
3744 4745 3764 4780 ι

2202 4814 2462 4888 (Philipp.
2491 4815 2550 4870 2.
2575 4817 2658 4888 8).
2693 4818 2845 4873 Sicut
2870 4820 3013 4885 enim
3059 4819 3129 4874 ibi
3163 4821 3335 4874 forma
3366 4820 3534 4890 servi,
3578 4818 3781 4890 passio-

2198 4907 2287 4961 nis
2334 4907 2528 4977 injuria
2556 4918 2638 4963 est
2666 4927 2681 4963 :
2712 4917 2767 4963 et
2791 4909 3048 4966 exultatio
3077 4909 3420 4979 nominisque
3450 4910 3666 4964 donatio
3712 4908 3778 4964 ad

2203 4996 2417 5052 Patrem
2446 4999 2617 5065 redit;
2651 5001 2722 5053 ita
2756 5000 2841 5054 hic
2863 4999 3052 5055 effusio
3089 5003 3277 5070 gratia:
3307 5011 3363 5057 et
3389 5002 3779 5065 benedictionis

2204 5090 2255 5143 in
2299 5093 2700 5160 sempiternum,
2728 5092 2794 5146 ad
2825 5107 2948 5147 eum
2991 5094 3270 5150 referenda
3317 5105 3433 5163 est,
3462 5095 3553 5166 qui
3600 5103 3781 5166 potest

2205 5183 2498 5250 humiliari,
2525 5193 2580 5238 et
2607 5199 2873 5239 crescere.

2277 5277 2366 5332 10.
2413 5294 2433 5339 ς
2479 5276 2775 5345 Accingere
2816 5277 2995 5347 gladio
3039 5287 3132 5333 tuo
3179 5293 3346 5355 super
3387 5280 3562 5335 femur
3610 5289 3781 5351 tuum,

2205 5371 2578 5444 potentissime
2606 5387 2620 5422 :
2649 5368 2843 5438 Specie
2872 5380 2982 5438 tua,
3011 5380 3067 5426 et
3093 5372 3492 5443 pulchritudine
3522 5382 3631 5428 tua.
3672 5391 3695 5427 ι
3726 5370 3783 5426 ltt

2207 5464 2436 5519 Hebrum
2468 5479 2483 5515 :
2518 5480 2539 5513 ι
2588 5462 2883 5530 Accingere
2926 5463 3106 5533 gladio
3151 5474 3243 5519 tuo
3296 5481 3459 5536 super
3503 5447 3782 5538 femur(d)

2206 5563 2375 5620 tuum,
2404 5553 2716 5615 fortissime.
2747 5550 2933 5612 Gloria
2965 5563 3053 5609 tua
3083 5563 3138 5609 et
3165 5555 3366 5612 decore
3414 5569 3526 5617 tuo.
3562 5576 3586 5618 ι
3618 5557 3787 5614 Istum

2272 5703 2881 5785 (3‘1.N_i'_'2<13¥9£m_'!9i9
3020 5720 3187 5785 ρθφο
3208 5708 3367 5761 Wtr-
3388 5715 3593 5772 ιοκωεν
3618 5723 3794 5785 "mea

2207 5769 2309 5831 ipsa
2329 5768 2701 5830 llierouymiaua
2728 5768 2889 5817 versio
2913 5769 3075 5827 habet.
3105 5768 3119 5772 '
3438 5790 3444 5802 ι
3470 5768 3475 5771 ‘
3582 5768 3591 5772 '
3706 5768 3714 5803 ‘.
