4146 6336
471 524 740 586 sceptrum
766 509 1054 580 aequitatis,
1083 515 1354 578 sceptrum
1384 506 1531 578 regni
1563 504 1659 560 tui.
1691 502 1930 558 Dilexisti
1955 501 2045 570 ju-

470 609 703 670 stitiam,
751 614 807 660 et
853 603 1010 658 odisti
1055 602 1433 673 iniquitatem:
1468 607 1750 670 prepterea
1795 593 1948 650 unxit
1996 599 2050 646 te

472 699 612 755 Deus
631 738 646 760 ,
678 697 817 750 Deus
844 703 966 749 tuus
1007 693 1134 749 oleo
1160 691 1536 748 exsultationis
1567 703 1675 759 pra:
1703 683 2050 758 participibus

474 787 598 841 tuis.
631 805 650 838 s
688 787 827 840 Duas
850 800 1126 854 personas,
1150 785 1268 853 ejus
1293 783 1381 852 qui
1413 790 1603 835 unctus
1627 787 1709 832 est
1735 777 1850 840 Dei,
1880 783 1934 829 et
1959 772 2050 842 qui

471 878 644 945 unxit,
664 877 918 947 intellige.
953 873 1378 943 UudeetAquila
1409 885 1569 926 nona
1616 868 1778 940 383
1830 865 2050 920 verbum

474 969 820 1034 llebraieum,
846 983 950 1023 non
981 965 1315 1022 nominativo
1343 959 1602 1025 casu,sed
1631 956 2054 1013 vocativointer-

473 1071 714 1133 pretatur
737 1103 752 1128 ,
784 1061 970 1117 dicens
1007 1068 1124 1123 Θεδ,
1171 1065 1226 1112 et
1263 1071 1359 1111 nos
1388 1063 1604 1126 propter
1648 1048 2050 1119 intelligentiam

475 1154 552 1226 (ιι)
576 1153 681 1208 Dee
700 1153 996 1224 posuimus,
1020 1149 1160 1221 quod
1186 1149 1372 1203 Latina
1396 1147 1575 1216 lingua
1600 1159 1706 1200 non
1729 1143 1955 1211 recipit;
1985 1154 2054 1197 ne

473 1244 593 1312 quis
618 1253 872 1313 "perverse
911 1249 1060 1308 putet
1099 1240 1266 1294 Deum
1309 1237 1491 1292 dilecti
1530 1245 1585 1291 et
1623 1231 1968 1290 amantissimi
2001 1238 2055 1284 et

477 1335 618 1404 regis
661 1333 743 1387 bis
787 1332 996 1386 Patrem
1040 1329 1325 1384 nominari.
1365 1329 1678 1397 Quanquam
1717 1325 1860 1380 enim
1901 1323 2056 1376 Pater

476 1425 529 1478 in
560 1423 724 1489 Filio,
748 1433 803 1477 et
823 1421 989 1476 Filius
1016 1421 1067 1475 in
1097 1420 1254 1474 Patre
1279 1460 1293 1484 ,
1322 1428 1374 1473 et
1402 1419 1718 1472 alterutrum
1747 1415 1846 1469 sibi
1873 1422 1927 1468 et
1955 1413 2055 1466 ha-

478 1513 674 1568 bitator
696 1521 751 1566 et
776 1513 999 1566 thronus
1019 1510 1126 1565 sint
1150 1527 1164 1563 :
1190 1517 1366 1564 tamen
1393 1508 1445 1562 in
1473 1507 1576 1561 hoc
1600 1507 1720 1560 loco
1739 1503 1804 1558 ad
1833 1517 2011 1573 regem
2037 1542 2056 1568 ,

477 1605 569 1674 qui
602 1605 741 1658 Deus
770 1612 874 1668 est,
903 1616 1078 1658 sermo
1105 1601 1385 1670 dirigitur;
1414 1608 1464 1653 et
1491 1597 1685 1652 dicitur
1709 1595 1758 1652 ei
1785 1595 1924 1666 quod
1953 1596 2056 1648 im-

480 1697 687 1768 perium
718 1695 834 1765 ejus
865 1694 989 1766 (hoc
1013 1695 1158 1750 enim
1186 1692 1446 1762 intelligo,
1474 1692 1730 1753 thronum,
1754 1689 1904 1758 juxta
1930 1685 2057 1742 illud

477 1786 619 1858 quod
647 1788 906 1856 scriptum
932 1793 1015 1840 est
1045 1803 1059 1841 :
1086 1784 1164 1839 De
1193 1789 1361 1856 [ructu
1388 1783 1572 1838 ventris
1597 1782 1670 1836 tui
1695 1797 1879 1855 ponam
1908 1795 2059 1850 super

481 1881 716 1935 thronum
749 1889 892 1933 tuum
923 1877 1040 1949 (Ps.
1071 1879 1195 1932 151.
1228 1877 1322 1954 11).
1345 1875 1503 1930 linem
1533 1890 1639 1929 non
1669 1873 1878 1928 habeat.
1905 1870 2058 1938 Quod

480 1973 698 2042 quidem
722 1983 774 2027 et
797 1972 972 2026 Maria:
998 1971 1258 2026 nuntiavit
1281 1970 1516 2040 Angelus
1540 1986 1555 2023 ε
1585 1986 1603 2021 ‹
1628 1967 1781 2023 Dabit
1801 1967 1848 2021 ei
1874 1965 2057 2021 Domi-

481 2077 581 2116 nus
606 2062 747 2116 Deus
776 2062 1025 2117 thronum
1055 2061 1218 2116 David
1243 2061 1409 2131 patris
1431 2061 1536 2126 sui,
1557 2070 1610 2114 et
1633 2058 1874 2129 regnabit
1898 2071 2061 2126 super

481 2151 697 2207 domum
716 2152 881 2208 Jacob
913 2154 964 2208 in
997 2152 1212 2218 saecula,
1234 2161 1286 2206 et
1303 2151 1449 2222 regni
1481 2151 1600 2220 ejus
1627 2164 1733 2204 non
1766 2149 1870 2205 erit
1901 2147 2053 2203 linis»

482 2243 636 2313 (Luc.
667 2244 718 2298 1.
751 2242 862 2316 52).
896 2243 1004 2298 Nec
1035 2254 1282 2313 putemus
1312 2241 1416 2297 hoc
1443 2241 1515 2296 illi
1544 2255 1666 2296 esse
1694 2239 2020 2296 contrarium
2041 2279 2058 2307 ,

482 2337 627 2405 quod
669 2336 958 2405 Apostolus
999 2335 1240 2390 scribens
1277 2334 1344 2388 ad
1388 2332 1698 2389 Corinthios
1723 2332 1834 2397 ait,
1867 2331 2060 2386 Filium

485 2428 595 2482 Deo
623 2427 934 2482 traditurum
961 2442 1182 2496 regnum
1203 2468 1220 2492 ,
1263 2435 1315 2482 et
1346 2425 1734 2496 subjiciendum
1766 2424 1815 2479 ci
1841 2424 1928 2493 qui
1956 2421 2060 2482 sibi

485 2520 713 2588 subjecit
741 2521 916 2574 omnia
942 2535 956 2573 :
980 2528 1032 2571 ut
1057 2520 1122 2572 sit
1150 2518 1287 2573 Deus
1311 2518 1482 2572 omnia
1501 2518 1552 2570 in
1575 2516 1804 2571 omnibus
1833 2517 1909 2586 (1.
1939 2513 2057 2570 Cor.

490 2613 603 2684 15).
629 2613 745 2667 Non
774 2613 914 2666 enim
943 2612 1097 2675 dixit,
1131 2612 1305 2666 tradet
1333 2611 1501 2676 Patri,
1530 2620 1586 2664 ut
1612 2609 1882 2665 videretur
1905 2622 2062 2677 sepa-

487 2717 611 2757 rare
653 2701 844 2756 Filium
868 2743 882 2767 ,
914 2701 1007 2755 sed
1043 2701 1214 2755 tradet
1257 2702 1366 2756 Deo
1387 2742 1402 2768 ,
1443 2701 1547 2755 hoc
1575 2707 1690 2764 est,
1724 2697 1977 2754 habitanti
2010 2699 2062 2752 in

487 2795 852 2864 assumptione
882 2794 1125 2864 corporis
1145 2794 1253 2848 Dco
1279 2811 1292 2848 :
1316 2802 1366 2846 ut
1394 2793 1458 2847 sit
1479 2792 1611 2846 Deus
1628 2792 1796 2846 omnia
1825 2792 1877 2845 in
1903 2790 2065 2846 omni-

486 2891 578 2941 bus
602 2904 620 2940 :
642 2897 696 2941 et
720 2885 985 2952 Christus,
1015 2887 1102 2957 qui
1133 2896 1255 2941 ante
1283 2901 1377 2956 per
1403 2901 1597 2956 paucas
1627 2886 1848 2941 virtutes
1871 2893 1987 2940 erat
2011 2884 2063 2939 in

487 2977 729 3048 singulis,
773 2993 870 3047 per
905 2993 1095 3033 omnes
1130 2979 1182 3032 in
1227 2978 1473 3032 omnibus
1513 2987 1898 3033 commoretur.
1929 2976 2061 3032 Sce-

487 3077 666 3137 ptrum
697 3080 872 3123 autem
903 3078 958 3124 et
993 3068 1194 3138 virgam
1234 3069 1440 3138 insigne
1467 3083 1588 3124 esse
1615 3067 1885 3137 regnantis
1909 3106 1923 3130 ,
1952 3066 2065 3136 ipse

486 3159 752 3230 Propheta
781 3161 1067 3231 signiﬁcat,
1101 3160 1286 3215 dicens
1311 3177 1324 3214 :
1351 3159 1620 3214 Sceutrum
1647 3158 1926 3228 (equitatis,
1954 3172 2062 3211 sce-

487 3262 653 3322 ptrum
682 3254 822 3324 regni
848 3252 1088 3320 tui(lsai.
1121 3253 1207 3307 11.
1233 3253 1304 3322 1).
1325 3251 1550 3318 Quidam
1577 3251 1643 3305 de
1666 3249 1797 3304 Isaia
1827 3251 2064 3304 testimo-

486 3347 634 3400 nium
669 3347 998 3415 prolerentes
1029 3364 1042 3401 :
1077 3345 1222 3400 Exiet
1250 3346 1388 3416 uirga
1417 3345 1481 3399 de
1504 3343 1676 3397 radice
1703 3343 1868 3410 Jesse,
1895 3351 1941 3396 et
1967 3343 2064 3412 ﬂos

486 3440 552 3493 de
579 3439 750 3493 radice
777 3440 885 3510 ejus
915 3438 1168 3502 ascendet,
1201 3436 1468 3490 hominem
1497 3435 1588 3506 qui
1616 3443 1703 3490 est
1729 3443 2062 3504 assumptus,

485 3530 805 3601 intelligunt,
831 3528 916 3584 cui
943 3538 996 3583 et
1014 3527 1288 3583 deferatur
1317 3526 1618 3596 imperium,
1647 3534 1701 3581 et
1726 3524 1814 3594 qui
1848 3533 2065 3594 prepter

485 3617 732 3674 dilectam
756 3619 1015 3689 justitiam
1043 3627 1098 3673 et
1123 3631 1337 3672 exosam
1362 3615 1695 3686 iniquitatem
1723 3629 1946 3686 regnare
1975 3613 2062 3669 di-

485 3722 674 3778 catur,
705 3718 758 3766 et
788 3722 979 3766 unctus
1004 3724 1123 3764 esse
1152 3709 1274 3763 oleo
1301 3707 1676 3762 exsultationis
1706 3722 1813 3776 pra:
1845 3705 2063 3775 partici-

482 3805 638 3874 pibus
685 3803 796 3858 suis
829 3820 841 3855 :
877 3799 1026 3872 quasi
1077 3799 1355 3871 pra-mium
1399 3798 1673 3864 caritatis,
1705 3806 1762 3852 et
1801 3795 1905 3849 odii
1953 3794 2061 3868 [aL

483 3892 686 3966 odium]
719 3893 1012 3962 iniquitatis
1044 3892 1095 3946 in
1139 3891 1389 3945 unctione
1433 3899 1763 3959 sumpturus.
1802 3888 2064 3941 Docenuir

482 3993 660 4040 autem
703 3985 754 4039 in
804 3990 1030 4054 utraque
1081 3992 1232 4053 parte
1281 3990 1335 4038 et
1380 3981 1583 4035 amoris
1627 3990 1678 4035 et
1715 3980 1821 4033 odii
1859 3993 1979 4032 esse
2011 3978 2062 4033 in

481 4076 636 4131 nobis
656 4077 891 4142 semina,
919 4092 1038 4130 cum
1075 4075 1190 4145 ipse
1225 4075 1312 4144 qui
1338 4073 1596 4143 primitias
1627 4087 1816 4126 massa:
1857 4081 2066 4125 nostro~

479 4183 601 4222 rum
631 4182 918 4236 corporum
949 4167 1143 4221 levavit
1170 4167 1234 4220 ad
1267 4167 1454 4228 cmlos,
1487 4173 1539 4220 et
1565 4164 1827 4233 justitiam
1859 4163 2064 4218 dilexeo

483 4261 574 4325 rit,
594 4267 646 4312 et
661 4258 835 4312 oderit
852 4258 1206 4325 iniquitatem.
1230 4255 1380 4311 Unde
1408 4255 1574 4308 David
1599 4271 1611 4307 :
1637 4253 1820 4307 Nonne
1840 4255 2065 4308 odientes

483 4362 552 4418 te,
585 4351 819 4415 Domine,
843 4351 1066 4413 oderam,
1089 4359 1136 4402 et
1155 4365 1305 4418 super
1323 4347 1552 4400 inimicos
1577 4353 1688 4399 tuos
1712 4344 2020 4399 tabescebam
2038 4345 2064 4397 ?

486 4447 708 4518 perfecto
721 4443 837 4497 odio
856 4439 1188 4496 oderamillos
1216 4437 1541 4511 (Ρδ.158.[21
1559 4439 1597 4505 ).
1623 4435 1774 4503 Quod
1803 4437 2063 4505 sequitur;

496 4535 654 4594 Unxit
681 4545 726 4592 te
755 4534 913 4596 Deus,
942 4533 1076 4588 Deus
1099 4541 1235 4585 tuus.
1260 4530 1497 4585 Primum
1527 4543 1722 4582 nomen
1752 4525 1842 4580 Dei
1866 4525 2068 4580 vocati-

489 4640 558 4680 vo
579 4639 706 4678 easu
733 4624 1132 4693 intelligendum
1158 4630 1260 4687 est,
1286 4634 1516 4690 sequens
1537 4618 1884 4672 nominativo.
1916 4615 2068 4684 Quod

489 4714 620 4769 satis
641 4714 825 4782 miror,
844 4729 939 4766 cur
966 4711 1129 4788 385
1149 4712 1336 4782 Aquila
1362 4725 1466 4765 non
1491 4717 1550 4766 ut
1574 4715 1812 4777 coeperat
1828 4707 1877 4760 in
1899 4706 2070 4776 primo

490 4805 778 4862 versiculo.
811 4805 1054 4858 vocativo
1084 4819 1210 4858 casu
1239 4807 1623 4873 interpretatus
1649 4801 1741 4866 sit,
1773 4799 1868 4855 sed
1900 4799 2071 4854 nomi-

487 4895 690 4952 nativo.
723 4894 806 4948 bis
831 4894 1114 4948 nominans
1145 4893 1308 4950 Deum
1341 4893 1430 4962 qui
1459 4892 1824 4963 supradictum
1855 4891 2072 4946 unxerit

487 4984 678 5041 Deum.
709 4984 767 5039 ιιι
799 4984 900 5038 hoc
927 4984 1048 5038 loco
1076 4983 1335 5037 Photinus
1376 4983 1694 5051 opprimitur
1714 5022 1728 5046 ,
1757 4981 1851 5035 sed
1876 4981 2066 5036 Arrius

487 5083 650 5144 caput
694 5075 854 5140 levat,
901 5073 968 5128 de
1009 5071 1298 5142 Evangelia
1329 5071 1609 5142 proferens
1656 5068 2067 5123 testimonium:

495 5183 515 5222 s
540 5166 784 5222 Ascendo
805 5165 869 5221 ad
889 5165 1096 5220 Patrem
1119 5179 1295 5218 meum
1319 5171 1373 5216 et
1391 5163 1598 5217 Patrem
1621 5171 1880 5226 vestrum,
1903 5161 2070 5216 Deum

491 5271 671 5313 meum
703 5264 759 5312 et
790 5257 953 5310 Deum
990 5264 1224 5309 vestrum
1253 5271 1271 5306 ι
1317 5251 1496 5319 (Joan.
1527 5251 1617 5307 20.
1661 5250 1773 5322 Π).
1808 5249 1910 5305 Sed
1949 5265 2072 5305 cum

490 5347 744 5404 dilectum
775 5345 954 5401 audiat
979 5360 1124 5412 eum,
1152 5341 1449 5398 accinctum
1479 5340 1657 5414 gladio
1684 5355 1846 5411 super
1878 5341 2069 5407 femur,

545 5481 618 5545 (ai
643 5481 778 5542 Quod
803 5479 1053 5545 explicare
1077 5492 1107 5545 e
1124 5478 1238 5531 Mss.
1259 5490 1354 5526 non
1372 5475 1593 5545 licet,_ex
1609 5474 1808 5545 ingenio
1831 5472 2071 5522 nolumus.

489 5536 589 5594 sed
606 5536 848 5606 'iii'tegrior
871 5536 1009 5593 certe
1032 5541 1130 5590 erit
1151 5552 1346 5606 sensus,
1370 5547 1421 5588 et
1440 5539 1526 5606 qui
1551 5536 1704 5606 magis
1724 5536 2073 5606 Hieronymum

493 5552 589 5594 Sed
613 5552 848 5606 integrior
871 5552 1009 5593 certe
1032 5552 1130 5590 erit
1151 5552 1342 5596 sensus,
1370 5552 1421 5588 et
1443 5552 1526 5648 (1m
1551 5552 1704 5598 magis
1725 5552 2073 5597 nteronymtun

493 5607 685 5671 doceat,
711 5605 928 5671 si‘legas,
958 5621 980 5651 α
1002 5599 1458 5671 nos_propter__intel
1479 5596 1954 5671 igentiam,‘o._Deuts,
1980 5608 2075 5671 non

495 5665 608 5717 Dee
631 5659 875 5730 posuimus
896 5659 1057 5730 ,qupd
1094 5659 1263 5730 Latina
1301 5661 1463 5730 lingua
1496 5659 1597 5730 non
1638 5661 1878 5730 recipitur
1901 5659 2076 5730 Cortch-

490 5721 646 5778 cturis
669 5721 970 5792 proferendis
993 5727 1150 5777 locum
1170 5725 1277 5792 ipsi“
1301 5721 1524 5787 pracbent
1544 5723 1658 5772 Mss.
1688 5722 1734 5769 in
1759 5721 1936 5792 quibus
1975 5723 2073 5792 tum

491 5802 588 5838 vos
620 5783 714 5840 De'e
726 5791 1034 5840 desideratur
1053 5826 1068 5850 ,
1093 5783 1202 5838 tum
1221 5783 1314 5836 alia
1336 5793 1566 5850 veterum
1582 5788 1936 5843 exscrq'torum
1962 5783 2074 5825 vitia

492 5853 800 5914 ingruerunt.
823 5851 1010 5904 Recole
1033 5847 1338 5914 Superiorem
1363 5847 1720 5902 adnotationem
1744 5857 1786 5893 ε.

1775 381 2014 443 SANCTI
2053 376 2428 436 IIIERONYMI

3626 381 3731 440 6'52

2157 507 2210 551 et
2254 512 2476 567 regnare
2522 507 2743 569 propter
2786 500 3062 558 veritatem
3112 510 3167 557 et
3218 505 3728 581 mansuetudinem,

2155 588 2278 658 ungi
2307 587 2378 643 ob
2405 588 2654 644 dilectam
2674 590 2935 661 justitiam
2962 602 3017 648 et
3042 607 3260 648 exosam
3289 594 3644 664 iniquitatem,
3676 608 3732 654 et

2152 688 2368 734 unctum
2390 695 2508 734 esse
2529 696 2636 750 prm
2656 683 2992 739 consortibus
3013 685 3145 750 suis,
3163 685 3229 740 de
3250 686 3444 758 quibus
3467 689 3726 759 scriptum

2153 779 2238 826 est
2265 790 2278 826 :
2310 789 2330 824 ι
2353 771 2643 842 Participes
2670 773 2866 830 Christi
2897 775 3020 831 facti
3049 791 3254 848 sumus,
3287 779 3333 836 si
3364 789 3542 837 tamen
3583 785 3732 853 prin-
3827 798 3840 810 ‘

2154 864 2351 934 cipium
2395 864 2707 921 substantias
2738 882 2905 938 usque
2948 870 3015 923 ad
3064 871 3223 926 linem
3257 873 3468 928 ﬁrmum
3502 877 3735 930 retinea-

2154 969 2272 1009 mus
2308 974 2328 1008 ι
2359 954 2541 1027 (Hebr.
2571 957 2623 1012 5.
2651 956 2772 1027 H);
2803 959 2968 1013 miror
2995 975 3090 1014 cur
3121 961 3192 1031 (b)
3227 961 3399 1017 solum
3432 963 3596 1019 Deum
3640 964 3733 1020 Dei

2155 1045 2221 1100 ad
2249 1047 2568 1102 calumniam
2597 1057 2772 1113 vocet,
2804 1051 2954 1119 quasi
2994 1053 3238 1107 universa
3268 1070 3388 1123 qua:
3414 1055 3554 1110 dicta
3585 1067 3729 1124 sunt,

2155 1137 2420 1192 divinitati
2445 1139 2604 1194 Verbi
2626 1149 2681 1194 et
2705 1155 2809 1195 non
2833 1139 3115 1197 humilitati
3139 1143 3370 1199 hominis
3390 1149 3729 1203 conveniant.

2157 1229 2352 1284 Audiat
2387 1233 2551 1285 Actus
2598 1232 2973 1300 Apostolorum
3009 1251 3022 1289 :
3058 1251 3078 1285 ι
3127 1234 3309 1290 Jesum
3352 1236 3679 1293 Nazarenam
3713 1277 3731 1307 ,

2157 1335 2315 1390 quem
2345 1322 2497 1375 unxit
2528 1322 2667 1377 Deus
2693 1322 2892 1394 Spiritu
2924 1334 3109 1390 sancto
3139 1345 3157 1378 ›
3190 1327 3326 1394 (Act.
3363 1327 3448 1382 10.
3481 1329 3594 1398 38).
3626 1330 3736 1383 Au-

2157 1410 2271 1466 diat
2301 1411 2645 1483 Evangelium
2672 1432 2686 1468 :
2717 1432 2735 1467 t
2765 1414 2992 1490 Spiritus
3022 1425 3238 1473 sanctus
3267 1419 3444 1474 veniet
3471 1435 3632 1490 super
3659 1431 3730 1487 te,

2159 1431 2271 1466 urat
2302 1431 2645 1483 evangelium
2672 1432 2686 1468 :
2717 1432 2735 1467 ι
2765 1431 2802 1469 δ
2843 1431 2992 1470 tritus
3022 1431 3238 1473 sanctus
3267 1431 3444 1474 veniet
3471 1435 3632 1490 super
3659 1431 3730 1487 te,

2159 1511 2213 1557 et
2235 1502 2406 1558 virtus
2435 1504 2694 1559 Altissimi
2718 1431 3088 1600 obfumbrabit
3119 1509 3210 1563 tibi
3240 1527 3253 1563 :
3279 1518 3564 1580 propterea
3593 1513 3732 1582 quod

2160 1607 2410 1651 nascetur
2429 1613 2493 1651 ex
2523 1607 2574 1653 te
2601 1599 2845 1653 sanctum
2867 1640 2883 1666 ,
2911 1600 3183 1655 vocabitur
3206 1599 3375 1656 Filius
3410 1602 3502 1658 Dei
3529 1621 3548 1655 ι
3576 1603 3729 1672 (Luc.

2161 1689 2210 1744 1.
2233 1687 2347 1758 55).
2364 1689 2536 1757 Ipsum
2552 1690 2832 1745 Dominum
2854 1691 3048 1746 sentiat
3068 1691 3393 1749 intonantem
3418 1712 3431 1748 :
3462 1713 3481 1746 ι
3504 1693 3734 1765 Spiritus

2163 1779 2370 1834 Domini
2395 1794 2558 1850 super
2576 1796 2683 1846 me,
2709 1796 2775 1836 eo
2798 1781 2939 1852 quod
2968 1783 3181 1838 unxerit
3209 1799 3294 1839 me
3319 1804 3337 1838 ι
3369 1785 3520 1856 (Isai.
3545 1786 3634 1841 6|.
3654 1789 3730 1859 1).

2162 1870 2456 1940 Participes
2479 1879 2656 1925 autem
2683 1871 2972 1941 Apostolos
3001 1873 3392 1944 credentesque
3428 1875 3689 1947 signiﬁcat
3715 1895 3730 1942 ;

2162 1959 2356 2031 quibus
2381 1961 2647 2016 unctionis
2674 1977 2785 2016 suae
2810 1963 3125 2018 vocabulum
3155 1965 3372 2031 tribuit,
3399 1974 3457 2021 ut
3480 1967 3548 2022 ab
3574 1977 3737 2024 uncto

2161 2062 2423 2108 vocentur
2447 2053 2612 2118 uncti,
2644 2053 2696 2108 id
2719 2061 2821 2116 est,
2850 2068 2878 2107 a
2903 2052 3118 2108 Christo
3139 2055 3447 2112 Christiani.

2238 2146 2325 2200 14.
2361 2162 2380 2196 ι
2407 2144 2619 2216 Myrrha
2656 2153 2710 2200 ct
2739 2153 2882 2215 gutta
2912 2155 2965 2200 et
2990 2146 3130 2200 casia
3162 2162 3190 2201 a
3223 2148 3544 2205 vestimentis
3572 2151 3676 2207 tuis
3701 2167 3731 2206 a

2162 2237 2413 2293 domibus
2453 2237 2704 2293 eburneis
2726 2279 2742 2303 ,
2782 2253 2845 2292 ex
2885 2239 3077 2308 quibus
3111 2239 3506 2298 delectaverunt
3532 2253 3581 2299 te
3611 2245 3734 2300 litim

2163 2345 2349 2402 regum
2369 2331 2421 2386 in
2440 2329 2644 2386 honore
2665 2341 2774 2386 tuo.
2796 2351 2816 2384 ι
2838 2331 2894 2386 1η
2919 2332 3194 2400 llebraico,
3222 2354 3242 2388 s
3263 2336 3470 2407 Myrrha
3493 2346 3547 2392 et
3565 2346 3736 2394 stacta

2164 2431 2218 2477 et
2245 2422 2389 2477 casia
2417 2423 2469 2477 in
2492 2424 2699 2479 cunctis
2721 2425 3056 2480 vestimentis
3081 2427 3185 2482 tuis
3212 2427 3279 2482 de
3303 2427 3550 2484 domibus
3576 2429 3735 2485 ebur-

2165 2516 2282 2571 neis
2302 2555 2317 2581 ,
2347 2515 2540 2586 quibus
2570 2515 2978 2572 laetilicaverunt
3007 2526 3057 2572 te
3086 2517 3207 2573 tiliae
3236 2535 3417 2589 regum
3451 2520 3504 2574 in
3533 2520 3736 2577 honore

2166 2613 2279 2660 tuo.
2310 2624 2329 2658 ι
2359 2605 2609 2661 Prtelatio
2636 2607 2749 2677 ipsa
2781 2617 2832 2663 te
2855 2607 3058 2676 docuit,
3084 2609 3282 2665 idcirco
3310 2627 3394 2667 me
3424 2612 3570 2667 hunc
3590 2614 3738 2668 Psal-

2165 2714 2308 2753 mum
2336 2698 2626 2770 explanare
2651 2700 2916 2764 voluisse,
2945 2701 3066 2771 quia
3093 2701 3158 2755 ad
3185 2703 3448 2771 virginem
3475 2705 3736 2771 scribens,

2165 2805 2258 2861 pro
2285 2789 2406 2844 (iliis
2429 2799 2482 2844 et
2510 2786 2731 2844 ﬂoribus
2758 2790 2967 2844 titulum
2989 2790 3184 2860 reperi.
3208 2790 3388 2862 Itaque
3408 2808 3740 2864 consequen-

2167 2889 2251 2938 ter
2278 2891 2332 2936 et
2357 2883 2486 2937 istos
2513 2883 2807 2938 versiculos
2826 2881 2892 2938 ad
2916 2891 2972 2938 te
2986 2882 3236 2951 referam,
3259 2885 3345 2939 cui
3368 2886 3613 2941 volumen
3634 2886 3740 2944 hoc

2166 2977 2438 3031 scribitur.
2479 2976 2809 3032 Mortiﬁcasti
2851 2978 3087 3034 membra
3118 2990 3203 3033 tua
3243 2995 3404 3050 super
3431 2990 3624 3037 terram
3645 3023 3658 3047 ,
3687 2992 3742 3038 et

2166 3068 2405 3140 quotidie
2427 3067 2644 3123 Christo
2669 3069 2830 3124 oll'ers
2856 3068 3146 3140 myrrham.
3183 3069 3382 3127 Christi
3411 3071 3580 3128 bonus
3607 3072 3741 3127 odor

2167 3173 2227 3214 cs
2249 3200 2265 3226 ,
2294 3168 2350 3214 et
2375 3168 2656 3229 prepterea
2689 3169 2880 3215 stacten
2906 3203 2923 3227 ,
2961 3161 3011 3216 id
3042 3173 3123 3216 cst
3145 3205 3161 3230 ,
3193 3163 3384 3217 stillant
3427 3165 3508 3219 vel
3546 3174 3740 3236 guttam

2167 3248 2398 3304 exhibes
2429 3251 2673 3306 Domino.
2703 3251 2932 3307 Narrant
2955 3261 3008 3307 et
3029 3253 3078 3307 hi
3106 3255 3192 3323 qui
3220 3265 3516 3311 aromatum
3545 3272 3740 3311 novere

2165 3340 2427 3407 virtutes,
2456 3351 2656 3398 stacten
2688 3341 2876 3398 liorem
2908 3359 3029 3400 esse
3071 3345 3325 3416 myrrhas.
3371 3347 3520 3414 Quod
3563 3355 3738 3402 autem

2165 3435 2408 3502 sequitur
2431 3435 2590 3502 casia,
2618 3447 2701 3491 est
2729 3436 2839 3505 ipsa
2867 3452 2986 3506 qua:
3013 3437 3080 3492 ab
3131 3438 3249 3492 aliis
3275 3445 3434 3509 σύριγξ
3463 3439 3512 3494 id
3541 3449 3640 3506 est,
3671 3429 3737 3510 [i-

2165 3525 2303 3577 stula
2351 3535 2715 3594 nuncupatur,
2741 3528 2939 3582 vocalis
2988 3528 3148 3601 385
3197 3529 3248 3583 in
3289 3529 3469 3584 laudes
3508 3531 3641 3597 Dei,
3682 3541 3740 3588 et

2167 3617 2358 3668 omnes
2397 3614 2612 3685 pituitas
2651 3625 2706 3671 et
2742 3616 3020 3672 rheumata
3060 3620 3387 3690 voluptatum
3427 3637 3524 3678 suo
3563 3624 3740 3679 calore

2167 3720 2490 3776 excoquens.
2535 3707 2634 3762 Ubi
2677 3708 2729 3762 in
2770 3711 2966 3763 nostris
3005 3709 3278 3766 codicibus
3319 3713 3572 3782 scriptum
3617 3722 3738 3778 est,

2168 3805 2330 3866 gutta,
2360 3798 2443 3852 vel
2467 3806 2640 3862 stacte,
2669 3797 2720 3853 in
2748 3798 3010 3855 Hebraico
3032 3815 3245 3856 nALoru
3276 3803 3488 3874 legitur.
3511 3804 3663 3861 Unde
3690 3815 3744 3860 et

2168 3888 2492 3945 Nicodemus
2517 3901 2733 3947 centum
2762 3891 2928 3948 libras
2959 3893 3190 3965 myrrhae
3219 3905 3273 3950 et
3304 3897 3449 3951 aloes
3478 3898 3542 3951 ad
3587 3914 3743 3968 sepe-

2169 3983 2407 4038 liendum
2455 3985 2735 4039 Dominum
2776 3987 3115 4056 praeparavit.
3149 3987 3215 4041 Et
3244 4003 3473 4058 sponsus
3512 3990 3746 4060 loquitur

2169 4073 2234 4128 ad
2273 4089 2524 4144 sponsam
2555 4093 2569 4130 :
2599 4075 2814 4147 Myrrha
2840 4086 2887 4131 et
2924 4078 3036 4132 aloe
3061 4093 3175 4130 eum
3215 4081 3444 4134 omnibus
3482 4085 3745 4152 unguentis

2169 4164 2349 4233 primis
2392 4163 2561 4234 (Cant.
2593 4163 2672 4234 4).
2701 4165 2768 4219 Et
2807 4165 2892 4220 illa
2934 4167 3222 4236 respondet
3253 4186 3265 4222 :
3298 4169 3484 4223 Manus
3514 4187 3636 4224 mete
3660 4172 3744 4224 di-

2169 4257 2488 4312 stillaverunt
2514 4257 2808 4327 myrrham;
2839 4259 2986 4330 digiti
3009 4261 3106 4313 mei
3130 4261 3336 4330 myrrha
3356 4261 3491 4329 pleni
3507 4260 3663 4329 (Ibid.
3686 4261 3741 4317 5.

2170 4347 2251 4417 5).
2281 4348 2488 4418 Projice
2517 4357 2568 4403 et
2599 4357 2653 4402 tu
2683 4350 2867 4405 mortis
2887 4366 3069 4419 opera.
3093 4351 3307 4406 Christo
3350 4353 3401 4404 in
3428 4351 3746 4420 baptismate

2171 4439 2528 4507 consepulta,
2572 4446 2628 4492 et
2674 4439 2798 4493 huic
2839 4439 3036 4494 mundo
3079 4449 3285 4496 mortua
3320 4448 3474 4504 esto,
3517 4450 3568 4494 et
3597 4441 3745 4496 'nihil
3797 4435 3802 4440 ’

2171 4527 2313 4582 aliud
2337 4527 2436 4582 nisi
2457 4527 2527 4584 de
2547 4528 2856 4584 et'elestibus
2877 4531 3137 4600 cogitans,
3164 4530 3379 4600 loquere
3398 4529 3465 4584 ad
3490 4544 3746 4599 sponsum

2175 4629 2325 4674 tuum
2359 4635 2374 4672 :
2411 4619 2596 4674 Manus
2630 4636 2758 4675 mea:
2793 4619 3107 4675 stillaveruut
3139 4621 3431 4692 myrrham;
3469 4622 3614 4693 digiti
3652 4624 3753 4676 mei

2172 4712 2381 4782 myrrha
2424 4710 2578 4782 pleni.
2622 4711 2872 4781 Legimus
2914 4720 2968 4766 et
3010 4721 3335 4783 unguentum
3377 4710 3749 4778 sacerdotale,

2171 4802 2324 4872 cujus
2351 4811 2408 4857 et
2435 4802 2599 4857 David
2626 4802 2870 4858 meminit
2896 4820 2908 4856 :
2935 4802 3081 4857 Sicut
3117 4813 3428 4873 unguentum
3462 4803 3512 4855 in
3549 4803 3750 4872 capite,

2173 4895 2311 4964 quod
2335 4894 2593 4950 descendit
2619 4895 2672 4949 in
2697 4894 2925 4959 barbam,
2952 4891 3158 4947 barbam
3175 4893 3366 4957 Aaron,
3392 4892 3528 4962 quod
3549 4892 3753 4947 descen-

2175 4989 2249 5042 dit
2291 4989 2347 5043 in
2376 5005 2518 5042 oram
2545 4986 2823 5042 vestimenti
2863 4987 2972 5057 ejus
3003 4984 3120 5055 (Ps.
3151 4981 3274 5040 152.
3302 4983 3384 5054 2).
3416 4983 3472 5038 In
3500 4999 3607 5054 quo
3633 4999 3753 5038 cum

2175 5083 2390 5138 caneris
2429 5080 2757 5136 aromatibus
2801 5080 3055 5134 miscetur
3096 5087 3150 5134 et
3191 5086 3382 5132 stacte.
3428 5075 3669 5132 Oﬂ'erunt
3703 5085 3757 5129 et

2177 5175 2310 5245 Magi
2342 5172 2635 5244 myrrham.
2671 5171 2736 5224 Et
2773 5169 2824 5225 in
2871 5169 3122 5240 praesenti
3151 5167 3272 5224 loco
3297 5208 3312 5233 ,
3354 5166 3566 5222 initium
3597 5167 3757 5221 vesti-

2177 5274 2481 5321 mentorum
2510 5260 2715 5316 Christi
2745 5270 2829 5316 est
2853 5259 3128 5330 suscipere
3157 5268 3388 5313 mortem
3417 5257 3592 5323 illius,
3623 5265 3677 5312 et
3705 5257 3755 5309 in

2179 5373 2274 5414 sua
2301 5369 2463 5410 carne
2508 5361 2832 5407 monstrare.
2875 5351 3000 5406 Haec
3046 5349 3356 5404 indumenta
3390 5363 3514 5418 para
3561 5361 3760 5418 sponso

2180 5457 2272 5502 tuo
2301 5463 2314 5500 :
2347 5444 2428 5500 his
2456 5458 2487 5498 a
2529 5451 2580 5498 te
2615 5442 2856 5498 vestibus
2890 5448 3137 5510 comptus
3175 5439 3409 5495 incedat.
3441 5437 3682 5508 Cumque
3710 5437 3760 5491 ei

2249 5646 2308 5711 (b)
2349 5645 2552 5705 Quidam
2564 5643 2689 5711 ﬁas.
2704 5642 2908 5711 “quibus
2925 5639 3273 5711 “vetustissima
3311 5636 3469 5710 editio
3514 5635 3760 5711 concinit,

2188 5728 2210 5757 ι
2232 5699 2382 5759 miror
2403 5721 2490 5757 cur
2509 5704 2681 5756 solium
2704 5699 2896 5751 Domini
2920 5699 3012 5749 Dei
3036 5699 3094 5747 ad
3117 5699 3404 5748 calumniam
3423 5704 3601 5759 vocet,
3626 5709 3762 5758 quas:

2183 5758 2349 5830 verba,
2375 5769 2570 5819 «Sedes
2592 5775 2695 5818 tua,
2711 5763 2791 5830 vel
2813 5763 3037 5830 Thronus
3054 5768 3164 5830 tuus
3186 5759 3323 5808 Dens
3346 5760 3393 5806 in
3416 5758 3647 5830 saeculum
3669 5769 3764 5830 stc-

2183 5819 2324 5893 culi,s
2339 5819 2511 5881 'Arrius
2522 5825 2870 5890 praetenderet,
2887 5829 3034 5884 atque
3055 5821 3103 5869 in
3127 5820 3354 5870 lateresun
3375 5833 3510 5869 suam
3521 5819 3763 5872 traheret.
