4146 6336
368 425 474 484 633

367 537 738 611 hujuscemodi
765 538 1004 594 texueris
1026 534 1363 598 vestimenta.
1391 532 1640 590 efﬁcicris
1666 537 1778 604 ipsa
1805 543 1942 588 tem-

365 633 514 704 plum
541 629 658 693 Dei,
681 640 735 685 et
759 628 1054 684 lmtiiicabis
1073 643 1196 684 eum
1217 628 1282 683 de
1300 627 1532 681 domibus
1553 626 1802 690 eburneis,
1829 625 1944 678 sive

365 732 425 778 ut
449 721 638 777 melius
661 720 716 776 in
739 720 999 776 llebraico
1021 719 1290 784 scribitur,
1311 718 1374 772 de
1395 712 1580 788 tempto
1601 717 1862 780 dentium;
1888 723 1944 770 et

365 811 551 868 laudes
581 812 808 866 Domino
833 824 1016 875 canes,
1050 817 1266 878 totaque
1288 806 1488 862 saeculo
1515 817 1743 871 mortua,
1769 807 1940 875 Ange-

364 904 539 960 lorum
561 902 860 958 imitaberis
876 902 1090 956 choros.
1112 901 1258 956 Ebur
1274 900 1416 954 enim
1435 908 1490 954 et
1505 898 1714 964 dentes,
1734 897 1942 965 insigne

363 1009 486 1053 esse
513 993 702 1048 mortis
732 1003 786 1047 et
813 993 956 1047 vocis
997 993 1109 1063 ipsa
1155 993 1432 1046 nominum
1476 998 1660 1044 natura
1693 995 1938 1041 testatur.

363 1084 431 1140 Et
454 1093 851 1152 consequenter
871 1082 1182 1153 adjunctum
1205 1091 1287 1137 est
1309 1099 1324 1137 :
1349 1080 1434 1135 Ea:
1457 1079 1632 1148 quibus
1662 1079 1940 1132 delectave-

359 1185 481 1230 runt
504 1185 552 1229 te
577 1176 701 1244 ﬁlim
728 1191 903 1246 regunt
939 1176 992 1228 in
1033 1177 1219 1229 honore
1257 1184 1364 1228 tuo.
1399 1173 1514 1227 Rex
1543 1187 1727 1240 regum
1758 1170 1942 1224 etDo-

360 1269 542 1323 minus
577 1266 973 1334 dominantium
994 1283 1223 1338 sponsus
1250 1277 1372 1323 tuus
1415 1276 1519 1322 est.
1547 1264 1625 1337 (l)
1653 1265 1824 1334 Reges
1853 1262 1939 1316 isti

359 1360 455 1430 qui
481 1359 582 1413 sub
614 1367 762 1414 tanto
786 1374 911 1429 rege
938 1369 1063 1414 sunt
1088 1359 1275 1429 reguli,
1305 1365 1481 1428 patres
1503 1357 1576 1412 tui
1601 1364 1744 1420 sunt,
1769 1355 1858 1424 qui
1887 1362 1940 1408 te

362 1449 680 1519 Evangelica
703 1465 942 1520 genuere
963 1449 1228 1508 doctrina.
1253 1449 1453 1504 llorum
1477 1458 1531 1500 tu
1558 1446 1685 1511 lilia,
1717 1443 1938 1498 honori-

362 1539 490 1594 ﬁcas
544 1540 596 1594 in
640 1539 890 1594 omnibus
929 1539 1264 1598 vestimentis
1303 1547 1357 1592 et
1399 1535 1652 1592 odoribus
1691 1535 1845 1588 bonis
1885 1541 1940 1587 ct

363 1631 564 1700 templo
601 1631 841 1686 eburneo
877 1647 1000 1687 eum
1027 1673 1042 1697 ,
1072 1633 1155 1686 cui
1198 1645 1355 1700 supra
1382 1630 1582 1685 dictum
1609 1638 1730 1684 est:
1758 1627 1940 1696 Eﬂ'usa

359 1731 430 1776 est
467 1723 632 1792 gratia
657 1724 707 1776 in
737 1722 882 1782 labiis
916 1725 1016 1780 tuis
1028 1741 1050 1798 ί
1082 1723 1182 1778 Et:
1209 1723 1481 1794 Accingere
1549 1722 1712 1794 386
1767 1722 1938 1791 gladio

362 1822 451 1865 tuo
483 1830 636 1886 super
675 1816 839 1884 fantur
882 1826 1021 1870 tuum
1064 1815 1434 1882 potentissime;
1467 1813 1566 1878 Et,
1601 1814 1814 1884 Sagith
1841 1821 1940 1866 ture

359 1914 562 1970 acntw;
594 1905 676 1969 Et,
700 1905 936 1970 Tltrpnns
962 1917 1080 1964 tuus
1109 1904 1250 1978 Deus
1280 1906 1332 1966 in
1357 1907 1600 1963 saxulum
1625 1906 1815 1964 ramuli.
1836 1905 1937 1960 Pro

359 2012 426 2058 eo
451 1997 593 2067 quod
636 2012 732 2060 nos
777 1998 1146 2052 transtulimus
1175 1997 1406 2062 domibus
1433 1997 1663 2052 eburneis
1688 2038 1703 2062 ,
1734 1997 1856 2066 quia
1885 1997 1936 2051 in

357 2086 548 2146 Caeco
563 2087 818 2156 scriptum
837 2097 918 2142 est
936 2090 1032 2142 ἀπὸ
1062 2097 1246 2160 βαρέων
1269 2094 1570 2160 Dryantis”
1594 2085 1809 2156 quidam
1838 2085 1940 2147 La-

363 2179 595 2233 tinorum
622 2178 692 2233 ob
720 2177 870 2233 verbi
895 2178 1318 2248 ambiguitatem,
1349 2195 1383 2230 α
1409 2176 1646 2248 gravibus
1676 2176 1939 2249 interpre-

359 2269 452 2338 tati
491 2278 644 2333 sunt,
673 2283 794 2324 cum
819 2269 897 2339 (α)
925 2274 1069 2339 βᾶρις
1104 2267 1329 2334 verbum
1364 2267 1434 2320 sit
1482 2273 1733 2338 δπιχώριον
1764 2266 1937 2326 Palas-

355 2359 513 2416 stina:
537 2375 552 2414 :
577 2369 631 2414 et
655 2374 822 2428 usque
846 2360 1004 2415 hodie
1025 2359 1212 2412 domus
1227 2372 1293 2419 ex
1309 2357 1452 2411 omni
1477 2368 1626 2425 parte
1649 2358 1936 2427 concluszr,

357 2458 413 2512 et
443 2451 493 2505 in
523 2451 741 2506 modum
768 2450 1040 2504 aediﬁcata:
1068 2450 1294 2514 turrium
1319 2463 1382 2504 ac
1412 2448 1669 2513 tumulum
1700 2449 1938 2518 publico-

356 2556 499 2604 rmn,
527 2549 696 2612 βάρεις
722 2541 1077 2610 appellentur.

429 2632 516 2686 15.
555 2649 573 2682 ε
598 2630 781 2686 Astitit
805 2632 986 2701 regina
1028 2645 1060 2684 a
1102 2628 1306 2688 dextris
1333 2629 1438 2685 tuis
1463 2629 1514 2684 in
1546 2631 1742 2686 vestitu
1767 2630 1934 2686 deau-

355 2732 530 2788 rato”
557 2723 802 2794 quodque
814 2723 1104 2794 sequimur:
1133 2723 1494 2778 «circumdata
1511 2723 1935 2785 varietate:.ex-

355 2829 511 2889 cepta
543 2819 792 2878 Editione
825 2817 1061 2888 Vulgata,
1095 2818 1270 2872 nullus
1312 2817 1660 2884 interpretum
1701 2826 1935 2872 transtu-

355 2909 439 2979 lit.
473 2909 529 2964 In
561 2907 844 2973 lleliraico,
884 2925 904 2959 ι
934 2907 1092 2962 Stetit
1117 2907 1311 2975 conjus
1339 2907 1390 2960 in
1415 2906 1602 2961 dextra
1633 2917 1720 2960 tua
1748 2907 1799 2960 in
1823 2907 1935 2960 dia-

357 2999 570 3061 demate
597 3003 779 3056 aureo.
812 3017 832 3051 ι
869 2997 967 3055 Ubi
990 3013 1088 3053 nos
1109 3001 1374 3070 conjuge»:
1394 2999 1673 3066 vertimus,
1703 2999 1772 3052 ibi
1792 3000 1932 3069 apud

360 3090 612 3152 Hebraeos
643 3091 836 3161 legitur
860 3107 1042 3155 secat"
1075 3091 1180 3146 Pro
1221 3105 1327 3161 quo
1354 3091 1540 3160 Aquila
1574 3091 1648 3160 (b)
1672 3098 1930 3160 σύγκοιτον,

360 3183 413 3250 id
433 3192 536 3250 est,
563 3184 892 3238 concubinam
915 3200 930 3234 :
955 3181 1306 3254 Symmachus
1327 3191 1378 3236 et
1400 3182 1592 3249 Quinta
1611 3181 1789 3238 Editio
1814 3191 1936 3236 παλ-

360 3284 524 3347 ᾂακήδ,
557 3275 607 3330 id
636 3285 738 3340 est,
771 3275 1032 3345 pellicem,
1065 3273 1408 3344 Septuaginta
1429 3314 1444 3341 ,
1477 3273 1808 3334 Theodotion
1835 3314 1849 3338 ,
1882 3283 1936 3328 et

361 3366 543 3431 Sexta,
574 3369 800 3439 reginam
833 3367 1164 3436 interpretati
1191 3377 1335 3421 sunt.
1367 3366 1569 3422 Deinde
1599 3367 1684 3422 ubi
1713 3382 1810 3438 ego
1838 3381 1935 3437 po-

361 3460 466 3532 sui,
487 3459 540 3512 in
564 3458 846 3517 diademate
861 3474 1036 3523 aureo,
1055 3457 1406 3529 Symmachus
1431 3457 1720 3528 transtulit,
1744 3459 1794 3512 in
1811 3475 1936 3512 auro

363 3551 522 3628 primo
546 3566 565 3604 :
594 3551 805 3620 Aquila,
828 3551 1018 3618 Quinta
1045 3559 1098 3604 ct
1117 3549 1276 3604 Sexta
1296 3549 1490 3612 Editio,
1513 3550 1565 3602 in
1587 3551 1825 3614 tinctura,
1852 3551 1933 3605 vel

361 3642 416 3700 in
435 3658 561 3694 auro
592 3641 920 3711 Ophir.Qu:e
939 3641 1062 3696 lilia:
1082 3655 1263 3710 regum
1291 3648 1430 3703 sunt,
1451 3648 1507 3694 et
1550 3641 1601 3693 in
1631 3641 1812 3710 sponsi
1847 3656 1936 3710 pa-

362 3743 548 3802 rantur
573 3734 846 3804 amplexus
865 3775 880 3797 ,
912 3749 1006 3804 per
1047 3731 1320 3802 myrrham
1347 3739 1403 3786 et
1429 3739 1631 3800 guttam
1659 3742 1714 3787 et
1737 3733 1934 3786 casiam

363 3835 421 3881 ct
441 3827 630 3890 domos
662 3827 924 3881 eburneas
953 3825 1224 3884 delectant
1252 3839 1395 3889 cum,
1433 3822 1602 3892 cujus
1632 3822 1854 3879 thronus
1885 3824 1935 3878 in

363 3920 612 3978 saxulum
644 3921 822 3976 saeculi
848 3928 952 3974 est.
993 3920 1122 3984 Qua:
1167 3926 1342 3971 autem
1386 3915 1496 3986 jam
1543 3931 1706 3986 super
1733 3924 1936 3985 petram

362 4012 630 4082 Christum
658 4014 831 4071 stabili
862 4014 1042 4070 radice
1072 4012 1289 4068 fundata
1331 4021 1415 4068 est
1453 4011 1726 4068 Catholica
1755 4012 1940 4070 Eccle-

425 4185 497 4249 (a)
531 4185 748 4251 Verbum
767 4200 883 4251 βάρις,
903 4185 1031 4251 quod
1047 4199 1236 4251 tum
1257 4187 1364 4251 sive
1387 4184 1696 4251 vernaculam
1715 4186 1938 4239 Palaesti-

459 4246 570 4297 esse
590 4246 750 4306 docet.
768 4246 885 4311 quid
908 4246 1228 4314 signiﬁcaret,
1250 4246 1331 4298 alii
1354 4255 1496 4314 antea
1522 4248 1820 4314 interpretes
1844 4263 1938 4301 non

363 4310 870 4376 videntueassecnti,
897 4311 1118 4360 scribunt
1151 4312 1282 4359 enim
1322 4311 1423 4376 pari
1463 4323 1634 4362 omnes
1664 4311 1790 4376 vitio
1831 4325 1938 4376 βαρεκ

367 4384 474 4437 cum
499 4385 542 4434 γι
560 4370 702 4437 silon,
725 4368 866 4435 quod'
887 4378 966 4420 est
987 4383 1132 4437 grave
1147 4406 1174 4437 ,_
1194 4368 1419 4437 etpaulo
1443 4377 1549 4434 post
1585 4371 1762 4421 eodem
1788 4368 1939 4423 sensti

368 4431 515 4496 etiani
538 4431 968 4494 plurium'numero
987 4431 1124 4496 ξαριις.
1149 4434 1212 4482 At
1231 4431 1582 4496 Ηίιινοηξβάρις,
1603 4440 1654 4482 et
1679 4448 1796 4496 βάριις
1819 4437 1938 4485 scri-

366 4492 414 4561 lzi
441 4492 558 4552 "Illi
579 4492 691 4561 ἠριι,
715 4505 771 4561 ut
789 4507 933 4561 graec
955 4492 1140 4561 aliquid
1152 4495 1278 4561 ;_sed
1300 4503 1360 4561 ut
1381 4492 1570 4555 magna:
1594 4492 1763 4546 don'nis
1786 4498 1938 4558 signi-

368 4548 590 4614 ﬁcentur.
613 4548 812 4628 Scholia
829 4557 995 4605 Grzrca
1014 4548 1396 4628 apud'Drysiuttt
1421 4548 1538 4628 βάξις
1562 4548 1941 4628 tmesis;

363 4629 462 4679 μαρὰ
483 4629 602 4678 Σῦροις
623 4627 663 4665 αι
679 4629 830 4680 mea“
849 4630 973 4678 eum.
1002 4617 1137 4680 euris
1171 4617 1327 4680 vulgo,
1351 4631 1459 4675 seu,
1473 4617 1738 4680 'jnxta'loci
1758 4617 1941 4671 idioma

365 4677 593 4740 vocantur
616 4691 646 4725 α
669 4677 802 4740 Syris
821 4689 1000 4740 Anniana
1024 4679 1208 4740 domus.
1247 4677 1301 4740 in
1324 4677 1560 4740 singulari
1593 4682 1710 4728 item
1736 4694 1942 4737 numero

365 4729 514 4801 tradit
535 4727 782 4797 Joseplius
802 4738 865 4785 de
886 4727 1026 4801 3:0“0
1049 4737 1132 4801 lib.
1151 4740 1196 4801 lg.
1215 4727 1258 4787 c.
1277 4738 1324 4786 6.
1351 4727 1453 4801 βάές
1476 4727 1765 4801 appellatam
1791 4727 1939 4794 fuisse

365 4798 559 4851 turrim.
584 4809 694 4859 quae
717 4807 886 4859 postea
907 4797 1112 4863 Antonia
1133 4798 1259 4863 dicta
1284 4797 1378 4863 est,
1405 4797 1617 4862 $3914....
1653 4814 1765 4852 πάλαι
1786 4815 1848 4860 μιν
1873 4818 1938 4863 βά.

366 4885 419 4923 οςς
443 4866 728 4918 ὀνομαζόμενονι
759 4861 953 4923 proprie
992 4861 1205 4923 enimnin
1236 4859 1437 4923 modum
1464 4859 1666 4909 turrium
1695 4859 1942 4923 aediﬁcatae

364 4918 537 4978 domus
560 4924 677 4980 βάρὰις
699 4918 1080 4982 appellabantur.
1108 4918 1352 4986 Hebraice
1377 4926 1454 4968 est
1489 4926 1619 4974 ma:
1649 4921 1815 4981 Birah,
1840 4932 1941 4973 tum

368 4993 416 5053 1.
440 4990 649 5052 Paralip.
684 4991 851 5042 XXIX.
879 4993 925 5042 1.
949 4992 1031 5048 ubi
1060 5003 1149 5053 pro
1171 4989 1423 5052 magniﬁco
1446 4990 1672 5053 aedilicio,
1688 4997 1940 5053 sentent-

369 5052 450 5116 plo
466 5051 688 5109 sumitur.
717 5061 816 5103 tum
843 5053 1047 5116 plurium
1062 5051 1268 5103 numero
1291 5057 1465 5107 nam
1488 5053 1533 5099 2.
1559 5051 1769 5113 Paralip.
1791 5051 1938 5108 χνιί.

370 5122 448 5187 12.
473 5125 601 5187 quod
624 5123 829 5187 Vulgata
865 5125 1015 5180 vertit
1037 5123 1200 5181 domos
1218 5125 1290 5187 ad
1313 5120 1847 5187 instar_tarrigm._s_ed_
1863 5135 1944 5187 ve-

371 5137 448 5184 sz.
509 5137 600 5172 non
631 5137 829 5187 vulgata
865 5137 1015 5180 vertit
1037 5137 1200 5181 domos
1225 5137 1289 5185 aa
1313 5137 1466 5172 instar
1488 5137 1713 5172 turrium.
1740 5137 1838 5170 δρα
1863 5137 1940 5170 ve-

371 5137 763 5248 riugilbaldzcum
787 5199 965 5248 nomen
987 5193 1082 5248 est,
1103 5185 1230 5248 quod
1253 5184 1299 5234 2.
1322 5183 1451 5248 Esd.
1467 5184 1510 5234 l.
1536 5184 1581 5232 l.
1608 5181 1800 5248 Daniel.
1819 5183 1867 5248 8.
1892 5183 1940 5232 2.

891 5223 1238 5298 miliiaddiium
1255 5223 1939 5312 ἠδῖιῖξῆίὲηραηηξᾳνᾷηἰιυν.

371 5306 702 5380 Sason-tiret:
727 5306 854 5371 quod
887 5315 980 5380 est_
999 5317 1151 5380 susan
1172 5319 1301 5380 arx.
1327 5307 1621 5380 velﬂegia:
1635 5306 1744 5378 Vid.
1771 5306 1944 5372 latero-

371 5372 637 5434 nynunnjn
662 5368 808 5431 Anius
829 5383 932 5433 cap.
965 5371 1008 5420 1.
1035 5371 1112 5420 12.
1137 5376 1189 5417 et
1212 5382 1314 5434 cap.
1339 5368 1576 5434 ultimoin
1603 5368 1788 5434 Isaiam.

375 5427 507 5542 {(b)
543 5429 783 5542 V'ictqriu's
813 5427 1011 5500 σὺτὲοιτιν,
1051 5427 1458 5494 quemadt'nodum
1480 5431 1596 5495 olim
1616 5433 1762 5483 etiam
1794 5427 1946 5494 Agelo

395 5505 468 5542 ius
509 5506 657 5542 egera
685 5530 700 5542 .

395 5501 468 5542 ius
489 5501 700 5545 legerat.

443 5552 504 5620 (η
543 5552 695 5620 Haud
723 5554 865 5620 aliter
887 5553 1132 5620 Origenes
1150 5554 1235 5620 qui
1272 5552 1440 5620 Ilech
1463 5566 1567 5620 eos
1592 5566 1704 5603 esse
1743 5553 1946 5620 esponit

372 5613 564 5680 saucios
582 5617 858 5680 discipulos,
880 5613 1196 5680 quiregnun':
1217 5613 1447 5666 calorum
1468 5616 1802 5680 obtinuerunt,
1812 5613 1948 5680 tilias

375 5689 493 5747 vero
515 5675 716 5747 ltcsum'
736 5692 804 5739 τίς
825 5675 1027 5730 Nam
1049 5675 1261 5747 eum
1275 5689 1355 5727 κατ’
1375 5689 1506 5740 ἀρετὴν
1531 5689 1643 5740 ψιλὰς
1661 5676 1844 5747 avena:
1887 5675 1947 5724 ab

374 5736 474 5790 illis
493 5736 764 5804 adeirtutss
785 5736 1004 5792 normam
1023 5736 1312 5804 eﬂ‘orntatas,
1336 5736 1420 5804 seu
1441 5736 1946 5804 generataslleginam

378 5813 521 5867 porro
560 5803 712 5867 ipsam
755 5805 805 5853 in
849 5805 1029 5867 vestitu
1050 5795 1306 5852 "deaurato
1349 5796 1614 5850 Ecclesiam
1653 5795 1946 5852 Catholicam

378 5861 686 5914 Adamatitius
706 5879 904 5929 quoque
925 5865 1302 5929 interpretatur.

1726 416 2056 474 EPISTOLA
2097 417 2258 476 LXV.

3521 427 3631 486 θδι

2049 533 2150 596 sia,
2179 548 2280 588 una
2303 533 2572 600 columba,
2597 535 2830 605 perlecta
2855 547 2910 593 et
2939 539 3178 608 proxima
3203 547 3306 597 stat
3336 555 3368 597 a
3395 541 3622 611 dextris,

2047 639 2102 684 et
2131 627 2259 684 nihil
2291 629 2343 682 in
2373 643 2433 685 se
2457 629 2734 684 sinistrum
2765 629 2947 686 habet.
2976 633 3094 689 Stat
3120 633 3173 689 in
3205 635 3439 691 vestibus
3462 636 3627 692 deau-

2046 719 2196 785 ratis,
2221 718 2288 775 de
2316 720 2651 776 sermonibus
2677 721 3070 790 Scripturarnm
3104 725 3169 779 ad
3200 741 3413 781 sensum
3446 735 3623 782 trans-

2047 812 2183 878 iens,
2229 823 2284 869 et
2323 816 2528 870 cunctis
2554 814 2708 884 plena
2738 815 3052 870 virtutibus:
3081 817 3194 872 sive
3228 828 3286 872 ut
3313 834 3408 873 nos
3441 829 3622 874 trans-

2047 903 2280 971 tulimus,
2312 905 2364 959 in
2380 906 2662 960 diademate
2686 921 2864 963 aureo.
2890 907 2984 960 Est
3004 907 3144 960 enim
3171 909 3371 978 regina,
3398 920 3620 982 regnat-

2046 1009 2150 1064 que
2173 1010 2293 1048 cum
2317 1011 2442 1065 rege
2465 1012 2485 1052 :
2510 997 2662 1066 cujus
2683 997 2818 1051 tilias
2841 1011 3124 1066 possumus
3152 997 3468 1070 intelligere,
3496 1001 3624 1056 etin

2045 1100 2328 1141 commune
2366 1087 2696 1142 credentium
2736 1089 2977 1152 animas,
3009 1095 3064 1144 et
3107 1090 3318 1158 proprie
3359 1091 3626 1161 virginum

2045 1177 2259 1230 choros.
2293 1175 2460 1246 Ophir
2483 1193 2648 1248 genus
2681 1179 2796 1234 auri
2825 1189 2941 1245 est,
2971 1179 3054 1233 vel
3105 1194 3134 1232 a
3170 1181 3286 1234 loco
3315 1179 3508 1246 Indiae,
3540 1184 3626 1238 vel

2044 1283 2072 1321 a
2104 1267 2285 1323 colore
2311 1269 2527 1324 nomine
2554 1269 2741 1324 indito.
2778 1270 2850 1342 (c)
2876 1270 3090 1340 Septem
3126 1273 3322 1342 quippe
3349 1271 3487 1340 apud
3523 1272 3627 1326 lle-

2044 1359 2218 1414 bravos
2248 1359 2363 1414 auri
2398 1361 2654 1415 vocabula
2677 1370 2820 1415 sunt.
2849 1361 3084 1420 Uxorem
3114 1377 3326 1432 quoque
3353 1371 3406 1416 et
3431 1377 3628 1416 concu-

2044 1450 2220 1505 binam
2253 1451 2609 1521 intelligamus
2636 1452 2701 1508 de
2724 1454 2933 1509 cantico
2960 1452 3262 1509 Salomonis
3282 1496 3296 1521 ,
3316 1453 3476 1525 387
3507 1468 3626 1527 qua:

2042 1542 2159 1596 sine
2199 1555 2397 1611 sponso
2422 1556 2520 1596 suo
2543 1544 2630 1598 vel
2657 1545 2847 1598 marito
2875 1543 3108 1600 dormire
3157 1559 3262 1600 non
3294 1555 3490 1615 potest.

2116 1631 2204 1686 l6.
2243 1650 2261 1682 ι
2293 1632 2450 1698 Audi,
2474 1631 2670 1698 lilia,et
2697 1634 2840 1702 vide,
2877 1646 2931 1689 ct
2957 1635 3148 1689 inclina
3173 1651 3358 1690 aurem
3380 1647 3544 1701 tuam,
3568 1643 3628 1692 et

2043 1722 2360 1777 obliviscere
2387 1724 2640 1793 populum
2669 1733 2816 1778 tmun
2863 1734 2916 1779 et
2963 1724 3179 1780 domum
3209 1727 3374 1795 patris
3417 1727 3529 1793 tui,
3571 1737 3626 1782 et

2043 1814 2387 1882 concupiscet
2428 1830 2522 1868 rex
2565 1814 2815 1870 decorem
2859 1823 3045 1870 tuum:
3091 1817 3344 1885 quoniam
3387 1817 3500 1886 ipse
3543 1827 3626 1874 cst

2045 1901 2298 1957 Dominus
2319 1905 2454 1959 Deus
2486 1915 2627 1972 tuus,
2645 1915 2699 1960 et
2721 1906 3016 1960 adorabunt
3036 1922 3157 1962 eum
3195 1925 3218 1961 ι
3251 1906 3308 1962 1n
3338 1908 3628 1967 llebraico:

2047 1993 2236 2059 «Audi,
2263 1994 2460 2061 lilia,et
2487 1995 2689 2062 vidc,et
2707 1996 2897 2050 inclina
2933 2012 3116 2051 aurem
3141 2009 3306 2064 tuam,
3331 2007 3383 2052 et
3403 1998 3622 2053 oblivis-

2041 2095 2168 2136 cere
2199 2083 2378 2152 populi
2407 2083 2502 2150 tul,
2534 2093 2589 2139 et
2616 2085 2808 2138 domus
2837 2086 3009 2155 patris
3038 2085 3112 2140 tui
3139 2126 3154 2152 ,
3201 2095 3254 2141 ct
3284 2089 3624 2157 concupiscet

2043 2186 2136 2224 rex
2166 2171 2416 2226 decorem
2447 2181 2592 2227 tuum
2621 2190 2636 2238 ;
2668 2175 2790 2244 quia
2823 2175 2936 2243 ipse
2974 2184 3057 2230 est
3090 2175 3344 2232 Dominus
3384 2185 3505 2232 tuus
3525 2219 3538 2243 .
3568 2187 3624 2235 et

2043 2263 2207 2316 adora
2229 2279 2373 2318 eum.
2401 2283 2420 2317 ι
2452 2264 2736 2335 llucusque
2758 2281 2852 2336 per
2874 2266 3150 2338 Propheta:
3173 2266 3426 2338 linguam,
3461 2283 3621 2338 quam

2041 2352 2248 2406 calamo
2273 2353 2524 2408 scribenti
2555 2355 2808 2410 velociter
2831 2337 3102 2425 comparat
3126 2397 3141 2422 ,
3181 2337 3413 2432 loquitur
3442 2337 3614 2428 Spiri-

2043 2453 2127 2500 tus
2156 2444 2402 2512 Sanctus,
2431 2446 2602 2514 ipsum
2630 2461 2833 2517 regem,
2864 2458 2917 2502 et
2946 2447 3260 2504 bellatorem
3284 2490 3302 2516 ,
3343 2460 3396 2503 et
3429 2450 3618 2514 Deum,

2041 2549 2403 2605 sponsumque
2429 2536 2780 2606 compellans.
2814 2537 2947 2591 lline
2991 2553 3221 2607 persona
3247 2538 3421 2593 Patris
3461 2539 3619 2594 indu-

2041 2627 2179 2692 citur
2201 2626 2468 2696 loquentis
2510 2627 2575 2684 ad
2601 2643 2852 2698 sponsam
2892 2628 3014 2682 Filii
3043 2630 3163 2696 sui,
3212 2630 3620 2685 etcohortantis

2039 2733 2180 2784 eam,
2209 2729 2265 2773 ut
2295 2720 2492 2776 veteris
2517 2721 2828 2790 gentilitatis
2857 2731 2910 2778 et
2933 2721 3246 2777 idololatria:
3268 2737 3456 2779 errore
3484 2739 3620 2778 con-

2042 2820 2264 2882 tempto,
2291 2812 2518 2881 primum
2547 2813 2630 2874 his
2656 2830 2772 2883 qua:
2797 2813 3043 2870 dicantur
3081 2814 3358 2882 atlcndat;
3387 2824 3439 2870 et
3498 2830 3621 2885 pro-

2041 2913 2161 2974 pter
2177 2905 2319 2974 quod
2343 2906 2410 2961 de
2426 2906 2722 2978 alienigena
2749 2907 2853 2970 lilia
2883 2909 3191 2968 nominetur
3205 2927 3220 2976 ;
3234 2909 3428 2964 deinde
3444 2909 3622 2964 videat

2041 2998 2128 3053 vel
2161 2999 2270 3068 ipsa
2300 3014 2418 3068 qua:
2449 2999 2738 3070 dicuntur,
2768 3002 2850 3056 vel
2883 3004 3186 3065 universam
3232 3001 3618 3075 conditionem,

2039 3103 2105 3153 ex
2131 3087 2429 3152 visibilihus
2457 3089 2771 3161 intelligens
2802 3091 3118 3158 invisibilia,
3168 3100 3222 3147 et
3266 3107 3330 3146 ex
3363 3089 3621 3147 creaturis

2039 3180 2275 3235 sentiens
2317 3179 2666 3249 Creatorem,
2727 3191 2782 3240 et
2826 3183 3114 3254 diligenter
3170 3184 3392 3240 inclinet
3435 3197 3620 3243 aurem

2039 3285 2214 3338 suam,
2249 3281 2305 3326 ut
2327 3288 2443 3341 qua:
2464 3273 2749 3341 dicuntur,
2780 3277 3095 3336 memoriter
3134 3285 3332 3332 teneat.
3381 3272 3622 3344 Cumque

2039 3362 2287 3431 audierit,
2317 3363 2512 3419 viderit
2540 3373 2595 3420 et
2626 3365 2962 3432 inclinaret-it
2993 3382 3175 3421 aurem
3206 3381 3357 3422 suam
3381 3405 3394 3428 ,
3429 3374 3622 3424 totam+

2039 3468 2142 3534 que
2163 3470 2220 3509 se
2240 3453 2496 3510 doctrina:
2519 3456 2816 3522 tradiderit,
2839 3469 2892 3512 et
2913 3473 3095 3514 eorum
3120 3457 3481 3527 intelligentia:
3502 3471 3621 3525 qua:

2041 3546 2330 3613 dicuntur,
2381 3547 2730 3604 obliviscatur
2777 3551 3003 3620 primum
3051 3551 3301 3621 papulum
3340 3565 3534 3604 suum:
3568 3558 3624 3611 et

2039 3651 2160 3691 cum
2183 3637 2449 3692 Abraham
2470 3637 2538 3694 de
2558 3639 2787 3695 Chaldea
2809 3641 3110 3712 egrediens,
3135 3641 3402 3710 relinquat
3423 3649 3620 3699 terram

2041 3728 2330 3781 nativitatis
2357 3736 2412 3782 et
2460 3730 2793 3798 cognationis
2819 3746 2950 3785 sum.
2984 3730 3152 3788 Nemo
3181 3730 3386 3783 dubitat
3416 3735 3620 3797 patrem

2044 3829 2306 3885 nostrum,
2334 3829 2618 3890 antequam
2650 3821 3030 3894 adoptaremur
3058 3837 3086 3874 a
3118 3822 3227 3880 Deo
3247 3861 3262 3884 ,
3312 3819 3476 3878 fuisse
3502 3818 3620 3873 diae

2043 3909 2223 3965 bolum
2248 3952 2262 3975 ,
2287 3909 2429 3969 unde
2475 3911 2726 3966 Salvator
2770 3911 2882 3965 ait:
2917 3929 2937 3963 ι
2969 3911 3076 3966 Vos
3108 3926 3178 3966 ex
3215 3919 3362 3981 patre
3405 3908 3625 3968 diabolo

2044 4003 2128 4074 (ά)
2157 4004 2264 4057 uati
2293 4003 2422 4057 estis
2449 4002 2637 4073 (Joan.
2668 4003 2721 4058 8.
2749 4001 2874 4074 Η).
2915 4001 3048 4062 Cum
3081 4017 3229 4072 ergo,
3273 4001 3367 4065 ait,
3411 4000 3615 4068 antiqui

2044 4095 2211 4165 patris
2237 4094 2400 4152 literis
2426 4095 2610 4160 oblita,
2640 4105 2692 4150 ct
2720 4095 2876 4149 talem
2919 4104 2969 4150 tc
2999 4093 3301 4148 cxhibueris
3321 4134 3336 4158 ,
3367 4091 3626 4162 depositis

2043 4185 2283 4255 pristinis
2309 4185 2558 4249 sordibus
2579 4227 2594 4253 ,
2628 4196 2684 4240 ut
2711 4199 2872 4255 super
2899 4184 3202 4240 fratruelcm
3229 4183 3469 4248 doalbata
3496 4197 3627 4242 con;-

2044 4278 2302 4346 scendas,
2335 4288 2389 4335 et
2416 4287 2590 4350 quam‘
2619 4280 2787 4350 possit
2827 4279 3046 4351 diligere
3087 4277 3253 4343 Filius
3284 4292 3461 4340 meus,
3496 4281 3623 4336 tunc

2043 4374 2384 4446 concupiscet
2406 4391 2497 4440 rex
2523 4374 2769 4430 decorem
2793 4383 2958 4429 tuum.
2986 4373 3049 4436 Et
3069 4389 3135 4427 ne
3153 4382 3302 4442 putes
3320 4385 3480 4424 unum
3504 4382 3626 4430 esse

2045 4469 2112 4525 de
2143 4468 2318 4536 turba,
2352 4483 2382 4522 a
2409 4483 2515 4538 quo
2541 4467 2767 4522 ainanda
2793 4482 2872 4532 es,
2905 4468 3014 4535 ipse
3042 4473 3126 4526 est
3155 4463 3263 4517 Res
3293 4472 3412 4516 tuus
3436 4469 3488 4513 ct
3516 4458 3624 4515 Do:

2046 4561 2223 4618 minus
2254 4570 2398 4616 tuus.
2429 4560 2563 4625 Quia
2593 4573 2721 4617 vero
2751 4558 3020 4626 interdum
3049 4556 3138 4624 qui
3167 4569 3316 4622 reges
3343 4562 3394 4606 ct
3422 4550 3624 4614 domini

2045 4663 2200 4719 sunt,
2230 4662 2354 4709 sunt
2391 4652 2605 4724 quidem
2639 4657 2899 4720 potestate
2927 4662 3080 4718 reges
3105 4657 3158 4701 et
3183 4644 3404 4707 domini,
3439 4651 3614 4706 tamen

2047 4745 2286 4816 ejusdem
2318 4753 2546 4808 naturae,
2571 4743 2724 4810 cujus
2750 4748 2876 4801 sunt
2904 4739 2976 4798 illi
2999 4779 3013 4802 ,
3045 4739 3096 4800 in
3123 4752 3258 4809 quos
3284 4736 3624 4804 dominantur

2046 4847 2099 4892 et
2118 4845 2376 4905 regnant;
2406 4832 2585 4896 indico
2604 4831 2696 4886 tibi
2715 4831 2856 4901 quod
2873 4840 2926 4886 et
2944 4831 3082 4886 Deus
3096 4839 3214 4884 tuus
3237 4829 3325 4894 sit,
3346 4839 3396 4882 et
3421 4827 3619 4888 debeas

2048 4928 2275 4982 adorare
2302 4942 2448 4982 eum.
2476 4925 2820 4996 Septuaginta
2872 4925 3036 4997 388
3061 4925 3386 4994 lntcrpretes
3413 4939 3518 4977 non
3541 4921 3628 4976 di-

2047 5025 2319 5079 xerunt,et
2343 5015 2579 5075 adorabis
2605 5033 2740 5081 eum,
2761 5016 2853 5071 sed
2881 5007 3162 5070 adorabunt
3180 5015 3386 5082 cum,!ut
3409 5015 3472 5067 sit
3497 5029 3622 5068 scu-

2047 5122 2178 5163 sus:
2207 5105 2312 5162 Istc
2337 5109 2426 5178 qui
2456 5118 2506 5162 te
2531 5117 2807 5164 amaturus
2835 5117 2947 5178 est,
2991 5109 3080 5179 qui
3113 5118 3251 5162 tuam
3282 5106 3633 5176 pulchritudi7

2051 5216 2170 5254 nem
2196 5199 2507 5265 dileclurus,
2539 5200 2678 5254 Deus
2710 5197 2824 5264 cst,
2857 5210 2909 5254 et
2935 5199 3236 5253 adorandus
3263 5198 3329 5250 ab
3354 5196 3628 5250 omnibus.

2050 5291 2201 5373 Quod
2226 5290 2296 5348 de
2322 5290 2559 5347 Ecclesia
2577 5306 2640 5346 es
2660 5290 2904 5362 gentibus
2924 5297 3240 5364 congregata
3259 5286 3626 5358 exposuimus,

2112 5424 2186 5488 (c)
2218 5424 2419 5490 Singula
2443 5424 3001 5490 ex‘Drusloenumerat
3023 5421 3531 5490 lder_tiana:us,_qucm
3559 5415 3636 5490 vi:-

2048 5476 2199 5598 (ἱειξίἑὶ
2226 5476 2398 5550 Ιυιὶἐι,
2422 5487 2482 5536 ad
2517 5485 2630 5536 libri
2663 5485 2847 5544 calcem
2870 5476 2890 5533 ε’
2909 5476 2998 5534 nos
3019 5483 3134 5532 alibi
3171 5476 3444 5532 accuratius
3477 5476 3636 5538 expli-

2049 5562 2284 5598 caimus.

2049 5551 2284 5599 cabimus.

2113 5597 2201 5672 (di)
2225 5610 2415 5660 Praeter
2442 5608 2558 5672 Mss.
2587 5610 2903 5672 priorumque
2929 5605 3199 5672 editionum.
3229 5600 3373 5672 {idem
3391 5636 3404 5654 ,
3431 5597 3484 5646 S.
3510 5610 3638 5672 quo:

2113 5623 2191 5672 (α)
2225 5623 2415 5660 Γνωιετ
2444 5623 2558 5659 ωδε.
2587 5623 2804 5672 priorum
2839 5623 2903 5660 ue
2929 5623 3199 5672 eutuonurrr
3230 5623 3373 5672 quem
3391 5636 3404 5654 ,
3433 5623 3484 5646 ο.
3510 5623 3635 5660 quu-

2085 5686 2149 5722 ue
2167 5673 2431 5734 Cyprianus
2452 5671 2680 5720 Tractatu
2717 5671 2781 5719 de
2805 5623 3038 5734 aratione
3062 5665 3315 5734 Qotmmca
3349 5659 3472 5734 hanc
3488 5733 3491 5734 ν
3504 5658 3635 5734 apud

2080 5723 2191 5783 nan:
2205 5723 2472 5784 lectionem
2494 5735 2686 5792 asserit,
2701 5743 2846 5793 quam
2870 5727 3070 5793 proinde
3093 5723 3338 5773 Victorius
3354 5723 3610 5793 immutare
3625 5756 3640 5779 ,

2053 5781 2434 5845 etﬁvoeemvnati
2472 5793 2532 5843 ad
2556 5781 2768 5856 Vulgaie
2794 5781 3050 5850 exemplar
3089 5794 3378 5848 expungere
3414 5795 3510 5834 non
3543 5781 3632 5858 de;

2055 5858 2220 5917 bebat.
