4146 6336
507 463 865 535 unusquisque
877 456 944 512 ad
960 454 1195 524 seipsum
1216 448 1437 513 referat,
1455 445 1793 515 animamque
1812 439 2081 535 credentis

509 532 678 629 (ιιιοᾶ
689 550 957 624 prioribus
982 546 1129 602 vitiis
1156 541 1458 606 derelictis,
1486 538 1769 629 adoptetur
1796 535 1849 589 in
1877 532 2040 605 ﬁliam
2066 546 2082 595 ;

507 628 728 704 inclinet
753 655 937 697 aurem
961 653 1114 694 suam
1137 677 1152 702 ,
1198 632 1547 690 obliviscatur
1573 628 1769 683 veteris
1794 637 2084 688 conversa-

508 736 670 794 tionis
692 751 707 788 :
740 742 928 789 etcum
952 729 1032 798 (α)
1055 726 1313 797 Apostolo
1330 722 1561 778 dimittat
1576 725 1839 772 mortuum
1855 724 2083 790 patrem,

509 839 565 886 et
590 828 747 890 talem
773 839 833 880 se
858 822 1111 894 prtebeat,
1139 818 1228 889 qui
1252 823 1505 873 ametura
1532 826 1677 881 rege.
1701 808 1820 879 Ipse
1841 816 1923 863 est
1942 805 2086 861 enim

510 911 771 977 Dominus
809 914 924 983 ejus
944 954 961 980 ,
996 911 1087 981 qui
1115 900 1331 968 ﬁectere
1360 904 1553 961 debeat
1581 920 1740 975 genu,
1766 911 1822 958 et
1848 900 2089 972 deposita

512 1006 779 1079 superbia,
805 1004 990 1075 jugnm
1018 997 1337 1055 humilitatis,
1357 1008 1651 1051 assumere.

585 1099 676 1152 17.
721 1094 1119 1163 Interrogemns
1161 1088 1407 1152 Jujzeos,
1452 1101 1570 1158 qua:
1610 1085 1679 1141 sit
1708 1083 1805 1139 ista
1833 1082 1976 1151 ﬁlia,
2023 1079 2092 1135 ad

514 1204 673 1261 quam
693 1185 927 1259 loquitur
947 1184 1103 1237 Deus.
1126 1179 1241 1235 Non
1271 1178 1454 1233 dubito
1475 1177 1602 1263 quin
1635 1174 1966 1246 Synagogam
2002 1188 2093 1227 re-

516 1278 834 1352 spondeant.
864 1275 931 1330 Et
959 1271 1225 1344 quomodo
1250 1270 1446 1329 dicitur
1473 1270 1766 1340 Synagoga:
1803 1275 1857 1321 et
1882 1263 2095 1326 lsraeli-

518 1373 630 1427 tico
664 1368 895 1440 populo:
948 1383 966 1417 ι
1000 1364 1214 1418 Dimitte
1258 1362 1513 1431 populum
1553 1367 1738 1423 tuum,
1784 1366 1838 1411 et
1876 1355 2094 1410 domum

519 1461 686 1531 patris
715 1459 789 1513 tui
819 1456 881 1510 s?
911 1453 1157 1525 Nunquid
1191 1452 1523 1522 derelinqnet
1550 1456 1762 1521 gentem
1794 1446 2096 1511 llebra‘am,

519 1560 578 1610 et
615 1548 880 1605 Abraham
909 1546 1189 1615 antiquum
1219 1541 1464 1612 patrem?
1500 1541 1555 1598 Si
1584 1538 1817 1594 dixerint
1845 1535 1911 1590 de
1936 1549 2095 1588 voca-

520 1641 665 1699 tione
688 1635 976 1708 signiﬁcari
1004 1633 1298 1699 Abraham,
1313 1631 1399 1703 qui
1424 1629 1533 1703 [aL
1553 1625 1992 1702 qualChaldteos
2016 1637 2100 1678 re-

518 1729 755 1801 liquerit,
786 1728 907 1798 quis
935 1733 1018 1782 est
1040 1724 1138 1781 iSIe
1169 1739 1281 1785 rex,
1313 1722 1404 1792 qui
1434 1729 1707 1779 amaturus
1744 1727 1826 1773 est
1851 1716 2098 1772 decorem

519 1818 830 1877 Abraham?
855 1815 1013 1871 Certe
1043 1814 1179 1870 alius
1204 1823 1287 1869 est
1313 1810 1404 1882 qui
1429 1810 1663 1881 loquitur
1687 1826 1707 1871 :,
1733 1808 1867 1864 Audi
1893 1808 2022 1877 lilia,
2049 1815 2103 1862 et

518 1910 659 1969 alius
687 1909 754 1964 de
782 1922 888 1977 quo
918 1904 1153 1975 loquitur
1176 1921 1189 1956 :
1218 1901 1544 1971 Concupiscet
1571 1916 1661 1955 rex
1681 1907 1911 1979 decorent
1938 1908 2098 1963 tuum.

522 2002 626 2069 Qui
649 2000 805 2064 alios,
829 2012 935 2051 non
956 1995 1131 2056 solum
1156 2009 1271 2060 rex,
1297 1991 1392 2048 sed
1415 2000 1469 2047 et
1493 1990 1747 2055 Dominus
1766 1998 1825 2047 et
1844 1989 1981 2045 Deus
2001 1995 2107 2055 est,

526 2092 625 2169 qui
649 2088 955 2153 adorandus
977 2094 1080 2145 est.

597 2180 685 2236 i8.
720 2197 741 2231 ι
769 2179 903 2241 Filia
928 2175 1075 2251 Tyri,
1105 2175 1156 2229 in
1184 2172 1497 2229 muneribus
1521 2171 1720 2231 vultum
1748 2179 1892 2225 tuum
1920 2169 2109 2240 depre-

420 2294 429 2297 ·
523 2272 791 2329 cabuntur
803 2268 995 2324 divites
1008 2266 1195 2337 plebis.
1210 2283 1228 2317 ι
1245 2263 1305 2327 In
1332 2263 1555 2319 flebrmo
1568 2269 1651 2317 est
1673 2280 1718 2314 ει
1740 2261 1782 2316 0
1806 2259 1909 2316 ﬁlia
1927 2259 2110 2315 fortis-

527 2362 678 2429 simi,
697 2362 750 2416 in
768 2359 1078 2416 muneribus
1093 2356 1284 2414 faciem
1308 2365 1452 2411 tuam
1471 2354 1898 2426 deprecabuntur
1917 2351 2111 2407 divites

530 2452 729 2523 populi.
762 2471 782 2505 ι
812 2450 1043 2505 Verbum
1075 2448 1392 2511 [iebraicum
1423 2460 1546 2513 son,
1574 2444 1714 2515 quod
1746 2445 1799 2500 in
1827 2442 2112 2499 Ezechiele

525 2543 675 2615 juxta
711 2540 1053 2616 Septuaginta
1097 2540 1363 2610 legimus,
1424 2537 1764 2607 interpretari
1832 2544 2008 2605 potest
2060 2541 2116 2588 et

534 2634 697 2710 Tyrus
720 2676 741 2701 ι
763 2643 816 2688 et
861 2632 1136 2697 tribulatio,
1158 2641 1213 2687 et
1264 2632 1566 2705 fortissimus
1589 2670 1611 2697 ι
1634 2630 1753 2684 sive
1799 2628 2075 2699 fortissima
2094 2666 2111 2692 .

533 2735 580 2780 et
628 2724 781 2795 Silva:
802 2764 823 2791 ι
847 2722 899 2778 id
951 2732 1054 2790 est,
1087 2722 1218 2793 lapis
1255 2721 1575 2775 durissimus.
1603 2718 1755 2775 Unde
1786 2719 1838 2773 itt
1867 2718 2113 2788 prz'cscnti

532 2817 655 2872 loco
680 2830 832 2871 error
858 2825 1008 2871 ortus
1033 2823 1117 2870 est
1138 2813 1250 2888 (b):
1282 2814 1468 2885 Aquila
1492 2814 1657 2879 enim,
1675 2821 1730 2867 et
1748 2811 2111 2883 Septuaginta,

532 2917 589 2964 et
615 2907 975 2971 Theodotion,
1008 2915 1063 2964 et
1088 2906 1285 2976 Quinta
1308 2904 1486 2960 Editio
1504 2945 1521 2971 ,
1547 2902 1741 2975 Tyrum
1781 2902 2113 2972 interpretati

532 3011 675 3061 sunt.
704 3003 864 3058 Sexta
895 3002 1113 3063 verbum
1147 2999 1462 3055 llcbraicum
1496 2997 1669 3067 posuit
1695 2996 1796 3051 Sor
1822 3013 1836 3050 :
1862 2996 2113 3066 Symma-

532 3095 668 3149 chus
683 3101 913 3166 κραταιὰν
929 3093 981 3148 id
1000 3102 1102 3159 est,
1123 3089 1470 3164 (artissimam.
1492 3087 1596 3142 Nos
1615 3087 1841 3156 idipsum
1860 3086 1925 3140 ad
1947 3086 2113 3141 Deum

535 3175 838 3250 retulimus,
882 3193 943 3239 ut
982 3185 1107 3250 illa,
1149 3182 1237 3237 cui
1273 3196 1439 3251 supra
1463 3181 1711 3234 dixerat:
1746 3176 1881 3232 Audi
1905 3176 2045 3245 ﬁlia,
2069 3186 2119 3233 et

536 3275 670 3341 uide,
698 3276 801 3329 lilia
822 3269 1086 3344 fortissimi
1111 3272 1575 3341 nuncupetur.Aut
1595 3277 1740 3325 certe
1764 3270 1874 3339 ipsa
1898 3269 2120 3340 fortissi-

538 3381 623 3418 ma
652 3366 742 3431 sit,
767 3365 890 3438 quia
922 3364 1124 3419 imitata
1153 3372 1235 3419 est
1259 3362 1452 3418 fortem
1480 3362 1715 3426 Patrem,
1745 3362 1897 3431 cujus
1912 3361 2116 3416 vultum

539 3455 595 3510 in
624 3455 851 3511 diversis
876 3454 1187 3510 muneribus
1206 3453 1637 3526 deprecabuntur
1682 3452 1874 3512 divites
1923 3451 2115 3523 plebis.

539 3545 744 3603 Divites
763 3547 814 3602 in
884 3548 1049 3619 389
1124 3548 1332 3602 cunctis
1352 3545 1603 3617 operibus
1619 3545 1774 3606 bonis
1795 3553 1849 3600 et
1872 3544 2116 3612 scientia;

537 3638 654 3694 sive
699 3639 788 3710 qui
830 3638 1021 3695 divites
1070 3651 1323 3711 putantur
1360 3640 1415 3694 in
1456 3640 1557 3695 hoc
1585 3638 1821 3704 smculo,
1850 3638 2119 3708 sapientes

539 3728 696 3800 hujus
722 3730 944 3799 mundi,
980 3739 1035 3788 et
1063 3731 1507 3803 Philosophorum
1538 3731 1838 3802 disciplinis
1882 3730 2116 3796 eruditi;

538 3823 623 3879 vel
648 3823 790 3896 quod
815 3825 1009 3880 melius
1034 3833 1137 3892 est,
1162 3826 1252 3896 qui
1275 3834 1430 3887 antea
1453 3824 1645 3880 divites
1668 3823 1899 3889 fuerant,
1919 3822 2121 3879 haben—

544 3922 629 3968 tes
655 3915 867 3985 eloqnia
898 3915 1014 3979 Dei,
1041 3924 1096 3971 et
1124 3915 1482 3981 Testamenta,
1514 3924 1568 3970 et
1595 3913 1910 3984 Prophetas,
1942 3912 1993 3967 id
2015 3920 2118 3977 est,

544 4004 612 4059 de
644 4006 840 4074 populo
868 4005 1052 4062 Israel.
1087 4005 1157 4063 Ut
1177 4007 1319 4062 enim
1348 4016 1472 4062 ante
1498 4005 1794 4061 Salvatoris
1812 4004 2119 4068 adventum,

540 4093 595 4148 hi
624 4095 712 4165 qui
739 4094 807 4151 de
834 4094 976 4168 Tyro
1002 4105 1179 4163 erant,
1213 4096 1317 4153 hoc
1343 4105 1425 4150 est
1450 4095 1519 4153 de
1549 4096 1749 4167 populo
1774 4095 2035 4173 gentium,
2067 4103 2123 4151 et

542 4183 803 4256 proseiyti
831 4200 952 4241 esse
976 4187 1278 4257 cupiebant,
1310 4186 1735 4257 deprecabantur
1767 4186 1982 4245 divitem
2020 4200 2120 4255 po-

546 4276 729 4344 pulum
763 4274 959 4355 lsrael,
992 4288 1048 4332 et
1085 4294 1181 4347 per
1215 4291 1311 4333 eos
1356 4275 1829 4335 introducebantur
1876 4278 1929 4332 in
1960 4277 2117 4332 Tem-

544 4365 727 4435 plum;
768 4367 846 4423 sic
887 4376 1007 4440 post
1045 4366 1336 4422 adventum
1403 4367 1650 4434 Domini,
1689 4367 2010 4440 quicumque
2054 4381 2125 4426 ex

540 4454 710 4512 Israel
740 4456 963 4513 credere
993 4457 1260 4512 voluerint
1297 4456 1529 4530 (divites
1553 4457 1818 4528 quondam
1846 4457 2123 4517 familiari-

549 4558 678 4615 tate,
727 4556 782 4603 et
823 4550 1157 4618 protectione
1195 4548 1326 4621 Dei)
1358 4549 1574 4604 venient
1600 4548 1669 4604 ad
1695 4548 1853 4602 ﬁliam
1878 4548 2038 4621 Tyri,
2071 4557 2126 4602 et

550 4638 841 4694 offerentes
888 4643 1033 4697 varia
1076 4641 1215 4697 dona
1258 4642 1513 4697 virtutum
1574 4649 1629 4696 et
1672 4639 2022 4699 confessionis
2069 4640 2121 4695 in

548 4728 843 4792 Christum,
878 4730 1307 4800 deprecabuntur
1325 4742 1466 4799 eam,
1494 4742 1552 4789 ut
1573 4732 1796 4788 salutem
1817 4746 1974 4802 quam
2005 4746 2128 4802 per-

551 4818 802 4872 diderunt
827 4819 880 4872 in
910 4819 1117 4888 Iudaea,
1148 4823 1423 4878 inveniant
1448 4824 1500 4878 in
1524 4823 1789 4892 gentibus.

620 4908 705 4962 19.
754 4927 772 4958 ι
800 4908 985 4965 Omnis
1003 4913 1169 4981 gloria
1197 4915 1314 4984 ejus
1337 4912 1460 4969 ﬁlim
1479 4916 1619 4986 regis
1640 4915 1706 4970 ab
1727 4916 1893 4983 intus,
1924 4915 1976 4970 in
2004 4914 2124 4973 ﬁm-

547 4997 680 5053 briis
702 4999 879 5053 aureis
896 5001 1294 5059 circumamieta
1317 5005 1679 5061 varietatibus.
1721 5024 1741 5057 ι
1766 5008 1823 5061 In
1863 5007 2122 5062 llebrreo:

554 5107 576 5143 ι
608 5087 793 5145 Omnis
820 5091 987 5161 gloria
1017 5093 1141 5149 ﬁlia:
1182 5103 1322 5166 regis
1362 5096 1708 5163 intrinsecus,
1742 5098 1921 5152 fasciis
1948 5080 2129 5163 aureis

551 5200 688 5293 (α)
721 5219 901 5293 Sentit,
928 5229 982 5271 ut
1008 5224 1160 5293 nobis
1194 5224 1808 5293 videtur,_Hjeronymus,
1838 5228 2126 5293 discipulum

528 5282 706 5349 illum,
733 5286 808 5333 cui
831 5284 1023 5334 dixerat
1057 5284 1207 5349 {esus
1227 5282 1468 5336 Matthﬁs.
1493 5287 1571 5337 22.
1595 5282 1891 5349 sequere'me
1911 5323 1927 5349 ,
1961 5282 2007 5340 'et
2047 5290 2127 5342 di-

549 5345 687 5414 mitte
726 5352 936 5414 mortuos
957 5345 1161 5414 sepeiire
1194 5354 1403 5414 mortuos
1426 5363 1553 5410 suos,
1584 5345 1735 5398 unum
1760 5364 1824 5399 ex
1846 5345 1922 5401 iis'
1938 5351 2090 5402 fuisse
2110 5389 2124 5414 ,

549 5405 843 5471 quidcinde
865 5407 1088 5471 Apostoli
1106 5407 1487 5471 appellatisunt.

613 5468 683 5531 (ὁ)
722 5470 878 5534 Sectis
899 5468 1121 5532 Hexapla
1136 5468 1518 5520 'a‘Montfaueon.
1549 5470 1797 5531 adornata,
1821 5470 2010 5534 Aquilae
2026 5511 2040 5533 ,
2076 5484 2130 5526 et

548 5529 611 5594 Υ.
625 5529 1031 5594 editionivoeem
1047 5529 1154 5594 'sqr,
1179 5543 1269 5579 seu
1292 5546 1358 5594 1:59
1380 5546 1475 5581 non
1502 5529 1866 5594 interliretalam
1880 5529 2125 5587 "tribuunt.

549 5590 607 5666 In
630 5593 1049 5666 sequentiautem
1079 5590 1349 5666 Symmachi
1387 5590 1794 5666 interpretatione
1814 5629 1830 5655 ,
1871 5609 1990 5666 cum
2020 5596 2129 5666 ple-

550 5653 759 5719 rumque
782 5655 957 5719 vitiose
979 5653 1149 5717 legarit
1168 5654 1363 5706 codices
1380 5653 1553 5715 nostri,
1577 5667 1606 5703 a
1628 5653 1892 5719 “artianazi
1914 5653 2130 5709 editione

549 5713 1010 5788 haud'discedimns.
1033 5713 1195 5770 Antea
1219 5722 1328 5768 crat
1349 5713 1576 5781 mittens,
1600 5723 1655 5767 ut
1676 5715 1796 5779 alios
1829 5719 2130 5783 interpretes

552 5784 764 5828 vertisse
786 5784 994 5828 constat.

1813 308 2052 386 s‘stvcrt
2093 322 2479 381 lllEitONYMl

2195 438 2388 490 vestita
2417 442 2519 490 est.
2545 450 2565 485 ι
2594 432 2695 489 Pro
2715 447 2782 488 eo
2797 430 2936 504 quod
2965 431 3018 487 in
3042 428 3387 501 Septuaginta
3409 429 3667 501 scriptum
3687 439 3772 487 est

2190 534 2375 593 ισωθεν,
2405 536 2461 583 et
2502 542 2601 582 nos
2642 526 2726 581 vel
2778 544 2799 580 ι
2829 526 2896 580 ab
2932 525 3099 590 intus,
3135 541 3157 576 ι
3201 522 3284 579 vel
3329 539 3348 574 ι
3390 521 3715 578 intrinsecus
3746 541 3767 575 ι

2192 619 2528 690 interpretati
2565 633 2781 683 sumus;
2820 618 2879 674 iu
2898 614 3218 687 quibusdam
3249 614 3648 684 exemplaribus
3687 615 3773 670 iu-

2192 711 2404 768 venitur
2434 710 2517 781 (c)
2549 724 2765 775 esseea,
2803 707 2943 778 quod
2988 706 3385 777 «cogitationes
3412 723 3433 760 ι
3480 715 3662 763 sonat.
3692 704 3775 763 Ex

2194 815 2300 870 quo
2339 798 2656 863 ostenditur,
2686 812 2905 855 omnem
2925 796 3149 867 gloriam
3179 795 3457 860 Ecclesiae,
3485 795 3572 850 cui
3613 809 3776 866 supra
3803 838 3816 847 .

2193 891 2397 947 dictum
2415 899 2518 957 est,
2546 909 2569 942 ι
2597 889 2733 944 Audi
2758 888 2883 955 ﬁlia,
2910 897 2965 947 et
2987 886 3127 951 vide,
3161 903 3182 940 ι
3212 887 3300 953 Et,
3330 904 3353 939 ι
3384 885 3429 942 Ο
3452 886 3559 942 ﬁlia
3580 885 3767 958 Tyri,»

2195 992 2253 1041 et
2289 996 2431 1038 nunc
2456 980 2754 1052 appellatur
2780 979 2885 1033 ﬁlia
2912 978 3074 1048 regis,
3106 991 3227 1032 esse
3250 975 3600 1043 intrinsecus,
3631 982 3691 1031 et
3720 974 3775 1030 in

2196 1073 2624 1146 cogitationibus,
2658 1070 2711 1127 id
2738 1078 2843 1139 est,
2874 1070 2931 1126 in
2966 1068 3207 1125 interiori
3234 1066 3483 1135 homine,
3502 1076 3562 1123 et
3587 1066 3652 1122 its
3673 1067 3781 1123 cir-

2197 1166 2522 1224 cumcisione
2569 1178 2679 1219 non
2724 1161 3057 1227 manufacta,
3107 1160 3213 1217 sed
3254 1161 3493 1231 spiritu;
3544 1159 3781 1217 habente

2198 1255 2537 1315 conscientia:
2566 1253 2815 1313 ﬁduciam
2846 1252 2986 1324 apud
3025 1252 3218 1317 Detun.
3248 1259 3309 1309 ct
3330 1259 3440 1307 tota
3474 1251 3779 1323 pulchritu-

2199 1346 2323 1402 dine
2347 1346 2716 1417 positantagis
2742 1344 2795 1399 in
2822 1358 3078 1398 sensuum
3107 1342 3346 1408 nomine,
3375 1357 3538 1414 quam
3560 1342 3614 1398 in
3647 1341 3782 1399 ﬁore

2199 1439 2506 1494 verborum.
2528 1437 2808 1506 Quomodo
2821 1447 3001 1492 autem
3022 1436 3074 1491 in
3091 1437 3343 1502 santuine,
3366 1451 3432 1493 ex
3452 1451 3559 1507 quo
3580 1435 3782 1507 depen-

2200 1532 2332 1593 dent
2359 1531 2604 1598 ﬁmbrize,
2628 1530 2942 1601 subtegmcn
2966 1529 3243 1595 intexitnr,
3268 1538 3323 1584 et
3345 1536 3455 1584 tota
3474 1528 3780 1584 vestimenti

2204 1622 2374 1676 virtus
2402 1622 2455 1676 in
2480 1621 2708 1680 stamine
2737 1629 2819 1675 est
2844 1636 2858 1674 :
2888 1620 2960 1674 ita
2996 1619 3050 1672 in
3080 1618 3161 1690 (ά)
3186 1618 3348 1674 variis
3374 1619 3619 1675 sensibus
3640 1617 3786 1675 Scri-

2204 1720 2498 1784 ptnrarum,
2531 1711 2804 1782 inquibus
2829 1710 2993 1766 vesﬁs
3008 1708 3266 1766 Ecclesia:
3294 1711 3470 1766 omnis
3496 1711 3789 1776 intexitur,‘

2206 1804 2494 1881 miscentur
2543 1803 2720 1874 aliqua
2768 1802 2838 1860 de
2876 1811 3102 1868 natura,
3149 1801 3219 1858 de
3260 1801 3535 1869 moribus,
3589 1810 3649 1857 et
3681 1801 3785 1857 hoc

2207 1896 2380 1966 ipsum
2427 1895 2693 1965 signiﬁcat
2718 1896 2883 1952 vestis
2913 1898 3097 1953 Aaron
3124 1909 3279 1961 auro,
3309 1909 3559 1966 purpura,
3597 1910 3785 1962 cocos,

2207 1988 2392 2062 bysso,
2413 1988 2807 2062 hiacyuthoque
2828 1999 3078 2065 contexta
3108 1989 3306 2063 (Exod.
3346 1990 3437 2047 28.
3476 1990 3592 2059 39),
3623 1980 3785 2060 quam

2209 2080 2451 2138 fecerunt
2464 2082 2736 2149 mulieres,
2759 2084 2954 2153 quibus
2969 2084 3108 2140 Deus
3123 2083 3193 2138 ad
3212 2082 3491 2138 texendum
3513 2081 3664 2139 dedit
3689 2097 3787 2138 sa-

2212 2174 2487 2243 pientiam.
2515 2174 2581 2229 Et
2606 2184 2661 2229 ut
2683 2174 2982 2245 intelligere
3006 2175 3273 2244 possimus
3291 2189 3504 2231 omnem
3532 2183 3785 2229 ornatum

2212 2264 2335 2319 tilia:
2360 2265 2525 2337 390
2546 2266 2690 2335 regis
2715 2265 3059 2332 intrinsecus,
3074 2264 3188 2333 ipsa
3210 2265 3441 2335 loquitur
3468 2265 3521 2319 in
3542 2264 3786 2319 Cantico:

2220 2372 2240 2407 ι
2271 2354 2568 2409 Introduxit
2606 2369 2691 2410 me
2732 2369 2827 2411 rex
2854 2355 2908 2410 in
2952 2356 3259 2411 cubiculum
3286 2370 3442 2410 suum
3471 2372 3492 2408 ι
3530 2351 3702 2426 (Cant.
3732 2354 3789 2410 1.

2215 2446 2305 2503 50.
2336 2446 2522 2505 Matth.
2552 2447 2634 2517 6):
2666 2446 2719 2502 in
2748 2462 2851 2519 qua
2886 2448 3073 2517 clauso
3119 2450 3260 2506 ostio
3304 2447 3588 2514 labiorum,
3620 2448 3789 2502 Deum

2217 2538 2428 2594 Patrem
2452 2538 2704 2608 jnbemur
2729 2553 2907 2595 orare.
2939 2538 2995 2594 In
3023 2555 3166 2596 nono
3186 2554 3395 2611 quoque
3423 2539 3634 2595 Psalmo
3663 2540 3793 2594 titu-

2216 2631 2301 2687 lus
2345 2631 2678 2699 inscribitur,
2714 2649 2734 2684 ι
2765 2631 2872 2688 Pro
2898 2632 3224 2689 absconditis
3257 2632 3371 2687 ﬁlii.
3402 2651 3423 2686 ι
3457 2631 3666 2686 Variam
3695 2630 3795 2686 ha-

2218 2723 2335 2779 buit
2359 2733 2414 2779 et
2433 2723 2637 2794 Ioseph
2664 2725 2895 2781 tunicam
2924 2725 3077 2798 (Gen.
3099 2726 3216 2794 '57),
3237 2740 3397 2796 quam
3425 2725 3475 2781 ei
3505 2724 3673 2780 texuit
3691 2732 3825 2780 πηοί

2219 2823 2302 2871 ter
2336 2814 2602 2870 Ecclesia.
2647 2815 2724 2870 De
2763 2814 2849 2871 his
2884 2815 3107 2872 ﬁmbriis
3151 2815 3445 2871 Salvatoris
3478 2819 3798 2886 αἱμορῥοούσα

2217 2919 2378 2961 unam
2424 2906 2635 2975 tetigit;
2687 2914 2742 2962 et
2784 2915 2970 2962 sanata
3021 2915 3105 2963 est
3151 2906 3364 2979 (Matth.
3412 2907 3471 2963 9.
3520 2906 3685 2962 Marc.
3741 2907 3796 2962 6.

2216 2995 2348 3057 Luc.
2379 2996 2461 3067 8).
2487 2997 2641 3064 Quod
2680 3005 2860 3053 autem
2890 2999 2940 3054 in
2966 2999 3229 3055 Hebraico
3253 2997 3525 3065 scribitur,
3553 3015 3573 3050 ι
3613 2996 3797 3053 fasciis

2217 3089 2395 3145 aureis
2417 3089 2608 3144 vestita
2634 3097 2737 3157 est,
2777 3107 2805 3141 ι
2828 3088 2881 3145 id
2908 3090 3080 3161 ipsum
3123 3088 3387 3160 signiﬁcat
3413 3088 3563 3160 quod
3590 3104 3747 3158 supra
3781 3104 3797 3142 :

2185 3216 2188 3219 η
2224 3180 2455 3237 ιΟιιιηίε
2494 3182 2663 3251 gloria
2695 3180 2817 3237 ﬁlim
2837 3183 2980 3252 regis
3016 3181 3371 3249 intrinsecus;
3410 3201 3429 3235 ι
3452 3180 3632 3236 fasciis
3675 3194 3801 3236 sen-

2219 3287 2374 3330 suum
2416 3273 2725 3330 divinorum
2752 3272 2822 3346 (e)
2866 3274 3123 3330 interiora
3165 3274 3403 3330 membra
3447 3272 3803 3329 obvolvuntur

2220 3363 2502 3431 Ecclesiae,
2529 3373 2585 3419 et
2612 3372 2719 3419 tota
2742 3365 2880 3421 uteri
2907 3366 3100 3435 tegitur
3122 3365 3366 3421 ambitio.
3398 3364 3593 3419 ilarum
3620 3363 3803 3418 fascia-

2220 3470 2338 3511 rum
2387 3463 2494 3509 non
2541 3464 2723 3526 potest
2758 3455 3007 3511 oblivisci
3048 3471 3268 3527 sponsa,
3315 3455 3604 3512 secundum
3642 3455 3800 3511 iere-

2221 3548 2381 3604 ntiam
2411 3546 2567 3621 (Cap.
2597 3547 2676 3617 2),
2723 3564 2841 3618 qua:
2882 3564 3144 3604 mammas
3184 3547 3368 3619 ligant,
3401 3548 3463 3604 et
3495 3556 3703 3618 pectus,
3745 3546 3805 3601 in

2221 3656 2326 3713 quo
2355 3633 2703 3713 cogitationes
2728 3650 2872 3704 sunt,
2898 3649 3201 3712 protegunt.

2292 3735 2385 3793 20.
2433 3754 2452 3787 ι
2474 3734 2821 3790 Adduecntur
2843 3734 2961 3804 regi
2982 3736 3215 3806 virgines
3236 3743 3354 3804 post
3379 3747 3521 3799 eam,
3550 3730 3803 3803 proxima:

2223 3826 2337 3893 ejus
2374 3824 2665 3881 all'ereutur
2706 3825 2819 3880 tibi.
2845 3824 3151 3881 Aﬁ‘erentur
3177 3825 3229 3880 in
3262 3824 3441 3879 laetitia
3471 3833 3526 3879 et
3564 3823 3804 3879 exsultau

2225 3916 2391 3984 tione,
2408 3906 2751 3974 adducentur
2779 3915 2832 3973 in
2866 3916 3121 3985 templum
3148 3915 3309 3984 regis.
3344 3932 3366 3967 ι
3395 3912 3552 3970 Juxta
3580 3912 3808 3983 Septua-

2222 4010 2366 4077 ginta
2400 4009 2546 4079 prior
2571 4007 2869 4063 versiculus
2891 4007 3066 4062 adhuc
3090 4005 3159 4063 de
3198 4006 3317 4061 ﬁlia:
3341 4006 3551 4061 canitur
3579 4014 3803 4068 ornatu;

2224 4114 2457 4169 sequens
2494 4097 2560 4153 ad
2593 4099 2768 4168 ipsum
2779 4111 3035 4167 sponsum
3054 4112 3340 4168 regemque
3353 4095 3614 4165 dirigitur.
3641 4095 3807 4150 Porro

2221 4190 2370 4259 juxta
2399 4187 2743 4254 Hebraicum,
2769 4195 2937 4243 totum
2957 4187 3024 4247 ad
3045 4202 3293 4258 sponsam
3322 4186 3521 4242 dicitur:
3549 4201 3715 4255 usque
3739 4186 3805 4243 ad

2226 4294 2347 4334 eum
2381 4280 2578 4345 locum,
2606 4279 2694 4333 ubi
2725 4279 2982 4349 scriptum
3006 4289 3088 4335 est
3119 4296 3131 4331 :
3166 4297 3187 4331 ι
3223 4279 3394 4334 Pones
3412 4293 3507 4333 eos
3537 4277 3808 4346 principes
3835 4306 3846 4317 ο

2226 4369 2281 4424 iu
2338 4370 2595 4425 universa
2641 4379 2804 4425 terra.
2852 4388 2871 4422 ι
2929 4369 3005 4431 Ει,
3051 4370 3287 4440 legitur;
3349 4385 3369 4420 ι
3415 4368 3470 4422 ln
3526 4366 3809 4425 scutulatis

2229 4456 2296 4533 (f)
2342 4458 2569 4515 ducetur
2594 4458 2667 4513 ad
2702 4474 2908 4529 regem,
2938 4460 3167 4530 virgines
3194 4466 3484 4527 sequentur
3507 4471 3649 4521 eam,
3680 4455 3808 4510 amb

2230 4566 2308 4606 ere
2337 4548 2454 4618 ejus
2477 4548 2744 4604 ducentur
2772 4551 2923 4618 illuc,
2952 4543 3214 4605 ducentur
3239 4549 3290 4603 in
3320 4547 3519 4603 laetitiis
3545 4556 3600 4602 et
3628 4547 3810 4603 exsul-

2229 4641 2449 4705 tatione,
2481 4640 2851 4711 ingredientur
2877 4642 3170 4696 thalamum
3196 4639 3362 4711 regis.
3397 4638 3665 4707 sMultam
3688 4653 3810 4696 esse

2228 4732 2530 4788 distantiam
2557 4734 2854 4787 animarum
2884 4733 2936 4787 in
2966 4723 3182 4787 Christo
3204 4732 3557 4798 credentium,
3580 4733 3808 4793 demeti.-

2229 4831 2365 4880 strat
2405 4823 2684 4879 Canticum
2728 4822 3101 4890 Canticorum,
3141 4823 3194 4878 in
3235 4838 3345 4892 quo
3388 4824 3649 4894 scriptum
3685 4833 3809 4879 est:

2236 4933 2255 4967 ι
2289 4915 2573 4987 Sexaginta
2599 4925 2724 4970 sunt
2752 4916 2974 4987 regime,
3005 4925 3059 4971 et
3082 4915 3353 4985 octoginta
3392 4916 3812 4983 concubinte,,et

2296 5046 2360 5117 (ι’)
2381 5050 2689 5117 Benedietini
2707 5050 2908 5117 editoris
2921 5049 3184 5117 motionem
3210 5047 3648 5117 istameonﬁrmant
3665 5049 3817 5103 etiam

2230 5109 2356 5221 auos
2384 5125 2473 5161 nos
2506 5110 2861 5169 consuluimus,
2904 5113 3087 5175 antiqui
3124 5110 3271 5160 libri:
3298 5109 3414 5161 olim
3450 5118 3557 5161 erat
3596 5121 3635 5165 ιε
3674 5124 3814 5162 tm

2276 5173 2416 5221 necis
2456 5171 2656 5221 litteris.
2696 5170 2772 5220 alii
2812 5174 3010 5221 pronius
3047 5185 3163 5221 vero
3201 5170 3525 5221 ιηοὼνέιΧΧ.
3553 5184 3699 5221 ισιεειν.
3729 5173 3813 5221 ubi

2276 5173 2656 5235 raecis__litteris,
2696 5173 2773 5235 alii
2812 5173 3163 5235 propius'vero
3201 5173 3525 5235 riis-thXX.
3553 5184 3699 5235 ιριεδν,
3729 5173 3813 5225 ubi

2233 5198 2416 5223 υηικιδ
2456 5198 2656 5228 ιιιιῠιτιδ,
2696 5198 2772 5220 ill"
2813 5198 3010 5235 μιτυμιυδ
3050 5198 3163 5221 σοιν
3201 5198 3243 5235 ιχ
3334 5212 3345 5221 .
3384 5198 3525 5221 LAA.
3553 5198 3699 5229 sum,
3732 5198 3792 5223 uu

2233 5234 2383 5305 etiam
2406 5233 2741 5305 {Ethiopicum
2748 5231 3037 5305 Psalterium
3060 5198 3439 5305 dicitur‘rggere
3463 5234 3669 5305 Hesfgon.
3781 5292 3792 5304 .

2262 5366 2265 5367 ν
2299 5291 2367 5364 (ά)
2408 5291 2644 5365 Princeps
2682 5295 2847 5353 editio,
2872 5295 2990 5357 quin
3028 5301 3079 5344 et
3110 5295 3226 5345 Mss.
3259 5291 3356 5344 nuit
3392 5296 3532 5360 pauci
3566 5296 3619 5347 in
3653 5292 3815 5345 aureis

2232 5368 2621 5482 ΡΐίῖεῨιυιξῖᾜὸιι
2646 5415 2833 5486 pridem
2868 5416 3143 5487 in.Erasmo
3159 5417 3439 5491 Fictorius,
3474 5432 3566 5470 nos
3597 5420 3649 5469 in
3684 5417 3813 5472 Mar-

2233 5478 2409 5526 tianteo
2431 5477 2763 5526 entendamus.
2787 5484 3022 5526 nuerwra
3042 5492 3129 5526 nro
3150 5480 3386 5526 inferiora
3422 5491 3727 5526 renonemes
3750 5491 3813 5526 ex

2234 5480 2409 5527 tianzeo
2431 5480 2763 5534 cntemlamus,
2787 5480 3022 5527 interiora
3042 5492 3129 5540 pro
3150 5480 3386 5541 inferiora
3422 5491 3727 5544 reponentes
3750 5491 3815 5535 ex

2234 5537 2639 5647 ἓξὼιὲινθωειω
2656 5537 2884 5587 editionis
2905 5537 3018 5598 ﬁde,
3030 5552 3181 5602 quem
3201 5552 3402 5593 sensum
3420 5543 3533 5633 ipse
3554 5548 3818 5593 contextus

2236 5612 2458 5662 pastum.
3433 5628 3439 5633 -

2300 5658 2359 5731 (Π
2398 5660 2664 5731 Per-peram
2696 5657 2745 5705 in
2782 5659 3217 5731 hucusque_edit_is
3252 5661 3390 5731 libris
3413 5662 3668 5731 ducentur.
3692 5662 3816 5731 Tum

2235 5721 2446 5786 quidam
2465 5721 2585 5769 Mss.
2606 5725 2903 5786 seminatur,
2947 5721 3205 5786 erimina
3228 5736 3317 5785 pro
3339 5724 3536 5776 lcetitt't's.
3561 5725 3735 5786 Adito,
3776 5726 3816 5778 Si

2238 5779 2414 5845 placet,
2436 5782 2585 5842 ipsam
2606 5779 2887 5843 Hieronymi
2909 5795 2973 5832 ex
2995 5783 3206 5834 Hebraeo
3230 5779 3527 5849 versionem.
3724 5779 3734 5786 ’
3802 5802 3807 5807 ·
