4146 6336
294 335 394 393 B37

289 443 702 504 adulescentula:
727 440 947 516 quorum
972 457 1077 498 non
1103 448 1186 496 est
1211 452 1485 494 nmnerus.
1515 435 1631 492 Una
1657 445 1860 491 estco-

291 541 467 595 lumba
509 553 649 601 mea,
678 537 914 607 perfecta
959 549 1100 597 mea,
1129 531 1373 604 proxima
1425 545 1567 594 mea,
1598 546 1616 580 ›
1662 528 1730 583 de
1759 544 1865 597 qna

291 631 512 695 dicitur,
539 646 558 680 ι
594 627 855 682 Viderunt
880 641 996 681 eam
1024 625 1168 688 ﬁlize,
1215 631 1267 674 et
1293 620 1599 675 beatificant
1623 633 1742 674 eam
1773 632 1865 671 re-

291 722 428 791 gina:
473 726 531 774 et
574 718 907 781 concubinae,
960 725 1012 769 et
1050 713 1268 769 laudant
1314 727 1435 766 eam
1467 729 1486 764 ι
1525 709 1696 783 (Cant.
1729 711 1784 763 6.
1811 709 1865 762 7.

280 802 335 867 “et
361 809 546 881 seqq).
575 810 704 877 Quae
729 823 857 878 ergo
887 807 1123 878 perfecta
1153 814 1234 860 est
1261 811 1316 857 et
1343 813 1525 856 sancta
1552 815 1784 870 corpore
1815 807 1870 854 et

291 903 500 974 spin’tn,
529 915 584 956 et
606 900 850 956 columba
889 909 941 954 et
963 897 1203 968 proxima
1245 905 1480 951 meretur
1501 895 1700 949 vocari.
1746 893 1871 947 llaec

290 1005 371 1051 est
398 996 522 1059 lilia,
560 993 629 1049 de
666 1009 767 1063 qua
799 1007 956 1060 supra
986 989 1185 1046 dictum
1227 999 1309 1045 est
1341 1005 1360 1040 ι
1397 989 1580 1042 As-titit
1620 987 1804 1056 regina
1837 1002 1866 1039 a

290 1088 492 1143 dextris
535 1087 637 1140 tuis
663 1086 718 1138 in
746 1085 940 1139 vestitu
981 1083 1238 1139 deaurato
1261 1101 1282 1134 ι
1314 1081 1445 1150 Qua:
1474 1089 1654 1134 autem
1684 1093 1872 1148 super:-

291 1191 488 1249 gressze
527 1187 650 1232 sunt
679 1177 770 1231 Sc!
797 1176 914 1231 dies
940 1173 1021 1247 (α)
1055 1175 1260 1238 mundi,
1303 1183 1356 1227 et
1387 1173 1560 1228 futura
1589 1186 1752 1242 regna
1781 1187 1872 1224 su-

294 1271 514 1338 spirant,
560 1267 756 1336 regina:
795 1267 1152 1335 appellantur.
1199 1265 1252 1319 Si
1291 1279 1392 1334 qua
1424 1279 1552 1318 vero
1588 1262 1871 1317 circumci-

295 1360 497 1413 sionem
537 1357 749 1426 quidem
788 1356 1163 1410 habetoclava:
1186 1355 1314 1419 diei,
1331 1353 1425 1408 sed
1449 1353 1623 1408 adhuc
1644 1367 1751 1406 non
1778 1367 1871 1405 ve-

297 1449 374 1502 nit
390 1448 455 1501 ad
482 1449 716 1518 nuptias,
749 1447 861 1501 luce
875 1447 1168 1500 cencubina
1190 1446 1348 1517 391
1371 1445 1652 1498 vocitatur.
1681 1442 1870 1496 Diver-

297 1554 353 1593 sa
384 1548 560 1592 autem
605 1537 890 1591 multitudo
911 1536 1264 1599 credentium,
1289 1550 1407 1604 qua:
1435 1533 1658 1588 necdum
1699 1541 1874 1603 potest

297 1627 478 1697 ενοιηὶ
497 1627 736 1697 copulari
757 1626 1113 1695 amplexibus,
1137 1640 1238 1679 nec
1259 1625 1325 1678 de
1343 1639 1408 1680 eo
1431 1625 1632 1678 liberos
1659 1638 1870 1693 parere,

298 1717 693 1771 adulescentula
721 1715 936 1770 dicitur.
980 1716 1092 1786 Ego
1124 1723 1254 1786 puto
1294 1714 1360 1768 de
1404 1715 1519 1768 istis
1547 1713 1869 1783 virginibus,

297 1823 416 1878 qua:
464 1816 760 1876 sequuntur
804 1806 1122 1872 Ecclesium,
1183 1815 1238 1862 et
1289 1805 1344 1859 in
1389 1807 1560 1874 primo
1606 1814 1876 1874 ponuntur

299 1900 486 1970 gradu,
518 1899 598 1968 (ὁ)
635 1907 690 1954 et
721 1907 772 1953 te
815 1912 935 1952 esse
985 1908 1041 1953 et
1083 1911 1292 1962 omnes,
1337 1897 1428 1966 qui
1472 1897 1525 1950 iu
1566 1895 1875 1966 virginitate

299 1989 538 2059 corporis
575 1998 630 2044 et
667 1989 862 2044 animae
905 1996 1270 2058 perseverant.
1306 1987 1584 2041 Prosimas
1617 1996 1794 2039 autem
1823 1993 1876 2038 ct

299 2082 518 2147 amicas,
549 2079 736 2135 viduas
760 2094 902 2145 esse,
948 2089 1002 2134 et
1029 2078 1084 2133 in
1127 2077 1469 2132 matrimonio
1494 2076 1831 2130 continentes
1860 2092 1873 2128 :

299 2189 418 2244 qua:
443 2189 630 2229 omnes
665 2161 786 2228 cum
818 2171 998 2226 ltetitia
1025 2177 1093 2239 'et
1123 2169 1480 2225 exsultatione
1508 2168 1774 2222 ducuntur
1813 2166 1878 2220 ad

302 2265 558 2336 templum
605 2274 659 2320 et
701 2265 761 2319 in
802 2265 1092 2318 thalamum
1141 2262 1300 2331 regis.
1343 2260 1400 2315 lu
1442 2261 1696 2329 templum
1727 2257 1878 2329 quasi

300 2356 610 2412 sacerdotes
643 2356 737 2411 Dei
763 2372 778 2407 :
809 2356 863 2410 in
895 2354 1186 2407 thalamum
1216 2352 1372 2422 quasi
1415 2367 1626 2420 sponsa:
1660 2350 1800 2420 regis
1824 2359 1880 2404 et

301 2447 503 2518 sponsi.
537 2447 650 2502 Hoc
675 2447 938 2515 templum
966 2455 1020 2499 et
1043 2444 1276 2498 Joannes
1310 2443 1440 2497 vidit
1464 2443 1516 2496 in
1558 2442 1881 2512 Apocalypsi

303 2539 486 2610 (Apoc.
523 2540 640 2610 2t),
685 2548 741 2606 et
765 2535 1032 2605 Propheta
1061 2534 1354 2589 desiderat.
1391 2551 1408 2584 ι
1447 2532 1641 2599 Unam,
1687 2533 1878 2602 inquit,

302 2630 432 2701 petii
475 2645 506 2684 a
548 2630 794 2694 Domino,
849 2627 988 2681 hanc
1037 2626 1335 2696 requiram;
1379 2635 1438 2678 ut
1484 2624 1778 2680 inhabilem
1828 2625 1881 2678 in

302 2721 468 2776 domo
497 2719 728 2782 Domini,
771 2717 1018 2772 omnibus
1045 2716 1234 2770 diebus
1274 2717 1397 2770 vita:
1428 2731 1560 2770 mea:
1590 2733 1608 2767 ι
1641 2713 1760 2786 (Ps.
1790 2715 1882 2769 26.

306 2814 384 2883 ι).
443 2812 511 2865 Et
559 2811 797 2864 iterum:
833 2826 854 2861 ι
892 2809 1136 2872 Domine,
1175 2805 1343 2862 dilexi
1391 2805 1640 2862 decorem
1696 2805 1887 2860 domus

310 2914 432 2970 tum,
463 2911 517 2958 et
545 2902 720 2956 locum
749 2899 1096 2955 habitationis
1121 2897 1310 2969 gloria:
1345 2907 1449 2953 tute
1479 2893 1514 2949 ι’
1535 2895 1652 2968 (Ps.
1684 2896 1774 2952 25.
1805 2897 1883 2966 8).

312 2999 378 3052 Et
415 2996 476 3051 in
513 2996 618 3050 alio
640 2995 759 3050 loco
786 3010 801 3048 :
834 3013 855 3047 ί
890 2993 1024 3061 Quia
1055 2993 1292 3047 transibo
1323 2992 1376 3046 in
1427 2991 1599 3046 locum
1631 2992 1890 3046 taberna-

312 3089 414 3143 culi
437 3085 788 3151 admirabilis,
815 3098 984 3155 uSque
1005 3083 1073 3138 ad
1097 3083 1312 3137 domum
1347 3083 1440 3137 Dei
1467 3084 1520 3136 in
1552 3098 1682 3137 voce
1708 3083 1891 3138 exsul-

317 3179 530 3234 tationis
555 3187 609 3234 et
647 3175 1024 3241 confessionis,
1055 3174 1264 3229 sonitus
1293 3173 1422 3230 festa
1449 3173 1834 3228 celebrantium
1865 3191 1884 3226 ι

317 3268 432 3342 (Ps.
477 3269 566 3324 41.
617 3268 696 3338 5).
752 3267 1024 3346 scutulata
1076 3276 1254 3320 autem
1305 3265 1499 3334 quibus
1547 3279 1747 3334 sponso
1790 3279 1891 3320 suo

318 3361 496 3432 regina
534 3360 886 3430 componitur,
933 3359 1048 3428 ipsa
1092 3368 1236 3423 sunt,
1287 3373 1405 3427 qua:
1447 3359 1502 3412 itt
1544 3357 1894 3428 Septuaginta

319 3454 542 3524 legimus
572 3470 591 3504 ι
623 3451 1021 3507 circumamicta
1049 3450 1330 3504 varietate.
1361 3468 1383 3502 ι

345 3560 347 3562 ·
387 3545 478 3599 21.
526 3562 544 3595 ι
579 3543 684 3598 Pro
712 3543 956 3614 patribus
985 3541 1088 3595 tuis
1116 3542 1224 3595 nati
1253 3551 1380 3596 sunt
1417 3541 1509 3595 tibi
1539 3541 1655 3609 ﬁlii,
1685 3542 1890 3598 consti-

322 3645 439 3690 tues
481 3648 580 3689 eos
613 3633 887 3703 principes
923 3647 1087 3701 super
1129 3646 1344 3686 omnem
1387 3641 1605 3686 terram.
1637 3651 1659 3685 ι.
1691 3633 1748 3686 ln
1789 3633 1896 3688 ﬂeo

320 3724 504 3781 braico
531 3742 544 3778 :
578 3741 598 3776 ε
624 3724 725 3778 Pro
754 3723 993 3794 patribus
1024 3723 1129 3775 tuis
1162 3731 1320 3775 erunt
1342 3721 1433 3776 tibi
1461 3721 1574 3786 lilii,
1604 3737 1772 3790 pones
1801 3737 1896 3777 eos

322 3817 595 3887 principes
631 3815 684 3870 in
729 3815 978 3870 universa
1002 3821 1171 3869 terra.
1200 3830 1220 3865 ι
1257 3813 1321 3867 Ει
1358 3827 1424 3867 ex
1465 3813 1638 3868 Patris
1669 3829 1896 3884 persona

323 3923 658 3980 nequaquam
690 3907 758 3962 de
783 3907 916 3972 ﬁlia,
943 3905 1040 3961 sed
1079 3919 1294 3960 rursum
1319 3902 1387 3959 ad
1418 3903 1577 3958 tiliam
1603 3919 1785 3960 sermo
1818 3905 1898 3959 in-

324 4002 487 4072 telligi
515 4009 719 4071 potest;
763 4010 819 4054 et
864 4015 931 4055 ex
976 3998 1207 4069 Spiritus
1237 3997 1440 4063 Sancti,
1479 4007 1534 4052 et
1561 4013 1627 4052 ex
1667 3998 1898 4052 filiorum

323 4092 481 4147 Core.
527 4091 584 4145 Si
625 4105 752 4160 ergo
786 4089 854 4145 ad
905 4090 1070 4144 filiam
1119 4103 1372 4158 sponsam
1416 4102 1595 4142 sermo
1627 4086 1896 4157 dirigitur,

324 4199 518 4255 sponsa
544 4195 721 4239 autem
741 4183 808 4238 de
830 4183 1135 4239 nationibus
1155 4189 1474 4252 congregata
1504 4190 1606 4246 est,
1629 4180 1717 4236 cui
1737 4194 1898 4250 supra

326 4276 518 4330 dicitur
547 4293 562 4330 :
599 4292 618 4326 ‹
647 4275 974 4330 Obliviscere
999 4274 1250 4344 populum
1285 4284 1430 4328 tuum
1459 4283 1512 4328 et
1550 4273 1764 4328 domum
1793 4289 1901 4342 pa—

329 4369 424 4422 tris
447 4367 547 4432 tui,
584 4386 604 4420 ι
635 4366 891 4422 debemus
936 4379 1149 4436 sponsae
1193 4374 1371 4436 patres
1401 4380 1597 4420 nosse:
1626 4373 1682 4419 ut
1708 4378 1902 4419 conse-

327 4467 554 4530 quenter
598 4459 906 4513 noverimus
946 4468 1001 4513 et
1044 4457 1200 4512 ﬁlios.
1247 4457 1352 4512 Pro
1382 4457 1623 4526 patribus
1667 4457 1792 4520 tuis,
1834 4457 1902 4512 de

327 4553 519 4623 quibus
536 4553 593 4607 in
630 4551 860 4607 Jeremia
909 4552 1082 4606 locuta
1110 4567 1206 4607 es:
1244 4569 1264 4604 ι
1292 4551 1461 4618 Quam
1492 4552 1622 4606 falsa
1646 4552 1902 4622 possede-

328 4654 452 4698 runt
474 4652 651 4713 patres
677 4641 848 4694 nostri
877 4640 1039 4705 idola,
1064 4651 1118 4694 et
1144 4658 1250 4695 non
1287 4654 1367 4696 est
1403 4644 1454 4696 in
1481 4644 1560 4698 eis
1587 4645 1673 4710 qui
1704 4645 1850 4713 pluat
1879 4662 1897 4695 ι

328 4733 548 4804 (larem.
582 4732 666 4785 M.
697 4729 791 4784 22.
831 4738 876 4782 et
910 4730 994 4784 16.
1027 4731 1142 4800 19).
1185 4731 1290 4785 Pro
1332 4734 1551 4786 Platone
1582 4743 1636 4788 ct
1677 4750 1773 4803 pro
1799 4749 1904 4789 ca:-

331 4825 465 4882 teris
494 4822 835 4878 diversorum
883 4821 1189 4892 dogmatum
1235 4832 1288 4874 et
1327 4837 1568 4876 errorum
1617 4825 1902 4893 magistris,

331 4914 447 4971 nati
472 4922 598 4969 sunt
620 4911 715 4966 tibi
743 4911 855 4973 lilii,
879 4926 1011 4981 quos
1036 4910 1361 4965 constituisti
1392 4913 1663 4981 principes
1690 4924 1826 4979 tuos,
1853 4924 1908 4970 et

331 5007 506 5064 fecisti
565 5006 618 5060 in
665 5004 875 5075 populis
919 5012 1298 5074 praeceptores.
1365 5002 1453 5056 Vel
1508 5014 1653 5058 certe
1704 5004 1904 5059 aliter:

331 5100 380 5156 0
405 5098 669 5166 Ecclesia,
711 5097 806 5152 ﬁlii
839 5099 914 5152 tui
943 5112 1080 5168 quos
1109 5096 1340 5165 genuisti
1389 5096 1503 5162 tibi,
1552 5106 1826 5152 vertentur
1855 5098 1908 5153 in

335 5202 516 5263 patres
537 5186 674 5255 tuos;
719 5204 842 5245 cum
881 5188 949 5243 de
970 5186 1248 5257 discipulis
1272 5202 1366 5242 eos
1385 5186 1578 5243 feceris
1605 5189 1904 5258 magistros,

315 5285 466 5341 etin
510 5282 826 5340 sacerdotali
865 5280 1033 5352 gradu
1073 5282 1310 5335 omnium
1350 5282 1652 5337 testimonio
1682 5282 1912 5338 colloca-

395 5415 466 5530 ιω
505 5418 644 5470 Unus
665 5417 976 5470 Cisterciens.
1003 5417 1314 5468 emendatiss.
1339 5419 1537 5478 munda,
1563 5433 1705 5481 quam
1740 5433 1910 5469 vocem

413 5491 490 5530 ert
527 5482 593 5530 ad
633 5493 798 5530 reuna.
824 5481 1024 5530 Hieron.
1050 5492 1170 5530 vero
1202 5481 1458 5530 sexaginta
1497 5481 1824 5530 Reuinarum.
1860 5491 1910 5530 et

327 5481 490 5533 refert
527 5482 593 5532 ad
633 5493 798 5547 regna.
824 5481 1024 5530 Hieron.
1050 5492 1170 5530 vero
1202 5481 1471 5547 sexaginta
1497 5481 1824 5547 iteginarum,
1860 5491 1912 5547 et

336 5547 578 5607 octoginta
599 5542 974 5607 concubinarum
997 5555 1270 5599 numerum,
1294 5556 1402 5590 cum
1425 5542 1621 5607 diebus
1639 5556 1730 5607 sent
1749 5581 1762 5603 ,
1806 5545 1912 5607 qui-

337 5609 429 5656 bus
447 5603 640 5657 creatus
663 5614 740 5654 est
763 5605 995 5666 mundus,
1025 5611 1077 5652 et
1114 5617 1222 5653 cum
1262 5611 1430 5652 octava
1473 5603 1669 5666 chalis
1701 5603 1910 5655 Circum.

333 5669 532 5719 uisionis
549 5668 632 5718 die
655 5667 910 5728 componit,
939 5675 991 5716 et
1014 5666 1215 5728 mystice
1242 5666 1591 5727 interpretatur
1610 5665 1678 5728 (de
1701 5669 1877 5715 anima.

338 5729 465 5844 mu»)
503 5731 708 5804 Yocplas
729 5727 775 5778 et
797 5735 858 5789 te,
876 5733 980 5778 tum
1004 5727 1205 5779 alteram
1230 5735 1274 5778 et
1295 5728 1575 5790 particulam
1595 5727 1907 5792 Cisterciens.

415 5829 427 5842 .
453 5802 642 5844 omittit.
868 5833 871 5837 .
1463 5831 1467 5836 .

415 5829 427 5842 .
453 5795 642 5845 otnittit.

1645 322 1976 380 EPISTULA
2015 323 2174 380 LXV.

3439 327 3546 386 558

1969 438 2129 492 veris.
2157 437 2238 506 (l)
2259 436 2354 492 Sin
2376 445 2552 494 autem
2576 438 2764 495 Patres
2788 440 3041 497 Ecclesia:
3069 442 3414 514 intelligimus
3442 445 3548 500 Ab-

1973 526 2178 594 raham,
2203 528 2368 594 Isaac,
2395 529 2648 596 etJaeob,
2668 538 2723 584 et
2749 531 2981 601 reliquos
2998 535 3352 601 Patriarchas;
3386 535 3546 603 ﬁlios,

1973 616 2132 688 392
2185 619 2274 688 qui
2303 619 2352 674 ei
2398 619 2452 674 in
2498 629 2707 690 patrum
2737 619 2939 676 honore
2956 635 3080 678 sunt
3106 627 3235 692 nati,
3263 629 3550 696 Apostolus

1974 709 2352 779 intelligamus,
2404 711 2492 780 qui
2535 711 2684 766 missi
2731 721 2856 766 sunt
2905 728 2935 766 a
2986 715 3209 770 Domino
3255 719 3546 787 przedicare

1973 815 2140 868 usque
2169 800 2234 854 ad
2265 811 2560 855 extremum
2587 812 2762 868 terrae,
2809 813 2863 857 ct
2890 804 3158 873 baptizare
3183 810 3464 874 credentes
3496 813 3547 865 iu

1973 892 2188 945 nomine
2228 892 2524 947 Trinitatis.
2557 893 2660 948 Sed
2706 895 2966 963 quaeritur
3008 900 3277 966 quomodo
3309 901 3545 958 Ecclesia

1973 980 2039 1035 de
2055 981 2302 1050 gentibus
2333 993 2509 1055 patres
2535 985 2733 1040 habere
2761 988 2948 1054 possit,
2983 989 3272 1056 Abraham,
3303 992 3468 1058 Isaac,
3494 1004 3550 1049 et

1969 1070 2155 1132 Jacob.
2189 1089 2308 1127 cum
2353 1074 2404 1129 ei
2449 1071 2809 1144 supradictum
2831 1078 2942 1133 sit:
2978 1097 2997 1130 t
3025 1079 3352 1138 Obliviscere
3383 1099 3551 1154 popu-

1974 1161 2082 1215 lum
2113 1172 2259 1217 tuum
2293 1175 2341 1218 et
2375 1164 2593 1219 domum
2635 1168 2799 1236 patris
2825 1169 2920 1221 ttti.
2956 1187 2974 1220 ι
3014 1170 3275 1240 Legamus
3304 1173 3547 1242 Evange-

1975 1253 2102 1307 lium
2133 1272 2146 1307 :
2183 1273 2200 1303 ‹
2230 1254 2405 1309 Nolite
2450 1256 2650 1320 dicere,
2694 1266 2899 1326 patrem
2941 1260 3198 1315 habemus
3237 1262 3504 1317 Abraham
3534 1283 3548 1319 τ

1979 1355 2170 1414 potens
2215 1353 2296 1400 est
2345 1347 2480 1400 Deus
2527 1347 2595 1402 de
2642 1347 2906 1418 lapidibus
2957 1349 3094 1417 istis,
3128 1370 3148 1404 ι
3196 1352 3296 1408 hoc
3334 1363 3435 1420 est,
3483 1354 3554 1410 de

1978 1435 2110 1488 duro
2159 1435 2318 1491 corde
2366 1438 2676 1507 gentilium,
2724 1457 2742 1492 ι
2777 1442 3037 1497 suscitare
3081 1442 3218 1497 ﬁlios
3267 1444 3496 1499 Abralta:
3527 1465 3546 1498 ι

1977 1525 2186 1596 (Matth.
2214 1527 2269 1580 Ξ.
2302 1527 2478 1598 9).·Ει
2509 1529 2562 1581 in
2595 1529 2699 1584 alio
2726 1530 2844 1585 loco
2873 1549 2885 1585 :
2917 1550 2935 1584 ι
2971 1531 3023 1587 Si
3049 1532 3139 1587 ﬁlii
3164 1536 3353 1590 essetis
3380 1537 3556 1592 Abra-

1978 1617 2079 1684 lue,
2117 1633 2279 1686 Opera
2310 1621 2538 1675 Abralta:
2585 1623 2827 1676 faceretis
2860 1643 2879 1675 ι
2932 1624 3108 1695 (Joan.
3155 1627 3209 1681 8.
3256 1628 3366 1698 59).
3405 1629 3470 1684 Et
3503 1631 3556 1684 in

1977 1711 2172 1766 Genesi
2215 1711 2282 1765 ad
2314 1713 2484 1781 ipsum
2534 1713 2804 1769 Abraham
2832 1716 3068 1785 loquitur
3112 1717 3286 1772 Deus:
3316 1738 3334 1770 ι
3373 1721 3428 1775 In
3470 1737 3560 1777 se-

1980 1803 2120 1858 mine
2147 1812 2238 1857 tuo
2264 1804 2647 1858 benedicentur
2685 1821 2872 1861 omnes
2912 1818 3102 1876 gentes
3126 1827 3146 1859 ι
3185 1807 3334 1881 (Gen.
3363 1811 3450 1865 12.
3477 1813 3556 1882 5).

1979 1893 2127 1948 Sicut
2164 1894 2305 1948 enim
2346 1895 2434 1949 ille
2477 1897 2527 1949 in
2557 1898 2815 1966 prmputio
2844 1913 2911 1951 ex
2954 1897 3059 1954 ﬁde
3097 1900 3418 1969 justiﬁcatus
3449 1914 3557 1970 est,

1982 1987 2049 2039 ita
2077 1995 2130 2040 et
2159 1986 2680 2055 nosjustiﬁcabimur
2706 1989 2757 2042 in
2782 1990 2968 2044 eadem
2995 1991 3117 2059 fide,
3141 1995 3184 2047 si
3214 1991 3560 2050 habuerimus

1982 2077 2142 2132 fidem
2192 2089 2246 2133 et
2290 2093 2454 2148 opera
2489 2082 2655 2149 patris
2694 2083 2860 2136 nostri
2905 2084 3194 2138 Abraham.
3236 2086 3418 2142 Potest
3457 2087 3562 2144 hoc

1983 2172 2154 2241 ipsum
2186 2170 2250 2224 ad
2273 2169 2607 2226 Salvatorem
2630 2173 2756 2239 dici,
2783 2177 2866 2228 vel
2895 2189 2923 2227 a
2946 2175 3123 2240 Patre,
3150 2177 3235 2231 vel
3263 2193 3290 2231 a
3318 2178 3562 2248 PrOphe-

1984 2261 2074 2314 tali
2106 2261 2272 2315 choro
2297 2269 2351 2314 et
2375 2261 2577 2330 Spiritu
2606 2262 2823 2318 Sancto.
2852 2264 2961 2319 Pro
2978 2267 3214 2335 patribus
3239 2268 3361 2333 tuis,
3394 2269 3564 2339 stirpe

1986 2349 2237 2404 videlicet
2273 2349 2604 2418 Judmorum,
2633 2353 2723 2422 qui
2766 2363 2816 2408 te
2871 2355 3205 2424 reliquerunt
3244 2367 3296 2411 et
3333 2348 3567 2429 negave-

1989 2449 2136 2503 rttnt,
2170 2440 2280 2494 nati
2321 2450 2446 2495 sunt
2494 2441 2587 2496 tibi
2619 2443 2734 2506 lilii,
2783 2443 3048 2512 Apostoli,
3081 2455 3135 2500 et
3159 2445 3226 2502 de
3263 2443 3568 2504 nationibus

1987 2531 2290 2598 credentes,
2343 2545 2475 2601 quos
2519 2533 2840 2588 constituisti
2888 2536 3158 2606 principes
3209 2537 3263 2592 in
3319 2540 3567 2595 universa

1989 2629 2152 2674 terra.

2059 2710 2151 2765 22.
2200 2730 2219 2765 ι
2248 2713 2454 2768 Memor
2483 2728 2578 2768 ero
2601 2713 2834 2770 nominis
2867 2717 2938 2770 tui
2973 2718 3024 2772 in
3055 2720 3196 2773 omni
3225 2722 3570 2790 generatione

1989 2813 2042 2858 et
2067 2807 2432 2872 generatione.
2464 2807 2752 2878 Propterea
2777 2811 2954 2881 populi
2977 2813 3372 2868 conﬁtebuntur
3402 2816 3494 2870 tibi
3516 2816 3570 2871 in

1989 2905 2289 2964 mterunm,
2345 2907 2401 2952 et
2453 2898 2504 2952 in
2545 2901 2803 2953 sa-culum
2855 2903 3059 2956 saeculi.
3092 2922 3110 2954 ι
3164 2903 3221 2957 lu
3269 2905 3570 2960 llebraico:

1998 3004 2016 3038 ι
2048 2988 2392 3044 Recordabor
2437 2992 2667 3045 nominis
2715 2992 2788 3045 tui
2835 2993 2884 3046 in
2935 2994 3078 3046 omni
3127 2997 3472 3064 generatione
3520 3006 3578 3053 et

1952 3080 2357 3149 .gcneratione.
2402 3081 2688 3151 Propterea
2731 3083 3125 3138 conﬁtebuntur
3167 3085 3260 3139 tibi
3301 3088 3478 3156 papuli
3520 3089 3574 3143 in

1994 3174 2247 3229 saeculum
2277 3184 2333 3228 et
2362 3174 2414 3227 in
2441 3183 2721 3229 mtcrnum.
2750 3195 2768 3228 ι
2802 3174 2954 3242 Quod
2983 3193 3080 3232 nos
3105 3178 3452 3249 interpretati
3476 3196 3572 3235 su-

1995 3280 2136 3332 mus,
2188 3283 2206 3316 t
2236 3265 2633 3320 conﬁtebuntur
2679 3269 2791 3334 tibi,
2828 3285 2846 3320 ι
2892 3270 3243 3339 Symmachus
3284 3273 3577 3339 transtulit,

1999 3356 2070 3426 (c)
2104 3355 2437 3411 «laudabunt
2480 3366 2552 3412 te.
2582 3376 2601 3409 ι
2635 3357 2856 3429 Regina,
2898 3375 3016 3429 qua:
3053 3372 3277 3416 steterat
3314 3378 3343 3416 a
3374 3365 3577 3418 dextris

1995 3451 2138 3519 regis
2183 3450 2236 3504 in
2284 3452 2480 3506 vestitu
2518 3452 2796 3518 deaurato,
2839 3461 2894 3508 et
2930 3454 3076 3522 jussa
3126 3456 3296 3510 fuerat
3337 3458 3580 3512 oblivisci

1998 3542 2178 3611 pepuli
2223 3551 2276 3597 et
2320 3542 2513 3596 domus
2563 3545 2729 3612 patris
2757 3544 2878 3609 sui;
2925 3553 2981 3599 et
3029 3547 3219 3601 iterum
3263 3547 3336 3600 illi
3377 3548 3576 3604 dictum

1998 3642 2112 3687 erat
2149 3649 2163 3688 :
2197 3651 2215 3684 ι
2247 3633 2349 3687 Pro
2375 3633 2614 3703 patribus
2653 3635 2756 3688 tuis
2786 3636 2894 3688 nati
2937 3646 3060 3689 sunt
3103 3637 3197 3690 tibi
3227 3637 3342 3702 ﬁlii,
3372 3639 3579 3692 consti-

2001 3732 2118 3780 tues
2160 3738 2255 3779 eos
2285 3723 2554 3793 principes
2597 3740 2760 3794 super
2803 3740 3017 3779 omnem
3059 3735 3278 3790 terram,
3311 3745 3330 3778 ι
3381 3728 3579 3784 intelli-

2000 3832 2132 3887 gens
2161 3826 2355 3887 quanta
2393 3817 2694 3872 decoranda
2724 3819 2791 3872 sit
2812 3819 3001 3888 gloria,
3041 3829 3096 3874 et
3120 3823 3317 3890 quibus
3339 3823 3584 3894 prarutiis

2003 3907 2350 3972 sublevanda,
2403 3910 2669 3963 convertit
2713 3909 2780 3962 ad
2823 3924 3079 3979 sponsum
3123 3929 3284 3969 voces
3332 3925 3476 3979 suas,
3526 3927 3582 3972 et

2005 3999 2286 4067 poliicelur
2310 3998 2712 4054 recordaturam
2753 4014 2813 4054 se
2858 4017 3071 4070 semper
3093 4006 3325 4060 nominis
3371 4005 3578 4076 Sponsi,

2005 4089 2058 4142 in
2084 4089 2226 4142 omni
2264 4091 2611 4159 generatione
2657 4099 2711 4145 et
2737 4096 3101 4162 generatione.
3134 4095 3284 4164 Quod
3315 4101 3579 4168 promisit,

2004 4180 2248 4235 videmus
2301 4181 2590 4252 expletum.
2639 4182 2753 4252 Ipsa
2791 4182 3091 4239 Christiana
3142 4188 3296 4243 nobis
3334 4191 3582 4247 omnibus

2004 4271 2431 4326 Christianorum
2480 4287 2675 4327 nomen
2713 4274 3230 4343 imposuitz-nomen
3276 4296 3490 4346 novum,
3527 4285 3580 4338 in

2005 4378 2112 4433 quo
2143 4381 2161 4414 ι
2192 4362 2574 4418 benedicentur
2605 4362 2697 4436 [aL
2739 4365 3118 4440 benedicuntur]
3158 4384 3344 4425 omnes
3370 4371 3585 4427 familia:

2006 4455 2267 4525 gentium.
2295 4474 2314 4507 ο
2344 4455 2673 4511 ltecordatur
2688 4467 2865 4511 autem
2887 4473 2991 4512 non
3017 4461 3068 4512 in
3093 4475 3192 4513 una
3215 4463 3584 4530 generatione,

2007 4547 2101 4602 sed
2143 4548 2195 4602 in
2243 4547 2529 4602 omnibus:
2560 4548 2643 4603 vel
2689 4556 2910 4602 cunctas
2955 4549 3265 4619 signiﬁcans
3311 4553 3576 4618 nationes,

2008 4641 2093 4696 vel
2118 4640 2251 4695 duas
2271 4639 2976 4711 generationes,.ludreorum
3001 4651 3158 4710 atque
3179 4642 3487 4698 Gentilium.
3518 4647 3585 4702 Et

2008 4732 2133 4803 quia
2150 4734 2250 4785 hoc
2263 4746 2448 4801 parum
2469 4739 2569 4794 est,
2593 4731 2635 4784 si
2663 4731 2714 4784 in
2733 4730 2936 4785 duabus
2965 4731 3124 4804 393
3150 4736 3608 4804 generationibus

2013 4825 2248 4879 nominis
2278 4825 2486 4880 Domini
2514 4823 2844 4891 recordetur,
2878 4835 3158 4895 propterea
3181 4830 3368 4898 populi
3412 4831 3500 4901 qui
3533 4832 3587 4887 in

1991 4916 2254 4972 'Ecclesia
2280 4914 2499 4981 fuerint,
2545 4904 2938 4971 conﬁtebuntur
2982 4927 3037 4973 et
3074 4919 3364 4976 laudabunt
3403 4924 3588 4979 Domi-

2015 5026 2140 5065 num
2171 5009 2226 5063 in
2270 5015 2532 5070 aeternum
2573 5019 2627 5062 et
2671 5011 2724 5063 in
2751 5010 3007 5065 saeculum
3038 5013 3239 5068 smculi.
3269 5015 3494 5080 Quando
3537 5028 3592 5072 et

2016 5112 2090 5164 tu,
2135 5115 2168 5154 ο
2199 5099 2303 5170 ﬁlia
2344 5098 2630 5170 Principia,
2669 5111 2972 5156 sanctorum
3005 5103 3166 5159 mixta
3213 5107 3398 5173 choro,
3449 5108 3592 5162 inter

2013 5195 2244 5264 virgines
2272 5193 2484 5248 duceris
2527 5195 2591 5248 ad
2637 5210 2848 5265 regem,
2881 5206 2934 5252 et
2963 5214 3030 5252 ex
3069 5201 3312 5256 domibus
3340 5201 3591 5257 eburneis

2016 5286 2302 5342 delcctabis
2327 5301 2580 5356 sponsum
2602 5286 2658 5340 in
2682 5286 2883 5343 honore
2910 5299 3000 5344 tuo
3028 5307 3040 5344 :
3074 5299 3199 5346 tunc
3229 5293 3509 5348 recordare
3537 5301 3592 5348 et

2078 5421 2147 5485 (ε)
2172 5421 2418 5488 Nimirum
2441 5433 2637 5484 ὒμνήσουσι
2659 5435 2701 5473 σι
2722 5423 2898 5486 quibus
2923 5424 2970 5474 in
2989 5426 3156 5476 verbis
3177 5425 3316 5476 simul
3340 5422 3514 5488 Aquila
3539 5431 3592 5476 et

2015 5483 2320 5535 Theudotion
2341 5483 2668 5535 consentiuut.

2110 5547 2147 5612 l)
2176 5546 2248 5595 Re
2275 5549 2373 5612 ipsa
2389 5546 2448 5595 ad
2464 5548 2594 5612 hunc
2607 5546 2799 5612 modum
2817 5547 3148 5612 Adamontius.
3162 5565 3196 5612 _«
3219 5547 3314 5612 Pro
3330 5547 3592 5612 Abraham,

2019 5617 2070 5659 et
2093 5609 2239 5665 Isaac,
2267 5617 2319 5657 ct
2340 5609 2510 5666 Jacol),
2535 5617 2588 5658 et
2610 5622 2696 5671 pro
2718 5609 2826 5659 aliis
2849 5610 3066 5682 reliquis,
3091 5610 3173 5714 qui
3211 5609 3276 5656 illi
3307 5609 3595 5670 placuerunt

2020 5673 2066 5714 in
2092 5672 2251 5714 veteri
2275 5669 2615 5714 Testamento.
2654 5673 2750 5714 nati
2774 5677 2887 5714 sunt.
2910 5669 3106 5714 Discinu
3131 5670 3142 5714 i
3163 5705 3176 5714 .
3216 5677 3267 5714 et
3291 5684 3378 5714 nos
3399 5673 3478 5714 aui
3507 5683 3595 5714 tier

2019 5673 2066 5719 in
2092 5672 2251 5720 veteri
2275 5669 2624 5732 'i'estamento,
2654 5673 2751 5719 nati
2774 5677 2887 5719 sunt
2909 5669 3176 5730 Discipuli,
3212 5677 3267 5732 et
3291 5669 3378 5720 nos
3399 5673 3478 5732 qui
3507 5683 3596 5732 per

2020 5732 2152 5792 ipsos
2189 5731 2481 5782 credidimus
2503 5740 2747 5782 eteorum
2771 5732 2918 5792 ﬁdei,
2949 5742 3004 5778 ac
3041 5731 3331 5788 cognitionis
3370 5731 3598 5782 htcredes

2021 5790 2130 5856 tacti
2153 5803 2337 5843 sumus.
2362 5810 2383 5839 ν
2416 5794 2580 5845 Graeca
2608 5793 2789 5844 videsis
2815 5792 2860 5840 in
2886 5790 3064 5842 Catena
3087 5792 3305 5845 Barbari.
