4146 6336
485 353 588 411 διδ

487 471 636 540 gnior
666 463 861 546 fitipsa
889 463 1138 534 dignitas,
1161 474 1320 532 quam
1351 457 1499 515 multi
1531 457 1731 528 indigni
1758 455 2053 527 possident.

489 558 637 614 Unde
663 556 872 626 egregie
897 555 965 609 de
1010 553 1224 608 Ctesare
1249 551 1475 613 Tullius,
1504 565 1625 604 cum
1650 547 1929 618 quosdam,
1960 546 2054 609 ait,

485 663 674 704 ornare
710 647 878 701 voluit
904 688 917 710 ,
949 661 1054 700 non
1098 645 1219 699 illos
1251 643 1553 696 honestavit
1577 683 1591 705 ,
1621 640 1714 694 scd
1745 646 2056 692 ornamenta

485 744 596 809 ipsa
619 739 870 793 turbavit.
905 739 970 790 At
999 753 1139 790 nunc
1167 751 1354 790 omnes
1379 734 1576 788 Christi
1614 731 1862 784 Ecclesie
1895 728 2053 781 Pam:-

486 830 752 884 tnachiutn
783 829 1093 897 loquuntur.
1130 827 1348 879 Miratur
1374 825 1518 876 orbis
1541 833 1826 890 pauperem
1852 858 1867 880 ,
1899 831 2057 884 quem

489 924 759 991 hucusque
780 921 994 975 divitem
1015 919 1306 974 nesciebat.
1321 917 1458 984 Qttid
1475 915 1765 969 Consulatu
1780 906 2061 964 illustrius?

486 1017 707 1068 Annuus
751 1013 922 1066 honor
963 1021 1045 1066 est
1071 1053 1082 1072 .
1112 1023 1164 1064 ct
1207 1019 1482 1078 postquam
1514 1006 1652 1058 alius
1691 1002 2012 1056 successerit
2040 1040 2054 1063 ,

487 1105 632 1174 prior
656 1104 869 1157 tlesiuit.
896 1103 1082 1156 Latent
1117 1103 1167 1154 itt
1198 1099 1531 1153 multitudine
1559 1097 1778 1157 laureae,
1802 1101 1850 1144 et
1877 1092 2062 1144 trium-

491 1195 579 1264 phi
625 1194 891 1250 interdum
949 1191 1386 1260 triumphantium
1433 1186 1680 1240 sordibus
1728 1184 2060 1253 polluuntur.

487 1289 641 1356 Quod
670 1296 793 1342 ante
823 1301 915 1356 per
936 1287 1011 1356 (α)
1047 1300 1234 1340 manus
1261 1281 1500 1351 patrilias
1531 1277 1860 1338 tradebatur,
1881 1285 1932 1328 et
1953 1274 2064 1327 sola

492 1382 741 1436 nobilitas
772 1377 1096 1450 possidebat,
1127 1390 1233 1445 quo
1263 1372 1463 1426 Consul
1491 1371 1684 1424 Marius
1705 1409 1721 1434 ,
1755 1367 1924 1420 victor
1949 1363 2060 1418 Nu-

489 1473 669 1529 midiil‘
694 1483 748 1526 ct
769 1468 1128 1526 Thentonum,
1153 1477 1312 1534 atque
1337 1464 1697 1521 Cimbrorum,
1725 1459 1792 1511 ob
1819 1455 2069 1526 ignobili-

493 1574 654 1619 tatem
694 1560 802 1634 [aL
844 1555 1147 1628 novitatem]
1192 1556 1406 1610 familiae
1449 1553 1737 1622 putabatur
1777 1547 2066 1617 indignus:

491 1654 631 1726 qttod
656 1653 831 1721 Scipio
859 1650 995 1702 ultra
1023 1663 1191 1701 annos
1217 1661 1311 1716 pro
1334 1645 1527 1698 virtute
1558 1641 1769 1706 meruit,
1791 1651 1932 1692 nune
1956 1636 2067 1690 sola

492 1744 675 1800 tuilitia
702 1740 972 1812 possidet,
997 1750 1049 1793 et
1079 1738 1162 1808 (ὁ)
1199 1737 1426 1806 agrestia
1451 1733 1650 1788 dudum
1688 1746 1936 1800 corpora,
1966 1728 2070 1782 ful-

491 1850 626 1906 gens
653 1834 823 1904 palma
851 1830 1170 1886 circumdat.
1217 1827 1342 1882 Plus
1379 1842 1506 1894 ergo
1535 1826 1840 1890 accepimus
1865 1863 1880 1884 ,
1913 1835 2069 1888 quam

493 1919 759 1974 dedimus.
790 1916 974 1970 Psnva
1020 1927 1319 1970 nttttsutus,
1357 1922 1406 1964 et
1450 1908 1668 1978 grandia
1708 1906 2064 1976 possidemus.

493 2008 861 2076 Ccntuplicato
895 2005 1100 2060 fanore.
1127 2001 1325 2056 Christi
1358 2000 1618 2070 promissa
1653 1998 1970 2050 redduntur.
2014 1993 2072 2047 lu

496 2100 585 2170 tali
615 2109 668 2153 et
697 2097 845 2152 Isaac
877 2094 1146 2166 quondam
1192 2106 1322 2161 agro
1362 2098 1596 2151 several,
1635 2089 1724 2156 qtti
1758 2095 1976 2155 paratus
2003 2085 2069 2138 ad

497 2199 723 2244 mortem
750 2226 767 2253 ,
797 2195 922 2242 ante
977 2182 1324 2254 Evangelium
1357 2221 1372 2247 ,
1418 2179 1792 2249 Evangelicam
1843 2177 2073 2247 portavit

497 2295 735 2335 crucem.

568 2373 624 2426 8.
659 2391 676 2423 ι
705 2371 763 2426 Si
793 2370 873 2424 vis
898 2410 914 2434 ,
940 2367 1112 2438 inquit
1137 2407 1151 2430 ,
1184 2363 1455 2435 perfectus
1480 2378 1601 2419 esse
1627 2406 1640 2428 ,
1669 2361 1804 2417 vade
1831 2370 1886 2418 et
1906 2361 2078 2418 vende

497 2464 676 2518 omnia
706 2478 825 2532 qua:
856 2461 1040 2524 habes,
1073 2467 1127 2512 et
1152 2457 1218 2510 da
1255 2456 1600 2524 pauperibus,
1632 2464 1684 2509 et
1716 2454 1861 2519 veni,
1889 2467 2079 2522 seque-

499 2571 559 2610 re
583 2570 668 2609 me
702 2573 721 2605 ι
757 2551 969 2624 (Matth.
997 2550 1082 2604 19.
1113 2549 1227 2618 2|).
1262 2548 1318 2601 Si
1351 2549 1431 2599 vis
1461 2545 1729 2614 perfectus
1757 2557 1898 2597 esse.
1928 2543 2080 2598 Sem-

501 2661 596 2716 per
621 2645 838 2716 grandia
863 2643 916 2697 itt
944 2641 1272 2695 audientium
1301 2645 1570 2708 ponuntur
1593 2634 1833 2690 arbitrio.
1870 2635 1934 2688 Et
1961 2634 2082 2689 ideo

503 2737 862 2808 virginitatem
894 2731 1185 2803 Apostolus
1211 2746 1314 2784 non
1359 2731 1618 2798 imperat,
1659 2728 1782 2796 quia
1826 2725 2083 2779 Dominus

503 2830 781 2899 disputans
816 2828 886 2881 de
916 2823 1380 2892 eunuchis,quise
1408 2829 1738 2875 castrassent
1764 2827 1981 2888 propter
2000 2832 2087 2872 re-

502 2936 605 2990 gna
630 2918 987 2982 cmlorum,ad
1015 2926 1313 2971 extremum
1347 2913 1551 2967 intulit:
1574 2931 1590 2963 t
1613 2913 1897 2980 Quipotest
1927 2925 2088 2980 cape-

503 3028 585 3078 re,
607 3012 780 3081 capiat
801 3027 821 3062 t
855 3007 1016 3079 (Ibid.
1043 3007 1183 3076 l2).t
1211 3005 1325 3061 Non
1348 3018 1431 3058 est
1455 3005 1595 3058 cuitu
1628 3002 1884 3065 volentis,
1913 3015 2088 3071 neque

507 3105 814 3168 curretttis‘,
845 3101 941 3155 sed
971 3099 1278 3153 IlliSCl't‘llliS
1309 3097 1398 3150 Dei
1437 3115 1455 3148 ι
1490 3095 1665 3168 (liam.
1694 3095 1747 3150 9.
1786 3093 1895 3165 16).
1923 3093 1979 3149 Si
2007 3095 2090 3150 vis

519 3193 788 3262 perlectus
808 3203 948 3243 esse.
979 3188 1092 3242 Non
1124 3188 1215 3240 tibi
1249 3189 1538 3254 imponitur
1567 3186 1880 3248 necessitas,
1908 3194 1965 3238 ut
1994 3199 2091 3240 vo-

520 3286 698 3338 luntas
728 3281 1004 3352 praemium
1046 3288 1420 3348 consequatur.
1458 3277 1514 3330 Si
1546 3277 1622 3330 vis
1648 3291 1778 3346 ergo
1811 3291 1932 3330 esse
1963 3291 2090 3345 per-

518 3373 712 3440 fectus,
740 3383 795 3425 et
818 3371 1094 3426 desideras
1120 3385 1240 3424 esse
1261 3369 1400 3438 quod
1433 3369 1713 3437 l‘mpbettc
1733 3410 1748 3433 ,
1771 3368 1912 3438 quod
1944 3371 2092 3437 Apo-

509 3464 656 3526 stoli.
673 3463 815 3533 quod
831 3463 1074 3517 Christus
1087 3469 1186 3523 est,
1207 3461 1396 3524 vende,
1416 3476 1518 3513 non
1542 3469 1742 3528 partem
1757 3461 2088 3526 substantize,

507 3571 579 3611 ne
618 3555 777 3609 timor
813 3557 1050 3623 penuria:
1092 3551 1420 3606 infidelitatis
1462 3551 1674 3605 occasio
1715 3551 1822 3612 sit,
1877 3560 1930 3603 et
1969 3564 2092 3604 cum

506 3647 713 3702 Attatiia
742 3653 797 3699 et
822 3641 1080 3713 Sapphira
1104 3657 1320 3711 pereas;
1350 3640 1440 3695 sed
1491 3640 1653 3711 399
1704 3641 1948 3694 universa
1974 3654 2093 3708 qure

507 3734 770 3807 possides.
820 3733 1061 3802 Cumque
1114 3731 1414 3785 vendideris
1445 3772 1458 3795 ,
1491 3733 1557 3784 da
1614 3731 1958 3800 pauperibus,
1987 3744 2093 3783 non

507 3827 882 3896 locupletibus,
906 3841 1011 3879 non
1038 3823 1302 3892 superbis.
1329 3823 1398 3876 Da
1422 3837 1530 3893 quo
1573 3824 1865 3877 necessitas
1884 3832 2095 3878 susten-

512 3927 674 3978 tetur.
704 3931 811 3971 non
833 3931 940 3985 quo
969 3925 1264 3986 augeantur
1293 3928 1442 3983 opes.
1475 3915 1712 3983 Cumque
1741 3913 1934 3981 legeris
1955 3913 2087 3967 illud

513 4008 758 4079 Apostoli
789 4025 801 4060 :
837 4025 855 4059 t
887 4007 1019 4061 Bovi
1079 4005 1346 4059 trituranti
1389 4019 1451 4058 os
1496 4021 1600 4057 non
1665 4004 1907 4071 alligabts
1937 4020 1950 4056 :
1986 4003 2052 4056 Et
2077 4045 2093 4070 ,

511 4101 710 4171 Dignus
726 4108 807 4153 cst
822 4098 1100 4168 operarius
1123 4096 1370 4150 mercede
1390 4111 1484 4149 sua
1500 4114 1516 4146 ι
1543 4094 1588 4166 (1
1611 4093 1731 4149 Cor.
1752 4095 1869 4159 9.9;
1887 4095 1936 4148 1.
1960 4093 2092 4148 Tim.

517 4195 571 4249 5.
608 4193 695 4261 18)
718 4209 732 4244 :
754 4192 840 4256 Et,
870 4209 889 4240 t
913 4189 1012 4256 Qtti
1027 4190 1227 4242 altario
1256 4189 1584 4252 ministrant,
1615 4186 1682 4240 de
1709 4187 1902 4240 altario
1927 4187 2097 4255 parti;

515 4283 761 4353 cipanlur
804 4299 824 4333 ι
861 4279 952 4352 (1.
984 4277 1104 4334 Cor.
1130 4279 1185 4334 9.
1213 4279 1355 4347 15);
1389 4287 1660 4331 memento
1690 4293 1903 4347 quoque
1941 4278 2097 4344 hujus

517 4372 797 4429 sententia:
827 4389 841 4424 :
880 4389 898 4422 t
936 4369 1204 4424 llabeutes
1234 4368 1430 4421 victum
1455 4376 1508 4420 et
1529 4367 1781 4420 vestitum
1802 4408 1816 4431 ,
1850 4367 1934 4421 bis
1961 4383 2094 4421 cou-

514 4467 644 4522 tenti
667 4478 852 4521 sumus
887 4481 907 4514 ›
941 4462 1017 4534 (1.
1047 4459 1178 4514 Tim.
1220 4459 1270 4514 6.
1301 4455 1379 4530 8).
1412 4456 1510 4512 Ubi
1542 4457 1740 4513 videris
1770 4457 1976 4512 fumare
2003 4473 2097 4527 pa-

513 4561 674 4626 tinas,
705 4569 760 4614 et
789 4555 1044 4612 Phasides
1070 4567 1198 4608 aves
1226 4551 1385 4606 lentis
1412 4551 1696 4618 vaporibus
1722 4549 1971 4620 decoqui,
2004 4553 2092 4605 ubi

514 4650 718 4719 argenti
745 4648 972 4718 pondus,
1008 4646 1096 4700 ubi
1124 4646 1195 4716 (ε)
1227 4642 1496 4699 ferventes
1521 4641 1764 4707 Manuos,
1794 4643 2095 4697 comatulos

583 4798 896 4863 (u)7Videndi
930 4797 1216 4863 Plutarchus
1250 4797 1301 4846 in
1334 4793 1704 4863 {farioucicero
1739 4792 1974 4863 Oratione
2009 4807 2096 4863 pro

518 4855 715 4914 Plancio
751 4867 803 4908 et
837 4859 903 4906 de
933 4859 1072 4906 Prov.
1100 4859 1243 4908 Cons.
1270 4871 1314 4906 c.
1349 4857 1477 4905 Vlll.
1505 4855 1759 4905 Sallustius
1781 4859 1828 4904 itt
1851 4855 2095 4918 Jugurtha

517 4939 624 4987 cap.
741 4927 898 4987 atque
920 4919 998 4968 alii
1020 4919 1104 4980 qui
1129 4919 1234 4968 haec
1259 4920 1432 4987 passim
1455 4919 1679 4987 exempla
1705 4926 1952 4987 enarraut.

585 4977 658 5046 '(b)
691 4977 928 5046 Nimirum
939 4993 1008 5046 _ea
1031 4977 1324 5046 tempestate
1349 4981 1526 5046 primas
1547 4978 1653 5026 fere
1676 4980 1964 5027 obtinebant
1988 4977 2098 5046 bar-

516 5041 651 5101 bavi,
677 5043 807 5092 unde
846 5043 894 5090 in
939 5041 1101 5088 Festis
1140 5041 1340 5101 barbara
1376 5042 1558 5101 passim
1603 5047 1861 5101 occurrunt
1888 5041 2097 5101 nomina

517 5097 764 5159 culinariu
786 5101 1061 5163 Consulatu
1079 5100 1324 5163 insignita.
1359 5097 1493 5163 Quod
1515 5101 1586 5146 ait
1606 5099 1793 5163 fulgens
1816 5099 1979 5159 palma
1999 5099 2097 5149 Cir-

523 5169 718 5220 ctmtdat
735 5200 749 5224 ,
778 5171 964 5212 vestem
991 5159 1244 5224 palmatam
1269 5159 1584 5224 sive__pa|nns
1607 5159 1918 5224 phrygionieo
1940 5174 2096 5224 opere

522 5221 798 5280 contextam
830 5221 1105 5285 signiﬁcat,
1149 5221 1416 5283 cuiusmodi
1449 5221 1498 5267 itt
1537 5221 1878 5270 Consularibus
1914 5221 2094 5284 aliquot

518 5291 766 5356 Dyptiqltis
789 5288 1072 5356 videre
1223 5355 1228 5356 γ
1258 5355 1261 5356 ν
1290 5355 1293 5356 ν
1342 5340 1390 5356 ω
1419 5341 1462 5356 η
1502 5355 1513 5356 ἡ
1560 5339 1588 5356 ν

582 5339 653 5415 (ἐ)
676 5339 892 5399 Veteres
924 5348 1041 5397 editi
1061 5381 1076 5405 ,
1096 5357 1153 5393 ac
1177 5340 1393 5415 nonnulli
1419 5341 1534 5415 Mss.
1560 5339 1668 5389 libri
1685 5342 1926 5414 ferventes
1953 5343 2094 5415 Buri.

519 5404 850 5465 chos'maunos
876 5422 893 5467 ;
916 5416 971 5458 ut
1000 5404 1178 5468 netnpe
1216 5404 1333 5466 quid
1367 5412 1535 5470 essent
1571 5404 1752 5470 trienni,
1793 5405 1922 5467 parvi
1958 5409 2091 5470 equi,

521 5464 772 5536 indicaret,
797 5464 1132 5536 not—ioreineo
1157 5464 1379 5536 tempore
1419 5464 1614 5536 [tui-ictu
1640 5464 1804 5536 vocem
1831 5464 2093 5536 nonnemo

517 5539 576 5587 ad
616 5527 884 5598 marginem
908 5530 1101 5586 addidit,
1123 5539 1245 5598 quae
1283 5535 1446 5598 postea
1484 5527 1532 5574 in
1558 5534 1745 5573 textum
1771 5527 1982 5598 irrtqsit.
2009 5527 2094 5598 list

519 5601 653 5649 enim
701 5589 950 5652 lﬁtriclttts,
989 5605 1082 5640 non
1123 5589 1389 5637 indumenti
1429 5599 1603 5652 genus,
1652 5601 1885 5652 nequea
1929 5589 2096 5652 Burris

517 5661 712 5710 Achaiae
735 5660 856 5706 urbe
879 5649 1138 5704 deductum
1163 5662 1357 5706 nomen,
1393 5658 1446 5696 ut
1478 5649 1670 5712 quidam
1697 5651 1742 5712 in
1767 5651 1870 5697 suis
1894 5651 2019 5699 notis
2043 5654 2093 5702 in

518 5709 648 5772 hunc
685 5721 841 5769 locum
871 5711 1248 5779 ,scrips_eye_,psed
1274 5718 1326 5779 ut
1355 5718 1555 5779 veteres
1574 5709 1757 5758 Iiuratii
1797 5713 2094 5779 interpretes

520 5771 764 5846 explicant
787 5782 835 5831 in
853 5771 992 5830 Odeu
1010 5771 1086 5826 21.
1111 5777 1191 5829 lib.
1227 5774 1266 5824 l.
1289 5771 1506 5836 Epodou.
1534 5773 1580 5822 4.
1608 5781 1753 5834 atque
1779 5771 2094 5836 alibi,'equus

1783 337 2022 404 S.\NCTI
2051 339 2430 396 lllEliONYMl
2471 355 2480 360 ·

3625 335 3730 392 6“

2162 465 2378 523 pueros,
2408 452 2670 522 pretiosas
2701 460 2897 517 vestes,
2929 451 3066 522 picta
3101 449 3317 520 tapetia,
3351 448 3423 503 ibi
3455 449 3732 515 ditior-est

2163 547 2412 614 largitore
2436 586 2452 610 ,
2499 543 2582 598 cui
2620 543 2946 612 largiendum
2977 554 3078 598 est.
3114 544 3253 597 PARS
3289 556 3581 597 SACRILEGII
3607 552 3690 596 est
3713 582 3730 605 ,

2163 651 2276 689 rem
2310 649 2600 703 pauperum
2630 633 2756 688 dare
2802 649 2907 687 non
2947 633 3288 702 pauperibus.
3319 631 3386 685 Et
3421 641 3599 686 tamen
3627 620 3734 687 non

2164 733 2246 778 cst
2281 725 2411 776 satis
2440 722 2676 790 perfecto
2704 733 2754 776 et
2785 733 3153 777 consummato
3202 723 3322 776 viro
3365 737 3498 790 opes
3541 733 3737 778 conte-

2165 834 2368 884 mttere,
2386 819 2667 887 pecuniam
2689 817 2970 885 dissipare,
2996 826 3050 870 et
3079 817 3340 884 projicere
3367 815 3507 882 quod
3535 817 3587 869 in
3620 831 3742 870 tuo-

2167 916 2346 963 mcnto
2373 918 2427 962 et
2455 906 2603 977 perdi
2631 950 2644 973 ,
2685 916 2741 961 et
2767 907 2990 961 inveniri
3023 916 3218 975 potest.
3251 905 3398 959 Fecit
3420 906 3523 959 hoc
3548 907 3738 962 Crates

2165 998 2472 1058 Thebanus,
2499 998 2621 1052 fecit
2649 997 2994 1050 Antisthenes
3019 1038 3033 1061 ,
3059 995 3303 1050 fecerunt
3326 997 3538 1065 plurimi
3566 1039 3581 1062 ,
3604 1012 3740 1066 quos

2166 1087 2542 1141 vitiosissimos
2573 1087 2818 1156 legimus.
2867 1087 2990 1140 Plus
3019 1087 3180 1141 debet
3210 1087 3408 1141 Christi
3441 1088 3742 1158 discipulus

2169 1188 2444 1247 pratstare,
2477 1194 2635 1248 quam
2661 1177 2843 1232 mundi
2871 1177 3251 1247 Philosophus,
3279 1178 3464 1247 gloriae
3489 1179 3688 1232 animal
3721 1220 3740 1245 ,

2167 1280 2220 1322 et
2246 1269 2516 1338 popularis
2544 1284 2692 1324 aurae
2712 1278 2873 1339 atque
2893 1283 3164 1322 rumorum
3187 1269 3377 1324 venale
3398 1270 3741 1339 mancipium.

2167 1358 2286 1414 Tibi
2318 1375 2423 1414 non
2452 1359 2653 1415 sufficit
2677 1374 2808 1430 opes
2837 1369 3206 1427 contemnere,
3237 1360 3340 1414 nisi
3364 1359 3634 1416 Christum
3658 1377 3748 1418 se-

2169 1451 2368 1519 quaris.
2400 1449 2674 1504 Cants'wI
2701 1464 2878 1505 Αυτιειι
2904 1452 3164 1520 sequitur,
3192 1450 3278 1519 qui
3309 1460 3528 1519 peccata
3555 1451 3744 1505 dimit-

2173 1544 2235 1594 tit
2261 1583 2275 1606 ,
2299 1551 2353 1595 et
2379 1545 2633 1594 virtutum
2663 1555 2844 1594 comes
2869 1550 2968 1594 est.
3007 1539 3280 1594 Christum
3308 1541 3509 1595 scimus
3533 1543 3748 1611 sapien-

2174 1635 2320 1687 tiam.
2357 1632 2451 1686 llic
2481 1632 2762 1685 thesaurus
2795 1632 2846 1686 itt
2877 1647 3006 1700 agro
3046 1631 3438 1700 Scripturarntn
3471 1634 3742 1698 nascitur,
3800 1613 3826 1664 ’ν

2173 1723 2286 1778 lucc
2313 1738 2518 1792 gemma
2551 1723 2730 1777 multis
2757 1725 2954 1778 emitur
2976 1725 3296 1793 margaritis.
3319 1723 3413 1778 Siti
3443 1734 3621 1779 autem
3653 1723 3748 1777 ad-
3802 1746 3805 1750 -

2172 1815 2436 1869 amaveris
2485 1815 2748 1882 captivam
2792 1814 3067 1868 mulierem
3094 1853 3108 1878 ,
3143 1814 3193 1867 id
3250 1823 3333 1868 est
3364 1854 3380 1880 ,
3423 1815 3749 1883 sapienttam

2174 1907 2485 1960 szecularem
2510 1946 2525 1972 ,
2555 1917 2606 1958 ot
2634 1906 2750 1974 ejus
2783 1905 3176 1975 pulchritudine
3199 1915 3385 1975 captus
3417 1907 3582 1962 fueris
3604 1947 3620 1972 ,
3649 1907 3749 1962 de-

2173 1999 2322 2051 calva
2347 2013 2465 2052 eam
2498 2039 2512 2062 ,
2549 2008 2603 2052 et
2631 1997 2910 2053 illecebras
2947 1999 3174 2052 crinium
3216 2010 3378 2070 atque
3439 2008 3749 2054 ornamenta

2177 2091 2460 2144 verborum
2490 2105 2610 2144 cum
2649 2091 2910 2145 emortuis
2948 2091 3212 2161 unguibus
3255 2107 3400 2146 seca.
3451 2091 3589 2147 Lava
3630 2107 3749 2148 eam

2177 2180 2478 2251 Prophetali
2508 2181 2669 2246 nitro,
2694 2189 2748 2235 et
2769 2192 2893 2235 tunc
2915 2183 3258 2253 requiescens
3282 2199 3401 2237 cum
3427 2183 3536 2250 illa,
3554 2183 3748 2239 dicito:

2183 2290 2203 2324 ι
2236 2272 2462 2327 Sinistra
2491 2271 2609 2341 ejus
2631 2273 2730 2326 sub
2755 2273 2933 2341 capite
2965 2288 3084 2327 tneo
3114 2315 3130 2338 ,
3169 2283 3224 2328 et
3253 2274 3438 2328 dextra
3469 2275 3608 2330 illius
3633 2289 3749 2328 am-

2181 2363 2486 2433 plexabitur
2515 2377 2601 2418 tne
2639 2381 2660 2416 ι
2707 2361 2898 2435 (Cant.
2919 2362 2976 2416 2.
3005 2363 3040 2417 6
3066 2362 3084 2434 )
3107 2405 3122 2427 ,
3154 2373 3209 2417 et
3253 2365 3447 2417 multos
3479 2365 3571 2418 tibi
3597 2366 3756 2419 fretus

2179 2453 2384 2521 captiva
2427 2451 2621 2517 dabit,
2667 2467 2729 2506 ac
2773 2452 2842 2506 de
2869 2452 3156 2507 Moabitidc
3193 2454 3456 2508 efficietur
3482 2452 3754 2509 lsraelitis.

2180 2543 2424 2596 Christus
2449 2542 2810 2596 sanctificatio
2835 2553 2920 2598 est
2946 2584 2962 2610 ,
2991 2543 3110 2598 sine
3135 2558 3237 2614 qua
3266 2560 3424 2599 nemo
3451 2545 3648 2600 videbit
3676 2544 3758 2599 fa-

2181 2635 2317 2688 ciem
2363 2633 2474 2688 Dei.
2513 2632 2758 2689 Christus
2805 2635 3102 2704 redemptio
3129 2676 3144 2702 ,
3179 2635 3316 2690 idem
3360 2640 3664 2705 redemptor
3704 2649 3758 2694 et

2184 2725 2436 2796 pretium,
2463 2725 2706 2780 Christus
2732 2727 2932 2792 omnia,
2958 2737 3013 2781 ut
3040 2731 3128 2798 qui
3161 2728 3336 2782 omnia
3367 2739 3580 2798 propter
3597 2728 3761 2785 Chri-

2183 2825 2322 2871 stum
2351 2815 2634 2880 dimiserit,
2665 2833 2828 2870 ttnum
2858 2821 3095 2872 inveniat
3120 2835 3218 2888 pro
3240 2819 3512 2884 omnibus,
3542 2831 3594 2873 et
3623 2835 3754 2888 pos-

2185 2908 2254 2962 sit
2270 2907 2434 2962 libere
2449 2910 2780 2976 proclamare
2801 2927 2812 2961 :
2839 2907 2971 2962 Pars
2993 2926 3101 2962 mea
3118 2908 3368 2962 Dominus
3386 2919 3402 2976 t
3417 2908 3502 2964 Ps.
3535 2911 3620 2964 72.
3643 2909 3758 2983 26).

2258 2999 2312 3053 9.
2341 2997 2527 3054 Sentio
2560 3008 2611 3053 te
2636 2999 2833 3054 divinis
2858 3000 3052 3056 ardere
3077 3001 3332 3056 doctrinis
3358 3043 3372 3064 ,
3419 3017 3517 3057 nec
3549 3004 3764 3057 temeri-

2188 3100 2296 3147 tate
2312 3091 2661 3162 quorutndam
2681 3091 2876 3148 docere
2897 3093 3038 3163 quod
3071 3093 3298 3158 nescias;
3318 3097 3412 3148 sed
3439 3106 3564 3150 ante
3589 3097 3768 3151 disce-

2190 3201 2270 3251 rc,
2291 3184 2434 3256 quod
2462 3186 2716 3240 docturus
2764 3183 2928 3256 [ιοο
2972 3188 3066 3240 sis.
3085 3187 3367 3256 Simplices
3395 3187 3640 3256 Epistolas:
3663 3199 3768 3244 tute

2188 3277 2335 3331 olent
2362 3275 2656 3344 Prophetas
2679 3315 2694 3342 ,
2725 3277 3014 3346 Apostuios
3045 3277 3280 3346 sapiunt.
3322 3277 3439 3332 Non
3467 3281 3767 3332 cothurna-

2190 3376 2298 3422 tam
2326 3367 2548 3423 affectas
2572 3367 2968 3438 eloquentiam;
2993 3383 3090 3423 nec
3116 3384 3264 3424 more
3293 3385 3578 3440 puerorum
3605 3387 3763 3440 argu-

2193 3467 2276 3512 tas
2324 3457 2672 3514 sententiolas
2715 3459 2767 3512 in
2813 3458 3072 3513 clausulis
3115 3461 3300 3516 struis.
3355 3459 3488 3518 Cl‘l‘O
3535 3476 3771 3517 TUBGENS

2193 3563 2377 3618 spuma
2406 3546 2660 3603 dilabitur
2688 3563 2704 3614 ;
2735 3556 2790 3602 et
2810 3549 3052 3616 quamvis
3078 3551 3293 3620 grandis
3317 3561 3522 3617 tumor,
3547 3564 3769 3606 contra-

2196 3641 2312 3693 rius
2337 3638 2553 3705 sanitati
2582 3647 2684 3692 est.
2719 3623 2920 3694 Scitum
2962 3651 3044 3695 est
3092 3641 3221 3695 illud
3263 3658 3477 3712 quoque
3513 3643 3770 3699 Catonis:

2200 3728 2295 3784 Sat
2313 3730 2434 3794 cito,
2453 3731 2496 3783 si
2518 3740 2597 3783 sat
2625 3729 2767 3784 bene.
2802 3749 2822 3782 ι
2857 3732 3008 3798 Quod
3041 3748 3140 3788 nos
3169 3735 3438 3802 quondam
3465 3734 3776 3793 adolescen-

2196 3821 2323 3886 tuli,
2347 3836 2469 3876 cum
2519 3837 2549 3874 a
2596 3821 2832 3892 perfecto
2859 3823 3083 3878 Oratore
3111 3825 3162 3878 in
3187 3824 3596 3882 Przefattuncula
3624 3828 3774 3884 dice-

2196 3921 2348 3967 retur
2369 3952 2385 3979 ,
2415 3913 2654 3967 risimus.
2693 3930 2715 3964 ι
2761 3913 3066 3968 Meminisse
3095 3923 3147 3970 te
3173 3924 3304 3988 puto
3337 3917 3538 3971 erroris
3561 3919 3728 3970 tnutui
3754 3959 3774 3986 ,

2197 4003 2409 4072 quando
2459 4018 2620 4058 omne
2670 4004 2987 4058 Athena-um
3043 4004 3500 4061 Scholasticormn
3554 4008 3778 4062 Vocibus

2196 4093 2526 4148 consonabat
2552 4111 2564 4146 :
2597 4093 2695 4148 Sat
2718 4096 2822 4148 cito
2853 4137 2868 4162 ,
2892 4097 2936 4149 si
2955 4106 3030 4148 sat
3052 4096 3192 4152 bene.
3223 4097 3428 4153 Felices
3450 4137 3469 4166 ,
3496 4099 3664 4167 inquit
3695 4099 3774 4169 (ά)

2199 4183 2393 4240 Fabius
2414 4227 2427 4248 ,
2454 4195 2637 4240 essent
2669 4197 2812 4240 artes
2834 4227 2848 4251 ,
2876 4188 2921 4241 si
2949 4187 3018 4242 de
3045 4190 3151 4244 illis
3177 4190 3276 4244 soli
3303 4188 3538 4243 artifices
3560 4189 3775 4259 judica-

2196 4289 2337 4330 rcnt.
2365 4277 2584 4331 Poetam
2611 4295 2716 4331 non
2752 4287 2926 4346 potest
2951 4295 3113 4337 nosse
3138 4322 3152 4345 ,
3180 4281 3278 4334 nisi
3310 4281 3401 4350 qui
3430 4294 3645 4334 versum
3681 4295 3779 4350 po-

2201 4374 2302 4420 test
2325 4376 2556 4422 struere.
2588 4367 2939 4437 Philosophus
2969 4386 3076 4425 non
3121 4370 3387 4440 intelligit,
3417 4370 3517 4423 nisi
3547 4370 3638 4438 qui
3667 4370 3775 4426 scit

2197 4456 2502 4529 dogtnatum
2535 4460 2844 4515 varietates.
2878 4461 3173 4516 Manufacla
3199 4471 3252 4516 et
3279 4461 3448 4514 oculis
3475 4460 3726 4529 patientia
3755 4501 3776 4530 ,

2199 4549 2365 4618 magis
2397 4550 2624 4618 probant
2649 4551 2902 4606 artifices.
2925 4551 3114 4607 Nostra
3138 4567 3291 4622 quatn
3318 4548 3395 4623 (1)
3423 4551 3552 4605 dura
3579 4549 3648 4604 sit
3679 4565 3778 4607 ne-

2197 4643 2424 4698 cessitas
2447 4683 2462 4709 ,
2493 4643 2614 4697 hinc
2635 4653 2791 4715 putes
2815 4646 3236 4700 animadvertere
3258 4684 3274 4711 ,
3301 4644 3442 4714 quod
3469 4643 3610 4714 vulgi
3635 4655 3784 4699 stan-

2197 4734 2324 4790 dum
2345 4745 2429 4791 est
2448 4734 2654 4806 judicio
2678 4777 2692 4799 ,
2718 4746 2780 4794 et
2817 4738 2910 4794 ille
2951 4739 3004 4793 in
3045 4738 3198 4793 turba
3233 4737 3584 4800 metuendus,
3621 4753 3780 4806 quem

2199 4842 2320 4882 cum
2374 4826 2571 4882 videris
2595 4829 2788 4896 solum,
2810 4829 3096 4898 despicias.
3143 4828 3256 4884 Hoc
3277 4830 3588 4897 praeteriens
3612 4828 3779 4896 tetigi,

2201 4929 2258 4974 ut
2279 4918 2502 4975 eruditis
2521 4929 2804 4975 contentus
2831 4920 3072 4988 auribus,
3098 4935 3204 4974 non
3234 4934 3560 4989 magnopere
3589 4933 3742 4973 cures
3765 4960 3782 4986 ,

2200 5009 2331 5080 quid
2361 5011 2732 5080 imperitorum
2762 5011 2830 5065 de
2860 5012 3072 5080 ingenio
3093 5019 3182 5063 tuo
3200 5009 3784 5079 rumuscnlijactitent;

2197 5101 2294 5169 sed
2324 5101 2716 5172 Prophetarum
2766 5103 3008 5171 quotidie
3061 5101 3324 5156 medullas
3347 5101 3536 5169 bibas,
3586 5101 3786 5158 Christi

2198 5202 2401 5264 mystes
2419 5235 2434 5258 ,
2464 5193 2893 5248 Patriarcharum
2925 5187 3252 5264 symmistes.

2271 5284 2356 5342 10.
2381 5286 2506 5342 Sive
2535 5286 2698 5356 legas,
2739 5286 2852 5340 sive
2881 5286 3107 5352 scribas,
3139 5286 3252 5340 sive
3274 5284 3484 5356 vigiles,
3516 5284 3628 5340 sive
3657 5281 3787 5340 dor-

2196 5479 2400 5532 parvtts,
2425 5479 2574 5532 quem
2612 5463 2838 5524 bardum,
2865 5470 2917 5532 et
2950 5461 3198 5532 burtdutn,
3227 5466 3291 5532 et.
3302 5460 3669 5532 burdqnemget
3691 5460 3786 5507 btt-

2199 5523 2395 5578 i'ichum'
2431 5523 2738 5575 nominarunt
2765 5538 2778 5572 :
2805 5523 2934 5573 uiide
2973 5531 3024 5572 et
3065 5530 3212 5572 vetus
3258 5523 3556 5573 Glossarium
3592 5531 3789 5572 Matuta:

2197 5589 2779 5652 pauetlattinterprctatur.
2805 5583 2997 5652 Virtus.
3024 5585 3258 5652 lsitlorum
3287 5587 3370 5634 lib.
3398 5585 3620 5652 i2._cap.A
3638 5583 3682 5630 1.

2289 5603 2300 5636 ἱ
2325 5614 2384 5644 ους
2409 5601 2540 5636 tuter
2574 5601 2779 5634 rotatur.
2813 5601 2918 5635 για.
2944 5601 2996 5632 δ.
3026 5601 3258 5632 tsruurum
3287 5601 3370 5634 ιιι).
3398 5601 3475 5632 tz.
3503 5601 3608 5644 cap.
3638 5601 3646 5630 π

2285 5616 2334 5708 (ἦ
2379 5649 2514 5697 Fabii
2541 5601 2742 5696 r'ictor'm
2759 5646 2881 5708 apud
2909 5644 3257 5708 Quintilianum
3281 5646 3524 5708 sententia
3552 5649 3646 5708 est.

2291 5703 2332 5775 l)'
2366 5703 2802 5775 Graviusmavult:
2822 5703 2937 5775 dira
2960 5719 2976 5755 :
3001 5720 3109 5754 cum
3148 5707 3447 5775 in.Epitap_h.
3474 5705 3638 5754 Paulae
3663 5710 3713 5775 et
3738 5703 3789 5752 in

2197 5767 2332 5824 ossa
2358 5773 2432 5821 13.
2462 5778 2513 5820 et
2538 5770 2747 5819 Abacuc.
2771 5768 2820 5818 5.
2851 5767 3010 5818 diram
3033 5767 3528 5818 necessitatem‘llier.
3555 5773 3715 5817 vocet.
