4146 6336
367 453 472 513 645

366 574 520 639 mias,
548 569 717 626 Amos
735 566 829 642 [aL
858 564 1024 640 amor]
1047 564 1142 622 tibi
1167 578 1382 637 semper
1401 563 1625 620 buccina
1651 562 1705 619 in
1730 561 1948 618 auribus

365 673 536 722 sonet.
585 662 684 719 Hic
718 662 880 716 lituus
920 661 1117 715 excitet
1156 658 1389 713 animam
1421 668 1564 714 tuam
1592 675 1606 712 :
1636 656 1739 714 hoc
1766 670 1952 710 amore

365 755 682 814 furibundus
714 795 731 822 ,
774 769 956 825 quaere
1005 753 1057 807 in
1099 751 1300 807 lectulo
1343 758 1437 806 tuo
1476 765 1636 820 quem
1679 747 1952 804 desiderat

365 853 538 908 anima
563 858 653 905 tua
679 847 851 920 (Cant.
880 847 935 902 5.
965 847 1042 917 l),
1065 855 1120 901 et
1140 845 1360 916 loquere
1386 843 1759 901 conﬁdenter:
1785 860 1804 894 ι
1839 841 1951 912 Ego

364 945 591 1012 dormio,
611 951 770 998 etcor
785 956 959 996 meum
974 940 1177 1012 vigilat,
1198 937 1424 1009 (lbid.5.
1445 937 1528 1009 2).
1547 935 1786 1007 Cumque
1802 935 1944 991 inve~

365 1037 506 1094 neris
534 1052 654 1092 eum
679 1045 735 1091 et
760 1033 1018 1098 tenueris,
1052 1047 1120 1088 ne
1146 1031 1409 1087 dimittas.
1433 1030 1503 1084 Et
1527 1029 1573 1084 si
1595 1027 1949 1100 pauxillulum

363 1127 672 1185 dormitanti
711 1127 928 1195 elapsus
970 1123 1132 1180 fuerit
1175 1138 1207 1178 e
1248 1123 1532 1190 manibus,
1560 1121 1670 1176 noli
1707 1120 1950 1191 protinus

364 1222 671 1292 desperare.
705 1218 976 1290 Egredere
1007 1219 1059 1272 in
1094 1217 1318 1288 plateas,
1347 1215 1534 1286 adjura
1567 1215 1704 1270 filias
1729 1213 1951 1270 Jerusa-

363 1316 464 1372 lem
490 1313 652 1386 (lbid.
678 1314 732 1369 5.
755 1312 836 1385 2),
868 1311 1106 1382 reperies
1134 1326 1257 1367 eum
1287 1310 1575 1366 cubantem
1603 1310 1657 1365 in
1682 1307 1906 1364 meridie
1929 1347 1945 1374 ,

364 1410 561 1466 lassum
584 1450 598 1474 ,
636 1407 843 1463 ebrium
863 1447 878 1473 ,
913 1405 1088 1460 noctis
1116 1419 1212 1459 ore
1237 1401 1595 1459 madefactum
1617 1443 1633 1470 ,
1662 1402 1804 1457 inter
1829 1414 1948 1471 gre-

363 1517 455 1574 ges
475 1500 759 1566 sodalium,
791 1499 844 1554 in
871 1507 1172 1554 aromatum
1208 1496 1553 1552 varietatibus
1579 1535 1594 1560 ,
1619 1495 1760 1550 inter
1786 1507 1946 1563 poma

364 1595 617 1667 paradisi.
647 1592 725 1649 Ibi
748 1593 799 1648 ei
827 1592 894 1648 de
925 1590 1246 1646 mammillas
1273 1599 1391 1644 tuas
1415 1587 1579 1660 (Ibid.
1609 1587 1662 1641 7.
1695 1585 1811 1656 l2),
1844 1599 1939 1640 su-

364 1699 453 1761 gat
475 1690 541 1744 de
561 1687 772 1744 erudito
804 1695 1046 1757 pectore,
1077 1684 1380 1753 requiescat
1407 1681 1548 1736 inter
1576 1678 1785 1735 medios
1819 1677 1944 1734 Cle-

364 1798 452 1838 ros
475 1823 490 1848 ,
521 1795 709 1852 pennae
746 1778 1009 1835 columbae
1038 1776 1397 1847 deargentatte
1422 1816 1438 1842 ,
1469 1782 1524 1830 et
1549 1773 1803 1828 interiora
1829 1771 1946 1841 ejus

365 1875 419 1930 in
443 1874 648 1944 fulgore
668 1871 782 1926 auri
803 1868 922 1943 (Ps.
943 1869 1031 1924 67.
1060 1868 1172 1938 14).
1203 1867 1464 1922 Parvulos
1487 1865 1588 1921 iste
1608 1872 1663 1920 et
1682 1877 1834 1934 puer,
1857 1861 1947 1932 qui

363 1966 556 2038 butyro
585 1973 638 2020 et
665 1962 823 2019 melle
854 1961 1130 2032 saginatur
1163 1959 1316 2030 (Isai.
1347 1959 1399 2012 7.
1426 1957 1544 2028 l5),
1573 1956 1663 2026 qui
1691 1954 1832 2009 inter
1859 1967 1948 2008 ca-

363 2069 542 2114 seatos
572 2056 806 2112 nutritus
828 2063 912 2110 est
937 2061 1170 2118 montes,
1200 2052 1308 2107 cito
1360 2049 1558 2106 crescit
1591 2049 1644 2103 in
1667 2047 1944 2118 juvenem,

362 2149 518 2222 401
593 2149 844 2206 velociter
894 2148 948 2203 in
998 2156 1050 2203 te
1083 2145 1265 2201 hostes
1294 2144 1506 2214 spoliat,
1559 2148 1770 2197 mature
1809 2154 1946 2211 prte-

362 2242 517 2296 datur
543 2241 882 2306 Damascum,
912 2247 968 2294 et
995 2252 1178 2308 regem
1203 2235 1368 2292 vincit
1399 2234 1708 2306 Assyrium,

431 2335 519 2388 ll.
550 2331 937 2388 Xenodochium
973 2338 1284 2384 exstructum
1311 2345 1343 2381 a
1371 2327 1636 2381 Pammac.
1669 2355 1741 2366 —
1769 2325 1949 2381 Audio
1991 2329 2000 2336 ’

361 2433 414 2479 te
439 2423 847 2479 Xenodochium
875 2421 930 2476 in
962 2428 1119 2489 portu
1165 2419 1357 2478 fecisse
1387 2432 1630 2483 romano,
1657 2425 1712 2472 et
1736 2416 1814 2491 (a)
1841 2418 1949 2472 vir-

358 2531 477 2586 gam
500 2515 567 2570 de
589 2515 782 2570 arbore
803 2511 1076 2567 Abraham
1103 2509 1158 2564 in
1184 2509 1423 2564 Ausonio
1448 2509 1719 2579 plantasse
1746 2508 1945 2565 littore.

357 2607 523 2676 Quasi
560 2605 762 2660 Encas
789 2616 926 2658 nova
957 2612 1133 2657 castra
1176 2599 1396 2657 metaris
1415 2640 1431 2667 ,
1461 2609 1516 2655 et
1555 2614 1721 2670 super
1746 2598 1946 2654 undam

356 2698 615 2770 Tyberis,
650 2697 741 2752 ubi
769 2696 891 2764 ille,
921 2703 1144 2766 cogente
1170 2694 1439 2766 quondam
1469 2693 1691 2764 penuria
1711 2733 1726 2760 ,
1753 2694 1948 2750 crustis

357 2789 608 2844 fatalibus
634 2799 689 2844 et
714 2788 930 2859 quadris
958 2787 1153 2857 patulis
1177 2797 1283 2842 non
1312 2787 1572 2857 pepercit,
1616 2795 1672 2842 tu
1714 2786 1948 2842 viculum

358 2891 622 2948 nostrum,
653 2880 707 2935 id
738 2889 842 2947 est,
871 2880 1088 2935 domum
1118 2881 1272 2950 panis
1303 2879 1632 2952 (Bethleem)
1661 2879 1896 2937 aediﬁcas
1929 2897 1944 2935 :

360 2983 412 3030 et
437 2974 742 3028 diuturnam
772 2972 967 3028 famem
993 2973 1269 3044 repentina
1301 2973 1582 3029 saturitate
1605 2987 1944 3046 compensas.

361 3063 433 3136 (ὁ)
463 3063 648 3134 Euge:
677 3073 862 3118 nostra
900 3063 1051 3119 initia
1095 3064 1524 3134 transgrederis;
1567 3073 1764 3121 statum
1799 3081 1947 3122 sum-

362 3171 506 3210 mum
536 3163 685 3210 tenes
711 3172 723 3208 :
748 3153 817 3209 de
842 3154 1024 3210 radice
1052 3156 1311 3226 pervenis
1325 3155 1394 3210 ad
1422 3170 1716 3222 cacumen;
1743 3158 1948 3228 primus

363 3243 501 3300 inter
546 3245 876 3314 monachos,
918 3245 972 3300 in
1015 3246 1187 3315 prima
1229 3246 1398 3315 urbe,
1444 3248 1674 3317 primum
1709 3250 1949 3320 sequeris

363 3338 738 3409 patriarcham.
767 3339 904 3408 Lot,
944 3340 1083 3410 quod
1117 3339 1210 3413 [al.
1246 3338 1353 3413 qui]
1385 3341 1769 3411 interpretatur
1791 3343 1948 3399 decli-

364 3447 510 3496 nam,
542 3433 862 3503 campestria
890 3433 1070 3504 eligat,
1100 3441 1155 3488 et
1176 3433 1327 3504 juxta
1355 3435 1674 3506 Pythagorae
1700 3437 1770 3507 (c)
1801 3437 1944 3493 litte-

364 3537 499 3590 ram,
516 3523 688 3579 facilia
715 3524 883 3595 magis
903 3539 966 3579 ac
985 3524 1201 3579 sinistra
1229 3532 1484 3580 sectetur.
1505 3525 1586 3582 Tu
1614 3527 1669 3581 in
1694 3527 1875 3584 arduis
1895 3536 1951 3584 et

365 3617 570 3672 saxosis
612 3632 732 3672 cum
770 3617 902 3672 Sara
932 3617 1026 3673 tibi
1057 3627 1462 3674 monumentum
1493 3634 1619 3688 para
1647 3618 1799 3691 (Gen.
1830 3621 1946 3692 23).

367 3706 526 3762 Juxta
573 3707 641 3761 sit
685 3709 872 3763 civitas
903 3708 1200 3764 litterarum
1222 3749 1237 3776 ,
1281 3707 1578 3778 deletisque
1610 3710 1911 3780 gigantibus
1933 3751 1948 3778 ,

365 3797 490 3854 filiis
515 3797 662 3855 Enac
691 3797 780 3876 [aL
816 3799 1074 3872 Enacim],
1108 3799 1474 3855 haereditatem
1503 3809 1669 3868 tuam,
1699 3801 1949 3871 gaudium

366 3903 420 3946 et
442 3893 582 3947 risus
607 3891 859 3962 excipiat.
889 3895 1047 3949 Dives
1075 3901 1192 3948 erat
1217 3891 1492 3948 Abraham
1517 3907 1667 3959 auro,
1703 3904 1948 3964 argento,

365 3996 579 4053 pecore,
622 3985 986 4053 possessione,
1012 3977 1250 4040 veStibus
1277 3983 1431 4054 (Gen.
1456 3983 1548 4055 24)
1577 4000 1592 4038 :
1622 3993 1822 4040 tantam
1850 3985 1949 4040 ha-

365 4072 526 4130 bebat
555 4075 829 4142 familiam,
864 4083 921 4130 ut
945 4075 1012 4131 ad
1039 4075 1247 4130 subitos
1268 4075 1503 4140 nuntios,
1529 4074 1817 4144 juvenibus
1841 4077 1950 4132 ele-

366 4166 462 4220 ctis
489 4181 698 4224 armare
719 4176 900 4238 posset
925 4168 1242 4234 exercitum,
1266 4176 1322 4223 et
1343 4176 1571 4238 quatuor
1616 4183 1790 4238 reges,
1815 4183 1950 4239 quos

367 4257 597 4327 quinque
641 4255 799 4328 reges
852 4258 1131 4328 fugerant,
1163 4259 1216 4312 in
1249 4258 1358 4314 Dan
1387 4267 1708 4314 consecutus
1737 4259 1948 4316 occide-

366 4358 480 4414 ret;
513 4360 566 4405 et
595 4359 773 4405 tamen
802 4359 924 4422 post
954 4360 1059 4406 tam
1099 4351 1289 4406 crebra
1329 4351 1709 4422 hospitalitatis
1735 4351 1906 4407 ofﬁcia
1928 4392 1944 4421 ,

366 4439 489 4494 dum
518 4456 623 4496 non
655 4441 850 4496 refutat
887 4442 1133 4498 homines
1158 4485 1173 4510 ,
1209 4443 1484 4514 suscipere
1523 4445 1718 4500 meruit
1757 4445 1943 4500 Deum.

365 4531 480 4589 Non
509 4535 678 4590 servis
699 4575 714 4600 ,
744 4543 800 4589 et
832 4536 1096 4590 ancillulis
1125 4536 1455 4604 imperabat,
1485 4544 1543 4591 ut
1581 4538 1950 4594 ministrarent

365 4625 684 4695 ltOSpitibus,
716 4638 818 4678 nec
841 4625 1039 4679 bonum
1064 4625 1203 4693 quod
1233 4627 1540 4694 exercebat,
1567 4641 1663 4696 per
1688 4627 1825 4682 alios
1851 4628 1950 4682 mi-

365 4717 516 4780 nuit;
545 4714 641 4769 sed
665 4713 818 4782 quasi
845 4725 1056 4782 reperta
1087 4716 1262 4783 praeda
1280 4755 1295 4781 ,
1327 4731 1448 4771 cum
1476 4717 1605 4773 Sara
1632 4733 1728 4773 sua
1757 4719 1950 4774 buma-

365 4805 520 4860 nitati
548 4803 698 4858 solus
735 4802 994 4857 incubuit.
1023 4803 1142 4873 Ipse
1182 4805 1346 4872 pedes
1381 4806 1529 4872 lavit,
1558 4809 1674 4876 ipse
1702 4808 1952 4878 pinguem

365 4897 590 4954 vitulum
639 4894 869 4966 portavit
907 4894 1146 4951 humeris
1175 4893 1544 4952 dearmento.
1572 4897 1733 4954 Stetit
1756 4908 1816 4957 ut
1840 4914 1954 4957 ser-

434 5095 497 5162 (a)
538 5097 788 5171 Arborem.
811 5095 943 5169 illam
982 5095 1277 5169 Xenodochii
1323 5097 1476 5182 instar
1509 5095 1677 5157 habet,
1723 5097 1817 5147 sub
1857 5112 1954 5188 qua

366 5160 627 5210 Abrahamt
651 5160 860 5222 hospitio
884 5164 1067 5222 exeipit
1092 5164 1196 5206 tres
1208 5156 1434 5222 Angelos
1458 5172 1508 5222 In
1531 5157 1672 5222 Valle
1695 5158 1913 5209 Mambre
1935 5198 1948 5222 ,

366 5236 424 5270 ac
445 5222 642 5283 Virgam
663 5221 727 5269 de
747 5218 830 5283 illa
845 5221 1040 5277 arbore,
1057 5218 1413 5283 xenodocliium
1427 5220 1486 5268 ad
1501 5221 1758 5283 Abrahami
1782 5218 1953 5272 exem-

367 5283 499 5346 plum
523 5281 892 5345 elegantissime
915 5288 1072 5339 vocat,
1088 5281 1218 5343 quod
1241 5281 1291 5330 in
1307 5281 1523 5333 Ausonio
1545 5281 1712 5334 littore
1733 5283 1952 5334 Pamma-

367 5345 508 5395 Chius
531 5350 838 5393 extruxerat.

436 5404 499 5473 (lg)
539 5406 847 5473 Martianzeus
871 5403 1002 5454 nullo
1026 5417 1194 5473 sensu,
1218 5406 1691 5473 Eugeggtosterhinc
1713 5413 1954 5470 transgre-

371 5465 521 5534 deris.
542 5468 852 5534 Yetustiores
874 5473 1036 5534 autem
1061 5465 1247 5534 vulgati
1271 5465 1459 5534 ac:_Ms.
1484 5470 1700 5534 quidam,
1724 5465 1956 5534 Euge'no-

370 5535 466 5580 ater
489 5528 626 5579 initia
657 5526 1014 5596 transgrederis
1035 5564 1060 5596 ,_
1075 5526 1202 5588 quod
1230 5527 1464 5596 explicari
1487 5526 1737 5596 commode
1771 5526 1952 5596 potest,

374 5604 504 5654 euge
543 5599 709 5656 noster
739 5589 997 5656 Abraham,
1023 5591 1128 5656 sive
1165 5591 1317 5656 nostri
1355 5593 1588 5656 temporis
1619 5589 1800 5644 Encas
1825 5609 1838 5656 ;
1864 5589 1953 5644 sed

370 5649 532 5702 nostra
554 5651 711 5712 initia,
738 5649 884 5713 longe
909 5651 1202 5699 concinniori
1237 5664 1405 5709 sensu,
1428 5649 1484 5700 ut
1506 5655 1652 5702 etiam
1691 5667 1754 5704 ex
1780 5649 1954 5707 conse-

372 5714 637 5776 quentibus
672 5713 828 5776 liquet
867 5713 1092 5776 duximus
1119 5714 1480 5776 reponendum.
1506 5713 1618 5763 Vid.
1655 5714 1777 5765 infra
1818 5733 1951 5768 num.

371 5772 451 5885 μ.
475 5775 562 5824 ubi
582 5774 646 5824 de
669 5772 982 5834 monasterio,
1005 5773 1136 5838 quod
1166 5772 1275 5836 ipse
1297 5772 1576 5826 Bethleemi
1597 5787 1814 5840 asperat
1835 5781 1952 5829 aedi-

391 5850 534 5885 reare.

391 5850 534 5888 tcare.

443 5897 505 5965 (c)
539 5897 776 5968 Nimirum
797 5897 858 5948 Y.
885 5898 1118 5960 litteram,
1143 5911 1238 5961 qua
1273 5899 1337 5952 de
1370 5898 1492 5950 infra
1513 5900 1729 5954 dicemus
1759 5903 1809 5954 in
1842 5903 1955 5968 Epi-

375 5958 558 6014 tola'atl
583 5958 782 6010 Laetam.
1020 5995 1034 6011 χ,
1104 5958 1110 5960 “
1161 5958 1177 5961 ⁷
1221 5977 1288 6007 ,ιιιι

852 5995 1234 6111 Histrorum.

1714 441 2047 537 EPISTULA
2084 442 2268 500 LXVI.

3542 460 3646 516 646

2055 568 2172 627 vus,
2198 562 2492 634 peregrinis
2512 564 2923 639 prandentibus,
2946 579 3002 628 et
3021 571 3170 630 Sarae
3195 575 3439 633 manibus
3460 587 3643 638 coctos

2054 653 2204 710 cibos
2224 654 2564 725 jejunaturus
2592 661 2860 730 apposuit.
3217 657 3224 662 “
3628 664 3629 667 “

2128 748 2216 803 l2.
2259 749 2385 806 Hace
2422 767 2648 821 moneo,
2683 753 2854 812 frater
2881 759 3157 817 carissime
3178 803 3194 831 ,
3232 763 3430 834 pietate
3458 781 3561 838 qua
3591 778 3644 826 te

2055 839 2256 912 diligo;
2288 851 2344 897 ut
2369 859 2476 899 non
2507 846 2680 901 solum
2711 849 3014 919 pecuniam,
3047 854 3140 908 sed
3173 855 3397 926 teipsum
3426 857 3645 918 Christo

2055 933 2248 990 ofl‘eras
2271 977 2286 1003 ,
2318 935 2549 992 hostiam
2594 938 2801 1006 vivam,
2851 952 3089 998 sanctam
3115 986 3130 1011 ,
3164 947 3458 1014 placentem
3495 952 3634 1018 Deo,

2055 1024 2370 1082 rationabile
2390 1027 2706 1098 obsequium
2731 1039 2877 1086 tuum
2904 1032 3082 1103 (Rom.
3109 1034 3195 1089 12.
3226 1039 3280 1108 1)
3308 1054 3322 1104 ;
3347 1049 3401 1095 et
3422 1041 3646 1100 imiteris

2056 1114 2220 1170 filium
2263 1117 2498 1174 hominis
2523 1161 2538 1186 ,
2568 1121 2658 1190 qui
2690 1138 2797 1176 non
2830 1126 2976 1179 venit
3004 1127 3337 1196 ministrari,
3365 1132 3459 1187 sed
3485 1134 3644 1188 mini-

2054 1213 2228 1260 strare
2247 1205 2461 1278 (Matth.
2476 1210 2566 1266 20.
2588 1209 2703 1283 28).
2724 1213 2788 1268 Et
2809 1218 2950 1285 quod
2990 1215 3151 1290 402
3191 1219 3494 1290 patriarcha
3510 1226 3644 1280 alic-

2055 1297 2159 1366 nis,
2180 1298 2282 1354 hoc
2305 1301 2580 1373 discipulis
2601 1313 2658 1360 et
2678 1308 2847 1364 servis
2866 1309 3117 1380 MagiSter
3133 1313 3373 1370 exhibuit
3391 1326 3444 1371 et
3462 1317 3644 1373 Domi-

2053 1405 2172 1446 nus.
2208 1411 2226 1444 ‹
2252 1392 2467 1450 Corium
2487 1411 2584 1467 pro
2601 1400 2770 1468 corio,
2790 1411 2845 1458 et
2860 1406 3037 1460 omnia
3057 1421 3176 1476 quae
3205 1408 3367 1465 homo
3383 1411 3642 1485 possidet,

2053 1484 2181 1542 dare
2209 1497 2383 1557 potest
2409 1505 2510 1560 pro
2533 1493 2710 1548 anima
2739 1511 2854 1550 sua.
2881 1497 2988 1554 Sed
3019 1509 3195 1573 tange,
3224 1521 3244 1555 ι
3271 1503 3441 1573 inquit
3460 1484 3647 1562 diabo-

2051 1575 2226 1645 bolos,
2257 1597 2277 1632 ι
2303 1593 2495 1636 carnes
2533 1583 2680 1653 ejus,
2713 1586 2812 1642 nisi
2843 1587 2894 1642 in
2915 1588 3100 1646 faciem
3129 1591 3466 1651 benedixerit
3501 1597 3595 1653 tibi
3619 1617 3640 1651 ι

2054 1669 2174 1741 (Job
2197 1671 2253 1725 2.
2281 1673 2338 1726 4.
2359 1674 2437 1742 5).
2483 1675 2597 1731 Scit
2623 1677 2792 1734 hostis
2813 1682 3093 1751 antiquus,
3145 1687 3320 1756 majus
3360 1691 3644 1747 continen-

2055 1762 2140 1818 tiae
2180 1779 2336 1834 quam
2370 1781 2712 1824 nummorum
2741 1786 2861 1827 esse
2902 1784 3196 1832 certamen.
3229 1778 3428 1836 Facth
3457 1798 3646 1838 ABJICI-

2052 1871 2192 1923 run,
2235 1859 2378 1929 quod
2431 1860 2598 1917 haeret
2649 1867 3022 1936 extrinsecus;
3076 1870 3390 1929 intestinum
3442 1875 3645 1932 bellum

2052 1949 2410 2018 periculosius
2436 1963 2538 2009 est.
2573 1954 2872 2026 Conjuncta
2909 1959 3319 2030 disglutinamus
3339 2006 3354 2032 ,
3385 1967 3534 2021 unita
3564 1969 3646 2024 di-

2053 2040 2349 2097 scindimns
2385 2042 2478 2117 [al.
2513 2046 2832 2121 dissuimus].
2869 2049 3125 2108 Zachacus
3153 2053 3304 2111 dives
3330 2067 3464 2124 erat,
3497 2059 3643 2130 Apo-

2053 2132 2175 2186 stoli
2206 2147 2489 2203 pauperes.
2518 2137 2772 2195 Reddidit
2795 2141 2886 2198 ille
2909 2143 3260 2217 quadruplum
3287 2150 3426 2219 quod
3452 2167 3646 2222 rapue-

2054 2233 2158 2293 rat,
2182 2224 2467 2298 divisitque
2489 2232 2812 2301 pauperibus
2835 2235 3177 2293 medietatem
3201 2241 3512 2299 substantiae
3532 2259 3644 2300 sua:

2054 2328 2175 2384 quae
2216 2329 2587 2388 remanserat;
2618 2325 2854 2393 suscepit
2879 2325 3147 2384 Christum
3179 2330 3468 2403 hospitem,
3500 2337 3645 2394 salus

2054 2404 2193 2502 facta
2222 2419 2305 2464 est
2334 2411 2520 2468 domui
2566 2414 2680 2485 ejus
2725 2417 2878 2489 (Luc.
2917 2420 3041 2492 ‘19);
3072 2432 3126 2479 et
3159 2433 3336 2482 tamen
3366 2431 3489 2499 quia
3517 2447 3644 2502 par-

2056 2499 2213 2554 vulus
2239 2511 2353 2556 erat
2371 2543 2388 2572 ,
2434 2514 2490 2559 et
2528 2509 2838 2576 apostolicae
2869 2515 3179 2582 proceritati
3208 2531 3266 2574 se
3294 2535 3403 2575 non
3432 2499 3646 2591 poterat

2055 2592 2344 2649 extendere
2367 2637 2382 2662 ,
2413 2610 2520 2652 non
2550 2597 2649 2655 fuit
2683 2600 2738 2656 in
2779 2602 3061 2662 duodecim
3099 2625 3325 2668 numero
3353 2615 3644 2685 Apostolo-

2053 2696 2195 2738 rum.
2223 2683 2467 2776 A_postoli
2491 2696 2670 2744 autem
2693 2702 2948 2761 quantum
2972 2697 3038 2752 ad
3059 2697 3272 2757 divitias
3297 2683 3448 2771 nihil,
3479 2721 3646 2776 quan-

2056 2780 2168 2828 tum
2197 2774 2270 2871 ad
2294 2777 2624 2836 voluntatem
2645 2823 2662 2851 ,
2692 2791 2862 2840 totum
2891 2788 3148 2846 mundum
3180 2795 3379 2863 pariter
3408 2774 3643 2871 relique-

2053 2872 2200 2920 runt.
2237 2864 2297 2920 Si
2337 2866 2627 2927 offeramus
2656 2870 2873 2932 Christo
2900 2892 3031 2949 opes
3061 2895 3182 2937 cum
3210 2885 3389 2941 anima
3417 2864 3601 2945 nostra
3626 2933 3642 2961 ,

2053 2953 2286 3054 libenter
2310 2962 2586 3032 suscipiet.
2617 2963 2674 3020 Si
2701 2975 2878 3023 autem
2911 2985 3030 3041 qum
3057 2973 3188 3030 foris
3212 2985 3336 3032 sunt
3364 2979 3498 3050 Deo,
3525 2953 3646 3054 quae

2052 3044 2198 3144 intus
2225 3059 2369 3144 sunt,
2402 3053 2617 3112 diabolo
2647 3057 2859 3129 demus,
2889 3078 2996 3118 non
3024 3076 3107 3121 est
3135 3082 3287 3139 aequa
3325 3044 3559 3144 partitio,
3592 3086 3648 3132 et

2053 3138 2248 3197 dicitur
2274 3143 2431 3201 nobis
2461 3163 2474 3200 :
2510 3166 2530 3201 ι
2564 3148 2755 3208 Nonne
2780 3154 2824 3208 si
2855 3165 3005 3212 recte
3031 3138 3249 3227 offeras,
3283 3138 3340 3219 et
3363 3180 3470 3222 non
3497 3138 3647 3226 recte

2053 3232 2278 3332 dividas,
2307 3242 2579 3325 peccasti?
2614 3262 2635 3297 ι
2673 3245 2878 3317 (Cenes.
2913 3251 2966 3306 4.
3001 3252 3054 3307 7.
3087 3269 3188 3311 sec.
3223 3256 3414 3332 LXX.)

2124 3331 2213 3386 15.
2240 3330 2393 3427 Quod
2422 3336 2622 3406 patritii
2649 3343 2864 3411 generis
2893 3342 2974 3417 (ά)
3002 3347 3208 3416 primus
3239 3335 3377 3408 inter
3393 3330 3644 3427 primos,

2052 3425 2350 3482 monachus
2375 3443 2497 3486 esse
2523 3434 2756 3503 ccepisti,
2789 3451 2895 3491 non
2927 3437 3021 3494 tibi
3049 3440 3120 3496 sit
3147 3445 3390 3513 tumoris,
3418 3449 3513 3504 sed
3545 3425 3648 3506 hu-

2053 3517 2296 3574 militatis
2333 3523 2583 3594 occasio,
2625 3527 2818 3584 scienti
2856 3530 3051 3588 Filium
3083 3535 3180 3591 Dei
3211 3537 3409 3595 factum
3449 3541 3645 3600 Filium

2055 3605 2307 3666 hominis.
2380 3612 2859 3684 Qumruucuuoue
2936 3631 2989 3680 te
3043 3625 3339 3696 dejeceris,
3396 3633 3648 3691 humilior

2055 3703 2269 3761 Christo
2295 3720 2404 3762 non
2432 3710 2560 3766 eris.
2590 3712 2742 3780 Esto,
2776 3715 2995 3770 incedas
3025 3719 3184 3774 nudis
3223 3722 3469 3792 pedibus,
3501 3725 3648 3784 fusca

2057 3796 2234 3852 tunica
2265 3799 2532 3865 vestiaris,
2562 3805 2794 3873 tequeris
2815 3808 3158 3877 pauperibus,
3187 3812 3404 3883 inopum
3425 3816 3649 3874 cellulas

2055 3887 2337 3959 dignanter
2363 3890 2628 3960 introeas;
2658 3909 2925 3952 caacorum
2961 3901 3154 3956 oculus
3189 3903 3264 3958 sis
3285 3945 3301 3971 ,
3331 3920 3522 3961 manus
3549 3909 3647 3964 de-

2054 3981 2274 4050 bilium,
2315 3997 2410 4054 pes
2451 3986 2805 4057 claudorum;
2851 3990 2969 4061 ipse
3012 4007 3204 4064 aquam
3253 4005 3470 4068 portes,
3508 3999 3652 4072 ligna

2054 4074 2308 4131 concidas
2330 4117 2346 4145 ,
2379 4076 2557 4133 focum
2587 4090 2837 4138 exstruas
2861 4124 2876 4151 ,
2915 4085 3005 4140 ubi
3036 4087 3288 4144 vincula?
3321 4090 3412 4146 ubi
3442 4092 3652 4164 alapae?

2055 4164 2147 4220 ubi
2185 4167 2378 4237 sputa?
2415 4168 2507 4224 ubi
2545 4167 2794 4242 ﬂagella?
2834 4173 2919 4228 ubi
2962 4178 3308 4246 patibulum?
3346 4181 3433 4237 ubi
3469 4183 3656 4242 mors?

2056 4259 2126 4315 Et
2180 4276 2302 4317 eum
2333 4263 2511 4318 omnia
2555 4280 2677 4336 qua:
2706 4267 2824 4323 dixi
2869 4268 3080 4339 feceris,
3112 4273 3180 4327 ab
3218 4275 3510 4333 Eustochio
3541 4288 3653 4347 tua,

2056 4353 2327 4426 Paulaque
2358 4357 2624 4427 vinceris,
2653 4362 2698 4416 si
2727 4376 2836 4417 non
2866 4376 3030 4434 Opere
3049 4406 3064 4432 ,
3097 4373 3152 4421 at
3178 4378 3326 4424 certe
3354 4383 3504 4425 sexu.
3538 4373 3652 4442 Ego

2057 4447 2270 4517 quidem
2295 4447 2480 4504 Romae
2506 4466 2612 4505 non
2641 4467 2811 4519 eram,
2845 4463 2900 4510 et
2925 4465 3050 4512 tunc
3078 4473 3165 4512 me
3195 4460 3408 4515 tenebat
3431 4476 3646 4520 eremus

2057 4539 2241 4611 (atque
2278 4541 2481 4597 utinam
2519 4544 2914 4617 p‘ertenuisset)
2939 4590 2953 4614 ,
2981 4549 3194 4618 quando
3223 4566 3412 4608 socero
3437 4563 3528 4610 tuo
3561 4557 3644 4612 vi-

2057 4639 2221 4686 vente
2237 4631 2312 4703 (e)
2330 4632 2573 4699 Toxotio,
2591 4636 2790 4689 saeculo
2803 4639 3127 4694 serviebant.
3147 4639 3255 4696 Sed
3269 4652 3443 4700 tamen
3459 4647 3641 4716 audio,

2057 4736 2177 4792 quas
2192 4722 2555 4779 immunditias
2567 4725 2859 4794 platearum
2897 4727 3056 4801 5.03
3096 4732 3237 4790 ferre
3252 4749 3358 4792 non
3375 4745 3643 4808 poterant,

2058 4830 2177 4886 quae
2204 4817 2572 4871 cunuchorum
2613 4817 2860 4877 manibus
2896 4824 3266 4894 portabantur,
3297 4839 3352 4884 et
3378 4830 3643 4903 inaequale

2059 4906 2232 4962 solum
2256 4906 2534 4962 molestius
2557 4910 3040 4982 transcendebant;
3063 4917 3256 4986 quibus
3283 4923 3453 4979 serica
3481 4927 3646 4983 vestis

2014 5070 2019 5080 __
2059 5001 2210 5056 oneri
2239 5008 2376 5068 erat,
2407 5009 2464 5057 et
2486 5001 2614 5058 solis
2639 5004 2787 5060 calor
2813 5005 3138 5077 incendium,
3173 5029 3316 5070 nunc
3352 5016 3644 5075 sordidata:

2059 5099 2114 5147 et
2141 5091 2430 5162 lugubres,
2464 5101 2518 5148 et
2545 5095 2628 5148 sui
2654 5099 3053 5166 comparatione
3093 5101 3392 5175 forticulze,
3434 5110 3518 5164 vel
3557 5111 3643 5164 lu-

2059 5200 2249 5242 cernas
2274 5187 2619 5259 concinnant,
2644 5190 2728 5246 vel
2754 5193 3087 5250 succendunt
3112 5196 3307 5265 focum,
3341 5202 3649 5269 pavimenta

2059 5287 2316 5345 verrunt,
2354 5279 2616 5336 mundant
2662 5282 2964 5353 legumina,
3007 5287 3212 5344 olerum
3261 5292 3544 5348 fasciculos
3591 5295 3645 5347 in

2061 5369 2355 5428 ferventem
2385 5373 2546 5429 ollam
2573 5373 2853 5445 dejiciunt,
2886 5390 3161 5451 apponunt
3188 5397 3419 5448 mensas,
3451 5384 3647 5439 calices

2128 5533 2210 5600 (ιζ)
2237 5532 2313 5583 Ex
2349 5533 2553 5584 Patritio
2588 5547 2779 5600 genere
2802 5539 2983 5600 primus
3004 5540 3134 5588 inter
3158 5538 3338 5600 primos
3362 5543 3470 5585 erat
3499 5537 3617 5600 Pam
3637 5563 3649 5577 ι

2059 5597 2293 5655 macbius,
2307 5603 2363 5659 ut
2378 5609 2524 5658 supra
2543 5610 2675 5645 num.
2697 5598 2746 5647 6.
2769 5597 2939 5648 iisdem
2960 5601 3125 5650 verbis
3142 5597 3490 5659 proditumest.
3509 5597 3649 5649 Adeo

2061 5660 2262 5722 minime
2285 5656 2451 5722 placet
2464 5697 2476 5714 ,
2510 5672 2621 5722 quae
2643 5659 2900 5722 hucusque
2925 5662 2971 5722 in
2994 5656 3205 5722 vulgatis
3227 5656 3362 5705 libris
3377 5656 3534 5722 lectio
3556 5662 3645 5722 9b-

2062 5721 2224 5791 tinuit,
2254 5717 2708 5791 u‘tLverbaiJrintus
2743 5717 2866 5771 inter
2890 5717 3159 5791 primos'ad
3197 5717 3452 5791 monachos
3490 5719 3650 5791 refer-

2061 5787 2250 5839 rentur,
2277 5781 2448 5846 vitiosa
2473 5781 2620 5831 etiam
2643 5781 3065 5846 interpunctione,
3088 5793 3232 5844 quam
3255 5781 3645 5846 emendavimus,

2063 5849 2115 5892 et
2134 5839 2400 5903 monachus
2421 5855 2507 5903 pro
2528 5839 3118 5892 monachos'restituimusI

2131 5901 2192 5969 (e)
2231 5901 2468 5969 'l‘oxo_tius
2503 5904 2591 5969 hic
2603 5905 2770 5969 senior
2794 5911 2887 5964 est,
2915 5906 2966 5953 S.
2995 5905 3162 5954 Paulae
3199 5904 3417 5967 maritus,
3444 5910 3496 5959 et
3517 5907 3650 5960 Pau-

2061 5963 2194 6028 linic',
2215 5973 2332 6012 aute
2351 5965 2660 6018 Pammachio
2681 5963 2933 6028 nupserat,
2959 5975 3115 6030 pater.

3023 6049 3447 6133 (Vingt-ame.)
