4146 6336
531 403 634 460 647

526 515 825 590 porrigunt,
865 511 1145 570 effundunt
1176 511 1348 580 cibos,
1379 511 1485 567 huc
1514 510 1742 582 illucque
1777 510 2104 566 discurrunt.

526 609 596 664 Et
624 615 767 664 certe
800 619 1024 677 magnus
1058 603 1321 676 virginum
1349 604 1546 660 chorus
1582 618 1703 659 cum
1741 602 1844 659 illis
1885 602 2111 658 habitat.

525 701 661 756 Num
693 697 1061 770 hujuscemodi
1091 697 1390 757 ministeria
1416 696 1534 752 aliis
1567 695 1834 767 imperare
1867 710 1977 752 non
2014 710 2112 766 po-

527 791 748 851 terant?
784 785 893 850 Sen
919 805 1130 849 uowur
1159 791 1301 848 vinci
1341 791 1408 846 ab
1451 789 1534 845 his
1573 789 1759 845 labore
1786 803 2070 859 corporum
2094 829 2111 855 ,

527 902 658 957 quas
684 887 813 957 ipsa:
834 893 1090 957 superant
1107 881 1305 940 virtute
1323 882 1505 938 animi.
1529 881 1657 937 Haec
1678 880 1819 950 dico,
1843 895 1950 936 non
1973 879 2116 952 quod

528 978 592 1033 de
638 976 832 1033 ardore
867 977 1064 1033 mentis
1106 986 1210 1032 tuae
1251 973 1539 1046 quidquam
1569 973 1845 1042 dubitem,
1885 973 1982 1029 sed
2009 987 2116 1044 quo

527 1077 833 1126 currentem
859 1068 1130 1140 impellam
1159 1111 1172 1136 ,
1202 1076 1255 1125 et
1280 1069 1476 1124 acriter
1501 1065 1779 1124 dimicanti
1799 1108 1814 1134 ,
1844 1064 2112 1123 fervorem

527 1161 602 1232 (ιι)
633 1158 833 1216 fervori
859 1176 1101 1231 augeam.

532 1286 545 1313 :-
597 1255 688 1309 14.
717 1253 997 1308 Μοηαειεν.
1022 1257 1083 1306 ab
1107 1250 1322 1306 Hieron.
1347 1251 1773 1308 exstruat—Nos
1793 1253 1847 1308 in
1869 1251 1971 1309 ista
1993 1261 2144 1322 pro-"'

525 1349 698 1404 vincia
737 1347 998 1404 aedificato
1042 1345 1403 1413 monasterio,
1453 1355 1508 1402 et
1549 1346 1847 1402 diversorio
1894 1354 2114 1417 propter

524 1450 831 1508 exstructo,
874 1456 941 1496 ne
984 1439 1120 1496 forte
1159 1449 1214 1493 et
1257 1439 1418 1494 modo
1457 1438 1654 1509 Joseph
1697 1453 1819 1494 cum
1864 1437 2030 1493 Maria
2060 1437 2114 1491 in

523 1535 799 1591 Bethleem
828 1531 1048 1589 veniens
1069 1573 1082 1598 ,
1113 1547 1220 1588 non
1260 1532 1493 1586 inveniat
1531 1531 1819 1600 hospitium
1848 1530 2002 1600 (Luc.
2029 1528 2110 1601 2),

524 1627 686 1682 tantis
724 1626 792 1682 de
837 1635 950 1682 toto
1001 1627 1131 1680 orbe
1179 1623 1572 1679 confluentibus
1619 1621 1790 1678 turbis
1836 1621 2114 1678 obruimur

522 1719 907 1777 monachorum
933 1737 948 1784 ;
978 1727 1034 1772 ut
1059 1732 1158 1773 nec
1180 1727 1415 1787 coeptum
1440 1732 1574 1787 Opus
1599 1716 1871 1782 deserere,
1900 1730 2000 1772 nec
2025 1729 2114 1771 su-

521 1829 617 1886 pra
643 1813 787 1868 vires
811 1811 950 1867 ferre
979 1812 1269 1867 valeamus.
1296 1809 1449 1866 Unde
1479 1809 1601 1880 quia
1633 1823 1769 1879 pene
1799 1807 1954 1864 nobis
1984 1806 2113 1863 illud

521 1905 590 1962 de
612 1903 908 1975 Evangelio
935 1903 1178 1973 contigit,
1213 1909 1271 1955 ut
1300 1901 1491 1957 futurae
1521 1901 1682 1956 turris
1708 1915 1813 1955 non
1841 1909 1966 1956 ante
1989 1915 2107 1970 sup-

518 2009 830 2071 putarcmus
855 2011 1126 2068 expensas
1153 1995 1306 2066 (Luc.
1352 1995 1468 2063 l4),
1497 1995 1765 2065 compulsi
1790 2009 1976 2050 sumus
2000 1992 2112 2049 fra-

519 2103 656 2148 trem
683 2085 1056 2148 Paulinianum
1092 2087 1157 2143 ad
1200 2088 1426 2159 patriam
1456 2088 1672 2142 mittere
1696 2128 1712 2154 ,
1741 2095 1798 2142 ut
1827 2086 2112 2142 semirutas

515 2183 760 2252 villulas,
803 2197 923 2252 qum
960 2181 1309 2238 barbarorum
1354 2178 1657 2250 effugerunt
1693 2194 1916 2245 manus;
1950 2178 2029 2251 (ὁ)
2056 2188 2111 2235 et

439 2343 446 2352 _
518 2285 798 2347 parentum
823 2275 1187 2331 communium
1211 2287 1407 2330 census
1437 2272 1730 2336 venderet,
1765 2287 1835 2328 ne
1871 2280 2110 2342 emptum

515 2367 832 2425 Sanctorum
864 2367 1222 2422 ministerium
1247 2366 1593 2434 deserentes,
1624 2366 1789 2420 risum
1833 2365 2109 2421 maledicis

515 2469 570 2518 et
593 2460 800 2516 tumulis
825 2459 1180 2532 prmbeamus.

587 2551 676 2607 15.
714 2549 773 2605 lu
802 2551 949 2606 calce
983 2548 1240 2621 Epistolas
1287 2548 1604 2604 recordatus
1644 2562 1796 2612 sum,
1838 2547 2110 2616 quadriga:

515 2651 732 2708 vestrae,
765 2653 820 2699 et
848 2644 1122 2714 proposito
1149 2645 1389 2715 quintam
1417 2642 1605 2698 deesse
1635 2641 1942 2706 Blaesillam,
1972 2656 2109 2709 pene

512 2734 711 2790 oblitus
735 2733 804 2790 de
826 2749 888 2790 ea
915 2735 1083 2805 loqui,
1111 2750 1229 2806 quae
1261 2734 1431 2806 prima
1469 2734 1536 2788 de
1575 2731 1728 2787 vobis
1772 2731 2108 2802 prreeesserit

511 2826 580 2882 ad
611 2827 918 2882 Dominum.
951 2825 1088 2883 Vere
1126 2842 1267 2882 nunc
1311 2827 1546 2897 quinque
1591 2824 1642 2879 in
1687 2834 1830 2890 tres,
1871 2839 1933 2878 ac
1974 2825 2107 2880 duas

511 2919 757 2974 videmus
787 2933 907 2975 esse
949 2919 1147 2975 divisas
1166 2961 1181 2986 ,
1221 2919 1315 2974 illa
1343 2933 1462 2974 cum
1499 2931 1689 2974 sorore
1717 2917 1936 2972 Paulina
1961 2917 2106 2973 dulci

509 3025 701 3069 somno
723 3011 938 3082 fruitur,
964 3022 1020 3069 tu
1040 3014 1266 3070 duarum
1292 3011 1526 3080 medius,
1548 3011 1616 3068 ad
1636 3011 1909 3068 Christum
1937 3011 2105 3068 levius

510 3106 835 3163 subvolabis.

974 3215 1308 3274 EPISTOLA
1347 3212 1540 3272 vau
1565 3214 1641 3286 (ι)

912 3345 1186 3386 Αυθυετωι
1227 3345 1295 3384 an
1333 3335 1697 3384 ntuuouvuui.

513 3421 884 3493 Hieronymum
919 3420 1084 3494 mh.
1119 3422 1404 3476 sciscitatur
1429 3421 1492 3476 de
1518 3421 1666 3475 titulo
1695 3421 1889 3493 vulgati
1913 3420 2102 3490 abipso

580 3515 699 3569 libri
711 3515 773 3568 de
786 3514 1130 3585 Scriptoribut
1148 3513 1544 3578 Ecclesiatticic;
1565 3513 1742 3568 tum-de
1756 3513 1912 3568 Petro
1927 3529 2100 3584 repre-

580 3607 740 3661 henso
765 3622 868 3660 non
895 3604 1206 3658 mendaciter
1235 3620 1264 3656 a
1290 3602 1489 3671 Paulo,
1510 3604 1648 3674 quod
1670 3606 1820 3659 etiam
1849 3604 2099 3674 superiori

579 3698 724 3768 epist.
750 3696 844 3753 56.
869 3697 1157 3767 quaesierat.
1184 3694 1448 3752 Postremo
1473 3696 1614 3766 petit,
1640 3701 1703 3750 irt-
1719 3712 1836 3768 qute
1857 3698 1964 3750 sint
1980 3695 2098 3752 Ori-

581 3789 726 3858 gem's
751 3789 1068 3860 aliorumque
1097 3787 1447 3842 haereticorum
1468 3797 1664 3855 errata,
1693 3789 1788 3842 sibi
1815 3789 2023 3843 indicet.

578 3883 808 3938 Domino
833 3881 1182 3937 dilectissimo
1197 3921 1212 3946 ,
1240 3888 1298 3936 et
1323 3879 1472 3934 cultu
1505 3880 1876 3936 sincerissimo
1893 3881 2092 3936 carita-

505 3977 575 4034 tis
600 3973 936 4032 observando
961 3982 1122 4044 sume
1157 3971 1541 4043 amplectende-
1571 3973 1721 4029 fratri
1749 3982 1806 4030 et
1831 3973 2094 4045 Come-

504 4091 724 4162 sbytero
755 4087 1101 4156 “renonum,
1132 4089 1487 4145 Auens-risus.

574 4185 632 4237 1.
669 4199 691 4233 ε
727 4182 912 4236 Habeo
935 4182 1194 4252 gratiam,
1223 4180 1366 4251 quod
1408 4189 1506 4250 pro
1548 4180 1845 4249 subscripta
1885 4177 2089 4237 saluta-

503 4273 686 4338 tione,
736 4273 948 4341 plenam
999 4273 1131 4326 mihi
1171 4271 1256 4344 (tt)
1301 4271 1598 4342 Epistolam
1642 4272 1958 4339 reddidisti,
1996 4271 2094 4329 sed

501 4366 812 4424 breviorem
838 4364 1010 4420 multo
1035 4377 1195 4434 quam
1223 4377 1292 4420 ex
1327 4371 1381 4418 te
1417 4363 1610 4418 vellem
1646 4364 1919 4434 suscipere
1941 4405 1956 4431 ,
1997 4363 2094 4421 tali

501 4458 644 4524 Viro,»
662 4469 700 4512 a
717 4471 849 4529 quo,
875 4463 1120 4527 tempora
1150 4454 1481 4526 quantalibet
1506 4456 1751 4525 occupet,
1779 4454 1954 4510 nullus
1979 4467 2094 4510 ser-

503 4563 594 4604 mo
645 4549 885 4618 prolixus
911 4556 1014 4605 est.
1043 4547 1358 4618 Quanquam
1403 4547 1582 4617 itaque
1617 4559 1716 4601 nos
1755 4547 2096 4617 negetioru‘m

503 4640 837 4706 alienorum,
867 4649 1162 4711 eorumque
1193 4637 1534 4694 saecularium
1556 4678 1572 4704 ,
1600 4637 1744 4692 curis
1769 4637 2090 4694 circumste"

505 4745 626 4787 mur
651 4732 952 4802 ingentibus
985 4747 998 4784 :
1028 4737 1213 4788 tamen
1236 4730 1495 4802 Epistolas
1527 4736 1641 4786 tuae
1658 4729 1908 4785 brevitati
1934 4728 2094 4786 facile

503 4835 612 4880 non
658 4826 1026 4895 ignoscerem,
1068 4825 1180 4879 nisi
1219 4826 1510 4892 cogitarem
1553 4827 1716 4893 quam
1753 4822 2096 4892 paucioribus

502 4916 682 4973 verbis
725 4916 860 4971 meis
905 4915 1240 4972 redderetur.
1284 4916 1458 4981 Quare
1504 4915 1830 4986 aggredere“,
1871 4921 2086 4986 quaeso,

498 5008 664 5063 istam
685 5004 959 5062 nobiseum
987 5007 1297 5063 litterariam
1324 5007 1754 5074 collocutionem,
1777 5009 2092 5064 πεωυιιῑοιιὶ

501 5098 568 5153 ad
594 5111 693 5154 nos
713 5096 1092 5169 disj‘ungendos
1121 5099 1279 5153 liceat
1303 5098 1559 5152 absentia:
1582 5101 1876 5167 corporali;
1923 5105 2090 5169 quan-

426 5184 442 5243 i
500 5205 664 5265 quam
706 5192 874 5249 simus
913 5191 968 5247 in
1008 5190 1238 5246 Domino
1283 5191 1500 5260 spiritus
1540 5192 1742 5246 unitate
1781 5191 2085 5262 conjuncti,

568 5327 636 5398 (ιι)
674 5329 833 5416 Bono.
843 5339 1006 5416 teque.
1015 5339 1167 5416 sensu
1189 5333 1392 5416 veteres
1417 5325 1547 5416 editi,
1560 5325 1794 5416 [eruerent
1815 5325 1974 5389 favore
1997 5340 2085 5378 au-

500 5388 658 5460 geim't,
682 5391 766 5442 alii
787 5388 935 5441 etiam
957 5388 1076 5440 Mss.
1103 5390 1338 5460 [eruerent
1361 5389 1547 5460 fervore
1569 5398 1789 5452 augeam.

570 5454 630 5522 (ὁ)
662 5453 918 5522 commoda
936 5465 992 5503 ac
1014 5451 1233 5522 perbelle
1257 5449 1473 5522 thtono
1497 5448 1748 5499 videbatur
1770 5451 2084 5522 quorumdam

501 5511 860 5582 exemplarium
880 5516 987 5565 haec
1016 5511 1168 5564 lectio
1187 5552 1200 5572 ,
1223 5521 1269 5563 et
1298 5517 1551 5582 parentant
1564 5512 1892 5582 conmunitum
1913 5511 2086 5582 habent

501 5574 704 5639 cineres,
730 5579 973 5639 venderet,
1001 5583 1128 5636 etc.,
1151 5588 1297 5639 quam
1321 5576 1370 5639 in
1381 5574 1745 5639 vetustioribus
1759 5574 1957 5635 quidem
1984 5575 2088 5639 vul-

498 5651 629 5704 gatis
651 5636 1075 5704 invenimus,'non
1097 5636 1262 5690 autem
1287 5640 1335 5687 in
1354 5636 1466 5685 Mss.
1482 5648 1685 5697 quorum
1708 5638 1892 5698 absque
1913 5636 2084 5688 suifra-

499 5703 581 5764 σὶο
605 5703 725 5753 nihil
753 5704 1003 5754 audemus.

561 5765 634 5873 (ἓ)
657 5765 784 5815 Alias
805 5767 883 5813 87.
908 5767 1096 5830 Scripta
1118 5765 1236 5816 circ.
1262 5776 1344 5812 an.
1369 5761 1478 5832 397.

567 5825 586 5873 (
624 5826 638 5873 l
678 5825 888 5873 Etatem
926 5844 1018 5873 non
1058 5828 1166 5873 tulit
1207 5827 1374 5873 isthmc
1413 5823 1694 5873 Hieronvmi
1735 5824 1810 5873 eni

567 5823 638 5896 (tt)
678 5823 1022 5896 Etatemnon'
1058 5828 1166 5877 tulit
1207 5827 1374 5896 istbzec
1413 5823 1694 5887 Hieronymi
1735 5823 1952 5887 epistola,
1999 5835 2083 5878 aut

501 5888 638 5938 certe
660 5888 869 5936 nondum
895 5891 944 5939 in
968 5892 1124 5940 lucem
1148 5891 1339 5953 [ηὐαὶη.

1824 393 2066 452 SANCTI
2105 389 2490 454 HIERONYMI

2126 5758 2127 5761 “
2191 5758 2290 5830 prae

3711 415 3813 471 648

2224 509 2434 568 etiamsi
2458 512 2526 570 ab
2553 515 2680 572 stilo
2703 517 3061 590 quiescamus,
3095 526 3259 594 atque
3285 528 3574 580 taceamus.
3602 523 3672 580 Et
3691 526 3810 587 libri

2223 608 2437 676 quidem
2480 624 2614 680 quos
2653 611 2722 668 de
2761 612 2955 672 horreo
3000 614 3278 672 Dominico
3320 615 3644 687 elaborasti,
3679 636 3815 692 pene

2225 709 2394 757 totum
2423 703 2577 760 nobis
2607 713 2659 761 te
2685 705 2956 764 exhibent.
3003 708 3060 766 Si
3103 710 3246 766 enim
3287 721 3572 782 promeres
3613 725 3666 772 te
3706 733 3812 772 non

2223 797 2495 867 novimus,
2525 799 2650 870 quia
2680 799 2872 859 faciem
2897 805 3140 874 corporis
3172 805 3248 861 tui
3277 820 3382 861 non
3417 807 3672 878 vidimus,
3714 810 3815 867 hoc

2223 893 2385 949 modo
2423 909 2527 952 nec
2559 895 2694 966 ipse
2716 905 2769 953 te
2808 888 2945 954 nosti
2979 917 2992 953 :
3023 913 3146 954 nam
3177 907 3232 956 tu
3261 915 3477 972 quoque
3519 917 3627 959 non
3665 904 3815 962 vides

2223 999 2364 1043 eam.
2395 985 2451 1042 Si
2478 994 2657 1043 autem
2685 987 2778 1043 tibi
2817 1004 2924 1046 non
2959 989 3028 1046 ob
3051 988 3197 1046 aliud
3240 1001 3400 1049 notus
3425 1007 3485 1050 es
3509 1036 3525 1062 ,
3557 995 3656 1050 nisi
3691 999 3810 1067 quia

2222 1079 2365 1135 nosti
2394 1080 2632 1154 animum
2664 1089 2810 1137 tuum
2846 1100 2858 1136 :
2889 1091 2946 1138 et
2959 1097 3058 1138 nos
3073 1098 3194 1139 cum
3211 1099 3320 1141 non
3337 1085 3682 1143 mediocriter
3713 1104 3808 1151 no;

2223 1170 2467 1226 vimusin
2486 1173 2681 1229 litteris
2709 1174 2832 1241 tuis,
2859 1174 3120 1245 in'quibus
3147 1175 3516 1233 benedicimus
3545 1179 3776 1236 Domino
3793 1222 3808 1247 .

2221 1265 2363 1334 quod
2409 1266 2533 1330 tibi,
2568 1276 2623 1323 et
2663 1267 2853 1334 nobis,
2897 1269 3251 1342 omnibusque
3291 1271 3549 1330 fratribus
3590 1274 3682 1346 qui
3723 1284 3808 1330 tua

2221 1355 2424 1427 legunt,
2455 1365 2504 1413 te
2532 1359 2690 1414 talem
2719 1359 2886 1416 dedit.
2934 1377 2956 1413 ι

2291 1447 2344 1502 2.
2380 1465 2399 1500 ι
2437 1447 2598 1506 Liber
2625 1451 2840 1521 quidam
2872 1461 3014 1520 tuus,
3049 1455 3188 1512 inter
3219 1464 3413 1513 caetera
3449 1473 3558 1515 non
3584 1459 3676 1516 diu
3706 1470 3806 1529 est,

2221 1541 2362 1610 quod
2384 1543 2530 1597 venit
2554 1543 2610 1598 iu
2635 1559 2824 1600 manus
2851 1555 3062 1602 nostras
3092 1565 3106 1602 :
3135 1564 3254 1618 qua:
3275 1549 3346 1604 sit
3367 1549 3484 1622 ejus
3509 1551 3806 1624 inscriptio,

2220 1635 2488 1691 nescimus
2511 1636 2703 1694 adhuc.
2733 1638 2846 1694 Non
2870 1641 3012 1696 enim
3036 1641 3140 1698 hoc
3159 1643 3326 1699 codex
3354 1645 3486 1714 ipse,
3514 1656 3571 1702 ut
3590 1649 3804 1716 assolet,

2219 1725 2274 1782 in
2317 1727 2546 1784 liminari
2591 1733 2774 1800 pagina
2819 1736 3200 1802 praetendebat.
3251 1739 3589 1810 Epitaphium
3633 1755 3805 1799 tamen

2219 1820 2476 1892 appellari
2524 1821 2732 1879 dicebat
2779 1824 2973 1894 frater,
3017 1829 3160 1898 apud
3198 1846 3359 1899 quem
3404 1833 3650 1889 inventus
3688 1844 3799 1903 est,

2218 1916 2361 1986 quod
2395 1917 2448 1973 ei
2485 1931 2681 1974 nomen
2713 1920 2804 1976 tibi
2845 1921 3108 1992 placuisse
3134 1934 3191 1981 ut
3220 1924 3522 1995 inderetur,
3553 1931 3802 1987 credere-

2218 2021 2360 2075 mus,
2384 2009 2429 2064 si
2450 2024 2636 2066 eorum
2667 2019 2867 2068 tantum
2915 2012 3076 2088 405
3123 2015 3400 2075 hominum
3427 2020 3508 2076 vel
3538 2022 3690 2088 vitas,
3718 2025 3802 2080 vel

2217 2100 2414 2172 scripta
2454 2102 2529 2172 (θ)
2572 2103 2642 2157 ibi
2681 2103 3028 2173 legissemus,
3058 2107 3153 2177 qui
3192 2108 3303 2177 jam
3332 2109 3565 2167 defuncti
3595 2125 3799 2171 essent.

2216 2191 2349 2248 Cum
2394 2207 2525 2250 vero
2569 2193 2862 2251 multorum
2890 2205 2944 2252 et
2968 2211 3034 2254 eo
3060 2206 3301 2268 tempore
3321 2217 3426 2272 quo
3447 2203 3798 2275 scribebatur,

2217 2297 2271 2343 et
2296 2302 2438 2344 nunc
2467 2304 2636 2361 usque
2661 2290 2983 2360 viventium,
3021 2292 3092 2347 ibi
3131 2304 3619 2354 commemorentur
3662 2314 3800 2369 opu-

2215 2380 2360 2436 scula
2378 2421 2394 2447 ,
2426 2381 2686 2437 miramur
2709 2396 2807 2437 cur
2843 2383 2990 2440 hunc
3017 2384 3068 2439 ei
3095 2384 3304 2441 titulum
3334 2387 3420 2442 vel
3448 2388 3800 2459 imposueris,

2215 2471 2299 2528 vel
2326 2473 2646 2543 imposuisse
2681 2473 2936 2532 crcdaris.
2977 2475 3178 2533 Tamen
3214 2477 3306 2551 [aL
3349 2479 3509 2554 Sane]
3542 2460 3799 2541 utilitera

2216 2571 2268 2619 te
2293 2567 2656 2635 conscriptum
2684 2567 2933 2623 eumdem
2961 2568 3156 2626 librum
3185 2572 3318 2632 satis
3345 2575 3725 2644 approbemus.
3774 2598 3793 2630 ι

2283 2659 2336 2714 5.
2373 2678 2391 2712 ‹
2419 2660 2477 2714 In
2503 2660 2838 2732 expositione
2862 2677 3074 2733 quoque
3103 2663 3358 2734 Epistolas
3383 2667 3532 2722 Pauli
3557 2669 3800 2740 Apostoli

2211 2749 2278 2804 ad
2301 2750 2535 2817 Galatas,
2564 2752 2867 2810 invenimus
2891 2755 3113 2826 aliquid,
3139 2757 3281 2826 quod
3310 2773 3408 2814 nos
3435 2761 3656 2817 multum
3685 2779 3798 2816 mo.

2211 2855 2353 2898 veat.
2401 2843 2458 2899 Si
2506 2845 2648 2900 enim
2695 2845 2763 2901 ad
2807 2846 3114 2918 Scripturas
3145 2858 3357 2906 sanctas
3406 2852 3641 2909 admissa
3681 2854 3797 2911 fue-

2210 2933 2356 3001 rint,
2388 2935 2459 3005 (ι’)
2489 2934 2636 2991 velut
2663 2935 2903 2993 ofﬁciosa
2933 2939 3209 2995 mendacia
3232 2980 3250 3006 ,
3276 2940 3403 3012 quid
3433 2941 3488 2997 in
3515 2944 3594 2998 eis
3623 2960 3797 3000 rema-

2210 3025 2358 3082 nebit
2400 3027 2769 3083 auctoritatis?
2811 3029 2941 3096 Quae
2992 3030 3206 3088 tandem
3251 3031 3322 3089 de
3361 3034 3648 3105 Scripturis
3693 3037 3796 3094 illis

2208 3119 2472 3175 sententia
2503 3119 2832 3190 proferetur,
2865 3121 3019 3193 cuius
3044 3123 3284 3193 pondere
3311 3127 3658 3184 contentiosae
3690 3128 3794 3184 fal-

2206 3210 2382 3267 sitatis
2424 3211 2709 3268 subruatur
2755 3213 2845 3288 [δι.
2892 3215 3152 3290 obrutam]
3203 3218 3557 3291 improbitas?
3601 3203 3802 3279 Statim.

2205 3304 2351 3360 enim
2377 3314 2433 3358 ut
2457 3305 2768 3375 protuleris,
2799 3307 2841 3362 si
2869 3307 3026 3364 aliter
3047 3311 3210 3381 sapit,
3242 3313 3338 3382 qui
3358 3323 3540 3368 contra
3571 3315 3790 3383 nititur;

2204 3395 2348 3453 dicet
2373 3398 2502 3454 illud
2529 3400 2670 3470 quod
2701 3401 2966 3472 prolatum
3002 3404 3125 3472 erit,
3153 3404 3384 3462 honesto
3411 3407 3592 3478 aliquo
3614 3407 3792 3465 ofﬁcio

2203 3491 2526 3563 scriptorem
2548 3490 2715 3550 fuisse
2745 3497 3047 3552 mentitum.
3076 3495 3180 3554 Ubi
3206 3500 3350 3554 enim
3371 3499 3475 3555 hoc
3501 3517 3610 3556 non
3635 3513 3790 3572 pote-

2203 3586 2292 3653 rit,
2315 3585 2360 3639 si
2384 3585 2558 3656 potuit
2582 3585 2634 3640 in
2662 3601 2724 3643 ea
2747 3589 3076 3658 narratione,
3094 3605 3254 3661 quam
3267 3607 3493 3648 exorsus
3505 3594 3794 3664 Apostolus

2203 3681 2278 3736 ait
2308 3698 2322 3734 :
2358 3681 2486 3747 Quae
2508 3688 2679 3736 autem
2704 3682 2868 3737 scribo
2891 3682 3050 3752 vobis,
3081 3699 3193 3738 ecce
3214 3699 3386 3740 eorum
3419 3685 3528 3740 Deo
3551 3688 3671 3757 quia
3688 3703 3790 3741 non

2202 3774 2415 3830 mentior
2444 3774 2589 3845 (Gat.
2617 3777 2670 3831 1.
2703 3773 2819 3848 90),
2846 3776 2992 3832 credi
3021 3776 3384 3849 affirmarique
3424 3781 3697 3847 mentitus,
3724 3794 3790 3836 eo

2202 3867 2322 3925 loco
2347 3867 2439 3923 ubi
2469 3868 2602 3923 dixit
2633 3869 2704 3924 de
2741 3867 2901 3924 Petro
2941 3877 2994 3924 et
3033 3869 3315 3926 Barnaba:
3350 3869 3518 3938 Quum
3545 3871 3790 3938 viderem,

2198 3961 2318 4032 quia
2365 3975 2474 4015 non
2510 3968 2640 4016 recte
2671 3959 3080 4030 ingrediebantur
3103 3961 3174 4016 ad
3202 3963 3458 4018 veritatem
3483 3963 3790 4035 Evangelii?

2201 4052 2343 4124 (Gal.
2375 4051 2430 4106 2.
2460 4053 2584 4124 14).
2627 4053 2683 4108 Si
2721 4052 2866 4108 enim
2907 4061 3055 4110 recte
3093 4054 3529 4124 ingrediebantur
3557 4056 3656 4122 illi,
3688 4057 3788 4112 iste

2200 4145 2458 4202 mentitus
2481 4153 2583 4201 est.
2621 4144 2681 4202 Si
2717 4152 2897 4201 autem
2935 4145 3007 4200 ibi
3048 4147 3305 4202 mentitus
3329 4155 3414 4203 est
3435 4189 3451 4214 ,
3481 4149 3572 4203 ubi
3602 4163 3788 4204 vertam

2199 4237 2369 4294 dixit?
2406 4240 2489 4294 An
2527 4238 2600 4294 ibi
2631 4253 2816 4296 verum
2848 4237 3050 4296 dixisse
3073 4239 3362 4307 videbitur,
3383 4240 3472 4295 ubi
3501 4240 3605 4296 hoc
3629 4241 3788 4296 dixe-

2198 4330 2292 4399 rit,
2319 4330 2466 4402 (μιοὰ
2520 4330 2691 4387 lector
2742 4329 2918 4402 sapit?
2959 4329 3095 4387 Cum
3140 4345 3278 4388 vero
3331 4340 3518 4388 contra
3562 4346 3785 4386 sensum

2199 4423 2418 4480 lectoris
2446 4423 2644 4495 aliquid
2671 4425 2964 4482 occurrerit
2987 4466 3002 4493 ,
3038 4423 3284 4482 ofﬁcioso
3309 4424 3586 4480 mendacio
3611 4424 3785 4494 depu-

2201 4515 2438 4572 tabitur?
2473 4515 2592 4571 Non
2618 4517 2762 4573 enim
2785 4518 2978 4575 deesse
3015 4525 3267 4588 poterunt
3295 4530 3469 4572 causae
3491 4555 3513 4582 ,
3541 4531 3637 4571 cur
3667 4516 3785 4570 exi-

2197 4609 2446 4665 stimetttt'
2477 4623 2587 4665 non
2625 4609 2802 4665 solum
2840 4611 3098 4681 potuisse,
3127 4623 3311 4664 verum
3337 4607 3507 4663 etiam
3528 4607 3784 4664 debuisse

2197 4698 2438 4766 mentiri,
2457 4698 2650 4755 sibuic
2667 4701 2864 4771 regulae
2883 4701 3196 4757 conceditur
3214 4699 3382 4754 locus.
3410 4697 3528 4754 Non
3547 4713 3684 4768 opus
3703 4707 3786 4754 est

2198 4794 2340 4850 hanc
2380 4807 2600 4849 causam
2650 4794 2835 4850 multis
2874 4793 3060 4850 verbis
3083 4807 3262 4863 agere,
3309 4795 3610 4863 presertim
3642 4792 3784 4861 apud

2196 4893 2282 4954 te,
2307 4886 2396 4942 cui
2418 4885 2690 4956 sapienter
2716 4885 3020 4956 providenti
3041 4885 3246 4940 dictum
3268 4886 3526 4941 estsatis.
3571 4884 3784 4954 Nequa-

2195 4992 2356 5050 quam
2370 4993 2497 5035 vero
2511 4978 2643 5033 mihi
2666 4979 3047 5050 arrogaverim,
3062 4986 3121 5032 ut
3140 4977 3414 5048 ingenium
3434 4985 3580 5032 tuum
3605 4977 3784 5032 divino

2193 5073 2338 5130 dono
2362 5087 2608 5138 aureum,
2633 5073 2770 5129 meis
2793 5072 2969 5128 obolis
2991 5072 3163 5127 ditare
3191 5071 3516 5128 contendam
3540 5088 3678 5127 inec
3703 5082 3779 5126 est

2194 5169 2473 5239 quisquam
2503 5176 2555 5222 te
2581 5167 2748 5236 magis
2772 5167 3016 5232 idoneus,
3037 5166 3125 5236 qui
3149 5178 3284 5236 opus
3312 5165 3450 5221 illud
3473 5168 3741 5221 emendet.
3759 5185 3776 5218 ›

2264 5259 2318 5314 4,
2367 5277 2388 5310 ε
2409 5257 2602 5328 Neque
2623 5257 2765 5312 enim
2792 5272 2821 5311 a
2850 5272 2936 5312 me
2971 5257 3245 5312 docendus
3277 5271 3368 5324 es,
3397 5257 3667 5328 quomodo
3699 5258 3780 5312 in-

2196 5349 2461 5422 telligatur
2480 5390 2494 5415 ,
2522 5348 2666 5420 quod
2695 5349 2833 5403 idem
2877 5347 3007 5401 dicit
3037 5366 3048 5401 :
3084 5345 3276 5401 Factus
3311 5363 3422 5401 sum
3447 5347 3644 5403 Iudaeis
3671 5357 3783 5402 tan-

2191 5460 2344 5513 quam
2366 5442 2605 5506 Judwus,
2636 5451 2688 5496 ut
2715 5439 2926 5495 Iudicas
2952 5438 3308 5510 lucrifacerem
3336 5441 3411 5512 (l.
3436 5439 3553 5496 Cor.
3585 5441 3637 5496 9.
3665 5441 3780 5511 20),

2193 5545 2248 5593 et
2270 5544 2460 5591 caetera
2485 5547 2602 5604 quae
2627 5532 2699 5588 ibi
2721 5532 2972 5588 dicuntur
2993 5546 3347 5589 COIPASSIONB
3375 5533 3778 5600 misericordiae,

2259 5703 2318 5813 (εἰ)
2357 5702 2590 5751 Voculam
2618 5700 2703 5759 ibi,
2729 5715 2873 5764 quam
2899 5702 3140 5753 Victorius
3161 5716 3192 5753 e
3229 5702 3347 5754 Mss.
3374 5704 3710 5766 suppleverat,
3735 5707 3784 5752 et

2259 5781 2290 5813 Β
2314 5773 2458 5813 erunt
2502 5765 2615 5812 libri
2659 5775 2864 5813 omnes.
2906 5764 3210 5813 Martianmus
3243 5771 3352 5813 nost
3391 5766 3643 5813 Erasutum
3689 5779 3779 5813 ex-

2314 5768 2458 5814 ierunt
2502 5765 2615 5812 libri
2659 5775 2864 5822 omnes,
2906 5764 3210 5816 Martianmus
3243 5771 3352 5829 post.
3391 5764 3643 5816 Erasututu
3689 5779 3779 5814 ex-

2191 5830 2418 5893 pulllillzu
2475 5887 2485 5893 _
2587 5886 2595 5893 1
2643 5870 2664 5884 ,

2260 5888 2324 5950 (fl
2367 5886 2489 5937 Illud
2526 5886 2649 5938 velut
2674 5887 2920 5939 Victorius
2945 5897 2998 5941 ut
3018 5891 3320 5949 wpertluum
3342 5891 3536 5941 amovit.
