4146 6336
538 398 641 455 651

538 509 795 584 (quando
851 522 920 581 ne
959 507 1105 577 ipsos
1133 505 1365 578 quidem
1413 506 1824 576 praetermittere
1859 507 2114 575 volueris,

533 606 883 674 subjungeres
909 601 1068 656 etiam
1096 599 1151 655 in
1198 599 1393 671 quibus
1426 598 1650 655 cavendi
1689 608 1872 656 essent
1901 617 1914 653 :
1948 614 2117 671 quan-

532 712 692 767 quam
721 695 1007 751 nonnullos
1032 695 1193 750 etiam
1226 692 1655 764 prmtemiseris,
1686 692 1831 763 quod
1856 692 1994 748 seire
2021 707 2116 747 cu-

508 776 737 858 perem,
765 801 871 857 quo
897 785 1123 841 consilio
1152 786 1348 841 factum
1378 786 1467 842 sit.
1497 786 1602 840 Aut
1628 784 1673 839 si
1705 784 1832 839 illud
1861 783 2112 839 volumen

527 881 666 934 forte
709 893 934 934 onerare
979 876 1218 953 noluisti,
1248 887 1304 949 ut
1347 875 1781 932 commemoratis
1823 874 2109 942 haereticis,

528 985 638 1025 non
673 968 922 1033 adderes.
958 970 1011 1023 in
1046 968 1237 1040 quibus
1278 982 1372 1024 eos
1416 967 1685 1023 Catholica
1725 965 1990 1022 damuarit
2012 981 2110 1021 au-

527 1059 778 1125 ctoritas,
825 1074 1005 1130 quaeso
1049 1075 1119 1115 ne
1168 1073 1327 1130 grave
1371 1058 1444 1112 sit
1492 1056 1753 1113 litterario
1780 1055 1948 1111 labori
1997 1064 2108 1124 tuo,

526 1167 634 1223 quo
660 1167 765 1207 non
793 1151 1136 1208 mediocriter
1163 1165 1258 1220 per
1287 1148 1498 1206 Domini
1542 1148 1640 1204 Dei
1681 1147 1851 1202 nostri
1886 1148 2108 1218 gratiam

526 1247 583 1300 in
636 1246 799 1301 latina
828 1246 1006 1315 lingua
1051 1252 1356 1298 sanctorum
1396 1240 1571 1299 studia
1614 1250 1669 1296 et
1713 1239 2002 1297 accendisti
2054 1245 2112 1296 et

523 1338 806 1409 adjuvisti,
848 1337 900 1392 id
937 1335 1078 1408 quod
1125 1335 1218 1390 tibi
1259 1348 1354 1404 per
1395 1318 1748 1411 humilitatem
1785 1347 1958 1389 meam
2002 1331 2110 1387 ira-

523 1442 676 1488 terna
701 1434 895 1489 caritas
921 1430 1128 1497 indicit,
1161 1438 1219 1489 ut
1246 1428 1295 1485 si
1322 1428 1703 1498 occupationes
1741 1435 1845 1482 tua:
1887 1427 2106 1493 sinunt,

521 1527 761 1582 omnium
794 1526 1165 1581 haereticorum
1194 1537 1444 1592 perversa
1464 1521 1737 1592 dogmata,
1770 1518 1863 1590 qui
1889 1519 2108 1574 rectitu-

520 1620 703 1676 dinem
757 1618 878 1675 lidei
920 1616 1226 1673 christiana:
1271 1612 1551 1685 usque-ad
1597 1613 1700 1667 hoc
1742 1620 1988 1681 tempus,
2022 1608 2105 1666 vel

518 1714 893 1786 imprudentia,
918 1712 1002 1769 vel
1043 1708 1331 1782 imperitia,
1363 1708 1448 1763 vel
1484 1705 1790 1778 pervicacia
1813 1704 2108 1775 depravare

516 1810 692 1864 conati
721 1817 870 1874 sunt,
897 1806 974 1877 (a)
1006 1820 1114 1861 uno
1144 1803 1326 1859 libello
1353 1800 1594 1857 breviter
1621 1799 1828 1871 digesta
1854 1796 1983 1853 edas
2004 1837 2022 1864 ,
2052 1796 2105 1851 in

515 1901 760 1956 notitiam
788 1913 1012 1960 eorum,
1054 1895 1250 1967 quibus
1287 1903 1379 1950 aut
1415 1908 1523 1950 non
1555 1900 1707 1948 vacat
1744 1899 1965 1961 propter
2001 1888 2104 1943 alia

513 1993 748 2064 negotia,
778 2001 870 2046 aut
898 2006 1008 2046 non
1031 1988 1211 2044 valent
1231 1994 1451 2057 propter
1475 1985 1704 2040 alienam
1738 1983 1973 2053 linguam
1996 1990 2102 2035 tam

513 2085 678 2138 multa
705 2085 885 2155 legere
924 2091 1087 2153 atque
1119 2094 1464 2151 cognoscere.
1498 2078 1597 2133 Diu
1622 2085 1679 2132 te
1704 2090 1970 2148 rogarem,
2001 2073 2102 2129 nisi

512 2177 617 2231 hoc
644 2178 848 2232 soleret
876 2191 997 2232 esse
1027 2174 1283 2230 indicium
1328 2172 1506 2227 minus
1544 2169 1613 2226 de
1640 2169 1865 2226 caritate
1902 2181 2105 2238 praesu-

512 2269 727 2324 meutis.
781 2270 931 2324 lluue
976 2268 1181 2323 interea
1233 2265 1453 2320 fratrem
1499 2271 1740 2317 nostrum
1787 2261 1840 2315 in
1887 2258 2102 2315 Christo

512 2363 733 2418 Paulum
766 2363 992 2418 multum
1017 2357 1338 2417 commendo
1362 2356 1675 2428 benignitati
1698 2365 1803 2415 tute
1820 2394 1835 2420 ,
1863 2354 2018 2423 cujus
2044 2352 2099 2407 in

513 2456 710 2510 nostris
752 2450 1484 2526 regionibus’existimationi
1526 2448 1725 2508 bonum
1764 2460 1949 2504 coram
1986 2444 2099 2501 Deo

512 2548 871 2606 testimonium
895 2547 1256 2620 perhibemus.
1297 2564 1317 2599 ι

954 2660 1291 2718 EPISTOLA
1328 2655 1538 2714 vaut
1566 2657 1667 2731 (ι).

1076 2769 1145 2809 ΑΒ
1172 2762 1506 2809 (ιΑετιιυτιυιι
1516 2790 1529 2802 .

514 2858 773 2916 Castrutio
804 2874 831 2913 e
855 2855 1164 2922 Pannonia,
1194 2855 1279 2924 qui
1322 2863 1378 2909 ut
1430 2848 1797 2924 Hieronymum
1837 2848 2092 2917 inviseret,

577 2955 819 3027 navigare
837 2954 1181 3021 constituerat,
1200 2952 1393 3024 gratias
1417 2950 1544 3021 agit,
1569 2963 1779 3018 eumque
1803 2948 2095 3002 consolatur

575 3048 638 3101 de
680 3046 905 3102 circitate
946 3047 1239 3114 oculorum,
1267 3044 1453 3100 docens
1491 3059 1603 3098 eam
1643 3041 1906 3113 aliquoties
1930 3039 2092 3095 aDeo

575 3139 798 3210 propitio
821 3139 1043 3192 immitti.

575 3252 629 3305 l.
659 3250 886 3307 Sanctus
915 3248 1055 3305 ﬁlius
1075 3264 1228 3305 meus
1256 3247 1534 3303 lleraclius
1558 3246 1816 3303 diaconus
1844 3246 1974 3302 mihi
2000 3261 2090 3303 re-

506 3341 644 3406 tulit,
676 3340 819 3410 quod
849 3339 1136 3409 cupiditate
1172 3337 1336 3411 m
1388 3337 1554 3392 nostri
1579 3336 1653 3408 (ε)
1685 3336 1889 3392 Cissam
1923 3352 2090 3409 usque

506 3431 744 3486 venisses
775 3446 789 3484 :
817 3440 870 3486 et
899 3430 1062 3485 homo
1084 3430 1412 3495 Pannonius,
1446 3429 1497 3483 id
1525 3435 1629 3495 est,
1662 3436 1937 3484 terrenum
1963 3429 2088 3483 ani-

506 3523 633 3590 mal,
667 3538 776 3577 non
808 3522 1052 3578 timueris
1076 3521 1335 3578 Adriatici
1359 3522 1522 3576 maris
1544 3529 1706 3577 cestus
1733 3519 1828 3594 [al.
1862 3518 2085 3593 Syrtes].

504 3622 554 3669 et
574 3612 731 3684 Adgei
758 3623 916 3683 atque
948 3614 1077 3669 Ionii
1106 3613 1291 3668 subire
1321 3612 1649 3669 discrimina.
1681 3612 1748 3667 Et
1769 3612 1872 3669 nisi
1897 3622 1950 3668 te
1972 3612 2089 3683 pius

503 3703 722 3759 fratrum
751 3703 1063 3760 retinuisset
1106 3703 1328 3760 affectus
1352 3746 1367 3772 ,
1394 3706 1718 3760 voluntatem
1749 3720 1915 3775 opere
1940 3720 2088 3761 com-

502 3796 724 3865 plesses.
756 3795 939 3852 Habeo
966 3797 1144 3867 itaque
1172 3798 1392 3866 gratias,
1425 3806 1480 3852 et
1501 3798 1858 3870 inacceptum
1888 3797 2081 3853 relero.

501 3889 555 3943 In
586 3889 772 3944 amicis
796 3890 941 3944 enim
971 3905 1077 3945 non
1113 3905 1201 3945 res
1229 3889 1506 3959 quaeritur,
1537 3889 1631 3945 sed
1652 3890 1919 3945 voluntas.
1951 3889 2083 3957 Quia

453 4047 456 4050 ξ
500 3981 725 4036 alterum
768 3982 835 4037 ab
880 3982 1110 4038 inimicis
1149 3998 1294 4053 smpe
1340 3983 1654 4054 praebetur:
1691 3984 1921 4039 alterum
1967 3984 2082 4038 sola

499 4074 691 4129 caritas
720 4075 920 4129 tribuit.
967 4075 1244 4146 Simulque
1272 4077 1498 4132 obsecro
1520 4117 1534 4141 ,
1566 4093 1635 4132 ne
1661 4076 2081 4133 imbecillitatem

498 4165 736 4233 corporis
780 4179 936 4234 quam
981 4168 1245 4234 suSIines,
1292 4166 1359 4221 de
1403 4178 1621 4236 peccato
1667 4167 1761 4222 tibi
1810 4167 2082 4222 existimes

498 4254 759 4307 evenisse.
793 4254 943 4320 Quod
975 4255 1186 4324 quidem
1214 4264 1269 4309 et
1292 4256 1537 4324 Apostoli
1565 4257 1897 4325 suSpicantes
1923 4256 1992 4312 de
2015 4271 2082 4312 eo

497 4341 583 4412 qui
616 4350 774 4396 natus
800 4352 917 4397 erat
944 4357 1120 4398 caecus
1148 4359 1215 4398 ex
1244 4352 1425 4409 utero,
1457 4344 1949 4415 interrogantesque
1980 4346 2083 4399 Do-

458 4464 461 4467 -
496 4432 697 4489 minum
729 4434 1061 4491 Salvatorem
1095 4453 1109 4490 :
1143 4431 1251 4490 Iste
1279 4436 1521 4503 peccavit,
1562 4452 1631 4489 an
1676 4446 1909 4506 parentes
1949 4438 2078 4508 ejus,

495 4535 547 4578 ut
577 4541 737 4579 cwcus
766 4534 1054 4581 nasceretur
1071 4568 1087 4592 ,
1114 4525 1341 4581 audiunt
1367 4543 1381 4579 :
1414 4524 1593 4596 Neque
1614 4526 1695 4580 hic
1721 4528 1961 4594 peccavit,
1988 4544 2081 4583 nec

496 4628 726 4684 parentes
771 4621 917 4689 ejus;
964 4619 1055 4674 sed
1096 4629 1151 4673 ut
1199 4618 1579 4687 mani{estentur
1607 4634 1763 4690 opera
1789 4616 1884 4672 Dei
1916 4618 1997 4691 (ά)
2026 4620 2081 4673 in

562 4725 796 4793 Mihine
834 4729 1105 4793 huiusmodi
1144 4731 1361 4782 libellum
1395 4734 1457 4783 de
1497 4731 1771 4782 Hmresibus
1803 4746 1830 4780 ει
1869 4731 2076 4781 Hieron.

495 4791 830 4840 elucubratum
856 4800 964 4857 post
984 4792 1166 4854 aliquot
1187 4807 1338 4844 annos
1362 4796 1660 4857 Augustinus
1679 4794 1904 4851 credidit,
1931 4794 2079 4856 idque

495 4867 553 4917 se
580 4859 785 4901 testatur
803 4866 863 4899 ex
889 4852 1092 4900 aliorum
1116 4858 1421 4906 sermonibus
1437 4852 1684 4917 accepisse
1712 4857 1762 4904 iu
1785 4869 1883 4917 uno
1902 4852 2078 4917 pos—te-

494 4915 677 4978 riorum
714 4925 910 4961 suorum
933 4927 1156 4978 operum,
1193 4929 1371 4978 nutttpe
1403 4919 1454 4965 in
1484 4915 1673 4965 Jerem.
1699 4931 1744 4967 c.
1768 4918 1845 4965 88.
1871 4915 2075 4978 verum,

493 4976 578 5041 qui
602 4987 747 5041 nunc
771 4972 1100 5041 exstatﬂliber
1124 4972 1185 5025 eo
1208 4972 1365 5035 titulo,
1394 4985 1445 5026 et
1466 4992 1492 5026 a
1517 4980 1657 5027 nobis
1679 4987 1926 5041 postremo
1948 4972 2078 5030 ιοωὸ

495 5034 814 5100 ὁχῃίνῠθιξίιιέξ
834 5041 929 5091 est,
954 5035 1297 5100 Hieronymum
1320 5034 1567 5088 auctorem
1590 5034 1837 5089 mentitur.

557 5097 630 5220 (1))
657 5095 729 5145 Αι.
755 5097 833 5144 55.
858 5095 1046 5167 scripta
1062 5095 1155 5147 Itoc'
1173 5112 1253 5148 an.
1277 5101 1387 5149 597.

557 5158 605 5220 (ο
664 5157 846 5220 veron.
874 5157 1002 5207 liber
1026 5160 1111 5220 qui
1136 5160 1201 5210 ad
1224 5162 1387 5211 castri.

557 5157 628 5220 (ο)
664 5157 846 5229 Veron.
874 5157 1111 5229 libécqui
1136 5160 1201 5229 a_d
1224 5161 1573 5229 c'astricianum
1593 5162 1656 5212 de
1679 5161 1896 5229 cwcitate
1916 5162 2078 5229 oculo-

492 5217 622 5286 rum,
641 5227 695 5286 et
710 5217 1067 5286 Cistereiensis',
1088 5222 1172 5286 qui
1188 5222 1563 5286 adpastrianum
1580 5231 1765 5274 tantum
1785 5226 2075 5286 inscribunt,

492 5281 606 5349 lteie
641 5280 739 5330 loci
766 5280 1070 5349 praeferunt,
1099 5280 1409 5349 admissam
1440 5298 1615 5349 usque,
1641 5288 1804 5336 minus
1837 5280 2077 5349 probabili

491 5342 739 5410 lectione;
765 5342 951 5392 Edessa
976 5344 1108 5410 enim
1132 5344 1427 5410 Macedoniae
1452 5342 1530 5397 est
1551 5342 1746 5407 civitas,
1772 5342 1997 5410 adfquam
2018 5353 2078 5398 ut

492 5407 718 5473 veniret,
746 5418 842 5473 non
867 5412 1007 5473 erant
1030 5406 1269 5473 Castfutio
1288 5409 1437 5473 ΛΞεωί
1463 5410 1610 5458 maris
1632 5406 1887 5473 subeuuda
1909 5410 2079 5460 discri-

490 5470 618 5537 mina
639 5504 652 5529 ,
680 5480 737 5516 ac
758 5467 802 5517 Si
826 5467 886 5537 ad
910 5465 1375 5537 Cissatn_'l‘ltraeiuav
1385 5473 1572 5537 urbem
1592 5469 1663 5537 ad,
1687 5469 2077 5537 (Hellespontum

488 5531 653 5589 venit;
679 5531 872 5579 tametsi
893 5530 1077 5579 (issam
1100 5530 1223 5581 hanc
1242 5533 1497 5583 Ferrarius
1516 5533 1573 5580 ad
1592 5530 1802 5579 Plinium
1826 5530 1885 5577 ad
1910 5530 2077 5580 fauces

488 5590 674 5640 Timavi
697 5591 754 5639 ad
775 5603 911 5641 mare
931 5591 1226 5641 Adriaticum
1248 5594 1471 5649 collocat,
1491 5604 1603 5654 quze
1624 5593 1763 5639 nobis
1779 5590 1943 5652 Opinio
1966 5606 2076 5653 per-

488 5654 661 5723 suasit,
686 5660 741 5723 ut
763 5654 932 5723 isthic};
953 5656 1158 5723 marium
1183 5654 1401 5723 pericula
1420 5655 1486 5702 ita
1508 5653 1942 5723 accipiamus,_non
1966 5666 2077 5723 quae

487 5715 585 5777 iam
610 5715 866 5823 ἓνεξίῗεριῑ
891 5713 1157 5765 Castrutius
1173 5713 1197 5774 ,“
1212 5716 1301 5765 sed
1322 5725 1432 5777 quae
1454 5713 1625 5761 subire
1661 5720 1882 5774 prompto
1918 5713 2078 5763 animo

492 5787 591 5822 non
649 5789 680 5822 u
718 5787 842 5823 tare
871 5811 883 5823 .

492 5787 591 5822 non
614 5782 883 5824 dubitaret.

555 5834 953 5947 gﬂlgeug‘verba
983 5836 1033 5890 in
1062 5837 1167 5901 ipso
1190 5839 1347 5890 editor
1367 5835 1723 5890 Benedictinus
1748 5843 1856 5899 post
1887 5835 2076 5889 Erasm.

492 5908 818 5957 expuuxerat.

1823 390 2064 451 SANCTI
2103 389 2485 450 HIERONYMI

3698 405 3806 467 65$

2216 507 2328 578 ipso
2351 506 2531 580 (Joan.
2556 505 2611 563 9.
2629 505 2684 562 2.
2708 506 2785 581 5).
2816 506 3053 577 Quantos
3077 509 3221 567 enim
3247 511 3521 571 cernimus
3546 514 3805 580 Ethnicos

2215 607 2376 670 atque
2402 598 2618 657 Judaeos
2638 642 2654 669 ,
2681 600 2961 660 haereticos
2981 645 2996 672 ,
3025 611 3187 676 atque
3215 604 3552 665 diversorum
3578 609 3805 682 dogma-

2217 700 2329 747 tum
2371 693 2617 750 homines
2655 694 2880 752 volutari
2917 696 2974 753 in
3015 712 3174 754 emno
3218 699 3497 757 libidinum
3523 744 3540 771 ,
3585 706 3804 766 madere

2214 786 2492 859 sanguine,
2518 784 2736 844 feritate
2781 790 2956 860 lupos,
2995 791 3289 862 rapacitate
3329 794 3525 852 milvos
3548 796 3801 870 vincere;

2211 885 2268 933 et
2289 877 2633 935 nihilominus
2656 879 2925 951 ﬂagellum
2949 894 3057 937 non
3084 884 3518 956 appropinquare
3547 889 3800 946 taberna-

2211 967 2349 1024 culis
2375 982 2560 1025 eorum
2591 968 2765 1039 (Psal.
2795 970 2912 1038 90),
2939 986 3042 1027 nec
3070 986 3166 1029 eos
3191 988 3317 1029 cum
3346 973 3653 1035 hominibus
3674 996 3802 1039 ver-

2211 1059 2387 1118 berari
2411 1079 2426 1116 :
2448 1070 2507 1119 et
2532 1062 2733 1119 idcirco
2752 1064 3030 1135 superbire
3055 1074 3241 1122 contra
3273 1067 3468 1138 Deum,
3489 1079 3546 1127 et
3574 1075 3804 1132 transire

2210 1168 2381 1224 usque
2409 1153 2478 1210 ad
2499 1156 2697 1212 cretum
2736 1171 2798 1212 os
2826 1171 3034 1213 eorum.
3066 1156 3200 1214 Cum
3240 1170 3457 1220 sanctos
3480 1179 3513 1220 e
3531 1167 3800 1225 contrario

2211 1247 2383 1313 viros,
2414 1249 2645 1304 sciamus
2686 1248 3123 1320 aegrotationibus
3144 1292 3162 1317 ,
3195 1254 3429 1309 miseriis
3463 1263 3520 1311 et
3559 1267 3799 1328 egestate

2211 1339 2467 1409 torqueri,
2499 1340 2588 1411 qui
2617 1338 2839 1396 forsitan
2868 1338 3074 1397 dicunt.
3119 1341 3190 1416 (e)
3220 1343 3361 1417 Ergo
3387 1347 3578 1415 [rustra
3606 1352 3797 1408 sancti-

2208 1429 2357 1499 ﬁcavi
2398 1432 2622 1486 animant
2662 1448 2854 1501 meam,
2885 1443 2933 1487 et
2972 1434 3075 1488 lavi
3114 1435 3246 1491 inter
3282 1437 3573 1496 inuocantes
3616 1459 3796 1501 manus

2208 1537 2344 1576 meas
2374 1522 2393 1594 (
2416 1521 2559 1578 Psal.
2601 1524 2691 1580 72.
2724 1522 2853 1597 l5).
2907 1525 2973 1581 Et
3008 1527 3189 1583 statim
3232 1543 3293 1585 se
3334 1531 3794 1601 reprehendentes

2207 1613 2393 1669 aiunt:
2419 1613 2481 1669 Si
2521 1630 2792 1671 narravero
2816 1616 2889 1673 sic
2910 1656 2927 1684 ,
2956 1633 3071 1672 ecce
3097 1619 3354 1674 nationem
3382 1618 3477 1694 [al.
3505 1627 3792 1694 generatio-

2207 1702 2343 1777 nem]
2372 1705 2595 1774 ﬁliorum
2627 1715 2829 1761 tuorum
2856 1707 3121 1779 reprobavi
3146 1708 3308 1780 (Ibid.
3333 1712 3420 1769 l5.
3449 1713 3560 1788 l5).
3595 1716 3653 1772 Si
3683 1732 3790 1773 cce-

2206 1794 2382 1850 citatis
2404 1810 2622 1851 causam
2673 1807 2826 1867 putas
2846 1812 2967 1854 esse
2992 1807 3291 1869 peccatum,
3317 1809 3373 1857 et
3396 1802 3449 1858 id
3478 1804 3572 1861 Dei
3594 1806 3792 1864 inferre

2206 1888 2339 1943 iram
2363 1928 2379 1955 ,
2410 1888 2552 1958 quod
2578 1888 2772 1946 crebro
2800 1889 2994 1947 medici
3034 1892 3428 1961 remediantur,
3458 1896 3791 1957 insimulabis

2205 1977 2371 2044 Isaac,
2399 1979 2489 2048 qui
2518 1979 2572 2035 in
2600 1988 2804 2035 tantum
2830 1980 2964 2037 lueis
2994 1981 3149 2038 istius
3173 1997 3368 2053 expers
3396 1984 3514 2054 fuit,
3543 1996 3601 2043 ut
3624 1989 3789 2046 etiam

2202 2069 2289 2125 cui
2331 2070 2535 2138 nollet,
2562 2085 2749 2127 errore
2783 2071 3040 2143 deceptus
3078 2073 3421 2132 benediceret
3457 2076 3621 2149 (Gen.
3649 2078 3719 2135 27
3739 2081 3785 2151 ).

2201 2160 2424 2218 Referes
2447 2161 2650 2219 crimen
2679 2162 2737 2218 in
2764 2161 2931 2221 Jacob
2948 2204 2966 2231 ,
2992 2164 3146 2236 cujus
3169 2166 3493 2237 ealigaverat
3517 2169 3660 2226 acies
3685 2211 3702 2237 ,
3731 2182 3788 2228 et

2201 2269 2322 2309 cum
2377 2253 2723 2312 interioribus
2752 2255 2954 2323 oculis,
2983 2265 3041 2313 et
3067 2257 3260 2327 spiritu
3302 2258 3597 2329 prophetali
3627 2262 3786 2334 longe

2199 2355 2321 2418 post
2344 2345 2519 2402 futura
2542 2347 2891 2419 prospiceret,
2934 2346 3000 2419 (Γ)
3043 2358 3098 2404 et
3131 2348 3407 2405 Christum
3438 2361 3684 2409 cerneret
3718 2354 3787 2411 de

2197 2439 2363 2509 stirpe
2401 2439 2548 2509 regia
2591 2453 2713 2494 esse
2741 2447 3062 2507 venturum,
3091 2438 3347 2511 Ephraim
3389 2450 3444 2497 et
3485 2442 3784 2505 Manassem

2197 2532 2380 2589 videre
2401 2548 2507 2588 non
2541 2541 2753 2603 poterat
2782 2531 2943 2605 (Ibid.
2970 2532 3041 2589 48
3067 2541 3114 2588 et
3142 2532 3259 2604 49).
3291 2534 3427 2602 Quid
3458 2536 3600 2592 inter
3630 2552 3784 2610 reges

2196 2623 2341 2680 Josia
2370 2624 2641 2680 sanctius?
2671 2623 2924 2695 Egyptio
2949 2639 3205 2706 mucrone
3254 2625 3417 2699 410
3475 2626 3785 2686 interiectus

2196 2724 2279 2772 est
2298 2716 2388 2787 (4.
2417 2714 2548 2789 Reg.
2576 2714 2706 2791 25).
2735 2717 2874 2786 Quid
2900 2717 3061 2774 Petro
3082 2759 3099 2786 ,
3125 2718 3252 2791 quid
3280 2719 3443 2775 Paulo
3471 2721 3785 2779 sublimius?

2197 2805 2550 2863 Neronianum
2570 2807 2804 2878 gladium
2819 2818 3184 2865 eruentaruut.
3206 2809 3275 2864 Et
3292 2810 3374 2883 (ut
3392 2810 3461 2866 de
3478 2810 3779 2869 hominibus

2196 2897 2423 2970 taceam)
2451 2898 2547 2954 Dei
2578 2898 2741 2955 Filius
2765 2899 3017 2955 sustinuit
3044 2900 3386 2971 ignominiam
3406 2903 3586 2959 erucis
3609 2919 3622 2957 :
3646 2911 3700 2959 et
3726 2911 3782 2960 tu

2194 3002 2349 3061 putas
2394 2990 2581 3046 beatos
2604 3032 2619 3057 ,
2671 2990 2760 3061 qui
2805 2990 3062 3048 felicitate
3090 2991 3242 3047 istius
3273 2992 3456 3048 szeculi
3491 3001 3549 3049 et
3575 2994 3783 3051 deliciis

2192 3080 2573 3152 perfruuntur?
2608 3082 2793 3152 Magna
2820 3080 2898 3137 ira
2927 3090 3029 3147 est,
3057 3082 3269 3153 quando
3298 3084 3642 3154 peccantibus
3668 3101 3776 3141 non

2192 3174 2443 3230 irascitur
2474 3175 2633 3232 Deus.
2678 3174 2828 3231 Unde
2853 3184 2909 3231 et
2934 3175 2987 3230 in
3013 3174 3297 3231 Ezechiele
3334 3174 3402 3231 ad
3439 3176 3735 3233 Jerusalem
3757 3219 3775 3245 ,

2191 3265 2333 3334 Jam,
2366 3268 2557 3338 inquit,
2583 3283 2684 3322 non
2711 3268 2904 3338 irascar
2930 3267 3039 3335 tibi,
3066 3267 3210 3323 zelus
3234 3284 3376 3322 meus
3423 3269 3623 3325 recessit
3659 3287 3693 3323 a
3730 3278 3778 3324 te

2193 3356 2404 3431 (Ezech.
2437 3358 2520 3413 16.
2550 3357 2663 3429 42).
2715 3358 2876 3424 Quem
2904 3358 3039 3412 enim
3067 3356 3231 3430 diligit
3256 3358 3502 3413 Dominus
3520 3400 3536 3427 ,
3567 3361 3777 3430 corripit

2194 3449 2374 3522 (Prov.
2400 3451 2454 3505 5.
2485 3449 2607 3521 12);
2642 3450 2744 3516 Et,
2776 3450 2987 3522 castigat
3018 3466 3214 3505 omnem
3237 3451 3403 3520 ﬁlium
3424 3467 3571 3521 quem
3597 3452 3775 3522 recipit

2190 3541 2209 3610 (
2237 3539 2396 3594 Hebr.
2429 3539 2561 3611 12).
2593 3539 2710 3595 Non
2735 3540 2910 3596 erudit
2939 3547 3120 3611 pater,
3151 3540 3252 3597 nisi
3277 3557 3435 3612 quem
3459 3550 3619 3596 amat.
3654 3541 3772 3597 Non

2187 3634 2413 3705 corripit
2442 3633 2700 3705 magister
2729 3632 3045 3703 discipulum
3069 3673 3087 3701 ,
3115 3633 3218 3689 nisi
3245 3649 3368 3689 eum
3395 3626 3552 3705 quem
3582 3634 3775 3705 arden-

2189 3720 2340 3781 tioris
2379 3726 2551 3781 cernit
2590 3725 2808 3796 ingenii.
2858 3724 3095 3781 Medicus
3137 3726 3184 3781 si
3228 3729 3517 3783 cessaverit
3552 3742 3761 3795 curare,

2186 3814 2457 3886 desperat.
2486 3814 2566 3888 (g)
2594 3814 2748 3882 Quod
2784 3815 2830 3870 si
2860 3815 3203 3885 reSponderis
3235 3833 3251 3871 :
3282 3832 3392 3887 quo
3417 3816 3574 3872 modo
3602 3817 3772 3873 Laza-

2185 3921 2279 3962 rus
2305 3908 2506 3978 recepit
2532 3907 2669 3961 mala
2698 3906 2754 3961 in
2780 3905 2887 3960 vita
2917 3920 3014 3961 sua
3037 3905 3200 3978 (Luc.
3223 3906 3292 3963 16
3308 3912 3353 3978 ),
3380 3907 3607 3963 libenter
3632 3924 3773 3965 nunc

2186 4008 2448 4055 tormenta
2492 3999 2687 4068 patiar,
2716 4006 2775 4053 ut
2816 3997 2992 4053 futura
3036 3998 3166 4053 mihi
3208 3999 3375 4070 gloria
3420 4010 3769 4062 reservetur;

2188 4092 2311 4147 Non
2335 4092 2469 4146 enim
2493 4091 2767 4145 vindicabit
2792 4089 3047 4145 Dominus
3075 4089 3150 4145 bis
3176 4092 3231 4144 in
3264 4090 3485 4162 idipsum
3526 4094 3546 4163 (
3572 4092 3767 4151 Naum.

2185 4183 2261 4254 1).
2294 4182 2394 4239 Job
2417 4182 2499 4237 vir
2526 4193 2741 4238 sanctus
2763 4188 2819 4237 et
2847 4181 3241 4265 immaculatus,
3264 4182 3509 4252 et-justus
3535 4185 3587 4238 in
3609 4199 3771 4253 gene-

2183 4277 2391 4331 ratione
2429 4288 2526 4330 sua
2566 4289 2661 4329 cur
2694 4281 2836 4328 tanta
2872 4287 3159 4344 perpessus
3196 4273 3269 4329 sit
3309 4273 3475 4344 ipsius
3499 4274 3770 4330 volumine

2185 4369 2511 4423 continetur.

2253 4459 2311 4513 2.
2342 4457 2415 4512 Et
2451 4471 2519 4512 ne
2544 4462 2754 4512 veteres
2781 4455 3095 4525 replicando
3128 4453 3398 4521 historias,
3433 4454 3649 4525 longum
3677 4454 3762 4510 la-

2182 4552 2345 4615 ciam,
2375 4556 2433 4603 et
2471 4547 2726 4602 excedam
2774 4561 3079 4603 mensuram
3119 4545 3389 4615 epistolae,
3420 4544 3641 4601 brevem
3670 4546 3769 4602 tibi

2184 4643 2416 4699 fabulam
2437 4639 2945 4713 [Narratiunculam]
2964 4639 3211 4705 referam,
3234 4653 3353 4707 qua:
3373 4636 3612 4693 infantia:
3631 4654 3767 4694 mea:

2185 4734 2516 4804 temporibus
2554 4734 2768 4789 accidit.
2814 4733 3013 4789 Beatus
3059 4732 3322 4788 Antonius
3367 4746 3489 4788 cum
3517 4747 3547 4786 a
3575 4740 3763 4787 saneto

2182 4828 2499 4898 Athanasio,
2514 4812 2859 4884 Alexandrire
2879 4828 3168 4898 Episcopo,
3203 4834 3424 4897 propter
3443 4823 3767 4881 confutatio-

2183 4939 2305 4979 nem
2337 4921 2712 4977 luereticorum
2761 4918 3165 4994 [Arianorum],
3199 4920 3251 4973 in
3301 4919 3489 4973 urbem
3528 4917 3766 4972 Alexan-

2182 5014 2356 5070 driam
2397 5021 2544 5068 esset
2587 5013 2812 5080 accitus,
2845 5021 2900 5067 et
2942 5012 3073 5068 isset
3118 5010 3185 5065 ad
3228 5025 3349 5065 eum
3396 5007 3653 5081 Didymus
3682 5007 3767 5063 vir

2181 5107 2597 5172 eruditissimus,
2628 5114 2814 5176 captus
2844 5105 3037 5173 oculis,
3066 5106 3205 5160 inter
3230 5112 3453 5160 creteras
3488 5101 3759 5160 sermoci-

2243 5287 2313 5407 ὃς)
2345 5284 2507 5396 £33m
2528 5287 2709 5336 vitiose
2728 5286 2917 5336 habent
2939 5293 3146 5361 Ego.pro
3169 5294 3311 5397 Ειὲρ.

2429 5404 2438 5407 Α
2480 5348 2778 5398 vetustiores
2809 5348 2923 5396 Mss.
2950 5349 3147 5398 codices
3183 5357 3219 5399 ε
3256 5361 3311 5398 ru

2347 5346 2458 5396 Duo
2480 5348 2778 5398 vetustiores
2809 5348 2923 5396 Mss.
2950 5346 3147 5398 codices
3183 5346 3429 5399 cﬁristum
3476 5350 3669 5397 caneret
3703 5346 3768 5397 de

2333 5404 2489 5482 testia.
2507 5414 2569 5482 βξ
2592 5409 2734 5482 Paqio
2756 5416 2865 5482 post
2888 5410 3132 5482 confossus
3150 5409 3259 5482 loco
3281 5409 3579 5482 interiectus;

2243 5470 2322 5533 (g)
2349 5466 2432 5517 Sic
2453 5466 2649 5533 quidem
2672 5466 2784 5519 libri
2806 5466 2986 5519 omnes"
3011 5470 3186 5533 legunt
3208 5466 3433 5533 impressi
3456 5483 3513 5533 ac
3533 5468 3651 5533 Mss,
3678 5466 3768 5518 sed

2180 5528 2407 5595 mehdum
2432 5528 2614 5579 cubare
2635 5529 2710 5580 his
2732 5533 2901 5595 verbis
2915 5566 2935 5595 ε
2961 5528 3162 5595 indsi
3184 5528 3519 5595 responderis,
3542 5528 3734 5595 hiulcus
3750 5562 3767 5588 ,

2181 5594 2519 5654 abruptusque
2539 5604 2732 5654 sensus,
2756 5607 2811 5644 ac
2833 5592 2887 5642 S.
2910 5592 3141 5654 Doctoris
3163 5591 3317 5654 meriti
3344 5591 3616 5654 contrarius
3638 5591 3765 5654 indi-

2181 5656 2258 5721 cio
2271 5651 2373 5721 est.
2395 5651 2645 5721 Legerim,
2656 5651 2827 5721 (Quare
2843 5654 2914 5721 sic
2928 5653 3256 5721 respondebis.
3272 5662 3357 5721 aut
3381 5652 3481 5704 tale
3501 5653 3765 5721 quippiam.

2182 5714 2282 5763 Nisi
2307 5714 2349 5762 si
2373 5711 2541 5770 malis,
2570 5711 2747 5777 variata
2771 5716 2967 5777 paulum
3000 5711 3432 5777 interpunctione,
3465 5711 3767 5777 atilue'enim

2184 5782 2430 5837 expuncta
2446 5773 2615 5837 vocnla
2636 5775 2687 5822 iu
2707 5773 2877 5824 Na'umi
2899 5773 3152 5825 sententia
3171 5814 3185 5835 ,
3210 5775 3342 5826 illam
3370 5773 3467 5826 una
3488 5773 3626 5825 serie
3648 5775 3766 5822 sub-

2182 5834 2415 5901 nectere,
2460 5834 2598 5901 quasi
2635 5837 2901 5901 superioris
2930 5849 3242 5901 responsum.
3277 5839 3530 5895 Veronen.
3567 5837 3765 5887 interim

2184 5898 2336 5948 habet
2355 5894 2634 5955 respondes,
2662 5894 2712 5947 et
2734 5896 2987 5947 reccoerit.
