4146 6336
396 353 498 413 853

397 468 654 536 nationes,
682 479 814 539 quas
856 465 924 524 de
967 465 1256 537 Scripturis
1283 464 1483 522 sanctis
1521 462 1810 532 habebant,
1843 479 1966 520 cum

397 563 508 634 ejus
532 561 890 618 admiraretur
918 561 1214 634 ingenium,
1241 568 1296 616 et
1325 575 1550 616 acumen
1583 557 1746 615 animi
1771 556 1969 614 collau-

395 655 566 723 daret,
591 653 876 710 sciscitans
901 655 977 709 ait
1008 670 1022 708 :
1051 653 1186 710 Num
1208 652 1378 708 tristis
1404 668 1485 719 es,
1508 651 1650 722 quod
1675 649 1844 706 oculis
1863 663 1972 703 car-

395 745 475 802 nis
531 745 764 800 careas?
806 745 939 801 Cum
989 745 1080 800 ille
1131 743 1336 816 pudore
1399 743 1686 809 reticeret;
1736 739 1972 796 secundo

394 836 652 909 tertioque
696 837 1060 909 interrogans,
1094 837 1307 894 tandem
1336 837 1536 904 elicuit,
1579 845 1636 890 ut
1681 846 1972 890 maerorem

393 929 552 984 animi
580 929 898 1000 simpliciter
917 931 1194 986 fateretur.
1216 929 1316 986 Cui
1341 929 1604 984 Antonius
1627 945 1641 982 :
1667 926 1851 993 Miror,
1873 925 1969 990 ait,

394 1022 707 1096 prudentem
735 1024 907 1079 virum
937 1024 1054 1094 ejus
1083 1024 1161 1080 rei
1206 1023 1389 1079 dolere
1431 1023 1644 1087 damno,
1677 1034 1834 1091 quam
1865 1017 1972 1072 for-

391 1115 540 1169 micae
567 1125 620 1169 et
646 1130 847 1171 muscae
873 1125 929 1172 et
947 1115 1144 1172 culices
1169 1115 1389 1182 habent,
1415 1123 1470 1170 et
1497 1127 1602 1169 non
1632 1111 1802 1167 lactari
1831 1109 1972 1163 illius

389 1208 751 1275 possessione,
776 1223 932 1278 quam
961 1208 1130 1263 sancti
1160 1206 1262 1262 soli
1291 1215 1345 1260 et
1371 1205 1612 1276 Apostoli
1637 1207 1968 1257 meruerunt.

390 1296 463 1351 Ex
491 1312 596 1368 quo
618 1299 888 1368 pervides,
912 1298 1053 1370 quod
1078 1298 1244 1353 multo
1271 1297 1464 1352 melius
1483 1298 1554 1351 sit
1579 1295 1768 1365 Spiritu
1791 1291 1971 1346 videre

393 1403 552 1457 quam
583 1406 745 1446 carne
773 1409 787 1444 :
815 1400 870 1446 et
897 1391 1020 1446 illos
1059 1390 1243 1446 oculos
1283 1388 1585 1459 possidere,
1618 1387 1670 1440 in
1689 1401 1823 1453 quos
1843 1397 1971 1453 pec-

390 1481 492 1536 cati
541 1481 700 1556 411
766 1483 963 1540 festuca
989 1483 1140 1556 (Luc.
1173 1482 1231 1555 6)
1259 1497 1362 1536 non
1391 1482 1560 1550 possit
1588 1479 1842 1534 incidere.
1861 1477 1972 1533 Nos

392 1575 479 1648 χαι.
503 1576 581 1628 Ad
609 1575 720 1649 nos]
739 1619 754 1644 ,
788 1578 914 1633 licet
944 1578 1044 1632 hoc
1069 1591 1210 1631 anno
1242 1590 1347 1630 non
1376 1573 1588 1630 veneris
1610 1614 1625 1639 ,
1654 1581 1831 1626 tamen
1862 1585 1968 1624 non

390 1669 732 1738 desperamus
749 1669 1035 1725 adventum
1054 1680 1222 1725 tuum.
1241 1668 1393 1737 Quod
1411 1668 1455 1722 si
1471 1675 1686 1722 sanctus
1703 1665 1971 1720 Diaconus

387 1762 611 1831 portitor
635 1761 1078 1828 litterarum,tuis
1109 1761 1189 1833 (a)
1219 1775 1430 1816 rursum
1453 1758 1790 1828 amplexibus
1813 1756 1967 1812 fuerit

390 1854 646 1919 irretitus,
675 1861 729 1907 et
756 1854 849 1908 illo
891 1854 1203 1919 comitante,
1231 1853 1336 1908 huc
1361 1852 1595 1918 veneris,
1627 1851 1854 1904 libenter
1878 1863 1969 1903 su-

389 1945 631 2013 scipiam,
661 1943 1078 2016 dispensationis
1119 1958 1324 2001 moram
1354 1942 1720 2015 magnitudine
1749 1939 1970 1996 laetioris

389 2035 668 2106 duplicari.

843 2170 1177 2229 EPISTOLA
1213 2168 1381 2225 LXIX
1405 2166 1504 2240 (b).

984 2320 1052 2359 ΔΙ)
1090 2317 1354 2359 οοωαωι.

385 2415 603 2472 Carterii
633 2415 855 2488 Hispani
882 2413 1147 2485 EpiscOpi,
1175 2415 1260 2482 qui
1287 2428 1442 2467 unam
1483 2419 1598 2466 ante
1623 2409 1928 2480 baptismum
1951 2449 1968 2477 ,

455 2512 689 2576 alteram,
713 2525 772 2564 ea
797 2518 1017 2574 mortua,
1052 2516 1162 2576 post
1184 2506 1487 2574 baptismum
1508 2519 1713 2558 uxorem
1735 2504 1968 2570 duxerat,

455 2604 828 2658 ordinationem
857 2601 1102 2671 defendit,
1141 2616 1204 2654 ne
1229 2599 1456 2669 bigamus
1483 2607 1764 2659 censeatur,
1797 2605 1973 2650 contra

458 2712 610 2766 quant
651 2694 885 2748 Oceanus
912 2691 1171 2747 sentiebat.
1220 2690 1354 2744 llinc
1392 2700 1592 2760 arrepta
1621 2689 1880 2743 occasione
1910 2687 1973 2742 de

455 2788 619 2840 verbis
645 2784 900 2855 Apostoli,
933 2783 1102 2840 Unius
1129 2783 1310 2838 uxoris
1349 2781 1544 2848 virum,
1576 2781 1732 2851 deque
1773 2781 1835 2833 iis
1859 2795 1973 2850 qua:

453 2877 510 2931 in
537 2875 795 2946 Episcopo
840 2890 954 2928 cum
996 2875 1173 2946 primis
1198 2873 1547 2943 requiruntur,
1577 2872 1842 2926 virtutibus
1867 2872 1972 2926 dis-

455 2969 597 3024 serit.

460 3102 512 3156 1.
538 3100 844 3170 Nunquam,
875 3099 948 3169 (c)
981 3097 1055 3154 [ili
1098 3097 1332 3164 Oceane,
1365 3095 1481 3153 fore
1507 3096 1776 3168 putabam,
1804 3107 1861 3153 ut
1887 3098 1970 3152 in.

389 3193 664 3263 dulgentia
709 3191 973 3262 Principis
1017 3190 1338 3246 calumniam
1387 3193 1676 3245 sustineret
1716 3204 1967 3257 reorum;

389 3285 538 3342 etde
565 3283 871 3340 carceribus
913 3292 1191 3348 exeuntes,
1245 3289 1367 3352 post
1410 3280 1600 3336 sordes
1643 3295 1706 3335 ac
1747 3280 1970 3350 vestigia

392 3386 698 3432 catenarum
727 3374 970 3430 dolerent
994 3374 1128 3429 alios
1153 3373 1440 3429 relaxatos.
1470 3373 1526 3427 In
1555 3372 1849 3444 Evangelio
1872 3387 1971 3428 au-

451 3511 528 3574 (a)
561 3509 742 3574 Vocem
780 3521 976 3574 rursum
1000 3521 1064 3558 ex
1088 3507 1362 3574 Veronensi
1383 3541 1398 3566 ,
1422 3520 1478 3574 a_c
1505 3505 1970 3574 Cisterciensipodi-

388 3566 529 3622 cibus
552 3571 957 3622 emendatissimis
979 3572 1311 3628 reposuimus,
1352 3569 1483 3617 unde
1524 3566 1771 3628 intelligas
1809 3568 1968 3616 Hera-

393 3583 529 3622 unus
552 3583 957 3622 emenuatrssrmts
979 3583 1034 3618 re
1113 3584 1311 3628 'umius,
1352 3583 1483 3617 unae
1524 3583 1679 3617 mtetn
1717 3583 1771 3617 as
1809 3583 1968 3616 nera-

393 3634 541 3701 clium
564 3635 760 3701 itineris
770 3634 998 3701 comitem
1015 3583 1255 3701 (ginno
1272 3631 1479 3701 primum
1497 3627 1665 3701 fuisse.
1683 3583 1743 3678 ῗη
1767 3629 1862 3701 fine
1881 3643 1969 3701 pro

395 3693 665 3758 duplicari,
703 3693 782 3758 a|i_i
819 3694 959 3758 codd.
994 3688 1320 3758 duplicatum,
1345 3690 1428 3740 alii
1460 3688 1740 3753 ampliatam
1777 3688 1966 3754 legunt.

397 3757 432 3805 (Ξ
442 3753 602 3806 ravius
615 3756 802 3818 mavult
824 3753 1059 3818 duplicati
1064 3753 1076 3818 ξ

485 3818 534 3880 b)
564 3815 694 3880 glias
714 3818 794 3865 83.
820 3813 1009 3878 scripta
1031 3814 1150 3866 circ.
1176 3827 1254 3864 an.
1279 3813 1389 3880 597.

480 3875 527 3942 ε)
561 3878 820 3940 Digamum
845 3875 972 3942 eum
991 3891 1086 3942 n_on
1111 3876 1334 3942 censeri,
1359 3875 1444 3938 qui
1466 3881 1728 3942 antequam
1756 3875 1967 3942 baptiza-

394 3937 478 3990 tus
511 3937 672 4000 esset,
714 3953 922 3989 uxorem
961 3939 1218 3998 habuerit,
1263 3939 1304 3986 si
1348 3937 1970 4000 pest‘baptismumaliam

389 4003 627 4064 iunxerit,
652 3997 817 4063 neque
837 4001 962 4064 adeo
985 4012 1192 4064 uxorem
1207 3997 1328 4048 ante
1351 3997 1650 4064 baptismum
1662 3998 1711 4046 ei
1735 3998 1817 4060 qui
1841 4000 1970 4064 ordi-

391 4059 581 4124 nandus
604 4059 712 4122 est,
736 4059 928 4124 debere
951 4061 1204 4124 imputari,
1229 4066 1328 4124 tota
1351 4059 1442 4124 hac
1467 4059 1682 4124 cpistola
1696 4122 1703 4124 _
1717 4059 1972 4124 contendit

393 4119 767 4188 hieronymus,
781 4124 865 4186 qui
891 4119 1228 4188 alibi'quoque
1267 4120 1374 4188 lib._
1395 4122 1437 4188 l_.
1465 4119 1523 4168 iu
1545 4119 1791 4169 Jovinian.
1835 4129 1886 4170 et
1921 4123 1971 4171 in

393 4182 607 4248 Epistula
631 4185 691 4233 ad
712 4182 878 4248 Titum
901 4185 959 4248 C.
972 4187 1025 4248 1.
1048 4182 1579 4248 eamdemppinionem
1613 4189 1798 4248 tuetur,
1823 4197 1970 4248 quam

393 4243 518 4298 forte
560 4248 671 4296 iniit
708 4259 773 4296 ex
795 4247 1116 4305 Tertulliano,
1142 4245 1227 4308 qui
1262 4243 1347 4308 lib.
1369 4243 1433 4292 de
1458 4243 1761 4305 Monogamia
1799 4243 1855 4308 (εξ
1878 4245 1966 4308 Δ11.

392 4309 669 4370 digamiam,
691 4321 755 4358 ex
797 4309 971 4358 marito
1012 4315 1128 4356 ante
1159 4305 1460 4370 baptismum
1470 4313 1783 4370 contractam
1812 4305 1971 4370 viduis

394 4365 571 4420 ob'esse
597 4369 768 4420 noluit.
795 4371 858 4420 At
879 4378 1047 4419 contra
1070 4365 1566 4418 sentitthoncilium
1590 4367 1902 4416 Valentinum
1925 4368 1966 4418 Ι.

394 4444 506 4480 ann.
531 4433 642 4480 574.
681 4432 794 4482 Can.
823 4433 867 4479 1.
894 4432 946 4479 S.
974 4430 1262 4479 Ambrosius
1293 4430 1379 4478 lib.
1421 4429 1468 4478 1.
1493 4429 1557 4478 de
1581 4427 1763 4478 Ofﬁciis
1797 4442 1839 4477 c.
1865 4430 1967 4490 50.,

396 4501 447 4542 et
468 4493 668 4556 Epistol.
692 4493 754 4556 ad
772 4492 1136 4550 Vercellenses,
1155 4492 1205 4540 S.
1221 4491 1522 4556 augustinus
1541 4490 1606 4556 de
1623 4491 1749 4556 bono
1765 4490 1966 4556 Coniug.

394 4551 604 4616 cap.'18.
631 4567 681 4602 n.
705 4553 785 4616 ξι.
811 4556 1056 4616 praecipue
1080 4567 1197 4602 vero
1221 4551 1535 4616 Innocentius
1552 4551 1590 4616 I_.
1619 4552 1763 4614 epist.
1790 4553 1846 4600 ad
1863 4551 1969 4602 Ma-

393 4613 623 4670 cedones,
648 4621 702 4663 et
721 4613 828 4675 Leo:
847 4613 1042 4675 quodue
1067 4615 1265 4675 primus,
1291 4613 1473 4675 aliique
1491 4613 1742 4675 deinceps,
1761 4627 1970 4675 quorum

393 4676 444 4724 in
469 4673 771 4725 Occidentali
795 4673 1010 4722 Ecclesia
1032 4673 1251 4722 deﬁnitio
1272 4673 1502 4725 obtinuit.
1532 4673 1597 4721 Ut
1619 4673 1738 4721 vero
1760 4673 1854 4723 non
1879 4677 1970 4724 de-

391 4737 491 4784 sint
515 4737 598 4797 qui
622 4734 904 4797 Hieronymi
926 4736 1220 4797 sententiam
1243 4741 1505 4797 utcumque
1531 4739 1762 4797 tueantur
1787 4737 1969 4786 eruditi

393 4797 508 4854 viri,
534 4792 644 4844 eam
668 4794 792 4854 apud
814 4792 1096 4842 Orientales
1123 4792 1369 4856 _valuisse_
1388 4792 1579 4856 velupt,
1606 4796 1734 4855 quod
1774 4798 1970 4856 potissi-

391 4853 525 4905 mum
565 4853 964 4916 argumentantur
989 4866 1053 4902 ex
1078 4853 1468 4916 adnotationibus
1488 4853 1704 4916 Zonarte,
1731 4853 1788 4903 ac
1809 4857 1972 4916 Balsa-

392 4919 552 4968 monis
574 4912 822 4968 in'Canon.
851 4917 928 4965 17.
952 4912 1308 4976 Apostolorum,
1334 4927 1479 4976 quem
1504 4916 1555 4962 S.
1582 4914 1779 4963 Doctori
1803 4915 1972 4968 favere

394 4981 696 5029 existimant.
721 4977 820 5026 Sed
842 4974 1021 5026 nullam
1040 4987 1214 5024 revera
1233 4974 1393 5025 Canon
1418 4974 1499 5024 ille
1514 4976 1730 5036 conjugii
1755 4986 1866 5027 ante
1890 4980 1974 5027 ba-

394 5045 621 5102 ptismum
645 5042 945 5102 mentionem
967 5038 1080 5102 facit
1099 5072 1114 5095 ,
1132 5043 1192 5102 et
1214 5043 1268 5102 ut
1290 5037 1486 5084 demutn
1509 5035 1708 5102 Zonarm
1731 5051 1786 5086 ac
1808 5039 1972 5088 Balsa-

393 5097 568 5161 iuonis,
593 5103 679 5165 qui
712 5114 808 5165 non
853 5101 917 5150 de
950 5099 1176 5162 coniugio
1216 5100 1504 5165 loquuntur,
1534 5098 1623 5148 sed
1656 5097 1720 5147 de
1758 5102 1974 5162 peccatis

393 5160 790 5226 regenerationis
824 5160 1175 5211 sacramentum
1213 5160 1603 5226 praecedentibus
1619 5199 1645 5226 ,Α
1677 5160 1816 5218 eam,
1862 5173 1973 5223 qua:

393 5223 514 5286 ipsis
537 5227 785 5283 tribuitur,
808 5233 1028 5273 mentem
1051 5235 1163 5286 esse
1183 5256 1198 5281 ,
1221 5223 1337 5286 quid
1361 5229 1523 5286 tamen
1557 5223 1648 5286 ipsi
1686 5226 1968 5286 senserint,

392 5278 633 5398 plrodunt,
657 5299 753 5336 non
773 5278 894 5348 quid
920 5291 1019 5334 tota
1042 5278 1262 5333 Orientis
1282 5282 1518 5332 Ecclesia.
1545 5278 1672 5342 Quin
1706 5278 1812 5346 ips’e
1837 5278 1971 5334 idem

442 5350 718 5398 ieronvmus
734 5361 843 5396 cum
861 5349 909 5395 in
933 5348 1022 5395 hac
1045 5346 1248 5398 epistola
1259 5347 1542 5395 contrariam
1563 5347 1656 5395 sibi
1673 5347 1971 5396 sententiam

442 5350 722 5413 ieronymus
734 5346 843 5396 cuin
861 5349 909 5413 in
919 5348 1022 5413 “hac
1045 5346 1248 5407 epistola
1259 5347 1542 5413 contrariam
1563 5347 1656 5413 sibi
1673 5347 1971 5413 sententiam

395 5406 685 5470 Cainitarum
711 5410 897 5470 haeresi
914 5409 1020 5470 fere
1044 5406 1316 5467 aécenseat,
1343 5406 1471 5470 haud
1493 5407 1646 5457 multo
1667 5415 1776 5470 post
1799 5410 1846 5458 in
1873 5407 1970 5457 ﬁne

392 5469 504 5520 libri
532 5474 669 5535 primi
694 5478 861 5535 contra
881 5469 1156 5535 Bullinum,
1181 5471 1364 5535 animos
1385 5468 1682 5535 demittens,
1714 5488 1734 5515 σι
1759 5471 1970 5535 interro-

391 5535 509 5596 gati,
525 5530 1003 5596 i'nquit,afratribus,
1021 5531 1138 5596 quid
1162 5530 1301 5596 nobis
1321 5530 1595 5596 videretur,
1608 5532 1968 5596 respondimus,

393 5588 512 5643 nulli
556 5588 925 5657 praejudicantes
945 5588 1095 5657 sequi
1109 5593 1237 5653 quod
1262 5588 1414 5649 velit,
1439 5605 1531 5657 n_e_c
1553 5588 1758 5642 alterius
1791 5588 1969 5657 decreé

394 5661 495 5703 tum
537 5652 699 5706 nostra
740 5657 985 5704 sententia
1022 5652 1389 5716 subvertentes.
1415 5668 1438 5695 ι
1466 5652 1584 5716 Haec
1616 5660 1873 5716 antequam
1911 5655 1970 5704 ad

393 5716 541 5780 ipsam
564 5717 817 5780 epistolam
842 5718 1055 5774 accedat,
1076 5715 1332 5780 Lectorem
1353 5714 1508 5762 semel
1533 5714 1762 5780 docuisse
1772 5724 1970 5780 oporte-

393 5777 581 5854 iiathut
597 5777 808 5854 singulis
833 5779 879 5826 in
904 5794 1012 5854 eam
1033 5779 1337 5854 sementium
1359 5777 1658 5837 argumentis
1679 5777 1793 5839 quid
1819 5791 1968 5854 repo.

391 5841 601 5892 nendum
624 5840 856 5894 continuo
877 5849 955 5909 sit,
982 5840 1297 5902 intelligeret.

1747 325 2081 406 errarem
2120 344 2309 403 LXIX.

3556 353 3662 414 65‘

2080 462 2162 518 dit
2185 462 2274 516 inv
2299 461 2417 517 idus
2457 461 2642 518 salutis
2669 463 2855 520 aliena:
2879 480 2916 530 ;.
2938 465 3128 533 Amice,
3161 465 3206 521 si
3230 481 3320 538 ego
3343 464 3500 522 bonus
3524 483 3657 534 sum,

2076 571 2230 626 quare
2251 555 2433 610 oculus
2454 565 2567 612 tuus
2587 561 2800 627 nequam
2816 561 2915 614 est?
2930 557 3142 632 (Matth.
3160 559 3250 616 20.
3274 560 3382 632 15.)
3405 559 3664 618 Conclusit

2077 644 2215 700 Deus
2243 647 2410 700 omnia
2438 649 2531 702 sub
2569 656 2794 719 peccato,
2821 659 2874 703 ut
2895 649 3123 706 omnibus
3149 652 3444 708 misereatur
3474 652 3654 724 (Rom.

2079 737 2168 792 11.
2198 737 2311 807 52).
2345 737 2442 794 Ubi
2479 739 2756 794 abundavit
2783 751 3061 810 peccatum,
3085 743 3508 814 superabundavit
3539 761 3662 816 gra.‘

2079 829 2150 884 tia
2199 827 2376 899 (Ibid.
2409 831 2464 887 5.
2509 829 2641 904 20).
2691 830 2840 887 Causa
2887 832 3261 905 sunt'Egypti
3306 836 3659 906 primogenita

2082 918 2276 990 (Exod.
2309 921 2419 992 12),
2465 932 2521 978 et
2557 938 2626 978 ne
2650 923 2946 994 iumentum
2984 927 3197 997 quidem
3225 927 3570 984 lsraeliticum
3604 929 3660 984 in

2078 1012 2312 1086 Egypto
2332 1015 2643 1072 derelictum
2661 1026 2762 1072 est.
2793 1018 2860 1073 Et
2889 1016 2980 1091 [al.
3005 1017 3109 1092 En]
3134 1022 3407 1090 consurgit
3425 1022 3553 1076 mihi
3581 1023 3659 1092 (ά)

2078 1103 2240 1159 Caina
2271 1106 2517 1174 limresis,
2551 1116 2710 1178 atque
2736 1109 2864 1163 olim
2891 1119 3132 1164 emortua
3161 1111 3660 1181 vipera'contritnm

2077 1208 2236 1266 caput
2266 1198 2426 1265 levat,
2455 1216 2575 1269 qum
2603 1215 2708 1256 non
2740 1211 2986 1272 eat-parte
3015 1212 3075 1256 ut
3115 1211 3240 1258 ante
3269 1214 3658 1271 consueverat,

2077 1287 2171 1343 sed
2225 1296 2392 1342 totum
2445 1290 2640 1345 Christi
2690 1291 2900 1346 subruit
2951 1301 3366 1349 sacramentum.
3417 1295 3493 1367 (1)
3524 1296 3664 1350 Dicit

2077 1381 2218 1435 enim
2249 1396 2370 1437 esse
2415 1384 2588 1453 aliqua
2622 1394 2860 1454 peccata,
2893 1401 3012 1455 qua:
3056 1386 3300 1442 Christus
3342 1403 3447 1443 non
3495 1389 3660 1458 possit

2078 1488 2304 1543 purgare
2324 1477 2582 1543 sanguine
2599 1492 2697 1532 suo
2718 1493 2732 1541 ;
2761 1487 2814 1532 et
2833 1486 2938 1531 tam
2958 1477 3253 1548 profundas
3276 1480 3539 1536 scelerum
3562 1481 3664 1551 pri-

2077 1565 2338 1619 stinorum
2377 1563 2538 1637 412
2575 1568 2838 1622 inhaerere
2863 1567 2957 1640 [al.
2980 1569 3152 1641 inseri]
3170 1572 3487 1641 corporibus
3503 1582 3664 1644 atque

2076 1655 2269 1709 animis
2316 1657 2614 1724 cicatrices,
2667 1667 2726 1713 ut
2753 1658 3015 1714 medicina
3058 1661 3200 1715 illius
3242 1665 3515 1718 attenuari
3558 1681 3663 1720 non

2077 1760 2294 1818 queant.
2319 1750 2456 1818 Quid
2481 1751 2623 1806 aliud
2650 1754 2780 1821 agit,
2807 1755 2906 1808 nisi
2935 1763 2991 1808 ut
3020 1752 3266 1810 Christus
3295 1756 3492 1812 frustra
3515 1774 3663 1814 mor-

2080 1850 2200 1895 tuus
2229 1842 2334 1895 sit?
2362 1841 2580 1897 Frustra
2609 1852 2785 1898 autem
2815 1852 3056 1898 mortuus
3085 1853 3186 1910 est,
3214 1847 3257 1899 si
3298 1846 3506 1915 aliquos
3532 1849 3664 1903 vivi-

2077 1930 2237 1986 ficare
2278 1948 2382 1986 non
2415 1943 2613 2003 potest.
2647 1933 2898 1990 Mentitur
2927 1935 3162 1991 Joannes
3207 1936 3464 2006 Baptista,
3493 1947 3548 1992 et
3575 1940 3659 1993 dio

2074 2029 2183 2098 gito
2209 2028 2479 2084 Christum
2509 2039 2563 2084 et
2582 2043 2713 2084 voce
2737 2029 3112 2086 demonstrans
3142 2047 3154 2083 :
3189 2029 3321 2084 Ecce
3344 2032 3519 2101 Agnus
3542 2031 3657 2098 Dei,

2075 2123 2162 2190 qui
2190 2123 2323 2176 tollit
2352 2132 2556 2192 peccata
2584 2122 2761 2176 mundi
2789 2121 2969 2192 (Joan.
3002 2125 3054 2177 1.
3083 2121 3175 2193 29)
3196 2164 3210 2188 ,
3243 2124 3286 2178 si
3319 2133 3443 2178 sunt
3485 2125 3660 2180 adhuc

2076 2215 2128 2270 in
2157 2215 2373 2280 saeculo,
2407 2231 2631 2284 quorum
2659 2215 2904 2270 Christus
2930 2225 3144 2285 peccata
3185 2231 3290 2271 non
3321 2217 3522 2271 tulerit.
3555 2220 3662 2273 Ant

2075 2308 2219 2361 enim
2249 2306 2568 2362 ostendendi
2596 2316 2719 2362 sunt
2739 2321 2844 2361 non
2867 2322 2987 2362 esse
3008 2308 3075 2362 de
3097 2307 3316 2373 mundo,
3346 2323 3480 2378 quos
3503 2308 3659 2362 Chri-

2075 2400 2145 2455 sti
2197 2399 2407 2470 ignorct
2450 2399 2774 2470 indulgentia
2809 2418 2822 2453 :
2853 2408 2945 2454 aut
2971 2400 3016 2455 si
3059 2399 3128 2454 dc
3155 2398 3353 2454 mundo
3381 2409 3524 2464 sunt,
3557 2400 3658 2454 cli-

2075 2492 2304 2564 gcndum
2329 2507 2361 2547 e
2382 2491 2588 2546 duobus
2606 2491 2853 2546 alterum.
2880 2492 3113 2546 Liberali
3131 2507 3158 2544 a
3184 2491 3437 2561 peccatis,
3461 2490 3660 2546 Christi

2075 2582 2366 2674 potentiam
2415 2582 2641 2651 probant
2672 2599 2685 2634 :
2718 2595 2823 2636 non
2865 2581 3093 2648 liberati,
3139 2582 3289 2651 quasi
3318 2580 3495 2636 adhuc
3534 2582 3655 2645 rei,

2076 2675 2498 2731 imbecillitatem
2524 2674 2912 2729 demonstrant.
2948 2673 3054 2729 Sed
3081 2673 3220 2728 absit
3247 2674 3348 2728 hoc
3375 2673 3442 2729 dc
3471 2673 3658 2728 Omni-

2075 2775 2292 2839 potcntc
2321 2767 2562 2833 credere,
2593 2766 2735 2837 quod
2765 2767 2818 2820 in
2845 2766 3026 2836 aliquo
3052 2767 3319 2835 impotens
3349 2765 3438 2819 sit.
3474 2764 3662 2818 Omnia

2074 2876 2187 2932 qui:
2216 2859 2375 2913 Pater
2405 2861 2550 2930 facit,
2583 2870 2629 2912 et
2658 2857 2830 2914 Filius
2859 2859 2979 2930 facit
3005 2859 3238 2912 similiter
3263 2857 3422 2930 (Ibid.
3456 2859 3509 2914 5.
3539 2857 3657 2928 19).

2075 2951 2361 3007 lnﬁrmitas
2391 2949 2511 3005 Filii
2550 2949 2814 3005 redundat
2839 2949 2905 3004 ad
2935 2949 3168 3005 Patrem.
3200 2949 3403 3004 Cuncta
3433 2949 3659 3003 ovicula:

2075 3043 2314 3100 membra
2337 3051 2546 3113 portata
2574 3051 2697 3098 sunt
2724 3059 2737 3096 :
2763 3049 2888 3096 tota:
2915 3041 3155 3111 Apostoli
3185 3041 3438 3111 Epistola:
3458 3039 3658 3094 Christi

2074 3137 2300 3207 gratiam
2327 3145 2540 3191 sonant.
2574 3135 2642 3190 Et
2669 3149 2736 3191 ne
2764 3150 2951 3205 parum
2977 3134 3248 3190 videretur
3276 3132 3502 3202 simplex
3529 3145 3655 3202 gra-

2076 3230 2163 3284 tiae
2191 3228 2519 3299 nuncupatio
2554 3246 2566 3283 :
2598 3226 2795 3291 Gratia,
2829 3225 3017 3296 inquit,
3048 3225 3184 3280 vobis
3212 3233 3259 3277 et
3284 3240 3387 3294 pax
3410 3222 3662 3292 multipli-

2075 3330 2212 3375 cetur
2244 3321 2337 3392 (1.
2371 3317 2515 3374 Petr.
2547 3320 2600 3373 1.
2635 3316 2730 3390 2).
2777 3316 3142 3387 Multiplicatio
3169 3315 3519 3386 promittitur,
3549 3323 3602 3369 et
3627 3327 3660 3368 a

2075 3415 2230 3470 nobis
2259 3415 2495 3484 paucitas
2533 3411 2850 3466 afﬁrmatur.

2145 3507 2198 3561 2.
2233 3507 2500 3574 Quorsum
2529 3504 2674 3559 ista?
2701 3502 2770 3577 (ε)
2797 3503 2944 3558 Nosti
2978 3504 3254 3574 problcma
3299 3511 3444 3559 tuum
3479 3519 3493 3555 :
3525 3499 3662 3556 Car-

2075 3600 2243 3655 terius
2287 3598 2555 3667 HiSpanize
2587 3596 2906 3666 Episcopus,
2939 3595 3102 3650 homo
3145 3606 3198 3650 et
3235 3603 3393 3649 aetate
3423 3601 3575 3648 vetus
3604 3599 3661 3647 et

2073 3689 2399 3753 sacerdotio,
2422 3703 2579 3741 unam
2597 3697 2882 3756 antequam
2901 3687 3278 3763 baptizaretur,
3298 3683 3520 3738 alteram
3539 3691 3662 3752 post

2073 3783 2366 3848 lavacrum,
2389 3782 2568 3851 priore
2589 3788 2821 3845 mortua,
2846 3777 2996 3832 duxit
3017 3792 3234 3832 uxorem
3261 3794 3275 3842 ;
3304 3785 3358 3830 ct
3378 3774 3656 3829 arbitraris

2073 3892 2195 3934 eum
2219 3885 2406 3930 contra
2433 3872 2672 3942 Apostoli
2715 3871 2907 3926 iecisse
2931 3870 3274 3930 sententiam,
3304 3868 3474 3938 qui.in
3507 3875 3657 3920 cata-

2073 3969 2196 4040 logo
2224 3969 2500 4030 virtutum,
2531 3964 2852 4033 Episcopum
2877 3962 3029 4015 unius
3058 3960 3234 4014 uxoris
3255 3959 3419 4013 virum
3449 3971 3656 4026 prircc-
3719 3959 3723 3962 ’

2074 4059 2216 4131 perit
2257 4053 2630 4112 ordinandum.
2664 4053 2824 4107 Miror
2853 4061 3030 4106 autem
3056 4061 3108 4106 te
3133 4067 3298 4106 unum
3329 4048 3659 4120 protraxissc

2075 4150 2128 4206 in
2159 4147 2416 4214 medium,
2462 4161 2583 4201 cum
2627 4143 2800 4198 omnis
2839 4143 3071 4199 mundus
3099 4142 3184 4197 his
3230 4141 3658 4199 ordinationibus

2073 4242 2263 4313 plenus
2291 4239 2400 4302 sit;
2435 4253 2539 4294 non
2561 4237 2682 4292 dico
2708 4235 2776 4291 de
2804 4235 3158 4306 Presbyteris,
3188 4251 3294 4288 non
3321 4234 3388 4290 de
3417 4232 3660 4288 inferiori

2073 4334 2238 4405 gradu
2269 4349 2282 4387 :
2310 4332 2375 4386 ad
2402 4332 2693 4401 Episcopos
2714 4327 2892 4395 venio,
2920 4343 3056 4400 quos
3071 4329 3114 4383 si
3137 4328 3407 4398 sigillatim
3435 4328 3656 4381 voluero

2071 4423 2232 4497 513
2270 4424 2569 4488 nominare,
2594 4429 2768 4476 tantus
2786 4435 3039 4475 numerus
3063 4420 3492 4489 congregabitur,
3516 4416 3660 4486 ut([)

2072 4513 2635 4586 AriminensisSynodi
2656 4512 2934 4567 multitudo
2945 4521 3248 4582 superetur.
3267 4511 3376 4565 Sen
3405 4525 3658 4566 lNDECENS

2073 4625 2189 4673 ns'r,
2220 4610 2298 4663 sic
2323 4622 2486 4662 unum
2519 4604 2679 4672 tueri,
2713 4612 2768 4658 ut
2793 4608 2972 4673 plures
3013 4616 3266 4656 accusare
3297 4601 3569 4665 videaris;
3602 4608 3656 4656 et

2073 4717 2230 4772 quem
2260 4702 2466 4756 ratione
2487 4712 2591 4752 non
2619 4696 2810 4767 possis,
2831 4696 3087 4750 societate
3114 4696 3448 4766 peccantium
3473 4694 3660 4750 defen-

2137 4859 2214 4922 (d)
2249 4859 2443 4908 (‘ainam
2480 4856 2708 4922 haeresim
2745 4855 2960 4922 secude
3003 4855 3238 4922 Ecclesiae
3282 4858 3460 4909 sarculo
3502 4859 3662 4922 sciunt

2075 4916 2248 4970 omnes
2271 4922 2334 4967 ita
2357 4916 2643 4980 appellatam
2658 4951 2677 4980 ,ν
2696 4917 2992 4980 quod_Caino
3011 4920 3277 4980 praesertim
3305 4923 3538 4971 honorem
3562 4921 3652 4969 dc-

2077 4982 2257 5038 ferret;
2285 4979 2372 5028 sed
2407 4977 2576 5025 novam
2602 4977 2786 5026 heic’S.
2813 4978 2991 5028 Doctor
3012 4977 3228 5030 'nominis
3261 4982 3551 5033 allusionem
3592 4995 3654 5030 ex

2077 5056 2138 5092 eo
2161 5043 2290 5100 facit,
2311 5039 2438 5101 quod
2454 5038 2730 5106 sicutiCain
2745 5041 2978 5106 majorem
3001 5041 3186 5104 culpam
3203 5055 3337 5092 suam
3352 5045 3491 5102 dixit,
3513 5058 3658 5106 quam

2075 5116 2185 5166 quae
2217 5099 2382 5167 posset
2404 5114 2431 5148 a
2454 5099 2562 5148 Deo
2583 5099 2757 5167 dimitti
2777 5139 2800 5167 ,_
2815 5103 2880 5150 ita
2904 5101 2952 5150 hi
2974 5142 2986 5160 ,
3011 5099 3176 5167 contra
3209 5119 3330 5167 quos
3352 5099 3544 5161 scribit:
3565 5105 3657 5154 ali-

2075 5161 2172 5226 qua
2188 5161 2288 5232 esse
2307 5162 2546 5232 dicerent,
2572 5174 2668 5223 qua
2684 5161 2899 5232 ghrjstus
2917 5176 3011 5213 non
3032 5166 3177 5228 possit
3200 5161 3410 5232 purgare
3429 5167 3658 5229 sanguine

2075 5223 2179 5282 suo,
2205 5226 2312 5274 sive
2336 5224 2384 5272 in
2408 5224 2645 5282 baptismo
2667 5223 2940 5274 dimittere.

2161 5287 2209 5350 e)
2244 5285 2338 5334 Alii
2361 5284 2499 5356 codd.
2526 5293 2733 5356 Quorum
2758 5293 2864 5356 sunt
2901 5286 3134 5356 ista‘qtue
3165 5290 3287 5340 nosti
3320 5289 3613 5354 problemata
3633 5285 3660 5336 .’

2078 5346 2159 5399 vel
2183 5346 2413 5408 (morsum
2434 5346 2527 5395 ista
2538 5346 2664 5408 nosti
2683 5346 3017 5407 problemata?

2143 5407 2216 5482 (f)
2249 5408 2482 5459 'l‘ercenti
2503 5407 2702 5482 circiter
2725 5408 2949 5482 Episcopi
2985 5411 3519 5482 interfuere._cherus
3542 5407 3654 5482 Sul:

2110 5469 2228 5535 itius
2263 5482 2520 5535 numerum
2558 5469 2715 5518 adhuc
2755 5469 2932 5532 auget,
2966 5487 3109 5535 supra
3133 5473 3538 5535 quadringentos;
3565 5469 3656 5535 sed

2095 5487 2228 5520 )IllllS
2263 5487 2520 5520 numerum
2558 5487 2715 5518 aunuc
2755 5487 2932 5532 auget,
2966 5487 3020 5521 Sll
3059 5488 3109 5521 ['8
3133 5487 3332 5535 quaartn
3372 5487 3538 5529 emus;
3565 5487 3656 5519 δυα

2095 5533 2272 5583 'allitur.
2292 5532 2620 5594 Hieronymus
2633 5545 2752 5594 vero
2769 5540 2866 5582 tam
2889 5487 3121 5594 grandem
3143 5487 3373 5592 ejusmodi
3393 5531 3657 5579 ordinatio-

2076 5609 2194 5645 num
2217 5597 2314 5645 vim
2337 5595 2403 5641 ita
2426 5591 2703 5655 in'Apolog.
2729 5592 2814 5643 lib.
2845 5591 3080 5644 L'contra
3105 5591 3277 5640 Rttilin.
3305 5597 3575 5655 temperat,
3601 5599 3657 5655 ut

2076 5670 2172 5706 non
2189 5659 2286 5719 jam
2311 5655 2440 5719 dicat
2462 5651 2780 5719 pleiiutn'illis
2800 5656 3048 5719 mundum,
3072 5655 3159 5703 sed
3179 5660 3364 5701 tantum
3386 5651 3659 5702 istiusmodi

2076 5714 2348 5768 sacerdotes
2371 5714 2420 5764 in
2444 5714 2657 5764 Ecclesia
2679 5729 2780 5766 esse
2798 5715 3060 5766 nonnullos.

2142 5780 2213 5850 (1)
2249 5776 2428 5850 Mavult
2455 5776 2675 5850 Gravius,
2705 5777 2907 5826 dicendo
2943 5776 3099 5850 _enim,
3137 5782 3201 5850 et.
3226 5790 3339 5827 mox
3374 5775 3491 5841 quid
3515 5773 3653 5830 aliud

2080 5837 2206 5906 agit,
2224 5851 2279 5890 ut
2300 5841 2363 5890 sit
2385 5850 2480 5888 una
2504 5837 2735 5900 periodus
2755 5851 2863 5889 cum
2883 5837 3221 5901 subsequenti.
