2073 3168
249 160 301 189 055

248 218 305 246 das.
322 216 440 245 Sustinui
454 216 546 244 Roma:
559 223 575 243 a
587 214 644 242 viro
657 212 1036 249 eloquentissimocornutum,

248 264 393 295 uttlicitur,
404 261 598 298 syllogismum,
608 264 637 289 ut
648 267 816 295 quocumque
831 266 874 286 me
893 262 1038 290 verterem,

247 308 419 345 strhaius[al.
429 306 543 344 strictus]
554 311 674 336 tenerer.
687 306 815 339 Uxorem,
830 304 925 340 inquit,
939 303 1038 331 ducere

248 359 386 391 peccatum
399 358 452 388 est,
470 361 505 383 an
515 361 572 382 non
585 353 597 380 7
609 353 667 389 Ego
681 351 805 387 supplex,
825 356 852 379 et
864 350 913 386 qui
929 348 1040 379 insidias

246 403 330 430 vitare
351 401 498 435 nescirem,
517 400 573 429 dixi
593 407 647 428 non
671 406 731 427 esse
752 402 899 433 peccatum.
922 396 1039 425 Rursum

246 447 317 476 aliud
331 447 481 483 proposuit,
498 447 525 474 in
539 446 698 482 baptismate
710 443 779 472 bona
799 449 880 477 opera
900 441 1039 469 dimittun-

247 500 299 526 tur,
313 501 347 522 an
363 493 454 522 mala?
468 493 504 521 Et
517 493 545 520 in
557 493 608 520 hoc
621 491 716 520 eadem
728 489 898 524 simplicitate
912 485 1038 522 respondi

246 544 356 574 peccata
379 539 489 568 dimitti.
513 539 579 567 Cum
594 545 638 573 me
652 543 777 565 securum
801 540 934 571 putarem,
950 540 1040 567 coepe—

246 590 310 613 rtmt
322 585 387 614 mihi
400 585 464 613 hinc
474 585 537 613 inde
548 591 648 612 cornua
659 584 822 614 increscere,
836 586 862 608 et
876 579 1040 607 absconditae

246 632 319 666 prius
340 632 412 660 acies
425 631 542 659 dilatari.
559 630 597 663 Si,
614 629 713 665 inquit,
729 636 839 656 uxorem
855 627 969 657 ducere,
986 633 1039 653 non

245 682 287 706 est
308 683 465 714 peccatum;
489 678 638 713 baptismus
660 681 749 704 autem
774 679 880 710 peccata
908 672 1039 700 dimittit:

245 724 374 759 quidquid
383 731 437 751 non
451 723 604 755 dimittitur,
614 726 777 750 reservatur.
791 720 864 748 Illico
878 717 1039 753 mihi,quasi

245 779 259 797 n
274 770 420 798 fortissimo
433 770 520 805 pugile
536 776 680 804 percussus
695 775 795 800 essem,
811 770 871 793 ante
886 765 978 792 oculos
992 771 1039 791 ca-

244 816 298 852 ligo
314 817 450 844 observari
465 816 561 851 etrapit,
576 815 718 850 statimque
731 812 889 842 recordatus
909 810 1040 846 Chrysip-

245 863 287 897 pei
303 861 349 898 [aL
366 860 514 897 Chrysippi]
523 861 697 896 sophismatis
713 868 720 887 :
738 869 748 886 ι
767 859 795 887 Si
810 858 944 890 mentiris,
959 856 1041 891 idque

244 914 308 935 vere
323 907 388 935 dicis
401 916 409 940 ;
426 907 567 934 mentiris:
583 916 592 933 ι
606 912 633 934 et
647 907 673 934 in
685 914 729 934 me
744 911 869 933 reversus
883 903 1002 932 converti
1013 903 1039 930 in

244 952 427 980 adversarium
440 953 630 987 propositionis
641 951 790 987 str0pham.
800 950 908 984 Quaeso,
918 950 1038 984 inquam,

245 1003 271 1025 te
284 1002 313 1025 ut
334 997 508 1033 respondeas.
522 998 675 1033 Baptismus
689 997 824 1024 hominem
841 995 904 1023 facit
917 1002 1014 1022 novum
1030 1014 1039 1028 ,

243 1052 278 1071 an
293 1045 368 1072 non?
384 1044 432 1072 Vix
451 1044 542 1075 dedit.
560 1044 631 1080 quod
652 1051 750 1071 novum
773 1043 884 1071 faceret.
903 1040 1040 1069 Gradatim

244 1090 321 1118 intuli
338 1100 344 1117 :
360 1099 392 1118 ex
406 1095 462 1119 toto
474 1099 573 1119 novum
587 1090 661 1124 facit,
675 1098 709 1118 an
723 1098 755 1118 cx
768 1089 865 1126 parte?
879 1088 1039 1123 Respondit,

244 1145 275 1165 ex
292 1142 359 1166 toto.
375 1138 508 1173 Deinceps
523 1138 697 1173 interrogavi.
713 1137 779 1164 nihil
795 1143 860 1171 ergo
874 1135 974 1163 veteris
988 1135 1040 1161 ho-

244 1184 323 1212 minis
341 1185 368 1212 in
389 1184 549 1219 baptismate
565 1184 740 1212 reservatur?
761 1182 842 1210 Movit
856 1186 946 1217 caput.
962 1180 1040 1215 (ἔαξβί

244 1231 365 1265 protinus
380 1234 474 1258 texere
488 1239 495 1257 :
510 1230 538 1258 Si
550 1231 698 1265 baptismus
709 1236 807 1257 novum
818 1228 954 1256 hominem
964 1226 1039 1261 facit,

245 1281 272 1304 ct
284 1285 318 1305 ex
334 1281 389 1305 toto
403 1284 503 1305 novum
517 1282 600 1309 creat,
617 1277 738 1311 nihilque
752 1276 779 1303 in
793 1282 826 1303 eo
838 1275 937 1311 veteris
950 1280 1040 1301 reser-

245 1328 332 1356 vatur,
348 1331 401 1351 non
412 1327 501 1358 potest
512 1331 583 1351 novo
593 1310 728 1358 imputari,
742 1322 815 1358 quod
826 1323 852 1348 in
860 1310 944 1349 vetari
956 1327 1041 1355 quon-

245 1369 306 1397 dam
326 1369 385 1397 l'uit.
407 1370 526 1397 Primum
542 1369 580 1405 (α)
595 1369 748 1404 spinosulus
770 1372 863 1396 noster
885 1366 1040 1399 obmutuit;

245 1420 338 1451 postea
352 1423 416 1443 vero
435 1415 579 1443 Pisoniano
593 1415 668 1448 vitio,
688 1422 749 1442 cum
765 1414 840 1449 loqui
854 1413 982 1445 nesciret,
997 1416 1040 1439 ta-

245 1468 306 1489 cere
320 1468 374 1489 non
390 1462 486 1497 potuit.
503 1461 607 1490 Sudare
622 1465 713 1489 tamen
735 1460 821 1493 frons,
835 1460 938 1495 pallere
951 1466 1039 1494 gente,

246 1511 361 1536 tremere
374 1508 459 1543 labia,
472 1509 575 1536 hzerere
596 1508 695 1543 lingua,
711 1508 796 1535 saliva
809 1506 917 1539 siccari,
939 1510 968 1533 et
981 1505 1041 1540 plus

246 1554 343 1584 timore
366 1562 446 1590 quam
472 1559 553 1583 aetate
581 1554 715 1582 contrahi.
734 1553 848 1588 Erupuit
874 1551 1040 1587 aliquando:

244 1599 339 1628 Nonne
362 1601 450 1636 legisti
464 1601 498 1629 ab
522 1601 662 1635 Apostolo,
684 1600 763 1628 unius
783 1598 875 1627 uxoris
897 1597 984 1625 virum
999 1604 1041 1624 as-

246 1647 316 1675 sumi
335 1647 362 1674 in
376 1648 571 1682 sacerdotium,
584 1652 612 1674 et
624 1654 682 1674 rem
702 1654 755 1674 non
776 1651 897 1680 tempora
910 1643 1017 1673 deliniri
1032 1644 1043 1670 ’ἰ

246 1693 314 1727 Quia
323 1701 366 1720 me
376 1694 539 1728 syllogismis
547 1697 751 1728 provocaverat,
761 1696 789 1720 et
799 1692 921 1719 videbam
931 1690 1043 1719 tendere

247 1740 384 1768 hominem
398 1739 432 1768 ad
447 1740 719 1775 interrogatiunculas
731 1744 875 1771 tortuosos,
886 1746 935 1766 sua
948 1742 1041 1765 contra

246 1786 320 1814 illum
332 1786 382 1814 tela
395 1786 535 1821 jaciebem.
548 1786 711 1820 Baptizatus,
730 1784 813 1821 414
831 1784 951 1820 inquam,
969 1785 1043 1818 Apo-

246 1834 332 1862 stolus
356 1834 439 1869 elegit
465 1834 491 1861 in
517 1834 719 1868 Episcopatum,
746 1840 780 1859 an
806 1831 1042 1860 Cateehumenos!

246 1881 422 1917 Respondere
430 1881 548 1909 nolebat.
564 1881 621 1916 Ego
633 1885 723 1909 tamen
739 1880 855 1916 idipsum
868 1881 1003 1915 ingerere,
1015 1883 1043 1907 et

247 1928 411 1956 secundo-ec
420 1928 499 1956 tertio
508 1927 639 1955 sciscitari
651 1926 698 1964 [aL
710 1927 817 1955 additur
827 1925 923 1962 erepit].
938 1925 1043 1953 Nioben

247 1979 369 2010 putares,
383 1982 444 2010 qua:
456 1974 539 2002 nimio
557 1973 622 2002 ﬁetu
635 1974 663 2002 in
672 1974 795 2010 [lapidem
810 1980 887 2001 versa
900 1977 951 2000 est.
966 1972 1043 2000 Verti

247 2028 291 2048 me
305 2020 338 2048 ad
351 2021 487 2049 auditores
507 2030 513 2048 :
529 2020 596 2049 nihil
610 2021 733 2054 interest,
748 2028 765 2048 ο
779 2020 843 2048 boni
863 2019 978 2055 iudices,
996 2019 1044 2047 ad-

247 2068 395 2096 versarium
418 2068 584 2103 vigilantem,
607 2075 642 2095 an
664 2067 844 2095 dormientem
869 2066 968 2101 ligem,
991 2065 1043 2093 nisi

247 2113 320 2148 quod
334 2113 438 2140 facilius
450 2118 493 2141 cst
510 2114 671 2149 quiescenti,
688 2120 766 2148 quam
781 2112 921 2140 reluctanti
936 2112 1041 2139 vincula

247 2161 396 2189 innectere.
411 2159 439 2188 Si
453 2160 598 2196 Apostolus
612 2168 665 2187 non
679 2160 886 2187 catechumenos
899 2160 926 2187 in
939 2159 1040 2187 clerum

247 2207 357 2243 allegit,
372 2207 421 2236 sed
436 2206 532 2235 ﬁdeles
546 2216 552 2235 :
567 2206 654 2234 ﬁdelis
669 2211 757 2233 autem
772 2211 812 2233 est
827 2206 872 2240 qui
893 2205 1042 2240 Episcopus

246 2254 406 2288 ordinatur;
420 2254 485 2282 vitia
506 2253 692 2282 catechumeni
714 2260 766 2280 non
790 2252 992 2287 imputabontur
1008 2251 1041 2278 ﬁ-

247 2300 310 2328 deli.
334 2300 504 2336 Torquebam
529 2299 679 2328 istiusmodi
704 2299 806 2335 spicula
820 2319 827 2332 ,
849 2302 878 2326 et
906 2298 1043 2326 vibrantes

249 2346 340 2373 hastas
352 2347 379 2373 in
392 2347 566 2382 lethargicum
586 2346 744 2382 dirigebam.
760 2345 896 2374 Oscitabat
912 2344 1019 2372 tandem
1032 2365 1039 2378 ,

248 2398 276 2422 et
297 2393 372 2428 quasi
394 2401 443 2429 per
455 2394 551 2421 mentis
575 2395 711 2429 crapulam
733 2398 842 2422 ructans
861 2398 889 2421 et
910 2400 1043 2421 nauseans

249 2439 390 2467 evomebat
406 2446 414 2466 :
433 2439 585 2473 Apostolus,
607 2440 683 2473 dixit,
698 2440 797 2468 Paulus
812 2441 870 2468 haec
885 2439 986 2468 docuit.

285 2486 313 2514 5.
333 2485 507 2513 Proferuntur
521 2493 585 2521 ergo
599 2486 717 2520 Apostoli
732 2486 869 2520 Epistolas,
882 2494 932 2513 una
946 2487 978 2514 ad
992 2486 1040 2513 Ti-

251 2531 387 2559 motheum
398 2550 407 2563 ,
421 2530 506 2557 altera
519 2530 553 2558 ad
566 2530 664 2557 Titum.
677 2530 705 2557 ln
720 2530 806 2565 prima
820 2530 946 2565 scriptum
962 2536 1020 2558 erat
1034 2540 1042 2558 :

254 2586 264 2603 ι
278 2578 306 2605 Si
318 2577 378 2615 quis
391 2577 573 2615 episcopatum
587 2576 730 2610 desiderat,
745 2576 843 2604 bonum
858 2583 924 2618 opus
935 2577 1041 2605 deside-
1064 2586 1078 2594 -λ

283 2669 319 2699 (a)
332 2664 427 2702 Pisoni,
439 2671 480 2702 qm
492 2672 547 2702 cum
558 2665 737 2702 balbussset‘,
749 2668 988 2702 taceretamemnon
1000 2673 1032 2698 po

252 2696 325 2728 terat,
337 2699 388 2723 oris
398 2696 558 2728 haesitantiam
571 2696 809 2728 exprobratCicero,
822 2697 905 2727 aitque
917 2696 984 2728 illum
997 2696 1044 2723 nec

251 2733 336 2755 lacere
347 2734 476 2760 possenon
487 2727 562 2760 loqui.
575 2727 720 2758 Conjicimus
730 2727 786 2752 hinc
796 2734 898 2760 nos_pro
908 2727 1044 2758 spinosutus

250 2758 383 2793 legendum
395 2758 530 2793 etsenatus,
543 2766 589 2783 seu
599 2764 688 2793 recens
699 2765 727 2793 ac
735 2764 825 2793 parvus
836 2758 894 2793 Piso
903 2776 924 2793 ,_
924 2760 989 2793 quod
1002 2767 1045 2793 no-

250 2788 308 2816 mén
319 2791 391 2817 facile
402 2790 492 2816 librarii
504 2788 658 2822 corruperint
669 2788 876 2822 vocis'insolentia
887 2788 985 2822 oil'ehsi.
996 2791 1045 2816 alia

251 2823 383 2854 supposita,
396 2829 452 2854 qua:
463 2822 493 2847 ad
504 2822 569 2846 illius
578 2820 763 2854 similitudinem
776 2821 887 2852 proxime
897 2821 1042 2854 accederet;

250 2851 414 2886 Hieronynms
424 2860 485 2879 vero
495 2860 540 2886 per
550 2858 623 2886 quam
635 2851 781 2883 elegantius,
794 2857 889 2883 suoque
901 2859 934 2876 ex
946 2851 1045 2886 ingenio

373 2883 509 2919 scripsisse",
521 2883 627 2912 maxime
636 2889 692 2910 cum
700 2886 781 2911 noster
790 2889 924 2915 pronomen
933 2883 1045 2910 subdide-

887 152 1008 183 SANCTI
1029 149 1214 180 HIERONYMI

1834 153 1887 183 656

1095 211 1146 235 rat.
1160 206 1270 242 Oportet
1282 214 1345 243 ergo
1357 207 1517 244 Episcopum
1532 208 1796 244 irrcprehcnsibilem
1811 217 1885 245 esse,

1094 254 1172 281 unius
1187 254 1277 282 uxoris
1291 254 1386 289 virum,
1403 255 1519 285 sobrium
1529 276 1536 288 ,
1552 255 1710 291 prudentem
1721 277 1728 288 .
1744 262 1885 292 ornatum,

1093 300 1263 336 hospitalem,
1277 301 1424 336 doctorem,
1440 310 1492 330 non
1507 302 1673 330 vinolentum
1683 323 1692 337 ,
1708 310 1762 332 non
1774 311 1887 339 pereas.-

1093 354 1182 377 sorem
1194 356 1201 375 :
1215 347 1263 375 sed
1278 347 1438 381 modestum,
1450 356 1502 376 non
1519 348 1678 383 litigiosum,
1694 357 1746 377 non
1759 356 1885 385 avarum,

1093 393 1203 426 domum
1215 401 1290 421 suam
1300 394 1368 421 bene
1378 398 1514 430 regentem
1525 403 1531 426 ;
1544 393 1597 422 ﬁlio
1605 394 1761 425 shabentem
1767 395 1888 427 subditos

1093 446 1154 469 cum
1165 440 1237 468 omni
1247 440 1378 468 castitate.
1393 440 1421 468 Si
1434 440 1492 476 quis
1502 445 1591 469 autem
1602 441 1691 469 domui
1704 449 1759 470 sua:
1770 450 1888 478 praeesse

1094 486 1189 520 nescit,
1206 486 1339 521 quomodo
1355 486 1481 514 Ecclesiae
1496 487 1541 515 Dei
1555 487 1718 523 diligentiam
1732 488 1888 518 adhibebit?

1093 531 1151 561 Non
1166 532 1327 568 neophytum
1337 553 1343 564 ,
1359 539 1392 559 ne
1406 533 1432 560 in
1446 532 1597 568 superbiam
1611 533 1705 568 elatus,
1719 534 1746 563 in
1759 534 1888 570 judicium

1094 578 1193 606 incidat
1211 578 1319 606 diaboli.
1348 578 1461 613 Oportet
1480 584 1569 607 autem
1584 587 1644 607 cum
1662 585 1689 608 et
1706 581 1888 610 testimonium

1094 623 1192 652 habere
1208 624 1306 651 homnn
1321 624 1355 652 ab
1368 624 1411 653 h'w
1426 625 1471 659 qui
1484 624 1549 652 foris
1561 630 1632 658 sunt,
1645 629 1675 654 ut
1688 633 1741 653 non
1752 626 1779 654 in
1790 634 1888 662 oppro-

1094 670 1179 697 brium
1195 670 1302 701 incidat,
1318 675 1344 698 et
1359 671 1384 697 in
1399 671 1522 706 laqueum
1536 670 1633 698 diaboli
1651 681 1660 698 ι
1678 671 1717 707 (1.
1732 672 1801 700 Tim.
1814 673 1842 701 5.
1858 674 1886 701 l.

1093 719 1117 742 et
1129 716 1220 750 seqq).
1233 715 1274 743 Ad
1292 715 1379 745 Titum
1401 716 1490 743 statim
1508 716 1534 743 in
1555 716 1685 751 principio
1696 716 1754 748 haec
1764 718 1888 748 mandata

1095 765 1239 795 ponuntur.
1254 771 1263 788 t
1280 761 1365 797 Ilujus
1386 763 1425 790 rei
1447 762 1531 797 gratia
1545 762 1640 798 reliqui
1656 767 1681 791 te
1696 763 1782 792 Creta:
1792 785 1800 799 ,
1814 769 1887 794 utea

1095 815 1152 842 qme
1174 807 1303 842 deerant,
1325 809 1442 845 corrigas
1457 819 1463 836 :
1478 814 1505 837 et
1527 810 1672 838 constituas
1696 818 1744 846 per
1766 811 1888 842 civitates

1095 852 1269 888 Presbyteros
1282 874 1289 888 ,
1304 854 1373 881 sicut
1386 862 1437 890 ego
1451 855 1499 883 tibi
1513 854 1642 890 disposui.
1658 855 1687 884 Si
1701 857 1761 891 quis
1774 862 1816 886 est
1829 859 1887 888 sine

1093 899 1206 927 crimine
1218 899 1295 927 unius
1308 900 1399 928 uxoris
1412 900 1462 933 vir,
1478 900 1546 929 ﬁlios
1558 900 1660 929 habens
1672 900 1779 936 ﬁdeles,
1793 910 1846 932 non
1859 904 1887 932 in

1093 945 1263 973 accusatione
1285 945 1415 981 luxurias,
1429 951 1475 974 aut
1489 953 1542 975 non
1564 946 1694 976 subditos.
1713 948 1824 984 Oportet
1837 957 1887 985 ego

1093 990 1254 1026 Episcopum
1267 998 1327 1019 esse
1339 993 1397 1020 sine
1411 992 1522 1020 crimine
1534 1013 1542 1026 ,
1556 998 1679 1029 tanquam
1691 993 1737 1022 Dei
1749 994 1886 1031 dispensa-

1095 1041 1190 1069 torem,
1207 1045 1260 1065 non
1276 1042 1441 1072 protervum,
1456 1046 1509 1067 non
1524 1039 1687 1074 iracundum,
1701 1049 1752 1069 non
1765 1042 1886 1070 vinolen-

1094 1088 1160 1115 tum,
1170 1091 1222 1110 non
1236 1091 1432 1119 percussorem,
1444 1092 1497 1113 non
1506 1086 1590 1121 turpis
1602 1087 1668 1115 lucri
1678 1087 1812 1122 cupidum,
1836 1088 1884 1116 sed

1094 1130 1264 1165 hOSpitalem,
1272 1131 1443 1165 benevolum,
1453 1133 1622 1168 prudentem,
1629 1135 1740 1169 justum,
1751 1139 1883 1169 sanctum,

1093 1176 1451 1210 cettlinentem,ohtiucntem
1458 1180 1577 1215 eum.qui
1586 1180 1730 1208 secundum
1737 1181 1884 1212 doctrinam

1093 1226 1144 1254 est,
1155 1221 1259 1250 ﬁdelem
1271 1231 1436 1257 sermonem;
1450 1229 1479 1252 ut
1491 1226 1575 1260 possit
1584 1225 1717 1254 exhortari
1729 1226 1753 1253 in
1766 1225 1885 1260 doctrina

1093 1270 1420 1301 sana,eteontradicentes
1432 1272 1569 1300 revincere
1581 1282 1590 1299 ι
1600 1272 1675 1308 (Cap.
1688 1274 1714 1301 l.
1727 1273 1753 1302 5.
1762 1274 1884 1309 etseqq.).

1093 1312 1121 1341 lu
1146 1319 1257 1350 utraque
1305 1315 1387 1353 415
1437 1317 1572 1353 Epistola,
1594 1319 1650 1346 sive
1668 1318 1811 1354 Episcopi,
1830 1319 1886 1347 sive

1093 1359 1257 1396 Presbyteri,
1270 1361 1308 1397 (b)
1319 1370 1470 1399 quanquam
1490 1364 1560 1400 apud
1571 1369 1675 1394 veteres
1686 1365 1766 1393 iidem
1778 1366 1886 1400 Episco-

1094 1405 1121 1441 pi
1135 1411 1163 1434 et
1177 1407 1330 1444 Presbyteri
1345 1409 1444 1438 fuerint
1459 1419 1465 1437 :
1480 1411 1541 1446 quia
1555 1411 1621 1441 illud
1643 1420 1738 1441 nomen
1753 1412 1886 1448 dignitatis

1094 1456 1151 1484 est,
1169 1452 1219 1480 hoc
1233 1455 1335 1489 aetatis,
1352 1455 1476 1489 iubentur
1491 1458 1641 1493 monogami
1655 1459 1680 1486 in
1694 1458 1799 1487 Clerum
1813 1460 1885 1495 eligi.

1094 1496 1172 1524 Certe
1189 1498 1222 1525 de
1243 1499 1382 1534 baptizatis
1402 1502 1522 1536 Apostoli
1543 1509 1694 1531 sermonem
1716 1511 1774 1531 esse
1787 1525 1794 1537 ,
1809 1512 1887 1532 nemo

1095 1543 1206 1571 dubitat.
1221 1544 1250 1572 Si
1263 1552 1328 1580 ergo
1342 1547 1430 1573 omnia
1444 1555 1503 1582 qum
1516 1548 1542 1575 in
1555 1548 1722 1577 ordinatione
1734 1554 1887 1585 qumrnntur

1096 1591 1239 1625 Episcopi,
1261 1599 1314 1619 non
1334 1592 1510 1627 praeiudicant
1525 1594 1690 1629 ordinando,
1707 1596 1767 1623 licet
1780 1603 1811 1624 ea
1826 1600 1887 1624 ante

1094 1636 1224 1671 baptisma
1237 1645 1290 1665 non
1305 1638 1427 1666 habuerit
1440 1639 1577 1675 (queritur
1588 1641 1657 1668 enim
1669 1641 1731 1676 quid
1743 1642 1788 1676 sit,
1798 1646 1824 1670 et
1835 1650 1887 1670 non

1094 1683 1157 1718 quid
1180 1683 1279 1720 fuerit)
1303 1692 1387 1720 quare
1407 1685 1494 1713 solum
1514 1693 1612 1714 nomen
1634 1687 1722 1714 uxoris
1742 1688 1886 1723 impediat,

1095 1729 1167 1764 quod
1181 1730 1267 1758 solum
1280 1736 1417 1766 peccatum
1429 1739 1484 1760 non
1498 1732 1566 1760 luit?
1580 1732 1662 1766 Dicis,
1675 1733 1735 1769 quia
1751 1739 1887 1769 peccatum

1096 1782 1149 1803 non
1161 1775 1218 1810 fuit,
1231 1776 1331 1805 idcirco
1342 1785 1394 1805 non
1404 1782 1446 1806 est
1456 1778 1595 1806 dimissum
1605 1779 1632 1807 in
1643 1779 1807 1814 baptismate.
1820 1780 1888 1807 Rem

1096 1830 1192 1850 novam
1205 1824 1284 1851 audio
1294 1833 1300 1850 ξ
1310 1824 1370 1859 quia
1380 1825 1417 1860 (c)
1426 1829 1564 1860 peccatum
1577 1833 1631 1853 non
1642 1824 1702 1859 iuit,
1713 1825 1739 1853 in
1751 1829 1888 1861 peccatum

1095 1870 1271 1906 reputabitur.
1284 1870 1379 1898 Omnia
1391 1876 1488 1907 scorta,
1501 1877 1528 1900 et
1540 1872 1653 1908 publica;
1664 1872 1821 1901 eolluvionis
1831 1879 1890 1901 sor-

1096 1916 1160 1950 des,
1177 1916 1300 1952 impietas
1312 1917 1339 1944 in
1356 1918 1438 1946 Deum
1450 1939 1458 1951 ,
1479 1918 1649 1953 parricidium
1663 1939 1670 1952 ,
1686 1923 1713 1947 et
1731 1918 1847 1947 incestus
1862 1919 1890 1947 in

1096 1967 1236 1998 parentes,
1252 1967 1331 1999 atque
1348 1964 1374 1991 in
1389 1964 1614 1992 extraordinarias
1629 1965 1776 1999 voluptates
1790 1965 1890 1992 utrius-

1098 2016 1150 2044 que
1168 2016 1250 2037 sexus
1262 2014 1364 2037 mutata
1388 2015 1493 2044 natura,
1508 2009 1606 2039 Christi
1628 2010 1702 2039 fonte
1722 2015 1867 2046 purgantur
1879 2020 1888 2038 :

1096 2055 1191 2082 uxoris
1213 2054 1380 2083 inhaerebunt
1403 2055 1532 2089 maculae,
1555 2061 1582 2083 et
1606 2056 1742 2091 lupanaria
1764 2056 1889 2083 thalamis

1096 2101 1292 2135 praeferentur?
1306 2101 1362 2137 Ego
1376 2109 1429 2129 non
1446 2102 1491 2130 tibi
1510 2102 1611 2137 imputo
1624 2103 1794 2134 meretricum
1811 2110 1889 2131 excr-

1095 2147 1180 2180 eitus,
1203 2148 1370 2175 exoletorum
1390 2155 1484 2184 greges
1497 2169 1504 2181 ,
1518 2148 1674 2177 eﬁusionem
1695 2149 1848 2184 sanguinis,
1861 2154 1891 2178 et

1097 2192 1182 2220 instar
1196 2193 1252 2220 suis
1267 2193 1292 2220 in
1308 2194 1379 2221 omni
1397 2202 1475 2222 cmuo
1495 2195 1632 2222 libidinum
1648 2195 1801 2227 volutabra;
1818 2199 1845 2222 et
1861 2200 1890 2222 ttt

1096 2238 1162 2266 mihi
1174 2239 1236 2267 olim
1251 2244 1381 2268 mortuam
1394 2241 1426 2268 de
1440 2242 1561 2276 sepulcro
1573 2241 1722 2268 uxorculam
1736 2241 1870 2275 protrahis
1882 2251 1889 2269 :

1096 2293 1176 2322 quam
1192 2285 1251 2314 ideo
1265 2287 1374 2322 accepi,
1393 2295 1426 2315 ne
1443 2288 1555 2316 facerem
1570 2287 1639 2322 quod
1653 2287 1758 2315 fecisti?
1774 2287 1890 2315 Audiam

1096 2333 1197 2361 ethnici
1217 2341 1319 2361 messes
1334 2333 1381 2370 [aL
1399 2335 1493 2371 messis]
1511 2335 1653 2367 Ecclesiae,
1668 2334 1701 2361 de
1716 2334 1811 2369 quibus
1825 2342 1890 2368 quo-

1098 2379 1161 2408 tidie
1175 2380 1269 2408 horrea
1280 2385 1369 2408 nostra
1380 2382 1548 2415 complentur
1557 2389 1565 2410 ;
1575 2381 1683 2408 audiant
1694 2380 1887 2413 catechumeni,

1057 2453 1058 2456 η
1098 2427 1141 2462 qui
1155 2432 1217 2454 sunt
1230 2425 1291 2454 ﬁdei
1304 2426 1440 2459 canditati,
1455 2434 1486 2453 ne
1501 2434 1598 2453 uxores
1608 2426 1705 2453 ducant
1717 2430 1778 2452 ante
1791 2425 1890 2460 baptis-

1096 2479 1139 2499 ma
1151 2492 1159 2505 ,
1175 2479 1209 2499 nc
1224 2472 1335 2499 honesta
1350 2472 1461 2506 iungant
1474 2471 1658 2505 matrimonia;
1670 2471 1715 2507 (ά)
1727 2470 1774 2499 sed
1787 2471 1893 2499 Scotto-

1097 2525 1157 2545 rum
1175 2522 1201 2545 et
1218 2516 1396 2545 Atticotorum
1410 2517 1463 2544 ritu
1472 2537 1481 2551 ,
1496 2523 1528 2544 ac
1542 2515 1576 2544 de
1590 2516 1736 2552 Republica
1751 2515 1870 2545 Platonis
1881 2536 1890 2550 ,

1108 2597 1111 2601 '
1129 2605 1166 2641 ςιι)
1183 2604 1238 2641 yid.
1252 2610 1307 2636 quae
1317 2604 1460 2630 adnotamus
1468 2605 1493 2629 in
1503 2604 1577 2636 epist.
1589 2603 1620 2629 ad
1629 2603 1781 2635 Evangelnm
1792 2603 1822 2629 ad
1832 2605 1889 2629 torni

1097 2637 1170 2698 M33;
1181 2634 1266 2698 ili/“grai
1276 2672 1331 2697 quas
1342 2666 1408 2698 inter
1419 2668 1550 2697 utramque
1557 2673 1644 2692 vocem
1654 2669 1780 2698 peccatum
1789 2670 1855 2697 sunt,
1866 2667 1892 2692 in

1097 2697 1200 2723 Yietbrii
1213 2697 1322 2721 editione
1333 2697 1511 2723 desiderantur.

1130 2729 1170 2760 (d)
1187 2727 1242 2762 Lib.
1253 2728 1278 2751 2.
1286 2731 1370 2764 contra
1379 2728 1500 2764 .lovinian.
1512 2731 1654 2764 soouorwn,
1664 2729 1753 2764 inquit,
1761 2728 1891 2764 natium

1094 2825 1153 2853 post
1165 2822 1281 2845 barbaros
1293 2825 1428 2852 turpesque
1439 2822 1588 2853 Atieotorum
1606 2822 1646 2847 vel
1665 2821 1830 2847 Attacotorum
1839 2828 1890 2846 mo

1094 2852 1141 2889 ires
1151 2853 1294 2890 describens
1301 2871 1307 2882 ,
1322 2853 1464 2890 impressam
1476 2853 1533 2890 heic
1543 2852 1740 2890 lectionemj'pse
1751 2852 1888 2890 conﬁrmat,

1099 2884 1168 2914 cujus
1180 2883 1231 2916 loco
1241 2883 1334 2916 Erasm.
1347 2886 1488 2916 scortorum
1497 2886 1666 2916 tat/amorum,
1676 2883 1800 2911 Victorius
1809 2886 1892 2910 Αεοωυ

1102 2913 1157 2941 νιὶηι
1169 2914 1198 2940 ab
1210 2920 1288 2945 ασοτος,
1297 2913 1441 2946 impudicus,
1454 2914 1639 2942 substituerant.
