2073 3168
171 176 222 206 65'!

173 232 337 271 prombcuas
353 240 461 267 uxores.
484 240 639 267 communes
657 233 758 267 liberes
769 233 882 262 habeant
892 241 899 260 :
909 232 963 263 imo

172 285 282 310 caveant
294 281 488 317 qualecumque
508 281 664 314 vocabulum
684 280 822 317 conjugis,
842 287 876 309 ne
891 283 965 315 post-

172 334 250 363 quam
263 327 289 354 in
299 326 404 355 Christo
412 327 584 361 crediderint,
591 327 685 359 doceat
693 326 807 361 eisquod
820 324 964 361 aliquando

172 381 224 401 non
240 372 403 407 concubinas
413 394 421 408 ,
436 380 487 402 nec
502 372 658 407 meretrices
668 393 677 411 ,
690 372 737 405 sed
751 379 848 401 uxores
862 370 964 401 habites

173 415 234 446 rint.

208 466 235 493 t.
256 465 366 494 Recolat
378 466 559 502 unusquisque
572 465 764 498 conscientiam
775 472 851 496 suam
862 485 870 498 ,
885 467 912 496 et
926 468 966 495 ιο-

175 512 225 539 tius
241 512 350 539 vulnera
362 512 469 547 plangat
493 512 579 545 multis
595 518 727 547 :cumque
746 518 838 543 verum
849 509 964 545 iudicem

175 557 291 591 priorum
303 563 332 584 se
342 556 493 591 exhibuerit
502 557 671 589 delictorum,
682 556 773 589 audiat
784 556 965 591 increpantem

149 605 155 622 ί
174 604 264 632 Jesum
278 613 284 631 :
302 604 454 640 Hypocrita,
468 605 532 640 ejice
547 605 657 640 primum
671 604 766 635 trabem
780 604 811 633 de
824 603 897 630 oculo
911 606 965 636 luo,

176 655 282 689 elllunc
303 651 397 678 videbis
418 651 508 687 ejicere
530 653 653 687 festucam
675 651 706 679 de
726 651 799 678 oculo
820 650 910 686 fratris
931 648 968 676 tui

178 697 283 732 (Matth.
301 697 327 725 7.
343 697 375 731 5;
390 702 413 725 et
427 697 491 725 Luc.
507 697 534 726 6.
547 698 603 734 42).
618 697 687 726 Vere
700 697 852 725 Scribarum
863 702 890 728 et
903 696 966 726 Pha-

176 742 314 771 risaeorum
328 743 440 777 similes,
454 743 567 772 culicem
583 743 713 778 liquantes
726 747 752 771 et
766 742 897 771 camelum
909 741 968 776 glu-

177 788 283 822 tientes,
297 789 461 818 decimamus
473 794 591 817 mentam
604 794 631 818 et
645 789 788 822 anethum;
803 793 830 817 et
843 788 888 816 Dei
902 788 969 824 judi-

177 835 245 863 cium
261 835 488 871 pnetermittimus
498 835 603 871 (Matth.
614 836 672 871 23).
685 835 754 869 Quid
766 835 854 863 simile
863 841 931 862 uxor
942 838 970 864 et

177 882 314 909 scortum?
350 881 433 919 416
468 882 614 918 Inipulatur
622 882 764 910 infelicitas
771 881 891 917 conjugis
901 888 969 909 mor-

179 931 243 960 tu:c,
256 931 282 954 et
296 927 376 955 libido
390 928 539 955 meretricia
551 928 713 956 coronatur?
725 928 770 956 llle
783 928 805 955 si
820 927 893 962 prior
904 935 970 955 uxor

178 974 298 1008 viveret,
314 974 393 1001 aliam
414 974 553 1010 conjugem
569 981 621 1002 non
638 974 749 1002 haberet
763 982 770 1001 :
786 979 812 1001 tu
827 977 857 1001 ut
871 973 971 1008 passim

178 1020 285 1047 caninas
295 1019 400 1055 nuptias
412 1020 550 1056 jungeres,
561 1020 625 1056 quid
638 1025 714 1055 potes
724 1019 871 1047 excusare?
884 1019 970 1046 Forsi-

179 1070 221 1093 tan
237 1066 356 1094 timuisse
370 1071 395 1094 te
407 1066 491 1100 dicas,
503 1074 537 1095 ne
550 1067 572 1100 si
586 1066 783 1094 matrimonium
796 1064 951 1100 copulasses
961 1086 969 1098 ,

179 1120 230 1140 non
250 1119 341 1147 posses
354 1112 497 1148 aliquando
510 1112 630 1140 Clericus
645 1111 772 1139 ordinari.
785 1110 834 1139 Ille
847 1111 874 1138 in
888 1118 972 1139 uxore

180 1159 280 1194 optavit
301 1159 400 1187 liberos
411 1179 420 1195 ,
441 1164 468 1187 tu
484 1159 510 1186 in
531 1158 672 1186 meretrice
687 1157 807 1186 sobolem
824 1157 972 1193 perdidisti.

180 1205 257 1233 Illum
281 1210 382 1234 natura:
405 1210 432 1233 et
456 1205 635 1239 benedictioni
658 1204 764 1233 Domini
790 1204 972 1237 servientem:

180 1252 290 1279 Crescite
303 1258 327 1279 et
343 1247 548 1286 multiplicamini
557 1272 565 1285 ,
580 1256 604 1278 et
618 1251 713 1286 replete
728 1251 843 1285 terram(
860 1250 924 1278 Gen.
947 1251 973 1278 I.

179 1297 214 1327 38
226 1300 235 1332 )
248 1318 256 1331 ,
271 1297 453 1327 cubiculorum
471 1300 573 1331 secreta
589 1300 713 1324 texerunt
726 1305 732 1322 :
747 1301 773 1324 te
787 1296 926 1324 subantem
941 1295 975 1324 ad

179 1345 280 1371 coitum
295 1343 400 1379 publica
414 1343 495 1371 facies
508 1347 633 1373 execrata
648 1347 699 1370 est.
716 1342 763 1370 Ille
777 1342 847 1378 quod
861 1342 974 1375 licebat,

181 1389 332 1417 verecundo
347 1390 447 1425 pudore
460 1390 555 1417 celavit
570 1398 577 1417 :
591 1393 619 1417 tu
631 1389 702 1424 quod
721 1396 775 1416 non
794 1388 909 1421 licebat,
925 1388 976 1415 im-

181 1437 314 1472 pudenter
327 1437 445 1464 omnium
462 1436 545 1464 oculis
558 1435 702 1471 ingessisti.
718 1435 757 1463 Illi
772 1435 899 1469 scriptum
913 1438 974 1462 est:

183 1483 353 1510 llonorabiles
366 1483 470 1518 nuptiw,
485 1488 508 1510 et
525 1483 606 1509 cubile
619 1482 811 1514 immaculatum
822 1481 914 1518 (lIebr.
930 1481 975 1509 I5.

181 1529 227 1564 4);
244 1529 289 1557 tibi
304 1529 401 1564 legitur
414 1537 420 1555 :
435 1527 613 1555 Fornicatores
626 1533 710 1555 autem
726 1532 749 1555 et
763 1527 891 1556 adulteros
905 1527 976 1561 iudi-

182 1577 246 1603 cabit
263 1576 316 1612 (al.
331 1575 450 1612 perdet.j
464 1575 532 1603 Deus
546 1575 556 1612 (
565 1574 681 1612 Ibidem)
696 1584 701 1602 :
716 1575 766 1608 Et,
781 1575 824 1608 qui
839 1575 977 1609 corrumpit

184 1622 304 1658 templum
318 1621 386 1656 Dei,
409 1626 553 1656 corrumpet
569 1622 640 1649 illum
655 1620 725 1649 Deus
738 1620 747 1656 (
763 1621 789 1648 I.
805 1620 864 1650 Car.
879 1621 904 1648 6.
923 1621 939 1648 7
954 1622 975 1655 ).

184 1668 277 1696 Omnia
289 1687 298 1702 ,
316 1667 420 1702 inquit,
439 1667 516 1695 nobis
529 1666 556 1696 in
573 1666 732 1701 baptismate
747 1665 896 1694 condonata
915 1670 978 1695 sunt

185 1714 296 1741 crimina
308 1720 374 1746 :nec
388 1717 448 1748 post
461 1713 662 1749 indulgentiam,
673 1713 770 1749 iudicis
783 1717 823 1741 est
835 1713 978 1741 metuenda

185 1760 322 1793 severitas,
337 1759 440 1788 dicente
454 1759 583 1794 Apostolo
596 1768 602 1785 :
618 1769 626 1786 1
642 1759 675 1787 Et
690 1759 747 1787 haec
760 1759 866 1794 quidem
879 1759 976 1792 fuistis,

185 1807 231 1835 sed
246 1806 328 1834 abluti
341 1806 406 1834 estis
417 1826 425 1839 ,
440 1805 487 1834 sed
506 1806 661 1833 sanetilicati
677 1806 742 1834 estis
754 1826 762 1839 ,
776 1805 824 1833 sed
843 1805 979 1840 iustiﬁcati

186 1852 251 1879 estis
265 1852 290 1879 in
304 1852 409 1885 nomine
423 1851 527 1879 Domini
541 1850 603 1879 Jesu
616 1849 724 1882 Christi,
738 1854 765 1878 et
779 1850 804 1878 in
818 1849 917 1885 Spiritu
932 1849 979 1877 Dei

186 1897 269 1924 nostri
281 1896 360 1933 (Ibid.
375 1897 401 1927 5.
414 1897 470 1932 17).
485 1896 579 1926 Omnia
593 1900 698 1932 peccata
710 1896 807 1924 donata
820 1900 898 1929 sunt;
912 1896 980 1924 bene

186 1948 213 1971 et
227 1943 349 1972 fideliter.
363 1943 415 1971 Sed
428 1950 519 1978 quatro
528 1942 662 1978 quomodo
674 1947 725 1970 tua:
737 1942 830 1970 sordes
843 1942 904 1969 lota:
915 1942 980 1976 siut,

188 1994 215 2017 et
229 1997 294 2017 mea:
306 1989 443 2018 munditia:
455 1988 615 2019 sordidatcc‘t
627 1987 685 2016 Non
701 1988 771 2021 dico,
786 1988 825 2016 ais
834 2009 842 2022 ,
856 1993 913 2016 tuas
924 1995 982 2016 sor-

188 2034 302 2069 didatus,
314 2034 361 2064 sed
375 2035 402 2063 in
415 2035 509 2063 eodem
525 2039 596 2067 statu
612 2034 742 2065 mansisse
754 2041 808 2069 quo
822 2034 943 2065 fuerant:
959 2034 982 2062 si

188 2082 258 2113 enim
279 2081 374 2110 sordes
395 2080 527 2115 fuissent,
548 2081 610 2110 lotae
623 2081 715 2116 utique
734 2079 846 2115 fuissent
860 2083 889 2110 ut
903 2087 981 2109 mete.

189 2126 263 2163 Rogo
277 2134 336 2163 qua:
351 2131 392 2155 est
405 2127 455 2156 ista
470 2126 653 2162 tergiversatio
663 2147 671 2161 ,
684 2130 711 2154 et
726 2134 837 2156 acumen
852 2127 924 2155 omni
940 2127 981 2162 pi-

191 2174 260 2202 stillo
271 2173 404 2202 retusius?
414 2173 481 2208 Quia
493 2180 545 2202 non
559 2177 600 2208 est
610 2177 761 2208 peccatum,
775 2178 913 2209 peccatum
925 2178 982 2202 est:

190 2220 251 2255 quia
273 2227 325 2247 non
345 2223 387 2247 est
407 2218 542 2255 sordidum
555 2239 562 2252 ,
577 2218 714 2248 sordidum
728 2219 788 2247 est?
809 2218 867 2247 Non
882 2218 984 2247 dimisit

193 2265 319 2299 Dominus
330 2286 337 2298 ,
352 2265 412 2300 quia
430 2273 483 2299 non
503 2264 596 2293 habuit
615 2265 685 2300 quod
705 2265 867 2299 dimitteret;
884 2269 911 2293 et
923 2265 985 2300 quia

192 2318 244 2339 non
260 2310 371 2345 dimisit,
386 2309 485 2341 idcirco
497 2315 604 2343 manet,
618 2310 687 2346 quod
703 2310 841 2345 dimissum
856 2318 908 2343 non
924 2310 984 2343 fuit.

227 2356 254 2384 5.
274 2356 406 2389 Quantam
417 2355 471 2389 vim
485 2355 580 2383 habent
592 2355 735 2390 baptisma,
748 2360 776 2384 et
789 2363 859 2391 aqua
870 2356 896 2386 in
909 2356 986 2389 Citri-

193 2406 236 2430 sto
260 2399 423 2434 sanctiﬁcata
437 2399 548 2438 gratiam
559 2420 567 2435 ,
580 2400 717 2435 paululum
730 2406 789 2436 post
802 2402 904 2433 docebo
921 2410 927 2428 :
943 2403 985 2431 iu-

194 2448 271 2476 terim
285 2446 359 2482 juxta
374 2445 482 2481 vulgare
495 2445 665 2486 prorerbium
681 2453 687 2471 :
702 2445 771 2479 illan
786 2446 890 2477 arboris
904 2447 985 2482 nodo,

193 2494 279 2522 malus
294 2499 394 2525 cuneus
408 2490 584 2527 requirendus
597 2495 647 2520 est.
661 2490 718 2519 Hoc
731 2491 803 2527 quod
818 2492 897 2526 dicit,
911 2493 988 2522 unius

194 2540 282 2575 uxoria
295 2539 388 2572 virum,
404 2542 491 2574 potest
504 2542 531 2569 et
549 2537 626 2567 aliter
639 2537 745 2567 disseri.
764 2538 804 2566 Ex
815 2537 914 2569 Judaeis
931 2544 988 2575 erat

195 2586 339 2622 Apostolus
352 2594 360 2612 :
374 2585 459 2620 prima
471 2583 569 2612 Christi
590 2584 707 2612 Ecclesia
720 2584 754 2613 de
774 2584 854 2613 Israel
869 2585 989 2620 reliquiis

196 2631 416 2669 congregabatur.
431 2630 547 2665 Sciebat,
561 2629 632 2666 Lege
645 2637 813 2666 concessum,
826 2635 853 2659 et
866 2631 989 2667 exemplo

197 2679 411 2709 Patriarcharum
426 2685 459 2706 se
473 2677 558 2713 Moysi
576 2677 705 2707 familiare
724 2678 821 2713 populo
837 2683 950 2707 noverat
962 2679 989 2707 in

198 2726 288 2755 multis
301 2725 428 2755 uxoribus
441 2724 539 2753 liberos
551 2731 693 2760 spargere:
704 2725 769 2761 ipsis
779 2732 884 2762 quoque
896 2724 990 2754 Sacer-

201 2771 307 2801 dotibus
322 2771 401 2808 hujus
424 2771 539 2800 lieentiae
558 2770 664 2807 patebat
685 2771 825 2800 arbitrium
840 2780 847 2800 :
860 2771 991 2808 Praecepit

199 2825 271 2855 ergo,
287 2825 321 2846 ne
338 2817 419 2856 ‘17
438 2817 560 2846 eamdem
567 2816 700 2853 licentiam
708 2817 834 2852 Ecclesiae
842 2817 892 2847 sibi
902 2818 991 2846 vindi-

198 2869 260 2894 cent
267 2865 426 2894 Sacerdotes
434 2874 442 2893 :
451 2872 486 2894 ne
498 2864 560 2894 bina
568 2865 667 2901 pariter
678 2869 706 2893 et
718 2865 787 2893 trina
797 2865 919 2901 coniugia
931 2873 991 2894 sor-

199 2910 315 2946 tiantur;
328 2910 376 2941 sed
387 2915 417 2943 ut
428 2911 545 2948 singulas
557 2918 611 2941 uno
617 2915 736 2948 tempore
748 2918 846 2941 uxores
858 2911 985 2943 habeant.

849 172 1016 207 EPISTOLA
1032 172 1124 200 mox.

1760 175 1813 205 653

1017 230 1056 258 Ne
1068 230 1263 263 contentiosum
1276 231 1378 263 clames
1391 240 1451 262 esse
1463 233 1534 269 quod
1544 233 1670 269 diuinum,
1681 233 1773 270 accipe
1786 238 1813 262 et

1017 276 1098 304 aliam
1112 277 1329 312 explanationem
1345 287 1352 305 :
1365 286 1398 306 ne
1411 279 1458 311 tibi
1471 279 1521 307 soli
1535 279 1614 308 liceat
1623 300 1632 314 ,
1647 287 1701 308 non
1715 279 1812 308 volun-

1018 329 1101 353 tatem
1122 324 1185 361 Legi
1197 345 1205 359 ,
1225 325 1274 354 sed
1295 325 1394 361 Legem
1414 326 1525 362 iungere
1543 327 1684 356 voluntati.
1698 326 1812 360 Quidam

1018 376 1110 403 coacte
1123 372 1332 408 interpretantur
1344 380 1442 401 uxores
1457 381 1505 408 pro
1517 373 1645 405 Ecclesiis
1655 395 1663 408 ,
1677 374 1750 402 viros
1764 381 1814 410 pro

1019 417 1160 453 Episcopis
1178 417 1277 449 debere
1297 419 1390 454 accipi.
1413 418 1448 447 Et
1469 419 1522 448 hoc
1540 420 1567 448 in
1588 420 1694 449 Nicena
1708 428 1815 456 quoque

1019 463 1129 499 Synodo
1143 472 1158 498 a
1173 465 1294 500 patribus
1317 473 1377 498 esse
1395 465 1533 495 decretum
1546 487 1554 499 ,
1569 466 1607 503 (α)
1620 475 1655 496 ne
1667 468 1702 496 de
1715 468 1766 496 alia
1781 468 1815 495 ad

1020 511 1099 539 aliam
1114 511 1262 541 Ecclesiam
1276 511 1426 547 Episcopus
1439 512 1612 541 transferatur
1625 521 1632 540 :
1646 521 1682 541 ne
1694 513 1815 549 virginali

1022 557 1067 592 (al.
1090 558 1209 594 Virginis]
1224 559 1389 593 pauperculae
1402 560 1529 587 societate
1540 564 1701 594 contempta,
1713 561 1816 588 ditioris

1021 604 1148 631 adulterae
1167 609 1267 638 qiuurat
1287 606 1425 639 amplexus
1441 615 1446 632 :
1461 611 1489 633 ut
1503 606 1638 641 quomodo
1652 607 1728 641 culpa
1743 611 1768 634 et
1785 608 1817 633 li-

1022 650 1117 676 liorum
1134 651 1225 677 vitium
1242 651 1266 678 in
1282 656 1410 685 λογισμοῖς,
1425 652 1450 679 id
1464 658 1515 685 est,
1531 653 1732 687 cogitationibus,
1749 653 1818 679 acci-

1022 696 1107 729 pitur;
1132 696 1280 731 domusque
1298 697 1461 731 dispensatio
1476 698 1508 725 ad
1527 699 1642 725 animant
1662 698 1776 726 refertur
1791 704 1817 725 et

1021 748 1118 776 corpus
1132 762 1139 774 ,
1162 742 1196 769 ita
1212 748 1240 770 et
1260 751 1355 770 uxores
1375 744 1534 771 Pontiﬁcum
1550 744 1602 771 dici
1620 745 1760 772 Ecclesias.
1781 744 1818 771 De

1023 787 1118 821 quibus
1137 788 1161 814 111
1177 787 1243 815 Isaia
1256 789 1383 822 scriptum
1397 794 1439 817 est
1452 799 1458 816 :
1476 789 1596 817 Mulieres
1612 795 1775 824 properantes
1788 790 1819 816 de

1023 834 1166 867 spectaculo
1186 834 1265 860 venite
1280 842 1288 860 :
1301 842 1350 861 non
1365 839 1401 861 est
1414 835 1480 861 enim
1494 836 1602 869 populus
1617 835 1711 862 habens
1723 835 1818 862 intelli-

1023 878 1134 913 gentiam
1148 878 1224 913 (Isai.
1242 880 1287 906 ‘27.
1303 880 1432 913 “juxta
1448 880 1549 915 LXX).
1566 881 1599 907 Et
1613 888 1718 908 rursum
1735 890 1742 908 :
1757 880 1819 907 Mu—

1025 924 1096 950 lieres
1110 924 1208 957 divites,
1224 926 1328 959 surgite,
1344 931 1366 952 et
1382 926 1466 953 audite
1484 935 1566 953 vorem
1582 935 1663 953 nteant
1677 926 1757 962 (Ibid.
1773 926 1819 954 52.

1025 970 1064 1005 9).
1085 971 1117 997 Et.
1135 972 1159 997 iu
1182 971 1355 999 Proverbiis:
1370 972 1504 999 Mulierem
1519 975 1608 1008 fortem
1624 974 1680 1007 quis
1697 974 1822 1000 inveniet?

1026 1016 1035 1052 (
1050 1016 1127 1043 Prov.
1140 1018 1184 1043 51.
1200 1018 1329 1051 10.juuta
1343 1018 1440 1053 LXX.)
1454 1019 1825 1054 11()ΙΙ(1Ι“111)11101¹05[[11⁸0110815

1027 1063 1155 1096 lapidibus
1168 1084 1175 1097 ,
1190 1072 1248 1097 qua:
1264 1065 1323 1091 talis
1338 1070 1388 1091 est.
1405 1066 1514 1098 (ion/idit
1530 1067 1555 1092 in
1569 1074 1597 1091 ca
1612 1075 1655 1092 tor
1668 1067 1713 1093 viri
1727 1067 1776 1092 sui.
1793 1067 1826 1093 Iit

1027 1110 1053 1136 in
1073 1110 1166 1136 eodem
1182 1110 1316 1137 \‘olutuine
1332 1118 1337 1135 :
1356 1110 1492 1144 Sapientes
1506 1113 1622 1138 lillllit'i't’s
1637 1113 1826 1146 atrii/ictn'erunt

1028 1156 1145 1187 (fontum;
1157 1157 1278 1190 insipiens
1289 1162 1372 1183 autent
1384 1158 1506 1183 destruxit
1518 1158 1719 1193 ntanibus(lbitl.
1732 1160 1774 1186 Η.
1788 1162 1795 1186 1
1806 1168 1824 1193 ).

1028 1201 1081 1228 Nec
1094 1201 1153 1233 hoc,
1166 1202 1297 1236 inquiunt,
1310 1203 1446 1237 l-lpiseopis
1456 1204 1577 1231 rideatur
1598 1205 1745 1239 indignum,
1765 1214 1824 1233 cum

1028 1247 1061 1274 (le
1076 1248 1129 1274 Deo
1141 1256 1245 1283 quoque
1258 1249 1385 1283 scriptum
1400 1250 1450 1276 sit:
1463 1249 1535 1277 Sicut
1550 1251 1655 1283 despicit
1669 1260 1734 1278 uxor
1744 1253 1825 1279 τιὴ-11111

1029 1303 1099 1321 suum
1110 1315 1116 1326 ,
1133 1295 1168 1321 sic
1182 1295 1294 1329 despexit
1310 1304 1347 1321 me
1360 1296 1450 1322 (Ionius
1466 1296 1672 1329 ISI‘Ilt’I(Jel't‘Ill.
1689 1299 1705 1324 5
1753 1299 1783 1325 ΕΙ
1800 1301 1823 1325 111

1029 1339 1171 1373 Apostolo:
1186 1339 1316 1374 Despondi
1329 1341 1393 1367 enim
1408 1350 1449 1367 ros
1463 1342 1505 1367 tttti
1521 1342 1583 1373 t'iro,
1596 1343 1717 1377 rirginem
1728 1350 1823 1370 (natant

1030 1386 1145 1413 exhibere
1158 1386 1257 1412 Christo
1272 1388 1279 1419 (
1293 1388 1309 1413 ‘2
1337 1387 1394 1413 (lor.
1414 1388 1454 1414 11.
1469 1388 1485 1413 2
1497 1388 1517 1423 ).
1533 1388 1669 1415 Mulierem
1684 1395 1783 1422 autem,
1800 1391 1824 1417 id

1029 1433 1264 1466 est,ywaimjltxta
1284 1433 1365 1469 418
1385 1434 1823 1469 Grmcisermonisambiguitatem,

1030 1478 1055 1505 in
1069 1479 1110 1506 Itis
1119 1479 1243 1506 omnibus
1254 1480 1410 1505 testimoniis
1423 1480 1459 1513 (b)
1475 1487 1582 1507 morem
1593 1480 1679 1514 potius
1695 1481 1820 1515 intelligo.

1031 1526 1150 1553 Violenta
1160 1531 1209 1555 est.
1220 1527 1362 1560 inquies,ct
1372 1527 1434 1553 satis
1444 1527 1509 1553 dura
1517 1527 1595 1553 etiam
1604 1527 1659 1553 lucc
1669 1528 1824 1561 interpreta-

1036 1572 1077 1598 .io.
1098 1571 1189 1598 llcddc
1210 1571 1288 1605 igitur
1303 1572 1445 1606 Scriptura:
1462 1572 1656 1606 simplicitatem
1677 1581 1751 1600 suam
1765 1595 1772 1605 ,
1791 1582 1823 1600 ne

1031 1617 1082 1643 tuis
1099 1622 1190 1643 contra
1213 1621 1236 1643 to
1258 1616 1356 1651 legibus
1377 1617 1543 1645 dimicemus.
1559 1618 1681 1650 Quaeram
1697 1623 1721 1645 et
1738 1618 1819 1645 illud:

1032 1662 1059 1689 Si
1079 1663 1137 1696 quis
1151 1667 1178 1688 ct
1199 1667 1259 1689 ante
1274 1662 1432 1696 baptismum
1450 1663 1571 1691 habuerit
1589 1664 1782 1697 concubinam,
1800 1671 1827 1692 et

1032 1709 1076 1735 illa
1090 1714 1203 1741 mortua,
1220 1709 1366 1743 baptizatus
1382 1718 1491 1737 uxorem
1507 1711 1625 1744 duxerit,
1640 1716 1727 1739 utrtun
1741 1712 1825 1739 Cleri—

1032 1762 1078 1780 cus
1103 1755 1159 1780 ficri
1180 1754 1275 1781 delicat
1296 1762 1327 1781 an
1352 1756 1421 1782 non?
1446 1756 1628 1790 Respondebis
1653 1764 1730 1791 posse
1752 1757 1824 1784 fieri:

1032 1799 1092 1833 quia
1107 1799 1281 1825 concubinam
1305 1800 1425 1827 habuerit
1439 1822 1445 1833 ,
1462 1809 1512 1827 non
1528 1809 1650 1828 uxorem.
1667 1802 1826 1836 Conjugalcs

1033 1852 1096 1879 ergo
1113 1845 1206 1871 talnthe
1222 1850 1248 1871 et
1271 1846 1330 1879 jura
1348 1846 1445 1873 dotalia
1459 1868 1465 1879 ,
1484 1855 1535 1873 non
1551 1847 1635 1874 coitus
1650 1847 1682 1874 ab
1698 1848 1827 1880 Apostolo

1034 1889 1234 1916 condemnatur.
1256 1890 1351 1917 Multos
1369 1892 1487 1917 videmus
1509 1892 1542 1918 ob
1561 1892 1668 1919 nimiam
1688 1898 1828 1927 pauperta-

1035 1939 1097 1966 tem,
1116 1942 1226 1961 uxorum
1243 1934 1288 1970 [aL
1305 1936 1426 1971 virorum]
1439 1937 1568 1964 sarcinam
1585 1937 1729 1970 declinare,
1744 1942 1769 1964 ct
1783 1946 1829 1964 an-

1034 1982 1110 2008 cillas
1126 1988 1187 2008 suas
1204 1982 1301 2009 habere
1317 1990 1364 2016 pro
1381 1984 1515 2015 uxoribus,
1530 1988 1721 2019 sttsccptosquc
1736 1991 1768 2011 ex
1788 1984 1829 2010 his

1035 2028 1133 2056 liberos
1145 2028 1233 2055 colere
1244 2028 1290 2063 [:tl.
1307 2028 1403 2063 tollere)
1416 2034 1441 2056 ut
1457 2031 1577 2064 proprios
1592 2039 1597 2056 :
1612 2030 1657 2065 qui
1671 2031 1692 2056 si
1707 2030 1775 2056 forte
1788 2029 1830 2055 di.

1036 2075 1080 2102 tati
1095 2075 1128 2102 ab
1142 2074 1305 2109 Imperatorc
1316 2096 1322 2107 ,
1336 2074 1371 2110 (ε)
1383 2075 1477 2101 stolam
1494 2076 1544 2104 illis
1560 2076 1725 2109 meruerint,
1743 2074 1833 2102 confc-

1071 2142 1101 2176 (a)
1122 2142 1248 2176 N_i<':rnu_m
1304 2149 1426 2176 canoncm
1435 2143 1511 2174 vulgo
1524 2143 1667 2176 intelligunt
1680 2143 1776 2176 eruditi,
1790 2144 1833 2168 sed

1037 2173 1119 2199 verius
1136 2173 1198 2197 forte
1218 2173 1368 2197 Sartlirt'nsis
1392 2173 1490 2204 11111111ιῖ
1502 2176 1571 2199 nobis
1595 2173 1691 2200 videtur
1712 2175 1810 2199 indicari
1827 2194 1832 2201 ,

1037 2205 1214 2242 cujuanotteilii
1226 2211 1333 2242 canonis
1345 2212 1386 2240 pro
1406 2205 1509 2242 Metonis
1520 2206 1576 2241 olim
1590 2206 1685 2230 habitos
1696 2212 1768 2242 uento
1789 2213 1832 2240 111--

1037 2236 1091 2261 scit.
1105 2236 1177 2261 Certe
1191 2236 1253 2266 quod
1274 2237 1378 2266 subiit-it,
1396 2246 1404 2257 tt
1416 2243 1445 2267 ne
1459 2236 1567 2266 Virginis
1581 2236 1733 2267 pauperculte
1753 2238 1831 2260 sevir-

1039 2271 1088 2292 tale
1105 2270 1256 2298 contempla.
1270 2267 1364 2291 ditioris
1377 2266 1492 2290 adultcru'
1506 2266 1744 2298 111111111111111111011115,
1756 2276 1766 2289 »
1788 2275 1830 2298 ap-

1038 2299 1116 2334 prime
1129 2298 1233 2333 concinit
1246 2298 1285 2334 his
1297 2298 1484 2334 Οξ11111111111ρ111
1496 2297 1643 2334 Sardic‘ensi,
1657 2307 1668 2333 ft
1678 2297 1737 2323 Cum
1747 2297 1831 2334 pulum

1039 2327 1062 2353 itt
1077 2329 1120 2353 lmc
1138 2336 1165 2352 re
1185 2330 1298 2352 iuventus
1311 2328 1342 2352 sit
1354 2327 1501 2358 Episcopus,
1520 2329 1560 2357 qui
1573 2327 1604 2352 de
1618 2329 1708 2358 majore
1731 2330 1831 2354 civitati:

1039 2360 1067 2384 ad
1080 2361 1198 2384 minorem
1212 2360 1335 2382 transiret,
1350 2367 1359 2378 η
1376 2358 1451 2381 Porro
1464 2357 1635 2389 Episcoporum
1648 2357 1738 2385 uxores
1751 2361 1831 2385 vocari

1039 2389 1257 2423 Ecclesiasjamdiu
1269 2389 1328 2413 oliui
1342 2395 1385 2412 usu
1399 2392 1526 2423 receptum
1540 2393 1577 2414 est
1589 2391 1613 2414 111
1625 2390 1750 2422 Ecclesia,
1763 2393 1833 2423 cujus

1040 2421 1077 2445 rei
1091 2419 1177 2450 passim
1197 2424 1325 2444 occurrunt
1338 2419 1459 2450 exempla.

1075 2429 1077 2444 l
1099 2428 1177 2445 i'JSSIlll
1197 2428 1325 2444 θυι-1111⁷11111
1338 2428 1459 2450 ρχυιιψω.

1075 2428 1106 2483 (li)
1127 2451 1169 2483 ita,
1184 2453 1209 2474 ct
1232 2450 1257 2483 ξπ
1280 2450 1436 2483 Ambrosius,
1449 2457 1585 2482 quanquam
1607 2451 1650 2477 lib.
1670 2453 1701 2477 de
1722 2453 1831 2479 Institut.

1041 2480 1110 2514 Virg;
1123 2489 1144 2506 c.
1164 2482 1187 2506 5.
1201 2480 1310 2505 mulieris
1323 2488 1410 2506 nomen
1422 2480 1633 2514 noricori'uplelte,
1652 2483 1695 2509 sed
1707 2491 1780 2510 sexus
1793 2492 1832 2510 ro-

1041 2511 1151 2538 tabulunt
1167 2519 1223 2537 esse
1240 2517 1395 2566 )impugnat,
1416 2513 1478 2537 aliud
1492 2511 1572 2538 tamen
1584 2511 1658 2545 vulgo
1677 2523 1764 2540 sonare
1785 2524 1832 2541 non

1042 2543 1168 2566 inlicialur.
1189 2543 1220 2566 Et
1250 2544 1394 2566 reuuctttius
1413 2551 1456 2566 nrn
1473 2546 1582 2566 maritam
1599 2548 1670 2566 nmini
1685 2548 1794 2566 invtluinx‘
1809 2556 1831 2566 Ill

1042 2543 1168 2580 inlicialur.
1189 2543 1226 2580 Et.
1240 2543 1394 2579 frequentius
1413 2551 1456 2575 pro
1473 2546 1583 2580 maritate
1599 2543 1671 2577 accipi
1685 2548 1794 2580 invenias
1808 2556 1831 2571 Ill

1042 2577 1417 2609 veterummonimentis,_quam
1438 2583 1480 2607 pro
1501 2577 1545 2609 viri
1565 2578 1662 2609 ignara,
1685 2578 1731 2602 imo
1747 2578 1833 2609 (vn-gi-

1042 2612 1099 2630 nem
1111 2606 1208 2630 mulieri
1228 2607 1324 2637 opponi.
1339 2606 1390 2631 lloc
1406 2606 1487 2632 autem
1501 2607 1525 2632 111
1545 2606 1602 2633 cuiu
1619 2608 1691 2632 ﬁnem
1703 2609 1729 2633 δ.
1742 2606 1831 2633 ΙἸυυῦη·

1043 2638 1176 2670 constituit,
1191 2644 1263 2670 quem
1276 2637 1347 2668 paulo
1360 2642 1413 2669 post
1426 2642 1500 2668 notat,
1514 2644 1540 2664 ut
1553 2646 1641 2670 nempe
1654 2639 1717 2670 quod
1730 2640 1827 2670 Aposto-

1043 2646 1176 2668 couwtuu,
1191 2646 1263 2668 queui
1276 2646 1347 2668 patuo
1360 2646 1413 2669 post
1426 2646 1500 2668 notat,
1514 2646 1540 2664 ut
1553 2646 1641 2670 nempe
1672 2646 1717 2663 uoo
1730 2646 1827 2670 Ανυδιοε

1043 2668 1080 2692 lus
1092 2668 1152 2693 dixit
1168 2678 1179 2691 11
1190 2669 1262 2693 unius
1281 2670 1365 2693 uxoris
1378 2670 1470 2699 virum,
1484 2671 1516 2694 ita
1534 2673 1603 2695 unius
1622 2646 1733 2695 mtiiieris
1754 2671 1830 2694 1111111.

1042 2699 1118 2731 possit
1130 2698 1243 2730 intelligi,
1256 2704 1282 2724 ut
1293 2700 1322 2724 ad
1336 2701 1424 2725 coitum
1436 2701 1514 2731 magis
1524 2702 1654 2732 referatur,
1668 2707 1739 2731 quam
1751 2700 1780 2723 ad
1792 2700 1823 2724 do
1835 2714 1837 2716 -

1042 2729 1106 2756 tales
1118 2730 1219 2755 tabulas.
1233 2739 1244 2753 n

1077 2760 1108 2795 (ο)
1128 2761 1214 2795 Mirum
1227 2762 1408 2795 est,7quantulae
1420 2770 1461 2795 res
1473 2767 1590 2795 quantum
1599 2761 1720 2786 interdum
1732 2760 1836 2795 eruditis

1044 2791 1106 2824 viris
1121 2793 1250 2824 negotium
1268 2791 1405 2818 lacessant..
1418 2791 1564 2819 Cum'antca
1584 2794 1725 2824 legeretur,
1745 2791 1834 2817 stolam

1044 2823 1109 2858 illius
1121 2823 1251 2858 ntri'uoriut
1272 2826 1295 2849 in
1318 2824 1386 2849 libris
1398 2825 1523 2858 munibus,
1543 2831 1604 2858 quos
1627 2823 1711 2858 videre
1731 2823 1833 2858 contigit

1044 2856 1127 2885 nobis,
1140 2856 1266 2886 depravari
1278 2862 1376 2880 sensum
1390 2854 1557 2886 intelleximus
1568 2854 1720 2886 librariorum
1731 2854 1832 2884 incuria,

1044 2888 1083 2911 cui
1104 2884 1229 2918 suppetias
1249 2886 1315 2911 ferre
1334 2890 1468 2918 oporteret,
1490 2884 1579 2910 Stolam
1599 2886 1670 2918 enim,
1684 2885 1833 2918 [operatoris

1047 2919 1100 2949 quis
1112 2915 1231 2943 meruisse
1249 2915 1356 2948 unquam
1375 2917 1469 2967 Ψυιηῖ
1487 2921 1511 2942 ct
1528 2921 1553 2942 ut
1565 2916 1700 2948 meruerit,
1714 2915 1776 2948 ’un
1787 2915 1833 2943 hoc
