4146 6336
314 419 408 478 661
1659 403 1997 466 EPISTOLA
2035 403 2228 461 LXIX.

314 533 503 591 mellos
531 531 787 590 habentes
811 529 982 599 foetus,
1025 535 1080 586 et
1105 525 1414 585 inhecunda
1450 540 1560 583 non
1585 535 1667 582 est
1696 525 1748 580 in
1775 526 1857 582 eis
1877 541 1899 577 ι

316 625 530 702 (Cantia.
561 627 613 681 1.
667 623 757 697 2).
816 624 872 680 Si
924 639 1028 679 non
1057 632 1140 678 est
1183 621 1513 688 inftecunda,
1555 635 1658 676 nec
1682 619 1902 687 sterilis,

251 716 259 723 ’
314 731 498 774 omnes
521 715 894 771 habentubera
920 715 1055 770 lacte
1081 715 1474 784 rorantia,qu'.e
1495 727 1618 769 cum
1646 711 1905 782 Apostolo

313 811 518 879 possint
537 807 716 862 dicere
737 805 943 862 :Fitioli
969 805 1086 872 mei,
1109 821 1235 874 quos
1254 807 1439 860 iterum
1464 805 1714 874 parturio,
1746 804 1905 859 donec

314 895 540 952 Christus
569 901 812 968 formetur
834 898 888 952 in
915 896 1050 952 vobis
1079 895 1230 969 (Gal.
1256 897 1311 952 4.
1345 895 1447 966 19)
1481 913 1496 954 :
1526 904 1600 960 et,
1636 895 1742 950 Lac
1769 896 1905 951 vobis

314 999 485 1059 potum
514 990 648 1054 dedi,
680 1005 778 1044 non
806 1007 968 1044 escam
993 988 1068 1061 (1.
1093 987 1210 1044 Cor.
1241 991 1297 1044 5.
1318 987 1414 1058 2).
1448 987 1696 1043 Michteas
1723 987 1790 1044 de
1811 989 1903 1044 ba-

314 1075 489 1145 ptismi
516 1074 681 1146 gratia
713 1075 1030 1130 vaticinatur
1060 1091 1075 1127 :
1107 1074 1133 1128 Ι
1143 1091 1230 1145 pse
1267 1085 1472 1141 avertet,
1518 1084 1565 1128 et
1595 1074 1903 1129 miserebitur

316 1169 474 1222 nostri
503 1184 521 1222 :
545 1169 794 1240 demerget
819 1169 1104 1242 iniquitates
1131 1178 1353 1237 nostras,
1385 1177 1432 1222 et
1450 1169 1679 1241 proficiet
1700 1169 1751 1222 in
1779 1185 1899 1239 pro-

314 1263 527 1332 fundum
553 1263 706 1316 maris
727 1264 896 1318 omnia
922 1272 1126 1333 peccata
1153 1270 1325 1317 nostra
1346 1271 1360 1331 (
1384 1261 1546 1317 dficit.
1582 1263 1634 1316 7.
1666 1261 1793 1334 19).

381 1354 436 1407 7.
469 1354 750 1424 Quomodo
779 1369 906 1426 ergo
934 1355 986 1409 in
1019 1355 1232 1410 lavacro
1279 1355 1458 1410 omnia
1509 1363 1723 1424 peccata
1755 1369 1898 1408 mer-

313 1455 524 1516 gttntur,
555 1448 599 1501 si
629 1462 732 1502 una
754 1462 890 1502 uxor
910 1455 1220 1518 supernatat
1251 1446 1428 1501 :Beati
1449 1464 1661 1518 quorum
1682 1447 1902 1502 remissa:

313 1549 429 1594 sunt
456 1539 768 1609 iniquitates,
803 1551 849 1595 et
885 1558 1098 1612 quorum
1137 1550 1264 1596 tecta
1310 1551 1424 1596 sunt
1456 1551 1678 1608 peccata.
1715 1540 1901 1595 Beatus

313 1633 406 1698 vir,
456 1632 538 1686 cui
584 1649 684 1687 non
709 1634 974 1703 imputavit
1020 1635 1266 1689 Dominus
1307 1643 1564 1704 peccatum
1592 1633 1774 1706 (Psal.
1807 1635 1898 1690 51.

314 1724 366 1777 1.
392 1723 487 1794 2).
529 1724 775 1780 Arbitror
819 1726 959 1795 quod
1000 1741 1286 1797 possumus
1333 1735 1386 1782 et
1427 1740 1526 1781 nos
1551 1725 1674 1780 huic
1702 1726 1900 1796 aliquid

313 1816 518 1870 cantico
536 1816 759 1888 jungere
787 1835 800 1872 :
833 1818 1028 1874 Beatus
1068 1818 1178 1884 vir,
1205 1817 1288 1874 cui
1342 1832 1446 1873 non
1484 1817 1764 1888 imputabit
1797 1817 1900 1872 Do-

313 1909 488 1964 minus
521 1924 760 1965 uxorem.
793 1910 1152 1966 Audiamuset
1176 1909 1511 1967 Ezechielem
1535 1909 1700 1964 tilium
1728 1908 1901 1963 homi-

314 2001 426 2068 nis,
459 2002 726 2072 quomodo
753 2002 820 2059 de
845 2005 962 2074 ejus
987 2004 1178 2060 virtute
1197 2005 1522 2072 pronuntiet,
1559 2005 1647 2074 qui
1673 2003 1900 2057 hominis

315 2092 520 2148 futurus
545 2103 626 2150 est
654 2094 792 2150 filius
823 2115 836 2150 :
873 2096 1139 2150 Assumam
1175 2093 1334 2168 5.21
1375 2113 1462 2150 vos
1481 2096 1544 2150 de
1568 2096 1816 2166 gentibus,
1853 2103 1902 2149 et

312 2199 577 2256 aspergam
605 2203 756 2257 super
781 2203 868 2242 vos
893 2205 1074 2258 aquam
1093 2189 1358 2254 mundam,
1380 2197 1426 2242 et
1446 2186 1811 2241 mundabimini
1838 2187 1902 2240 ab

312 2277 541 2332 omnibus
565 2280 896 2336 immunditiis
925 2282 1096 2335 vestris
1127 2298 1145 2334 :
1169 2289 1217 2335 et
1237 2281 1366 2334 dabo
1397 2281 1532 2334 vobis
1567 2296 1653 2334 cor
1679 2295 1860 2332 novum
1883 2319 1898 2342 ,

311 2379 359 2423 et
388 2371 624 2440 spiritum
672 2388 875 2426 novum.
908 2373 984 2425 Ab
1015 2373 1266 2437 omnibus,
1318 2371 1507 2441 inquit,
1539 2370 1790 2424 mundabo
1817 2386 1903 2426 vos

309 2461 769 2536 sordibus(Ezeclt.
794 2461 883 2516 36.
911 2463 1000 2518 25.
1023 2462 1156 2533 26).
1184 2461 1240 2516 ln
1262 2461 1510 2517 omnibus
1528 2463 1658 2516 nihil
1682 2470 1902 2532 praeter-

311 2553 560 2608 mittitur.
592 2553 648 2609 Si
676 2553 862 2608 sordes
907 2554 1264 2609 emundantur
1283 2596 1298 2622 ,
1326 2563 1525 2626 quanto
1551 2555 1717 2625 magis
1743 2570 1900 2609 mun-

307 2645 454 2700 ditia:
485 2661 589 2700 non
620 2647 1073 2716 coinquinentur?
1107 2648 1249 2702 Dabo
1273 2648 1426 2722 vobis
1469 2663 1564 2703 cor
1590 2663 1816 2714 novum,
1849 2656 1903 2704 et

308 2738 559 2806 spiritum
590 2752 784 2792 novqu
821 2756 832 2792 :
865 2738 931 2792 In
961 2737 1159 2793 Christo
1183 2739 1314 2792 enim
1338 2737 1482 2802 Iesu,
1507 2755 1664 2809 neque
1687 2739 1904 2792 circum-

310 2831 432 2885 cisio
453 2831 648 2900 aliquid
674 2831 822 2897 valet,
860 2849 1016 2904 neque
1040 2833 1363 2902 pra’putium,
1397 2832 1484 2886 sed
1513 2849 1642 2887 nova
1672 2832 1751 2902 (a)
1793 2849 1902 2886 na-

311 2931 426 2975 tura
447 2922 464 2992 (
487 2920 606 2976 Gal.
639 2922 692 2977 5.
722 2920 818 2994 6).
867 2923 1018 2978 Unde
1041 2933 1320 2979 cantamus
1345 2923 1609 2978 canticum
1652 2938 1848 2977 novum
1881 2940 1896 2978 :

311 3020 366 3067 et
394 3021 574 3068 vetere
601 3012 818 3068 homine
863 3013 1128 3083 deposito,
1160 3030 1265 3069 non
1294 3015 1627 3070 ambulamus
1671 3016 1723 3069 in
1759 3025 1900 3069 vetu-

313 3113 441 3158 state
463 3087 748 3160 litterw'sed
764 3106 815 3160 in
842 3107 1061 3161 novitate
1075 3107 1283 3177 spiritus
1307 3107 1493 3178 (Rom.
1513 3109 1565 3162 7.
1585 3107 1675 3180 6).
1706 3107 1802 3163 Hic
1819 3116 1902 3164 est

314 3197 546 3252 calculus
567 3212 755 3266 novus,
789 3199 872 3254 cui
917 3214 1113 3254 novum
1155 3215 1348 3256 nomen
1389 3199 1729 3261 inscribitur;
1758 3199 1899 3271 quod

314 3302 470 3343 nemo
495 3290 594 3344 scit
633 3290 828 3361 legere,
862 3292 962 3346 nisi
993 3293 1084 3362 qui
1127 3293 1254 3347 illud
1301 3295 1567 3363 acceperit
1618 3294 1812 3365 (Apoc.
1841 3294 1896 3349 2.

316 3379 436 3452 17).
462 3400 481 3434 ε
506 3381 776 3454 Quotquot
796 3386 936 3438 enim
961 3385 1210 3455 haptizati
1237 3401 1419 3441 smnus
1447 3388 1498 3442 in
1515 3386 1728 3442 Christo
1748 3387 1896 3456 Jesu,

315 3472 367 3528 in
399 3484 624 3532 mortem
653 3476 792 3532 illius
820 3478 1068 3547 baptizati
1097 3493 1297 3534 sumus.
1344 3479 1651 3550 Consepulti
1677 3482 1817 3537 cnim
1849 3481 1901 3537 ei

315 3581 495 3622 sumus
519 3584 612 3639 per
632 3569 953 3639 baptismum
977 3572 1029 3626 in
1059 3577 1285 3626 mortem
1309 3571 1415 3644 (al.
1440 3573 1662 3644 morte],
1692 3583 1745 3628 ut
1767 3589 1901 3645 quo-

315 3660 475 3714 modo
495 3663 723 3717 surrexit
749 3662 992 3719 Christus
1017 3679 1046 3718 a
1077 3665 1298 3719 mortuis
1326 3681 1420 3734 per
1447 3667 1672 3735 gloriam
1705 3667 1896 3732 Patris,

313 3751 384 3806 ita
407 3760 573 3808 etnos
595 3754 644 3809 in
665 3755 952 3810 novitatem
975 3756 1097 3810 vita:
1119 3756 1452 3811 ambulemus
1475 3776 1493 3807 ι
1518 3758 1700 3828 (Rom.
1723 3758 1774 3812 6.
1803 3759 1838 3813 5
1854 3758 1897 3830 ).

313 3843 494 3901 Toties
523 3847 807 3902 novitatem
840 3848 1094 3919 legimus,
1128 3857 1181 3902 et
1208 3856 1384 3903 tamen
1434 3850 1760 3904 maculosum
1801 3865 1898 3903 no-

311 3949 434 3990 men
457 3939 637 3992 uxoris
659 3954 761 3992 non
784 3947 960 4009 potest
982 3939 1086 3992 ulla
1107 3939 1342 3995 novitate
1369 3940 1570 3996 deleri?
1592 3939 1900 4012 Consepulti

213 4018 218 4021 ’
312 4041 497 4084 sumus
523 4029 740 4087 Christo
783 4035 833 4086 in
867 4033 1211 4102 baptismate,
1263 4041 1317 4088 et
1358 4033 1750 4089 resurreximus
1804 4049 1901 4104 per

313 4117 470 4173 fidem
496 4123 822 4191 operationis
851 4123 976 4191 Dei,
1005 4124 1094 4195 qui
1127 4125 1401 4180 suscitavit
1429 4139 1621 4196 eum.a
1651 4126 1895 4180 mortuis.

310 4208 550 4282 Cumque
601 4229 844 4272 essemus
891 4216 1086 4270 mortui
1132 4217 1185 4272 in
1230 4216 1461 4283 delictis,
1516 4226 1568 4273 et
1638 4217 1898 4288 praeputio

311 4303 487 4358 carnis
538 4316 755 4372 nostrae,
798 4308 1188 4365 conviviﬁcavit
1239 4324 1340 4365 nos
1381 4323 1501 4365 cum
1533 4310 1646 4379 illo,
1691 4310 1898 4366 donans

311 4394 487 4449 omnia
515 4395 705 4454 delicta
730 4416 744 4465 ;
768 4399 954 4457 delens
982 4400 1126 4472 quod
1150 4400 1434 4458 adversum
1460 4416 1558 4457 nos
1584 4410 1700 4458 erat
1722 4401 1900 4459 chiro-

309 4487 568 4556 graphum
606 4489 830 4558 decreti,
879 4493 1020 4564 quod
1054 4503 1171 4549 erat
1216 4495 1543 4549 contrarium
1601 4494 1756 4549 nobis
1791 4511 1804 4548 :
1844 4501 1899 4549 et

310 4577 484 4648 ipsum
517 4581 638 4636 tulit
665 4582 733 4638 de
759 4583 955 4650 medie,
985 4585 1207 4655 afﬁgens
1233 4585 1360 4640 illud
1391 4585 1577 4656 cruci(
1605 4584 1782 4640 Coloss
1802 4584 1894 4656 2).

307 4668 499 4724 Omnia
544 4680 725 4726 nostra
759 4687 878 4726 cum
932 4673 1146 4728 Christo
1193 4685 1401 4730 mortua
1448 4685 1592 4742 sunt,
1645 4677 1897 4732 universa

306 4761 648 4830 chirographi
673 4763 870 4816 veteris
889 4774 1107 4833 peccata
1137 4766 1310 4820 deleta
1332 4776 1488 4833 sunt;
1511 4769 1682 4822 solum
1702 4785 1896 4825 nomen

306 4852 439 4906 vivit
466 4851 686 4906 uxoris?
712 4851 831 4907 Dies
862 4868 948 4908 me
964 4852 1176 4927 deﬁgiet
1196 4854 1241 4908 si
1265 4864 1455 4910 cuncta
1475 4873 1592 4926 qua:
1613 4858 1679 4912 ad
1703 4869 1862 4928 poten

309 4946 438 5000 tiam
471 4945 716 5016 baptismi
745 4946 1034 5014 pertinent,
1053 4945 1120 5001 de
1141 4946 1431 5018 Scripturis
1459 4951 1656 5004 sanctis
1677 4951 1896 5007 voluero

252 5077 255 5080 -
308 5037 587 5108 digerere;
643 5045 697 5092 et
737 5037 1027 5093 nativitatis
1085 5038 1357 5110 secundm,
1417 5040 1526 5096 imo
1571 5042 1625 5096 in
1679 5041 1894 5100 Christo

310 5129 516 5198 primm,
560 5143 760 5200 ponere
796 5138 1147 5186 sacramenta.

379 5221 433 5276 8.
462 5223 759 5292 Antequam
785 5222 1020 5280 dictandi
1057 5224 1214 5281 finem
1250 5226 1440 5282 faciam
1471 5228 1612 5300 (jam
1640 5229 1780 5285 enim
1809 5230 1894 5285 in-

310 5312 489 5383 telligo
518 5330 825 5370 mensuram
849 5331 934 5371 me
960 5318 1219 5374 excedere
1246 5319 1558 5392 Epistolze),
1587 5321 1710 5378 volo
1734 5337 1894 5392 supe-

243 5439 248 5444 ε
309 5403 448 5457 riora
470 5405 736 5474 capitula,
783 5407 835 5460 in
886 5406 1076 5476 quibus
1102 5407 1260 5463 futuri
1292 5409 1540 5480 Episcopi
1563 5413 1669 5466 vita
1691 5413 1892 5468 descri-

311 5495 470 5561 bitur,
502 5499 699 5554 cursim
730 5514 1033 5569 exponere;
1063 5509 1122 5556 ut
1159 5503 1472 5572 Apostolum
1501 5521 1606 5560 non
1639 5507 1690 5560 in
1735 5507 1890 5562 unius

311 5588 488 5642 uxoris
514 5589 708 5661 elogio,
729 5591 822 5647 sed
848 5592 900 5646 in
919 5592 1166 5648 omnibus
1183 5609 1300 5664 qua:
1321 5597 1581 5666 praecipit,
1603 5597 1887 5654 Doctorum

371 5766 443 5828 (a)
464 5767 532 5844 ³ῐῐι
556 5769 1016 5844 Graeco_autem_est
1037 5787 1139 5836 καινῆ
1162 5789 1432 5844 magnove
1452 5784 1698 5844 creatura,
1718 5797 1888 5844 quem-

306 5827 560 5908 admodum
581 5840 635 5908 ει
653 5833 892 5908 Yulgatus
913 5827 1170 5903 Interprés
1189 5827 1355 5902 vertit,
1377 5846 1430 5892 et
1452 5827 1889 5908 Victorius’ad—ejus

308 5891 560 5944 exemular
579 5893 712 5948 fecit.
750 5891 779 5900 “
1054 5891 1070 5903 ⁸
1236 5891 1239 5892 ⁷
1286 5891 1293 5892 ί
1344 5891 1399 5934 ’4

3492 429 3599 488 662

2018 519 2266 578 Gentium
2296 522 2670 594 suscipiamus.
2697 526 2866 586 Simul
2892 531 3138 604 obsecro,
3182 552 3252 594 ne
3276 540 3396 611 quis
3415 559 3502 600 me
3542 547 3600 608 in

2013 613 2402 684 sugillationem
2431 611 2585 674 istius
2618 623 2869 692 temporis
2909 624 3252 685 Sacerdotum
3283 633 3597 707 scripsisse,

2011 721 2130 776 qua:
2156 707 2382 778 scripsi,
2416 709 2721 779 existimet,
2770 713 2862 769 sed
2911 715 2964 770 in
2998 717 3253 777 Ecclesiae
3289 725 3596 787 utilitatem.

2011 797 2082 854 Ut
2107 799 2250 854 enim
2295 809 2557 870 oratores,
2587 814 2639 859 et
2672 805 2975 877 philosophi
3001 808 3364 873 deseribentes
3387 821 3599 890 qualem

2009 893 2173 949 velint
2193 909 2312 951 esse
2343 889 2635 967 perfectum
2663 908 2966 968 oratorem,
3043 903 3202 977 422
3276 919 3330 965 et
3358 889 3598 982 pniIoso.

2009 986 2207 1058 phum,
2250 1004 2357 1044 non
2385 989 2584 1046 faciunt
2613 991 2856 1062 injuriam
2895 995 3241 1056 Demostheni
3265 1013 3319 1059 et
3358 1005 3594 1077 Platoni,

2008 1080 2100 1134 sed
2131 1096 2218 1135 res
2244 1081 2388 1151 ipsas
2416 1082 2614 1154 absque
2643 1087 2887 1154 personis
2912 1087 3173 1146 definiunt
3193 1110 3206 1147 :
3229 1095 3306 1149 sic
3327 1095 3380 1151 in
3396 1098 3597 1154 descri-

2009 1173 2190 1241 ptione
2211 1172 2489 1244 Episcopi,
2522 1185 2574 1230 et
2593 1176 2644 1230 in
2667 1192 2853 1232 eorum
2893 1181 3229 1251 expositione
3253 1201 3373 1256 qua:
3399 1189 3596 1259 scripta

2007 1273 2164 1331 sunt,
2194 1267 2342 1336 quasi
2372 1269 2646 1336 speculum
2688 1269 2985 1327 Sacerdotii
3019 1276 3349 1345 proponitur.
3382 1277 3498 1333 Jam
3541 1279 3594 1335 in

2008 1365 2270 1426 potestate
2297 1366 2350 1412 et
2372 1357 2702 1415 Conscientia
2734 1363 3064 1434 singulorum
3091 1377 3189 1433 est,
3225 1370 3410 1438 quales
3438 1385 3497 1427 se
3525 1371 3598 1428 ibi

2006 1449 2302 1518 aspiciant;
2337 1459 2392 1506 ut
2419 1454 2502 1508 vel
2525 1453 2706 1510 dolere
2728 1455 2793 1510 ad
2825 1456 3238 1528 deformitatem,
3262 1464 3344 1518 vel
3367 1465 3599 1534 gaudere

2006 1541 2071 1595 ad
2095 1543 2542 1611 pulchritudinem
2574 1548 2798 1615 possint.
2829 1549 2890 1604 Si
2917 1553 3027 1620 quis
3060 1553 3422 1625 EpiscOpatum
3464 1558 3600 1613 desi-

2007 1631 2169 1696 derat,
2201 1633 2385 1687 bonum
2413 1651 2539 1704 opus
2569 1637 2857 1708 desiderat(
2876 1640 2924 1693 1.
2957 1640 3090 1697 Tim.
3123 1645 3174 1699 5.
3205 1647 3229 1700 1
3257 1647 3298 1716 ).
3322 1647 3396 1718 (b)
3430 1648 3597 1719 Opus,

2007 1739 2112 1779 non
2137 1724 2485 1795 dignitatem;
2520 1728 2754 1784 laborem
2775 1771 2792 1797 ,
2825 1747 2931 1787 non
2978 1734 3228 1803 delicias;
3279 1755 3444 1807 erus,
3497 1757 3599 1796 rea

2007 1815 2148 1884 quod
2179 1815 2478 1873 humilitate
2507 1817 2812 1890 decrescat,
2845 1837 2951 1877 non
3001 1824 3317 1883 intumescat
3364 1829 3597 1900 fastigio.

2011 1905 2220 1976 Oportet
2233 1923 2352 1979 ergo
2377 1907 2685 1980 EpiscOpum
2705 1911 3188 1982 irreprehensibilem
3210 1933 3315 1972 esse
3330 1919 3349 1988 (
3357 1917 3383 1971 Ι
3389 1919 3474 1972 bid
3481 1960 3493 1973 .
3515 1920 3572 1990 2)
3585 1960 3599 1976 .

2006 1997 2241 2068 Idipsum
2269 2015 2481 2070 quoque
2507 2002 2572 2056 ad
2605 2002 2820 2059 Titum:
2853 2005 2914 2060 Si
2960 2008 3072 2077 quis
3123 2019 3196 2063 est
3244 2011 3353 2066 sine
3389 2012 3601 2068 crimine

2007 2088 2144 2158 (Tit.
2180 2091 2230 2144 l.
2263 2090 2353 2161 6).
2385 2092 2582 2148 Omnes
2609 2094 2831 2151 virtutes
2859 2097 2909 2151 in
2942 2113 3047 2154 uno
3072 2115 3321 2159 sermone
3349 2117 3600 2176 compre-

2006 2178 2220 2246 hendit,
2252 2189 2306 2235 et
2349 2196 2485 2250 pene
2508 2197 2621 2238 rem
2650 2193 2834 2242 contra
2865 2197 3106 2244 naturam
3154 2193 3340 2264 exigit.
3365 2192 3422 2250 Si
3454 2197 3597 2250 enim

2008 2287 2166 2329 omne
2187 2284 2486 2344 peccatum,
2510 2277 2668 2332 etiam
2710 2279 2763 2334 in
2791 2281 2963 2337 otioso
2991 2284 3157 2339 verbo
3177 2287 3600 2356 reprehensione

2007 2363 2223 2433 dignum
2245 2375 2327 2420 est
2357 2383 2370 2420 :
2394 2367 2514 2437 quis
2541 2377 2624 2424 est
2649 2369 2736 2425 ille
2756 2373 2844 2441 qui
2875 2373 3077 2444 absque
3106 2387 3346 2446 peccato,
3398 2377 3449 2433 id
3491 2388 3595 2446 est,

2008 2451 2124 2510 sine
2154 2457 2592 2526 reprehensione,
2617 2473 2862 2519 versetur
2902 2468 2954 2520 in
2983 2466 3085 2523 hoc
3112 2469 3351 2524 mundo?
3377 2470 3480 2527 Sed
3511 2472 3595 2526 iu-

2009 2555 2160 2600 turus
2201 2547 2391 2603 Pastor
2417 2550 2674 2606 Ecclesia:
2705 2554 2824 2608 talis
2849 2555 3080 2626 eligitur,
3109 2559 3174 2613 ad
3199 2560 3352 2629 cujus
3379 2575 3598 2630 compa-

2007 2638 2268 2693 rationem
2318 2648 2462 2695 recte
2509 2657 2640 2711 grex
2682 2645 2866 2700 caeteri
2911 2647 3271 2704 nominentur.
3327 2651 3598 2706 Definiunt

2007 2731 2270 2787 Rhetores
2297 2743 2589 2801 oratorem,
2613 2737 2704 2807 qui
2728 2738 2797 2792 sit
2818 2739 3109 2808 virbonus,
3139 2741 3346 2798 dicendi
3371 2745 3594 2814 peritus.

2006 2823 2145 2878 Ante
2174 2823 2299 2889 vita,
2335 2826 2412 2880 sic
2467 2827 2644 2898 lingua
2690 2829 3175 2900 irreprehensibilis
3217 2837 3506 2906 quaeritur,
3541 2846 3598 2892 ut

2006 2917 2198 2972 merito
2224 2919 2561 2988 suscipiatur.
2589 2921 2788 2978 Psnmr
2809 2941 2936 2980 eum
2957 2928 3326 2984 auctoritatem
3347 2930 3597 2998 docendi,

2005 3007 2158 3076 cujus
2182 3024 2362 3065 sermo
2385 3026 2548 3079 opere
2574 3012 2884 3070 destruitur.
2919 3016 3083 3072 Unius
3108 3021 3280 3074 uxoris
3309 3021 3506 3089 virum;
3529 3023 3599 3078 de

2007 3095 2108 3153 hoc
2136 3113 2296 3169 supra
2327 3099 2578 3157 diximus.
2603 3102 2751 3159 Nunc
2781 3104 2881 3160 hoc
2918 3115 3120 3164 tantum
3145 3110 3514 3178 admonemus,
3541 3120 3599 3168 ut

2005 3190 2048 3244 si
2080 3192 2236 3244 unius
2269 3192 2451 3247 uxoris
2483 3193 2582 3260 vir,
2613 3196 2773 3250 etiam
2800 3207 2924 3253 ante
2945 3198 3283 3269 haptisimurn
3311 3204 3595 3274 qumritur;

2005 3293 2198 3338 cariora
2228 3300 2440 3354 quoque
2475 3301 2592 3356 quae
2620 3299 2884 3360 praecepta
2911 3301 3057 3358 sunt,
3100 3302 3224 3348 ante
3272 3295 3598 3365 baptismum

2004 3375 2360 3444 requiramus.
2389 3375 2571 3447 Neque
2600 3379 2742 3434 enim
2786 3385 3040 3452 competit
3075 3385 3322 3441 universa
3353 3397 3474 3456 post
3501 3388 3598 3442 ba-

2005 3466 2278 3536 ptismum,
2325 3475 2378 3522 et
2421 3483 2584 3524 unum
2630 3469 2732 3526 hoc
2783 3474 3088 3529 mandatum
3137 3477 3432 3547 intelligere
3471 3487 3597 3535 ante

2007 3558 2351 3628 baptismum.
2383 3561 2642 3632 Sobrium,
2676 3565 2787 3620 sive
2813 3567 3122 3638 vigilantem,
3154 3577 3374 3643 νηφάλιος
3401 3574 3599 3643 quippe

2005 3662 2291 3724 utrumque
2318 3655 2600 3723 significat.
2630 3656 2954 3724 Prudentem,
2988 3672 3244 3730 ornatum,
3273 3667 3593 3734 hospitalem,

2006 3744 2260 3798 doctorem
2303 3743 2502 3813 (Leuit.
2551 3747 2674 3818 10).
2704 3749 3023 3808 Sacerdotes
3075 3754 3164 3823 qui
3207 3755 3511 3810 ministrant
3541 3758 3594 3811 in

2009 3835 2207 3904 templo
2249 3836 2378 3903 Dei,
2421 3837 2770 3907 prohibentur
2794 3842 2975 3896 vinum
3025 3852 3080 3898 et
3110 3845 3334 3900 siceram
3365 3847 3550 3902 bibere
3580 3863 3595 3905 :

2007 3941 2076 3980 ne
2106 3927 2158 3981 in
2189 3927 2406 3996 crapula
2437 3938 2488 3984 et
2509 3929 2769 3986 ebrietate
2790 3945 3148 4003 aggraventur
3179 3937 3339 3992 corda
3371 3953 3596 4004 eorum;

2006 4026 2058 4074 et
2085 4029 2142 4074 ut
2168 4034 2358 4076 sensus
2389 4021 2622 4078 ofﬁcium
2653 4024 2941 4093 exhibens,
2992 4029 3100 4083 Deo
3138 4030 3316 4101 vigeat
3344 4046 3558 4101 semper
3582 4073 3598 4098 ,

2006 4119 2060 4166 et
2091 4111 2264 4166 tenuis
2289 4112 2377 4167 sit.
2420 4113 2572 4180 Quod
2616 4126 2793 4172 autem
2823 4118 2983 4174 infert
3019 4120 3336 4190 prudentem,
3360 4121 3600 4178 excludit

2005 4219 2120 4269 eos,
2153 4203 2241 4274 qui
2272 4203 2372 4260 sub
2393 4207 2611 4262 nomine
2653 4209 3010 4280 simplicitatis
3033 4224 3294 4269 excusant
3321 4215 3600 4270 stultitiam

2003 4295 2375 4352 Sacerdotem.
2398 4297 2510 4353 Nm
2541 4315 2666 4355 sunt
2691 4301 2974 4357 cerebrum
3003 4318 3190 4359 sanum
3215 4305 3396 4373 fuerit,
3419 4307 3600 4362 omnia

2004 4390 2244 4452 membra
2275 4391 2328 4445 in
2355 4391 2484 4447 vitio
2503 4404 2681 4450 erunt.
2716 4392 2968 4450 Ornatam
2996 4412 3228 4468 quoque,
3257 4399 3492 4459 ἰπίτασις
3520 4398 3598 4469 (c)

2003 4491 2087 4538 est
2111 4484 2304 4553 prioris
2321 4485 2492 4550 verbi,
2516 4485 2566 4541 id
2587 4496 2691 4551 est,
2721 4488 3192 4557 irreprehensibilis.
3211 4490 3309 4557 Qui
3341 4491 3464 4544 vitia
3490 4505 3594 4546 non

2003 4573 2198 4644 habet,
2250 4576 2740 4646 irreprehensibilis
2786 4579 3087 4648 appellatur
3137 4581 3268 4649 :qui
3311 4580 3596 4636 virtutibus

2004 4670 2188 4738 pollet,
2221 4678 2445 4724 ornatus
2483 4678 2583 4724 est.
2613 4670 2906 4724 Possumus
2951 4678 3006 4724 et
3050 4670 3194 4725 aliud
3232 4670 3392 4744 423
3432 4673 3594 4728 intel-

2004 4758 2167 4828 ligere
2217 4774 2283 4814 ex
2325 4759 2425 4814 hoc
2460 4760 2643 4824 verbo,
2684 4761 2848 4828 juxta,
2877 4761 3006 4816 illud
3053 4762 3210 4818 Tullii
3244 4782 3258 4819 :
3290 4765 3461 4835 Caput
3507 4775 3592 4822 est

2003 4849 2152 4912 artis,
2179 4848 2374 4904 decere
2392 4849 2536 4918 quod
2567 4849 2750 4904 facias.
2777 4850 2911 4906 Sunt
2937 4852 3079 4908 enim
3103 4853 3317 4923 quidam
3346 4855 3594 4926 ignoran-

2002 4951 2083 4997 tes
2112 4955 2415 4996 mensuram
2441 4957 2611 5008 suam,
2635 4951 2689 4998 et
2715 4953 2873 5000 tantae
2893 4946 3198 5004 stoliditatis
3213 4963 3277 5005 ac
3301 4950 3590 5019 vecordia),

2001 5039 2058 5085 ut
2077 5040 2130 5087 et
2157 5032 2210 5086 in
2241 5043 2389 5088 motu
2411 5042 2464 5088 et
2491 5034 2541 5088 in
2562 5035 2791 5104 incessu,
2815 5046 2870 5093 et
2889 5036 2944 5093 in
2961 5037 3168 5106 habitu,
3191 5050 3246 5097 et
3266 5043 3317 5097 in
3341 5058 3594 5100 sermone

2000 5125 2304 5193 communi,
2350 5126 2514 5181 risum
2560 5131 2925 5198 spectantibus
2981 5133 3259 5202 przebeant
3291 5157 3305 5192 :
3336 5147 3388 5192 et
3437 5136 3588 5206 quasi

2000 5215 2356 5286 iutclligentes
2382 5219 2508 5289 quid
2534 5220 2602 5274 sit
2631 5232 2872 5289 ornatus,
2911 5235 3129 5280 comunt
3157 5243 3218 5283 se
3265 5230 3502 5285 vestibus
3533 5237 3588 5284 et

1999 5306 2273 5362 munditiis
2298 5311 2560 5380 corporis,
2585 5320 2639 5366 et
2668 5312 2908 5370 lautioris
2929 5331 3128 5374 mensa:
3148 5319 3334 5389 epulas
3355 5330 3542 5390 parant
3569 5336 3582 5372 :

2000 5414 2122 5456 cum
2171 5403 2346 5458 omnis
2390 5403 2692 5460 istiusmodi
2746 5418 2964 5464 ornatus
3003 5418 3059 5466 et
3109 5411 3285 5466 cultus
3337 5410 3584 5466 sordibus

1999 5495 2188 5551 fedior
2217 5496 2304 5551 sit.
2336 5496 2488 5564 Quod
2519 5507 2696 5554 autem
2723 5500 2964 5558 doctrina
3010 5519 3041 5557 a
3083 5503 3458 5559 Sacerdotibus
3488 5517 3582 5556 ex-

1995 5596 2225 5658 petatur,
2272 5597 2326 5644 et
2351 5591 2545 5646 veteris
2574 5603 2839 5664 prmeeptu
2867 5604 2988 5650 sunt
3014 5595 3187 5664 Legis,
3229 5604 3282 5650 et
3308 5595 3373 5648 ad
3402 5595 3578 5650 Titum

2059 5726 2130 5790 (Vb)
2165 5725 2339 5778 Confer
2383 5739 2492 5789 quae
2518 5727 2566 5776 in
2588 5727 2791 5790 Epistol.
2819 5729 2877 5778 ad
2900 5727 3060 5778 Titum
3084 5740 3188 5789 cap.
3218 5728 3264 5777 1.
3307 5729 3480 5778 eodem
3505 5731 3580 5779 in-

1996 5787 2217 5846 tellectu,
2239 5797 2386 5850 atque
2402 5787 2581 5836 iisdem
2606 5787 2715 5838 fere
2736 5791 2998 5838 sententiis
3019 5787 3392 5841 commentatur.

2061 5851 2132 5912 (ε)
2169 5851 2351 5898 Graece
2377 5851 2981 5918 vocisinterpretationem
3004 5851 3155 5914 hanc,
3178 5851 3276 5904 sive
3308 5853 3582 5908 inermum.

1999 5910 2121 5965 tum.
2143 5919 2389 5963 aooouunt
2413 5910 2532 5962 editi
2555 5910 2870 5963 vetustiores.
