4146 6336
532 281 639 337 665

534 394 742 466 [simius
787 381 1051 442 scribitur.
1099 377 1352 434 innocens
1381 386 1510 429 sunt
1551 376 1607 427 et
1630 369 1831 460 absque
1860 376 2112 466 sermone

531 455 886 544 conversatio,
917 480 1172 546 quantum
1191 467 1436 538 exemplo
1459 463 1698 536 prodest,
1723 455 1927 518 tantum
1951 457 2115 524 silen-

531 582 606 635 tio
631 582 806 636 nocet.
833 569 965 628 Nam
994 580 1048 624 et
1075 549 1268 626 latratu
1295 577 1511 627 canum,
1538 559 1836 627 baculoque
1865 551 2112 624 pastoris,

551 681 780 741 uporum
807 663 984 726 rabies
1027 656 1350 724 deterrenda
1378 665 1482 710 est.
1511 651 1632 707 Non
1659 650 1986 741 vinolentum,
2016 661 2118 700 non

530 739 874 833 percussorem
901 751 1046 827 (Tit.
1075 750 1165 821 7)..
1190 746 1485 815 Virtutibus
1514 744 1640 798 vitia
1667 739 1937 833 opposuit.

602 853 657 909 9.
707 847 998 908 Didicimus
1049 842 1239 916 quales
1283 853 1404 898 esse
1453 835 1749 896 debeamus
1787 849 1801 886 :
1848 831 2118 888 discamus

531 946 717 1017 quales
737 957 841 1000 non
867 954 992 1006 esse
1009 937 1242 1002 debeam
1266 931 1604 996 Sacerdotes.
1631 925 1933 984 Vinolentia
1970 937 2120 979 scur-

536 1053 713 1096 rarum
767 1043 884 1104 est,
939 1041 996 1090 et
1055 1038 1479 1088 comessatorem
1538 1042 1553 1081 :
1613 1031 1900 1091 venterque
1970 1032 2120 1078 mero

535 1141 767 1196 astuans
787 1169 804 1196 ,
827 1126 935 1182 cito
962 1124 1243 1194 despumat
1269 1121 1322 1175 in
1356 1118 1626 1175 libidines.
1653 1115 1708 1170 In
1737 1113 1860 1168 vino
1887 1110 2118 1178 luxuria,

533 1221 588 1276 in
619 1218 824 1284 luxuria
850 1217 1112 1286 voluptas,
1143 1215 1196 1270 in
1235 1213 1508 1282 voluptate
1536 1205 1866 1278 impudicitia
1893 1213 1993 1262 est.
2019 1202 2118 1270 Qui

532 1311 852 1378 luxuriatur,
876 1309 1061 1364 vivens
1100 1313 1341 1361 mortuus
1366 1299 1448 1359 cs't
1481 1320 1494 1356 :
1521 1315 1651 1371 ergo
1673 1299 1761 1370 qui
1793 1297 2083 1354 inebriatur
2101 1336 2116 1362 ,

530 1417 585 1464 et
615 1415 859 1470 mortuus
889 1415 945 1459 et
965 1401 1206 1472 sepultus
1231 1407 1334 1455 est.
1367 1396 1481 1453 Noe
1505 1395 1570 1451 ad
1597 1395 1756 1448 unius
1783 1391 1928 1448 horae
1949 1391 2121 1455 ebrie-

534 1508 695 1555 tatem
721 1496 884 1556 nudat
907 1493 1110 1549 femora
1135 1505 1231 1546 sua
1255 1488 1414 1562 (Gen.
1448 1487 1502 1546 9.
1531 1487 1592 1541 2|
1622 1489 1676 1550 ),
1729 1498 1848 1554 qua:
1881 1497 1974 1552 per
1994 1496 2119 1536 sex-

532 1599 717 1648 centos
743 1603 916 1645 annos
935 1585 1228 1653 sobrietate
1248 1588 1581 1638 contexerat.
1605 1579 1706 1635 Lot
1733 1592 1829 1648 per
1860 1575 2121 1636 temulen-

533 1688 682 1752 tiam,
701 1683 946 1741 nesciens
967 1679 1176 1737 libidini
1195 1678 1383 1734 miscet
1401 1676 1660 1732 incestum
1683 1692 1695 1728 :
1715 1681 1772 1728 et
1787 1686 1942 1742 quem
1957 1669 2120 1725 Sodo-

532 1795 617 1834 ma
635 1793 743 1834 non
757 1777 976 1842 vicerat,
994 1773 1115 1832 vina
1131 1772 1394 1827 vicerunt.
1413 1767 1790 1824 Percussorem
1807 1771 1981 1818 autem
2002 1759 2124 1830 Epi-

531 1885 753 1940 scopum
774 1868 866 1926 ille
905 1865 1250 1930 condemnat,
1281 1861 1372 1932 qui
1399 1860 1618 1915 dorsum
1663 1871 1818 1911 suum
1851 1854 2026 1924 posuit
2052 1851 2119 1907 ad

532 1963 738 2035 flagella
756 1979 771 2016 :
793 1969 850 2018 et
861 1957 1181 2016 maledictus
1203 1969 1308 2010 non
1329 1948 1691 2019 remaledixit(
1708 1946 1934 2012 Isai.50;
1952 1944 2116 1999 Marc.

533 2058 602 2114 t5
621 2059 662 2126 ).
702 2055 810 2112 Sed
838 2053 1121 2110 modestum
1146 2050 1236 2122 (1.
1267 2047 1401 2104 Tim.
1426 2046 1461 2101 ὅ
1483 2045 1521 2115 ).
1545 2043 1757 2098 Duobus
1778 2039 1932 2096 malis
1957 2053 2122 2095 unum

533 2149 787 2220 opposuit
809 2147 1007 2203 bonum
1030 2161 1044 2210 ;
1067 2139 1449 2199 uttemulentia
1465 2147 1521 2193 et
1538 2139 1637 2204 ira,
1661 2133 1922 2190 modestia
1949 2129 2120 2187 refre-

531 2249 742 2295 nentnr.
773 2237 896 2293 Non
915 2235 1212 2306 litigiosum,
1235 2248 1337 2286 non
1354 2246 1586 2285 avarum.
1615 2227 1753 2282 Nihil
1775 2225 1916 2280 enim
1949 2225 2121 2294 impu-

532 2329 744 2390 dentius
759 2328 1059 2400 arrogantia
1078 2325 1422 2390 rusticorum,
1443 2321 1530 2392 qui
1549 2319 1911 2390 garrulitatem
1937 2325 2122 2372 aucto-

529 2421 740 2476 ritatcm
753 2428 977 2490 putant;
1002 2427 1057 2474 et
1074 2418 1245 2490 parati
1267 2430 1482 2486 semper
1501 2413 1568 2468 ad
1585 2414 1728 2481 lites,
1748 2412 1801 2467 in
1821 2411 2119 2480 subjectum

530 2513 629 2568 sibi
660 2526 879 2582 gregem
908 2510 1124 2566 tumidis
1149 2507 1489 2565 sermonibus
1513 2515 1714 2562 tonant.
1749 2506 2038 2560 Avaritiam
2068 2504 2119 2558 in

530 2603 820 2660 Sacerdote
863 2603 1152 2667 vitandam,
1183 2611 1238 2656 et
1282 2599 1496 2657 Samuel
1525 2599 1682 2655 docet
1727 2612 1744 2655 :
1778 2597 1910 2652 nihil
1937 2612 2120 2652 coram

532 2697 730 2767 populo
761 2695 1022 2765 eripuisse
1048 2694 1372 2764 secuiquam
1404 2693 1635 2763 probans
1683 2694 1773 2762 (1.
1807 2692 1934 2762 Reg.
1968 2690 2068 2762 12)
2104 2709 2118 2750 :

423 2779 428 2784 ’
532 2801 587 2844 ct
637 2786 1012 2858 Apostolorum
1057 2795 1368 2858 paupertas,
1396 2786 1484 2855 qui
1513 2784 1787 2856 refrigeria
1813 2793 2118 2854 sumptuum

531 2900 559 2940 a
587 2884 840 2941 tratribus
868 2883 1222 2954 accipiebant,
1253 2891 1308 2939 et
1328 2889 1522 2954 praeter
1549 2881 1746 2936 vietum
1773 2887 1932 2950 atque
1963 2879 2122 2933 vesti-

532 2986 640 3033 tum
674 2976 804 3032 nihil
830 2990 891 3032 se
911 2975 1057 3031 aliud
1077 2989 1176 3032 nec
1194 2973 1414 3040 habere,
1447 2987 1546 3027 nec
1573 2971 1710 3027 velle
1734 2970 2118 3040 gloriabantur.

529 3069 698 3138 Quam
750 3068 820 3124 ad
853 3067 1194 3124 Timotheum
1237 3065 1542 3128 avaritiam,
1617 3060 1781 3135 424
1851 3062 1915 3116 ad
1945 3061 2119 3116 Titum

533 3163 704 3230 turpis
731 3161 864 3216 lucri
901 3160 1246 3230 cupiditatem
1292 3157 1632 3228 apertissime
1675 3164 1825 3210 notat
1856 3154 1990 3227 (Tit.
2021 3156 2046 3209 1
2077 3154 2116 3224 ).

533 3253 753 3308 Domum
773 3270 919 3312 sitam
947 3254 1068 3308 bene
1093 3260 1363 3323 regentem.
1395 3250 1511 3305 Non
1541 3257 1600 3304 ut
1625 3263 1756 3319 opes
1775 3257 1984 3320 augeat,
2017 3262 2120 3301 non

533 3354 590 3399 ut
617 3346 790 3414 regias
817 3353 966 3414 paret
987 3343 1192 3416 epulas,
1228 3357 1334 3398 non
1363 3351 1424 3397 ut
1451 3341 1665 3398 caalatas
1694 3341 1900 3411 patinas
1927 3347 2118 3408 struat,

535 3451 640 3492 non
669 3445 726 3492 ut
749 3436 1006 3492 Phasides
1038 3450 1167 3493 aves
1195 3437 1353 3492 lentis
1379 3435 1662 3506 vaporibus
1699 3443 1912 3506 coquat,
1939 3433 2030 3505 qui
2052 3433 2121 3488 ad

533 3545 654 3586 ossa
685 3529 996 3601 perveniant
1019 3537 1074 3586 et
1111 3529 1449 3601 superficiem
1479 3529 1656 3584 carnis
1693 3543 1796 3582 non
1827 3527 2122 3582 dissolvant

531 3623 720 3678 artitici
743 3629 1165 3694 temperamento
1191 3640 1205 3677 :
1235 3621 1331 3678 sed
1358 3629 1415 3676 ut
1437 3620 1579 3692 quod
1607 3619 1804 3691 populo
1825 3625 2122 3691 praiceptu-

533 3731 624 3772 rus
675 3725 782 3784 est,
813 3716 974 3786 prius
998 3731 1032 3771 a
1058 3714 1368 3770 domesticis
1410 3714 1603 3785 exigat.
1654 3711 1822 3767 Filios
1859 3712 2122 3765 habentem

531 3807 778 3876 subditos,
836 3824 951 3862 cum
1001 3807 1139 3863 omni
1164 3808 1431 3874 castitate;
1475 3821 1543 3862 ne
1589 3803 1797 3861 scilicet
1850 3804 2123 3858 imitentur

533 3900 672 3956 filios
715 3901 817 3970 Eli,
867 3902 957 3973 qui
1000 3903 1052 3957 in
1098 3901 1364 3958 vestibulo
1404 3899 1613 3971 Templi
1661 3914 1782 3955 cum
1811 3896 2123 3952 mulieribus

531 3993 904 4062 dormiebant;
951 4003 1008 4052 et
1057 3995 1136 4068 (α)
1183 3996 1496 4066 religionem
1554 3992 1787 4064 praedam
1835 3999 2119 4062 putantes,

531 4086 784 4158 quidquid
805 4086 1065 4158 optimum
1087 4087 1140 4143 in
1164 4087 1354 4143 hostiis
1369 4094 1504 4152 erat,
1533 4085 1587 4140 in
1611 4099 1737 4141 suas
1756 4084 1973 4139 delicias
1994 4096 2122 4137 con-

534 4177 808 4230 vertebant
850 4178 940 4244 (l.
979 4177 1108 4248 Reg.
1138 4177 1231 4250 2).
1265 4176 1389 4231 Non
1432 4176 1760 4247 neophytum,
1791 4191 1852 4228 ne
1871 4175 1922 4227 in
1943 4189 2122 4244 super-

535 4269 668 4322 biant
712 4269 875 4323 elatus
902 4270 957 4323 in
977 4270 1232 4340 judicium
1261 4270 1460 4323 incidat
1488 4269 1680 4322 diaboli
1709 4269 1799 4338 (l.
1823 4265 1960 4320 Tim.
1991 4267 2047 4320 5.
2078 4273 2126 4319 et

533 4359 638 4417 Tit.
667 4363 690 4418 1
717 4363 758 4434 ).
787 4362 964 4418 Mirari
989 4364 1120 4418 satis
1149 4377 1255 4417 non
1306 4377 1466 4434 queo,
1497 4377 1618 4433 quae
1655 4361 1934 4417 hominum
1979 4367 2124 4414 tanta

534 4457 604 4511 sit
642 4455 875 4523 θερείαις,
925 4455 993 4512 de
1023 4455 1279 4511 uxoribus
1303 4464 1427 4512 ante
1461 4456 1784 4526 baptismum
1809 4455 2121 4524 disputare;

543 4557 596 4602 et
643 4563 754 4601 rem
801 4549 854 4603 in
905 4548 1227 4620 baptismate
1264 4558 1552 4616 mortuam,
1583 4549 1697 4604 imo
1738 4561 1860 4604 cum
1909 4545 2126 4602 Christo

543 4639 863 4699 vivificatam
893 4641 946 4697 in
966 4643 1289 4698 calumniam
1320 4644 1552 4709 trahere,
1576 4655 1699 4696 cum
1741 4650 1850 4696 tam
1879 4648 2125 4709 apertum

539 4729 863 4800 evicit-nsque
909 4742 1233 4804 praeceptum
1281 4749 1440 4790 nemo
1489 4732 1777 4790 custodiat.
1826 4732 1950 4788 lieri
1977 4740 2125 4787 cate-

541 4822 859 4885 chumenus,
915 4823 1074 4880 hodie
1121 4826 1355 4895 pontifex
1388 4844 1401 4879 :
1432 4826 1547 4880 beri
1589 4827 1644 4880 in
1693 4824 2123 4895 amphitheatro,

540 4912 699 4967 hodie
719 4913 774 4967 in
806 4911 1074 4981 Ecclesia;
1102 4918 1398 4986 vesperelin
1427 4917 1594 4984 circo,
1621 4931 1781 4972 mane
1810 4917 1862 4970 in
1891 4915 2082 4970 altario
2110 4931 2126 4969 :

541 5006 742 5061 dudum
763 5006 936 5063 fautor
955 5009 1295 5078 histrionum,
1319 5025 1460 5066 nunc
1481 5012 1743 5081 virginum
1765 5020 2126 5066 consecrator.

541 5097 676 5154 Num
723 5099 1001 5170 ignorabat
1048 5101 1334 5170 Apostolus
1375 5101 1844 5170 tergiversationes
1881 5109 2128 5168 nostras,

543 5201 598 5249 et
621 5200 1057 5262 argumentorum
1090 5191 1313 5262 ineptias
1338 5193 1644 5247 nesciebat?
1668 5192 1767 5258 Qui
1796 5192 1949 5258 dixit,
1982 5192 2134 5245 unius

544 5287 722 5342 uxoris
745 5287 904 5341 uirum
931 5283 1168 5358 (lbid.),
1224 5286 1336 5355 ipse
1369 5285 1641 5340 mandavit
1685 5283 2130 5354 irreprebensibi-

543 5381 670 5448 lem,
702 5379 958 5446 sobrium,
987 5378 1326 5449 prudentem,
1355 5385 1620 5443 ornatum,
1659 5376 1999 5446 hospitalem,
2032 5375 2132 5430 do-

607 5483 690 5595 (αὗ
714 5480 916 5555 Scilicet
957 5480 1164 5530 obtentu
1207 5477 1461 5550 religionis
1499 5476 1724 5548 praedari.
1761 5475 1846 5524 Sic
1869 5475 2017 5536 epist.
2043 5474 2123 5524 50.

691 5557 971 5594 ommonem
995 5556 1130 5592 num.
1164 5543 1213 5592 3.
1238 5539 1541 5595 rumigerulo
1564 5539 1752 5589 cuidam
1776 5537 2010 5588 monacho
2034 5550 2123 5586 ex-

546 5537 971 5614 ad'_l')omnione_m
995 5556 1130 5614 num.
1164 5543 1213 5592 3.
1238 5537 1541 5614 rur‘nigerulo
1564 5539 1752 5614 cuidam
1776 5537 2010 5614 monacho
2026 5550 2127 5614 ἐκ·

546 5608 743 5680 probrat
761 5642 774 5664 ,
802 5606 932 5670 quod
955 5602 1235 5670 religionem
1247 5598 1466 5676 pugnam
1489 5601 1696 5660 faceret,
1720 5598 2128 5664 quemadmodum

547 5671 613 5719 tbi
637 5681 702 5718 ex
726 5669 841 5719 Mss.
867 5668 1103 5726 legimus,
1133 5674 1186 5716 et
1208 5665 1288 5716 hic
1324 5677 1527 5726 insuper
1551 5664 1683 5714 locus
1724 5664 1989 5714 conﬁrmat.
2015 5662 2129 5711 Mox

547 5682 613 5719 tm
637 5682 702 5718 ex
726 5682 841 5719 MSS.
867 5682 1103 5731 legimus,
1133 5682 1186 5716 et.
1208 5682 1288 5716 nlc
1324 5682 1527 5726 Insuper
1551 5682 1683 5714 locus
1724 5682 1989 5714 wuut'utat.
2015 5682 2128 5711 mox

561 5730 906 5794 ortegopimum
928 5743 1016 5794 pro
1046 5729 1293 5794 optimum
1317 5727 1457 5794 Hier.
1483 5727 1775 5793 scripserat,
1803 5727 1899 5781 etsi
1922 5727 2128 5792 impres-

547 5803 653 5856 ΒΨ
673 5791 944 5862 Wmult—
958 5808 1058 5852 non
1075 5791 1153 5859 βδι
1174 5805 1260 5847 cur
1282 5791 1632 5859 iniprobetnus.

1839 248 2078 309 SANCTl
2120 245 2496 304 HIERONYMI

3705 253 3810 308 665

2221 368 2445 427 ctorem,
2475 359 2772 416 modestum
2804 376 2818 415 :
2845 373 2954 415 non
2999 359 3350 427 vinolentum,
3393 373 3500 415 non
3531 374 3810 430 percusso-

2220 469 2356 521 rem,
2410 467 2516 508 non
2544 452 2850 523 litigiosum,
2881 467 2987 512 non
3031 466 3271 522 avarum,
3319 467 3425 518 non
3455 454 3808 524 neophytum.

2221 545 2303 601 Ad
2330 544 2444 602 haec
2469 544 2645 600 omnia
2668 544 2963 610 claudimus
2989 545 3175 602 oculos
3192 587 3207 612 ,
3235 545 3379 600 solas
3402 543 3650 602 videmus
3680 561 3810 603 uxo-

2221 651 2330 694 res.
2363 636 2514 705 Quod
2540 646 2714 696 autem
2751 638 2825 694 ait
2867 656 2882 694 :
2916 637 2998 694 Ne
3024 638 3078 692 in
3106 637 3393 708 superbiam
3416 639 3599 706 elatus,
3624 637 3815 697 incidat

2221 729 2274 783 in
2287 729 2542 800 judicium
2564 729 2772 792 diaboli,
2801 730 2920 800 quis
2943 744 3048 786 non
3089 730 3340 802 exemplo
3363 745 3553 786 verum
3585 732 3814 802 probet?

2223 820 2436 894 ignorat
2466 821 2540 895 (ti)
2589 831 2994 882 momentaueus
3025 823 3293 882 Sacerdos
3336 823 3714 894 humilitatem,
3762 837 3817 884 et

2223 914 2687 974 mansuetudinem
2711 917 3033 981 rusticorum
3063 932 3078 970 :
3106 917 3318 986 ignorat
3346 915 3634 976 blanditias
3663 917 3818 974 Chri-

2223 1006 2460 1074 Stianas;
2509 1007 2680 1063 nescit
2725 1007 2960 1078 seipsum
2999 1016 3346 1065 contemnere
3399 1025 3414 1064 :
3450 1008 3520 1065 de
3561 1009 3818 1082 dignitate

2225 1098 2540 1158 transfertur
2568 1098 2636 1154 ad
2660 1098 2970 1169 dignitatem
3003 1119 3018 1156 :
3065 1114 3173 1156 non
3197 1100 3479 1173 jejunavit,
3505 1116 3616 1158 non
3641 1101 3814 1167 ﬂevit.

2225 1203 2330 1244 non
2354 1205 2530 1247 mores
2557 1206 2684 1248 suos
2702 1208 2848 1262 saepe
2871 1192 3237 1263 reprehendit,
3266 1203 3322 1249 et
3347 1193 3561 1250 assidua
3593 1195 3815 1262 medita-

2225 1280 2367 1336 tione
2396 1283 2666 1338 correxit:
2697 1299 2803 1340 noo
2829 1285 3179 1342 substantiam
3206 1287 3531 1356 pauperibus
3558 1289 3812 1358 eragavit.

2227 1371 2302 1428 De
2329 1372 2581 1430 cathedra
2632 1374 3027 1444 quodammodo
3055 1376 3267 1432 ducitur
3295 1378 3361 1436 ad
3401 1378 3728 1446 cathedram,
3763 1380 3816 1438 id

2225 1474 2330 1533 est,
2371 1464 2438 1522 de
2490 1467 2738 1537 superbia
2777 1471 2844 1524 ad
2877 1470 3201 1538 superbiam.
3253 1469 3516 1528 iudicium
3557 1482 3734 1540 autem
3763 1482 3819 1530 et

2224 1559 2375 1614 ruina
2405 1558 2622 1626 diaboli,
2655 1560 2784 1616 nulli
2805 1560 3051 1628 dubium,
3083 1562 3210 1634 quin
3233 1566 3537 1635 arrogantia
3563 1566 3652 1621 sit.
3684 1566 3818 1632 INCI-

2225 1665 2362 1706 nuar
2409 1667 2460 1706 IN
2514 1667 2622 1708 sint
2667 1652 2759 1724 qui
2802 1654 2853 1708 in
2883 1662 3085 1724 puncto
3116 1652 3283 1722 horae,
3311 1655 3542 1714 necdum
3569 1656 3816 1727 discipuli

2223 1739 2384 1814 425
2439 1741 2550 1812 jam
2581 1744 2820 1814 magistri
2847 1753 2990 1802 sunt.
3035 1744 3242 1816 Oportet
3281 1757 3446 1802 autem
3474 1764 3588 1804 eum
3615 1758 3661 1802 et
3687 1749 3819 1804 testi-

2223 1835 2447 1888 monium
2473 1835 2653 1890 habere
2668 1836 2850 1894 bonum
2871 1838 2932 1890 ab
2953 1837 3032 1893 Itis
3052 1839 3137 1909 qui
3168 1838 3296 1910 foris
3325 1847 3458 1894 sunt.
3489 1839 3657 1906 Quale
3677 1841 3817 1912 prin-

2223 1925 2445 1996 cipium,
2497 1928 2617 1983 talis
2643 1937 2699 1984 et
2746 1928 3004 1984 clausula.
3061 1929 3162 1997 Qui
3203 1930 3686 2000 irreprebensibilis
3714 1943 3816 2001 cst,

2225 2033 2331 2072 non
2362 2017 2532 2072 solum
2559 2033 2588 2072 a
2615 2018 2942 2083 domesticis.
2972 2019 3065 2075 sed
3088 2021 3224 2075 etab
3254 2021 3442 2076 alienis
3466 2036 3703 2079 consono
3724 2038 3820 2078 ore

2223 2109 2485 2164 laudatur.
2520 2111 2695 2166 Alieni
2721 2123 2775 2168 et
2802 2120 2951 2168 extra
2976 2113 3266 2169 Ecclesiam
3293 2123 3412 2172 sunt
3437 2114 3626 2180 Judaei,
3648 2115 3818 2182 licere-

2225 2201 2339 2270 tici,
2385 2210 2544 2272 atquc
2574 2202 2833 2258 Gentiles.
2867 2204 3009 2259 'l'alis
3053 2220 3182 2276 ergo
3221 2205 3289 2261 sit
3315 2205 3553 2262 Pontifex
3578 2206 3815 2272 Christi,

2226 2293 2396 2364 utqui
2449 2294 2688 2365 religioni
2721 2295 3028 2364 detrahunt,
3060 2297 3180 2352 vitae
3224 2297 3340 2367 ejus
3385 2297 3670 2354 detrahere
3710 2315 3816 2354 non

2223 2383 2474 2440 audeant.
2506 2390 2576 2440 At
2622 2403 2762 2442 nunc
2811 2389 3093 2459 plerosque
3124 2390 3425 2458 cernimus,
3467 2391 3554 2446 vel
3584 2390 3817 2448 favorem

2225 2477 2429 2546 populi,
2465 2478 2516 2532 in
2563 2480 2866 2550 aurigarum
2913 2496 3116 2536 morem
3170 2483 3343 2552 pretio
3401 2482 3817 2539 redimere:ch

2224 2575 2368 2623 tanto
2420 2571 2657 2625 omnium
2695 2571 2969 2626 hominum
3014 2573 3137 2630 odio
3181 2575 3396 2638 vivere,
3469 2581 3528 2631 ut
3589 2589 3692 2632 non
3722 2589 3815 2631 ex-

2226 2668 2506 2730 torqueant
2537 2664 2780 2732 pecunia,
2809 2664 2951 2733 quod
2981 2665 3132 2719 mimi
3155 2665 3444 2735 impetrant
3478 2667 3737 2736 gestibus.

2297 2752 2384 2807 10.
2413 2753 2536 2808 llaec
2555 2795 2570 2822 ,
2603 2754 2678 2808 ﬁli
2708 2753 2920 2810 Oceane
2939 2796 2954 2822 ,
2984 2755 3211 2811 sollicito
3257 2755 3449 2812 timore
3496 2757 3804 2830 perquirere

2225 2845 2317 2916 (al.
2348 2845 2600 2918 perquire)
2635 2865 2647 2900 :
2671 2849 2783 2906 tunc
2807 2848 3046 2919 magistri
3078 2848 3332 2904 Ecclesiae
3355 2849 3628 2906 custodire
3655 2850 3815 2906 debe-

2223 2937 2355 2994 btmt
2383 2957 2396 2994 :
2426 2939 2524 2994 hos
2551 2939 2603 2994 in
2637 2939 3021 3003 Sacerdotibus
3052 2942 3313 3013 eligendis
3339 2957 3578 3000 canones
3627 2944 3814 3000 obser-

2226 3045 2351 3085 vare
2382 3049 2394 3085 :
2434 3046 2537 3086 non
2562 3031 2711 3102 juxta
2743 3033 2954 3103 propria
2984 3033 3106 3088 odia
3134 3043 3188 3089 ct
3223 3039 3459 3105 privatas
3493 3035 3812 3104 simultates,

2225 3133 2638 3195 carpentcmque
2677 3139 2892 3195 semper
2942 3134 3214 3182 auctorem
3262 3141 3416 3182 suum
3444 3169 3460 3195 ,
3518 3126 3813 3196 invidiam,

2223 3214 2395 3285 legem
2439 3215 2637 3270 Christi
2689 3215 3050 3287 interpretari.
3089 3216 3221 3271 Vide
3247 3226 3503 3288 quantum
3547 3218 3615 3272 sit
3665 3217 3815 3272 testi-

2223 3306 2463 3362 monium
2497 3307 2655 3376 hujus
2679 3349 2693 3373 ,
2719 3323 2882 3378 quem
2939 3317 3209 3376 arguunt,
3239 3308 3464 3377 mariti,
3504 3309 3590 3366 cui
3624 3317 3818 3379 praeter

2223 3400 2496 3455 vinculum
2525 3399 2804 3472 conjugale
2828 3442 2842 3466 ,
2877 3408 2931 3455 et
2963 3399 3064 3456 hoc
3110 3407 3237 3456 ante
3276 3402 3603 3470 baptismum
3633 3438 3652 3468 ,
3685 3401 3817 3458 nihil

2223 3492 2368 3547 aliud
2417 3491 2486 3546 ab
2537 3491 2744 3546 cannulis
2791 3491 2951 3560 objici
2991 3500 3187 3563 potest.
3223 3509 3242 3544 ε
3280 3491 3383 3560 Qui
3424 3491 3662 3562 pra-cipit
3708 3506 3816 3552 non

2224 3582 2624 3650 mmchandnm,
2643 3583 2756 3653 ipse
2775 3582 2930 3649 dixit,
2952 3590 3006 3637 ct
3023 3599 3128 3638 non
3143 3583 3358 3638 occides
3385 3601 3403 3637 ι
3427 3581 3721 3653 (1αεοὸ.2.1
3737 3584 3754 3637 l
3772 3582 3812 3656 ).

2225 3677 2281 3734 Si
2327 3693 2434 3733 non
2467 3675 2838 3743 moechamur,
2871 3675 2965 3731 scd
3006 3676 3302 3732 occidimus
3324 3719 3338 3744 ,
3388 3685 3817 3748 transgressores

2225 3770 2357 3842 legis
2388 3785 2593 3826 sumus.
2620 3789 2637 3821 ι
2671 3769 2769 3838 Qui
2801 3777 2966 3825 totam
2999 3770 3170 3840 legem
3219 3771 3533 3838 servaverit,
3576 3780 3630 3826 et
3659 3769 3818 3826 Oileu-

2224 3861 2364 3918 derit
2392 3862 2445 3915 in
2476 3875 2603 3928 uno,
2629 3860 2688 3915 fit
2709 3862 2947 3916 omnium
2977 3876 3129 3917 reuss
3169 3861 3334 3932 (Ibid.
3355 3862 3468 3932 10).
3492 3860 3674 3932 Itaque
3695 3876 3814 3916 cum

2224 3955 2574 4026 opposuerint
2618 3954 2773 4009 nobis
2801 3969 3022 4010 uxorem
3047 3964 3183 4011 ante
3229 3955 3574 4026 baptismum,
3607 3968 3706 4016 uos
3753 3953 3819 4010 ab

2226 4046 2304 4102 cis
2329 4047 2505 4102 omnia
2532 4061 2651 4116 qum
2683 4056 2803 4116 post
2852 4046 3184 4117 baptismum
3233 4053 3506 4118 praecepta
3536 4055 3662 4113 sunt
3687 4086 3702 4112 ,
3736 4059 3820 4099 re-

2225 4139 2520 4211 quiramus.
2548 4120 2931 4195 βιυιετειιευκτ
2961 4138 3102 4209 quod
3133 4153 3239 4210 non
3271 4138 3396 4200 licet
3428 4155 3442 4194 :
3472 4145 3527 4196 et
3556 4136 3820 4208 objiciunt

2226 4228 2368 4300 quod
2395 4243 2710 4286 concessum
2740 4237 2839 4284 est.

2707 4341 3038 4410 EPISTOLA
3077 4342 3220 4399 Lxx
3245 4343 3343 4413 (e).

2458 4473 2529 4514 an
2561 4457 2641 4528 (ά)
2669 4471 2884 4512 laetum
2910 4458 3196 4513 eameam
3225 4468 3375 4511 uanis
3399 4468 3577 4510 noua.

2232 4567 2424 4639 Magno
2451 4569 2653 4622 cuidam
2678 4567 2890 4623 Μειοή
2913 4570 3146 4626 Romano
3167 4609 3184 4637 ,
3244 4584 3389 4639 quem
3436 4551 3682 4637 Ruﬁnus
3737 4584 3818 4623 so~

2303 4662 2564 4729 bornarat,
2592 4672 2646 4714 ut
2674 4671 2920 4730 qumreret
2946 4663 3007 4716 ab
3041 4661 3373 4732 Hieronymo,
3407 4675 3498 4714 cur
3515 4659 3571 4712 in
3595 4674 3815 4728 opuscu-

2303 4755 2368 4810 lis
2418 4755 2524 4808 suis
2579 4753 2902 4809 swcularium
2931 4755 3237 4809 litterarium
3285 4753 3518 4824 exempla
3577 4760 3820 4822 poneret,

2304 4847 2552 4902 rationem
2579 4845 2780 4912 reddit,
2815 4846 3130 4916 ostenditque
3177 4854 3426 4918 quatenus
3469 4842 3526 4898 id
3565 4841 3711 4898 liceat
3734 4881 3750 4910 ,
3779 4848 3824 4895 et

2305 4958 2514 5014 quorum
2541 4941 2770 5011 exemplo
2791 4941 2848 4996 id
2875 4940 3052 5012 faciat.

2307 5055 2361 5110 l.
2393 5053 2465 5126 (e)
2493 5052 2772 5109 Sebesium
2801 5059 3046 5107 nostrum
3078 5050 3182 5105 tuis
3229 5048 3448 5104 monitis
3493 5045 3824 5122 profecisse,

2300 5165 2372 5225 (b)
2407 5165 2498 5224 Qui
2522 5176 2618 5214 non
2640 5163 2822 5212 sensim
2846 5168 2899 5211 et
2922 5173 3011 5224 per
3035 5160 3232 5223 gradus,
3256 5159 3346 5210 sed
3368 5166 3582 5222 repente
3602 5172 3665 5209 ex
3708 5156 3829 5206 laico

2236 5226 2464 5277 sacerdos
2503 5231 2580 5274 est
2612 5225 2810 5287 jussus;
2836 5237 2948 5272 nam
2973 5235 3140 5271 vocem
3186 5228 3568 5287 momentanetts,
3598 5225 3692 5287 aut
3715 5230 3826 5287 nus-

2237 5302 2382 5352 quam
2405 5288 2529 5352 apud
2555 5279 2784 5352 probatos
2798 5279 3050 5352 auctores
3070 5322 3084 5343 ,
3111 5292 3196 5352 aut
3222 5285 3448 5352 etia_m_in
3470 5279 3687 5352 sequiori
3699 5279 3814 5352 _l_ali-

2237 5341 2392 5400 nitate
2416 5341 2510 5398 alio
2531 5341 2678 5397 sensu
2705 5348 2948 5398 invenies.
2988 5341 3284 5396 Tertullian.
3313 5346 3346 5394 Ι.
3372 5346 3420 5395 3.
3463 5341 3655 5395 advers.
3699 5341 3832 5396 Mar

2240 5416 2364 5462 cion.
2391 5426 2436 5460 c.
2465 5411 2539 5460 17.
2569 5411 2632 5457 de
2657 5408 2865 5469 Christo,
2899 5427 2921 5455 (ι
2941 5410 3022 5470 qui
3049 5408 3199 5457 linum
3225 5407 3423 5470 ardens,
3448 5407 3497 5455 id
3517 5413 3594 5457 est
3616 5415 3830 5454 momen-

2240 5483 2439 5524 taneum
2463 5472 2682 5520 ardorem
2704 5472 2944 5531 gentium,
2971 5484 3064 5518 non
3089 5470 3325 5519 extinxit.
3350 5485 3374 5515 π

2330 5538 2378 5597 c)
2417 5533 2544 5597 alia:
2565 5533 2643 5582 δι.
2665 5528 2851 5597 scripta
2874 5531 2996 5597 circ.
3020 5531 3151 5597 idctn
3172 5536 3359 5597 tempus
3381 5543 3475 5596 quo
3496 5528 3735 5597 super-iatn

2328 5589 2383 5656 τι)
2416 5596 2588 5656 Hujus,
2617 5601 2669 5656 ut
2693 5589 2906 5653 videtur,
2931 5593 3093 5655 Magni
3117 5589 3339 5643 Oratoris
3361 5589 3585 5643 meminit
3606 5589 3835 5640 Sidonius

2241 5655 2328 5710 lib.
2359 5655 2427 5720 V._
2447 5658 2589 5720 epist.
2610 5655 2668 5704 Χ.
2692 5658 2853 5720 eique
2877 5656 3088 5720 rigorem
3112 5655 3165 5720 in
3192 5656 3400 5705 dicendo
3432 5657 3623 5720 tribuit.

2305 5721 2374 5784 (e)
2408 5713 2670 5787 Inﬁliquot
2688 5713 2803 5787 Mss.
2839 5713 3066 5787 sevcrum
3108 5719 3412 5784 invenimus,
3437 5719 3490 5772 in
3643 5713 3838 5770 larua

2242 5778 2383 5839 meus
2401 5778 2667 5836 Sebastium
2687 5779 2793 5848 legi
2815 5778 3082 5843 adnotavit.
