4146 6336
345 264 448 324 665

345 393 449 436 non
478 386 585 432 tam
617 376 855 447 Epistola
885 383 993 443 tua,
1026 391 1183 447 quam
1216 377 1382 447 ipsius
1409 375 1746 448 paenitudine
1776 376 1922 431 didi-

344 473 530 528 cimus.
561 469 630 526 Et
937 471 1130 532 mirum
1157 471 1208 535 in
1243 471 1458 527 modum
1485 471 1604 542 plus
1648 481 1927 542 correptus

345 567 563 637 placuit,
596 580 758 635 quam
785 579 971 620 errans
1018 565 1250 620 laaserat.
1282 564 1636 622 Certaverunt
1679 565 1820 620 inter
1867 578 1926 620 se

345 659 671 730 indulgentia
686 658 953 732 parentis,
963 668 1020 714 et
1041 658 1138 718 lilii
1157 660 1327 728 pietas
1350 677 1364 714 :
1389 659 1514 716 dum
1532 659 1667 716 alter
1689 659 1930 730 praeteri-

344 762 516 810 torum
548 768 656 810 non
688 753 948 818 meminit,
969 753 1115 818 alter
1131 752 1191 812 in
1217 751 1454 810 futurum
1491 767 1706 825 quoque
1747 752 1926 816 ofﬁcia

343 847 642 924 pollicetur.
670 845 823 909 Unde
853 854 908 901 et
944 854 1128 904 mutuo
1157 847 1312 908 nobis
1341 846 1544 918 tibique
1585 845 1924 918 gaudendum

342 949 421 994 est
450 956 463 992 :
497 938 620 1008 quia
649 952 748 1004 nos
781 937 946 1002 filium
971 938 1298 1009 recepimus,
1332 947 1390 996 tu
1428 937 1745 1009 discipulum
1775 952 1925 1004 com.-

342 1031 596 1104 probasti.

408 1127 461 1188 2.
489 1123 642 1198 Quod
659 1133 842 1192 (autem
875 1124 1073 1195 quieris
1106 1125 1157 1182 in
1188 1125 1336 1186 calce
1370 1125 1626 1197 Epistolae
1654 1135 1756 1182 tua:
1777 1167 1797 1194 ,
1818 1140 1922 1186 cur

340 1218 388 1272 in
418 1217 688 1286 upusculis
717 1217 913 1274 nostris
939 1218 1275 1282 saecularium
1297 1217 1390 1289 (al.
1413 1219 1746 1288 rcholarium)
1778 1219 1922 1273 littee-

341 1323 516 1362 rarum
550 1308 816 1363 interdum
850 1323 1109 1379 ponamus
1132 1311 1399 1380 exempla,
1433 1320 1488 1366 et
1511 1311 1799 1366 candorem
1825 1310 1921 1364 Ec-

338 1399 549 1468 clesizc,
583 1400 932 1464 Etbnicorum
987 1401 1234 1456 sordibus
1278 1401 1628 1472 polluamus;
1685 1400 1922 1468 breviter

339 1505 652 1562 responsum
687 1492 902 1552 habeto.
938 1492 1218 1564 Nunquam
1269 1493 1373 1552 hoc
1399 1508 1702 1564 qumreres,
1733 1493 1834 1548 nisi
1867 1500 1920 1554 te

338 1593 501 1640 totum
531 1585 740 1642 Tullius
766 1587 1101 1657 possideret;
1131 1589 1175 1646 si
1201 1586 1504 1658 Scripturas
1530 1595 1746 1643 sanctas
1775 1587 1921 1657 lege.-

335 1691 440 1743 res,
484 1678 527 1732 si
552 1675 881 1749 lnterpretes
907 1695 1114 1748 earum,
1145 1681 1346 1737 omisso
1377 1679 1451 1752 (α)
1480 1679 1744 1746 Volcatio,
1772 1679 1920 1734 evol-

334 1784 505 1828 veres.
535 1770 663 1839 Quis
693 1773 837 1830 enim
883 1773 1091 1834 nesciat
1111 1782 1164 1828 et
1190 1773 1242 1828 in
1266 1772 1468 1844 Moyse,
1499 1783 1553 1828 et
1589 1773 1642 1826 in
1673 1771 1915 1842 Prophe-

335 1871 506 1918 tarum
541 1863 902 1922 voluminibus
948 1865 1197 1940 quaedam
1223 1875 1494 1934 assumpta
1519 1865 1590 1921 de
1626 1865 1938 1921 Genlilium’

335 1954 502 2024 libris,
535 1954 608 2026 (b)
631 1965 682 2018 ct
707 1955 1050 2024 Salomoaem
1067 1957 1407 2028 Philosophis
1433 1958 1556 2028 Tyri
1585 1970 1639 2013 et
1661 1959 1914 2014 nonnulla

335 2048 674 2116 proposuisse
694 2089 710 2116 ,
739 2057 794 2104 et
817 2050 993 2120 aliqua
1018 2051 1360 2122 respondisse
1378 2051 1404 2103 ?
1430 2049 1582 2107 Unde
1606 2051 1657 2105 in
1693 2049 1916 2106 exordio

334 2139 742 2197 Proverbiorum
771 2152 1114 2210 commonet,
1149 2151 1209 2199 ut
1237 2143 1593 2216 intelligamus
1635 2157 1915 2200 sermones

331 2233 659 2304 prudentiae,
701 2237 1072 2308 versutiasque
1117 2237 1404 2294 verborum
1431 2279 1446 2304 ,
1503 2237 1819 2307 parabolas,
1861 2245 1916 2294 et

328 2323 613 2380 obscurum
635 2340 967 2393 sermonem,
999 2327 1140 2382 dicta
1187 2328 1511 2397 sapientum,
1544 2336 1596 2382 et
1623 2329 1904 2396 :enigmata

329 2414 539 2484 (Pi-oud
550 2417 716 2488 ),qu:c
730 2417 948 2491 proprie
979 2417 1381 2474 dialecticorum
1395 2427 1449 2473 et
1471 2419 1912 2490 philosophorum

323 2517 468 2561 sunt.
485 2508 593 2563 Sed
610 2517 666 2562 et
683 2508 879 2563 Paulus
897 2509 1189 2578 Apostolus
1215 2509 1547 2580 Epimenidis
1575 2510 1755 2566 Poetae
1777 2511 1910 2567 abue

321 2611 414 2651 sus
441 2597 709 2654 versiculo
726 2607 828 2664 est,
861 2599 1104 2660 scribens
1132 2599 1200 2654 ad
1227 2600 1403 2656 Titum
1439 2618 1452 2654 :
1488 2601 1590 2672 «(6)
1626 2600 1912 2656 Cretenses

320 2703 538 2756 semper
581 2689 890 2758 mendaces,
920 2691 1075 2746 malae
1100 2691 1308 2759 bestiae,
1331 2701 1544 2754 ventres
1576 2693 1742 2764 pigri»
1772 2693 1900 2765 (Tit.

322 2781 372 2836 1.
396 2779 514 2851 22).
545 2781 708 2850 Cujus
748 2781 954 2870 heroici
983 2783 1375 2870 hemistichium
1426 2796 1607 2854 postea
1655 2782 1907 2839 Callima-

321 2874 452 2929 chus
480 2877 776 2945 usurpavit.
803 2875 912 2932 Nec
938 2861 1137 2933 inirum
1178 2879 1223 2934 si
1255 2879 1394 2950 apud
1424 2878 1644 2940 Latinos
1675 2888 1904 2936 metrum

323 2982 424 3020 non
471 2975 650 3034 servet
695 2967 762 3023 ad
806 2969 1030 3026 verbum
1095 2985 1349 3040 expressa
1403 2973 1722 3041 translatio,
1783 2987 1904 3027 cum

325 3059 586 3115 llomcrus
614 3059 802 3116 eadem
835 3061 1015 3132 lingua
1063 3076 1252 3122 versus
1275 3063 1326 3116 in
1358 3077 1594 3134 prosam,
1625 3064 1709 3117 vix
1729 3063 1906 3119 cohae-

324 3161 452 3206 reat.
485 3153 538 3206 In
565 3151 668 3210 alia
697 3167 909 3224 quoque
958 3153 1195 3223 Epistula
1223 3195 1236 3222 ,
1267 3153 1542 3210 Menandri
1570 3155 1718 3226 ponit
1744 3171 1901 3211 sena-

320 3245 454 3300 riutn
485 3262 498 3297 :
531 3244 608 3318 (ιι)
644 3265 662 3299 t
695 3245 1061 3317 Corrumpunt
1089 3261 1269 3306 mores
1309 3247 1484 3304 honos
1511 3246 1900 3304 confabulatio-

319 3351 413 3392 nes
453 3335 722 3408 pessimaz.
751 3355 775 3402 ι
807 3338 878 3396 Ει
905 3338 1047 3409 apud
1077 3338 1435 3398 Athenienses
1458 3339 1512 3394 in
1551 3340 1734 3396 Martis
1755 3342 1902 3400 curia

319 3429 632 3499 disputans,
665 3430 884 3494 Aratum
933 3439 1123 3488 testem
1163 3440 1343 3488 vocat.
1382 3451 1402 3485 ι
1444 3433 1616 3500 Ipsius
1660 3432 1803 3490 enim
1851 3441 1905 3488 et

319 3538 481 3590 genus
506 3539 711 3592 sumus,
745 3542 765 3578 ι
795 3523 937 3595 quod
960 3525 1152 3588 Graece
1177 3526 1374 3589 dicitur
1400 3543 1412 3581 :
1441 3535 1524 3581 τοῦ
1548 3532 1638 3597 γάρ
1676 3551 1758 3581 και
1777 3535 1902 3602 γένος

317 3623 481 3686 inpia;
503 3627 658 3674 etest
681 3619 917 3675 clausula
933 3633 1118 3674 versus
1142 3619 1362 3675 heroici.
1385 3620 1463 3675 Ac
1489 3635 1559 3674 ne
1590 3635 1774 3690 parum
1799 3620 1903 3684 hoc

316 3718 478 3779 esset,
509 3709 698 3780 ductor
725 3711 1015 3769 Christiani
1047 3712 1344 3777 exercitus,
1374 3721 1430 3766 et
1461 3722 1643 3766 orator
1673 3712 1901 3774 invictus

318 3815 413 3871 pro
455 3801 666 3858 Christo
695 3817 911 3859 causam
960 3817 1146 3872 agens,
1175 3803 1334 3858 etiam
1367 3801 1769 3872 inscriptionem
1794 3803 1904 3856 for-

319 3896 500 3954 tuitam
523 3937 536 3963 ,
566 3900 688 3952 arte
711 3904 924 3968 torquet
959 3895 1014 3951 in
1045 3903 1421 3966 argumentum
1459 3895 1600 3956 fidei.
1632 3895 1902 3950 Didicerat

315 3989 511 4050 enima
538 4005 665 4046 vero
703 3991 895 4058 David,
925 3998 1245 4060 extorquere
1274 3987 1344 4044 de
1415 3985 1576 4060 427
1653 3988 1898 4054 manibus

316 4079 545 4144 hosﬁum
571 4082 826 4153 gladium,
841 4081 1072 4140 etGoliae
1092 4081 1463 4152 superbissimi
1491 4091 1652 4151 caput
1677 4083 1896 4152 proprio

316 4190 565 4231 mucrone
588 4184 854 4233 truncare.
875 4177 1102 4248 Legerat
1117 4177 1170 4232 in
1195 4177 1610 4240 Deuteromonio
1637 4176 1894 4250 (Cap.2l)

317 4270 527 4333 Domini
548 4285 681 4328 voce
708 4280 1054 4343 praeceptum,
1080 4271 1319 4328 mulieris
1345 4270 1568 4342 captivae
1596 4271 1890 4328 radendum

373 4467 444 4530 (τι)
477 4467 613 4527 Non,
649 4473 708 4518 ut
743 4468 1029 4530 quibusdam
1080 4468 1257 4531 placet,
1295 4464 1570 4518 Volcatium
1615 4468 1894 4531 Sedigitum

316 4527 530 4592 Pactam,
555 4527 800 4592 cujusvis
821 4531 956 4591 pauci
983 4527 1158 4592 versus
1183 4537 1475 4592 supersunt,
1517 4531 1604 4579 sed
1643 4527 1892 4592 cognomi-

313 4603 421 4638 nem
447 4589 594 4652 alium
614 4589 883 4652 Volcatium
905 4590 1132 4650 Nobilem,
1157 4589 1514 4652 qui‘t‘csellium
1540 4592 1626 4651 jus
1650 4589 1787 4643 ciuile
1809 4594 1894 4644 do-

308 4653 423 4713 cuit,
453 4659 508 4701 ut
528 4651 717 4700 Plinius
739 4651 823 4701 lib.
847 4655 894 4713 8.
920 4665 1026 4713 cap.
1050 4653 1127 4700 40.
1156 4651 1382 4712 testatur,
1409 4654 1544 4702 innui
1579 4656 1889 4708 arbitrantur.

307 4711 416 4763 Sed
439 4712 637 4774 interim
662 4725 749 4772 pro
778 4711 1012 4774 Vulcatio,
1042 4713 1236 4774 quidam
1261 4713 1374 4760 Mss.
1404 4715 1585 4762 habent
1610 4716 1889 4774 supercilio.

373 4775 444 4836 (b)
469 4771 651 4838 Harum
666 4771 1140 4838 '(ptmstimtum_iriter
1155 4773 1472 4838 Salomonem
1491 4783 1544 4838 et
1569 4771 1890 4838 Philosophus

306 4831 668 4900 'l‘yri'meminit
688 4831 932 4900 Iosephus
1065 4834 1111 4882 8.
1135 4834 1392 4900 Antiquit.‘
1417 4850 1467 4900 c._
1506 4835 1689 4900 ﬁlium
1711 4831 1891 4899 'Ico'ntra

307 4894 578 4961 Abpionem
615 4895 702 4961 lib,
729 4895 776 4945 1,
797 4894 857 4961 et.
879 4897 929 4948 S.
960 4894 1260 4961 Theophilus
1285 4896 1503 4961 Antioch.
1533 4895 1616 4945 lib.
1645 4894 1771 4961 δέξό
1793 4902 1891 4950 Au-

307 4958 469 5023 toljc.,
499 4962 547 5023 in
571 4960 709 5022 cujus
731 4959 807 5023 rei
831 4958 1354 5023 μιειῇιιιοιιίιιιηοίιειιιιι·
1376 4959 1437 5007 ab
1461 4965 1673 5023 utroque
1691 4959 1889 5010 Menan-

305 5018 394 5078 der
432 5018 694 5084 Ephesius,
721 5021 806 5084 qui
830 5020 1088 5084 Tyriorum
1111 5018 1366 5084 historiam
1405 5018 1707 5084 conscripsit.
1734 5023 1887 5074 Paulo

307 5092 411 5144 post
435 5080 515 5147 alii
540 5080 688 5144 editi,
708 5080 1013 5147 ceratumque
1039 5080 1289 5132 verborum
1311 5081 1582 5147 parabolas.

367 5146 438 5209 (ε)
475 5146 699 5197 Graecum
719 5145 1020 5210 Ei'iitnenidis
1037 5157 1259 5203 versum,
1299 5145 1436 5210 mm
1469 5156 1526 5210 ait
1570 5158 1749 5210 ψιῡσται,
1794 5160 1888 5200 ιαιᾶ

307 5207 618 5321 Etenim
638 5221 760 5273 αργαι,
769 5207 951 5260 addunt
972 5207 1158 5258 Erasm.
1175 5212 1325 5268 atque
1339 5207 1605 5270 Victorius,
1632 5211 1886 5261 reticenti-

341 5283 395 5321 us
463 5284 530 5321 ss.

367 5333 445 5394 (tt)
478 5333 634 5384 Iidem
656 5332 768 5382 heic
789 5345 985 5395 quoque
1008 5331 1101 5381 loci
1127 5331 1293 5385 Graeca
1315 5338 1602 5395 praepotmnt
1626 5332 1883 5386 Menandri

305 5396 480 5459 verba,
519 5408 718 5459 φθειρουσιν
751 5394 820 5456 πεονῆ
856 5408 958 5457 ιρησι
982 5407 1134 5459 spatia.
1169 5394 1599 5459 maniliuehlss.
1636 5398 1880 5459 ignorant.

303 5457 434 5521 Tum
449 5459 499 5506 in
517 5455 665 5521 latino
685 5455 889 5521 habent,
915 5455 1150 5521 collaquiu
1172 5471 1340 5521 prava.
1357 5455 1487 5521 Falli
1527 5455 1688 5521 tamen
1713 5460 1883 5521 viden-

303 5525 381 5568 tur
403 5520 633 5570 Socrates
654 5519 780 5571 Hist.
807 5517 842 5568 l.
867 5522 914 5570 3.
941 5534 985 5570 c.
1017 5517 1088 5568 14.
1116 5517 1182 5570 θ(
1199 5519 1503 5581 Nicephorus
1545 5519 1626 5569 lib.
1658 5535 1708 5570 κ.
1731 5534 1774 5570 c.
1800 5520 1880 5573 26.

301 5583 382 5645 qui
411 5596 471 5633 ex
493 5582 725 5645 Euripide
753 5595 1044 5645 expressum
1066 5582 1312 5645 senarium
1327 5580 1542 5645 tradunt,
1561 5595 1673 5633 cum
1695 5596 1759 5645 ex
1779 5584 1885 5633 Me-

302 5641 470 5706 tiaudri
493 5647 556 5694 sit
577 5641 782 5706 Thaide,
807 5641 862 5694 ut
882 5643 1021 5699 Hier.
1056 5649 1207 5693 notat.
1251 5643 1375 5706 Vid._
1399 5641 1560 5706 Epist.
1592 5645 1650 5692 ad
1692 5644 1880 5695 Deme-

301 5705 440 5772 triad.
467 5706 547 5772 S_ic
567 5703 905 5768 quidam'sacri
930 5714 1098 5760 textus
1129 5706 1328 5758 codices
1363 5703 1477 5756 heic
1507 5705 1567 5757 ad
1603 5707 1881 5772 marginem

303 5766 621 5823 Menandrum
643 5775 827 5824 notant.

1679 260 2006 320 EPISTOLA
2050 263 2134 317 LX
2146 263 2209 317 X.

3512 264 3620 324 666

2037 384 2214 445 caput,
2235 377 2536 446 supercilia,
2558 391 2744 434 omnes
2766 380 2920 449 pilos,
2939 389 2993 436 et
3021 397 3222 453 ungues
3249 384 3482 452 corporis
3503 399 3621 437 aru-

2039 471 2332 538 pntandos,
2365 481 2417 524 et
2460 469 2538 525 sic
2579 487 2699 526 eam
2745 471 3044 542 habendam
3088 475 3142 544 in
3187 476 3456 546 coniugio.
3483 476 3618 543 Quid

2033 578 2160 631 ergo
2191 563 2405 629 mirum,
2432 563 2474 618 si
2503 571 2558 618 et
2575 577 2677 634 ego
2699 565 3015 633 sapientiam
3046 569 3354 640 saecularem
3397 578 3615 640 propter

2027 653 2230 724 eloquii
2249 662 2606 724 venustatem,
2632 664 2688 712 et
2723 656 3092 718 membrorum
3115 661 3570 732 pulchritudinem
3595 703 3610 729 ,

2026 745 2100 812 ,de
2126 747 2318 812 ancilla
2365 755 2526 820 atque
2550 749 2760 821 captiva
2804 747 3151 808 lsraeb'tidem
3180 752 3291 824 (al,
3317 753 3612 824 Israelita)

2029 836 2210 904 facere
2249 839 2452 910 cupio?
2499 849 2556 896 et
2595 842 2641 897 si
2689 838 2968 912 quidquid
2991 842 3045 898 in
3083 858 3147 907 ,ea
3192 853 3461 912 mortuum
3490 857 3577 910 est
3601 886 3615 911 ,

2025 929 2366 999 idololatriae,
2399 933 2703 1002 voluptatis,
2751 933 2950 1002 erroris
2978 976 2994 1002 ,
3022 933 3299 990 libidinum
3320 979 3335 1004 ,
3366 937 3446 1004 vel
3474 953 3615 1008 pra:-

2030 1021 2189 1091 cidia,
2223 1024 2304 1078 vel
2338 1024 2467 1080 rado
2498 1045 2508 1080 :
2535 1035 2588 1079 et
2617 1025 2691 1098 (e)
2717 1026 2909 1084 mixtus
2931 1025 3220 1096 purissimo
3245 1030 3460 1098 corpori
3496 1045 3615 1087 verr

2029 1117 2249 1176 nacnlos
2277 1133 2342 1172 ex
2393 1133 2454 1174 ea
2479 1134 2678 1189 genero
2701 1120 2927 1178 Domino
2954 1119 3228 1184 Sabaoth
3257 1121 3432 1190 Labor
3462 1137 3615 1186 meus

2028 1205 2082 1266 in
2129 1207 2385 1268 lamiliam
2435 1207 2636 1266 Christi
2684 1209 2930 1282 prolicit;
2976 1222 3228 1282 .Stuprtun
3262 1213 3316 1278 in
3346 1213 3613 1281 alienam,

2023 1308 2186 1369 auget
2235 1314 2519 1356 numerum
2551 1317 2958 1360 conservorum.
2985 1305 3123 1360 Osee
3149 1305 3355 1376 accepit
3389 1320 3614 1370 uxorem

2025 1388 2366 1450 fornicariam
2395 1389 2595 1456 Gomei'
2623 1397 2786 1456 filiam
2815 1397 3108 1468 Debelaim,
3133 1407 3190 1462 et
3208 1398 3446 1460 nascitur
3474 1398 3525 1464 ei
3543 1399 3614 1466 de

2025 1489 2308 1544 meretrice
2327 1488 2703 1556 filiusJezrael,
2720 1490 2808 1560 qui
2823 1500 3043 1550 vocatur
3057 1507 3230 1546 semen
3248 1489 3345 1551 Dei
3361 1491 3514 1562 (Osee
3533 1490 3606 1562 1).

2023 1577 2188 1636 lsaias
2231 1580 2489 1636 novacula
2516 1591 2669 1636 acuta
2703 1584 2920 1640 barbam
2943 1624 2959 1652 ,
2992 1594 3045 1642 et
3077 1600 3241 1647 .crura
3272 1586 3611 1655 peccantium

2024 1673 2163 1728 radit
2182 1671 2332 1744 (Isai.
2364 1675 2420 1744 7)
2447 1691 2460 1729 :
2490 1682 2545 1730 ct
2579 1674 2826 1730 Ezechiel
2857 1676 2910 1732 in
2938 1684 3064 1746 typo
3089 1675 3402 1739 fornicantis
3447 1677 3608 1738 Jeru-

2021 1765 2188 1826 salem
2215 1806 2229 1830 ,
2261 1765 2449 1826 tondet
2472 1768 2749 1826 caesariem
2798 1781 2985 1836 suam;
3034 1776 3092 1824 ut
3135 1769 3391 1840 quidquid
3441 1772 3495 1825 in
3541 1785 3604 1838 ea

2021 1859 2221 1928 absque
2249 1873 2411 1914 sensu
2446 1869 2499 1914 et
2528 1860 2634 1914 vita
2661 1867 2764 1928 est,
2792 1859 3090 1916 auferatur.

2091 1953 2146 2008 ὅ.
2175 1952 2473 2023 Cyprianus
2521 1952 2602 2006 vir
2630 1953 2933 2023 eloquentia
2972 1953 3184 2024 pollens
3212 1962 3267 2012 et
3314 1958 3610 2029 martyrio,

2021 2044 2093 2116 (f)
2124 2045 2396 2106 Firtniano
2423 2053 2700 2114 narrante,
2727 2046 3008 2110 mordetur
3033 2089 3046 2113 ,
3076 2061 3173 2108 cur
3207 2046 3471 2117 adversus
3507 2050 3608 2108 De-

2020 2140 2340 2196 metrianutn
2369 2139 2612 2202 scribens
2632 2181 2648 2206 ,
2679 2141 3000 2198 testimoniis
3029 2156 3156 2202 usus
3191 2144 3264 2204 sit
3308 2143 3604 2214 Propheta-

2019 2247 2173 2300 rum,
2199 2241 2253 2287 et
2279 2232 2659 2301 Apostolorum
2677 2273 2694 2300 ,
2725 2249 2845 2303 quae
2869 2234 2962 2292 ille
2991 2233 3111 2288 ficta
3137 2243 3194 2290 et
3237 2240 3604 2300 commentitia

2017 2337 2138 2384 esse
2183 2323 2414 2391 dicebat,
2446 2330 2501 2380 et
2529 2339 2636 2378 non
2663 2324 2840 2394 potius
2865 2323 3308 2393 PhilosOphorum
3329 2337 3384 2394 et
3413 2328 3577 2386 Poeta

2015 2430 2156 2482 rum,
2187 2431 2412 2485 quorum
2442 2416 2767 2484 auctoritati,
2800 2425 2854 2472 ut
2882 2416 3165 2484 Etltnicus,
3192 2420 3462 2476 contraire
3492 2437 3600 2478 non

2016 2514 2247 2577 pateret.
2269 2509 2614 2578 Scripserunt
2641 2518 2826 2564 contra
2853 2525 2951 2567 nos
2969 2509 3155 2568 Celsus
3180 2521 3340 2582 atque
3358 2513 3536 2584 Porph
3544 2532 3604 2585 y-

2015 2598 2128 2654 rius
2157 2616 2171 2652 :
2205 2599 2368 2668 priori
2393 2598 2673 2669 Origenes,
2695 2599 2848 2655 alteri
2881 2599 3201 2666 Methodius,
3233 2601 3514 2668 Eusebius,
3545 2613 3602 2662 et

2012 2689 2342 2759 Apollinaris
2383 2689 2676 2746 fortissime
2702 2690 3117 2760 responderunt.
3142 2692 3378 2760 Quorum
3404 2694 3598 2764 Orige-

2013 2795 2109 2837 nes
2133 2788 2252 2835 octo
2287 2779 2503 2850 scripsit
2523 2780 2688 2836 libros
2718 2799 2730 2835 :
2761 2781 3061 2838 Methodius
3094 2799 3260 2854 usque
3301 2785 3374 2847 ad
3407 2785 3596 2842 decem

2012 2871 2176 2930 millia
2209 2871 2449 2941 procedit
2499 2886 2748 2928 versuum
2781 2890 2794 2927 :
2828 2874 3124 2942 Eusebius,
3174 2885 3228 2930 ct
3269 2877 3598 2947 Apollinaris

2010 2966 2194 3037 viginti
2227 2967 2459 3038 quinque
2484 3005 2499 3032 ,
2548 2975 2605 3022 et
2634 2967 2848 3038 triginta
2898 2969 3169 3024 volumina
3213 2970 3591 3028 condiderunt.

2009 3059 2151 3131 Lege
2175 3075 2287 3126 eos,
2335 3069 2390 3116 et
2417 3060 2658 3118 invenies
2695 3076 2794 3118 nos
2821 3064 3223 3132 comparatione
3261 3080 3448 3129 eorum
3493 3067 3596 3124 im-

2008 3153 2360 3222 peritissimos
2393 3161 2484 3210 :ct
2507 3163 2626 3224 post
2658 3155 2786 3208 tanti
2811 3156 3074 3226 temporis
3107 3155 3297 3224 Otium,
3329 3159 3412 3214 vix
3444 3159 3594 3228 quasi

2008 3261 2103 3316 per
2145 3245 2412 3306 somnium
2467 3246 2609 3316 quod
2655 3247 2803 3318 pueri
2833 3247 3151 3316 didicimus,
3181 3251 3471 3315 recordari.
3497 3251 3594 3308 ,ιιι-

2007 3340 2178 3396 lianus
2228 3341 2498 3410 Augustus
2540 3350 2748 3412 septem
2775 3341 2942 3398 libros
2988 3343 3041 3398 in
3075 3343 3418 3414 expeditione
3457 3346 3590 3402 Par-

2008 3430 2171 3500 thica,
2215 3432 2497 3488 adversum
2521 3431 2790 3490 Christum
2815 3435 3088 3502 evomuit;
3119 3443 3175 3492 et
3211 3436 3365 3506 juxta
3384 3437 3594 3496 fabulas

2006 3523 2312 3592 Poetarum,
2344 3540 2443 3582 suo
2469 3540 2527 3582 se
2558 3542 2687 3582 ense
2714 3527 3062 3584 laceravit.Si
3088 3538 3274 3588 contra
3302 3531 3442 3588 hunc
3457 3533 3594 3588 scri-

2006 3617 2134 3673 bere
2161 3626 2436 3673 tenlavero
2461 3659 2476 3686 ,
2510 3627 2642 3688 puto
2661 3658 2675 3686 ,
2725 3619 3016 3676 interdices
3043 3621 3210 3696 mihi,
3253 3637 3322 3677 ne
3347 3624 3589 3680 rabidum

2005 3727 2212 3778 canem,
2245 3712 2695 3782 Philosophorum
2769 3711 2934 3784 428
3005 3713 3369 3772 etStoicornm
3387 3715 3591 3772 doctri-

2005 3805 2108 3874 nis,
2131 3805 2180 3858 id
2201 3814 2301 3870 cst,
2325 3804 2566 3860 llerculis
2583 3805 2730 3860 clava
2753 3806 3044 3874 percutiam
3069 3806 3169 3876 (al.
3191 3807 3592 3882 raperent-iam)?

2004 3911 2303 3967 quanquam
2349 3895 2683 3950 Nazarenum
2721 3907 2994 3963 nostrum,
3041 3907 3096 3958 et
3123 3899 3210 3970 (ut
3232 3899 3352 3970 ipse
3380 3901 3592 3959 solebat

2003 3987 2205 4060 dicere)
2224 3987 2525 4056 Galilacum,
2557 3989 2738 4052 statim
2779 3989 2834 4046 in
2869 3990 3057 4061 ιιι-αθϋο
3081 3994 3344 4060 soluerit;
3373 4005 3426 4051 et
3447 4012 3592 4051 nter-

2002 4082 2188 4146 cedem
2219 4081 2414 4154 linguae
2440 4082 2812 4153 putidissimte,
2845 4083 2924 4160 (θ)
2967 4094 3135 4146 conto
3177 4087 3271 4142 ilia
3314 4089 3588 4158 perfossus
3636 4091 3644 4098 ί

2001 4178 2289 4250 acceperit.
2316 4175 2584 4247 Josephus
2626 4178 2997 4250 antiquitatem
3036 4181 3340 4250 approbatis
3379 4181 3588 4241 Iudaici

2003 4270 2206 4342 populi,
2233 4270 2370 4326 duos
2390 4270 2559 4330 libros
2584 4272 2802 4343 scripsit
2827 4281 3011 4330 contra
3037 4267 3334 4346 Appionem
3363 4277 3589 4334 Alexan-

2000 4363 2212 4432 drinum
2244 4363 2664 4422 Grammaticum
2701 4381 2715 4418 :
2749 4375 2804 4430 ct
2829 4374 2974 4431 tanta
3001 4368 3339 4433 saecularium
3381 4370 3586 4440 profert

2002 4459 2324 4525 testimonia,
2347 4469 2403 4520 ut
2431 4460 2561 4522 mihi
2605 4461 2921 4518 miraculum
2961 4459 3184 4528 subeat,
3208 4464 3478 4532 quomodo
3503 4466 3584 4520 vir

2003 4549 2278 4619 llcbrazus,
2311 4561 2364 4610 et
2387 4553 2454 4606 ab
2485 4552 2703 4612 infantia
2725 4554 2893 4608 sacris
2911 4552 3128 4610 Litteris
3153 4554 3416 4621 eruditus,
3448 4571 3583 4612 cun-

1999 4652 2137 4698 ctam
2161 4643 2474 4704 Crrpcorum
2507 4643 2895 4698 Bibliothecam
2923 4643 3204 4698 evolverit.
3228 4645 3363 4712 Quid
3390 4647 3582 4718 loquar

1996 4733 2062 4789 de
2094 4735 2338 4798 Philone,
2369 4749 2531 4803 quem
2557 4732 2635 4804 (Ia)
2659 4736 2739 4788 vel
2774 4735 3006 4797 alterum
3029 4776 3043 4800 ,
3073 4737 3156 4798 vel
3176 4736 3424 4797 Judaeum
3457 4741 3580 4797 Pla-

1999 4833 2174 4881 tonem
2203 4825 2373 4879 critici
2400 4825 2787 4894 pronuntiant?

2056 4958 2428 5032 (e)}’erperam
2451 4958 2710 5032 hucpsque
2732 4958 2870 5021 editi,
2897 4959 3092 5021 mixtos,
3118 4963 3247 5026 quod
3267 4963 3494 5018 referunt
3511 4969 3578 5032 ad

1991 5020 2291 5084 vet‘itubulqs,
2313 5021 2510 5084 cunigad
2531 5020 2742 5084 dicentis
2762 5035 3019 5084 personam
3056 5020 3252 5076 Constet
3288 5041 3404 5079 esse
3442 5031 3576 5080 refe-

1992 5084 2217 5151 rendum:
2230 5081 2410 5151 Veram
2432 5081 2714 5151 lectionem,
2732 5081 2875 5151 quam
2898 5087 3219 5151 restituimus,
3236 5093 3416 5141 asserit
3431 5094 3576 5146 etiam

1990 5144 2300 5213 abmlat'dus,
2330 5147 2412 5207 qui
2448 5145 2532 5194 lib.
2563 5146 2604 5193 l.
2631 5144 2868 5213 'l‘heolog.
2894 5144 3460 5213 Christianmi'potiorem
3485 5144 3576 5202 hu?

1990 5161 2300 5200 nnwtaruus,
2330 5161 2412 5207 qut
2448 5161 2532 5194 un.
2563 5161 2604 5193 ι.
2638 5161 2818 5195 ιιιθοιο
2858 5185 2868 5196 .
2894 5161 3180 5200 Curtsuanm
3218 5161 3460 5213 potiorem
3485 5161 3576 5202 hu-

1983 5207 2066 5270 jus
2085 5205 2521 5278 epistoltepartem
2545 5209 2795 5278 exscribit_.
2815 5161 3028 5278 gravius
3040 5212 3223 5278 mavult
3242 5214 3406 5265 nixus.
3429 5217 3576 5278 Paulo

1989 5268 2094 5340 post
2111 5268 2280 5340 Camer
2301 5268 2749 5340 [ἳιξαηι.ριεὺειιιὶῃιἱ
2772 5270 2824 5322 id
2848 5279 2917 5322 est
2942 5273 3259 5340 dulcedinum
3275 5311 3292 5340 ε
3305 5289 3440 5340 _qu:e
3473 5277 3571 5340 duo

1989 5331 2141 5397 verba
2163 5331 2331 5397 ultima
2354 5331 2404 5397 in
2427 5332 2653 5397 aliis__non
2675 5333 2938 5397 habentur,
2959 5336 3164 5390 Gravius
3186 5351 3251 5387 ex
3416 5337 3565 5389 suffe-

1989 5396 2072 5458 cit,
2097 5395 2184 5444 sed
2212 5393 2336 5458 forte
2360 5393 2673 5447 dttlcerliimm
2691 5393 2958 5458 legendum
2981 5407 3078 5450 est.

2053 5457 2126 5520 (Γ)
2162 5457 2240 5505 ΑΙ.
2266 5458 2538 5520 Formiano,
2569 5466 2618 5507 et
2645 5457 2895 5520 Pontiano,
2923 5463 3068 5510 etiam
3093 5462 3141 5509 in
3165 5461 3279 5510 Mss.
3305 5473 3414 5520 cum
3450 5460 3572 5520 nihil

1987 5519 2186 5570 dubium
2207 5522 2289 5582 sit,
2315 5519 2614 5570 Lactantium
2639 5519 2936 5571 Firmianum
2959 5523 3180 5579 indicari,
3205 5523 3292 5582 qui
3309 5519 3568 5572 Instit.lib.

1987 5582 2035 5633 5.
2375 5598 2524 5645 super
2547 5598 2604 5654 re
2629 5582 2914 5654 Cyprianum
2938 5557 3286 5654 ciiixiiﬁmirfdi.

2050 5642 2132 5708 (gi
2156 5645 2401 5708 Victorius
2424 5642 2625 5696 contain
2650 5642 2779 5705 iliis;
2817 5646 2932 5696 olim
2967 5658 3087 5696 vero
3115 5642 3446 5707 contumeliis,
3487 5647 3570 5697 vel

1994 5707 2300 5770 contumelia,
2326 5711 2559 5759 mendose
2594 5716 2873 5770 utrumque.

2063 5768 2138 5836 (It)
2175 5766 2364 5824 VitiOse
2387 5783 2491 5825 erat
2513 5780 2673 5836 antea,
2699 5766 2790 5821 vel"
2806 5767 3029 5833 alterm,
3053 5766 3128 5824 vel
3165 5768 3458 5837 sectandam,
3497 5772 3569 5829 uel
