4146 6336
554 345 662 403 667

625 466 680 520 4.
708 460 993 533 Scriptores
1020 450 1359 511 Ecclesiastici
1371 448 1699 508 saecularibus
1727 447 1904 504 litteris
1923 444 2127 500 eruditi.

551 556 872 613 ——Curram
912 565 1010 624 per
1057 549 1296 621 singulos
1343 565 1358 602 :
1407 544 1711 614 Quadratus
1750 540 2131 614 Apostolorum

554 647 848 718 discipulus
881 686 897 712 ,
926 653 982 700 et
1007 640 1352 699 Atheniensis
1376 636 1622 695 Pontifex
1650 634 1925 699 Ecclesize,
1951 643 2131 687 nonne

553 741 794 799 Adriano
819 737 1049 807 Principi
1072 778 1087 803 ,
1118 732 1387 792 Eleusium
1428 746 1579 789 sacra
1622 727 1910 793 invisenti,
1939 726 2131 781 librum

554 848 655 905 pro
682 839 864 889 nostra
901 828 1164 900 religione
1206 824 1463 881 tradidit?
1491 823 1559 878 Et
1584 828 1745 877 tanta:
1789 814 2133 874 admirationi

555 926 804 982 omnibus
846 923 946 979 fuit
964 964 980 990 ,
1008 930 1068 978 nt
1104 920 1531 993 persecutionem
1555 915 1922 987 gravissimam
1950 953 1967 979 ,
1988 909 2134 967 illius

554 1016 829 1073 excellens
858 1015 1071 1071 sedaret
1122 1011 1415 1083 ingenium.
1446 1006 1711 1064 Aristides
1739 1001 2096 1073 Philosophus
2114 1042 2132 1070 ,

553 1110 637 1165 vir
664 1106 1136 1179 eloquentissimus
1161 1146 1177 1171 ,
1223 1102 1401 1160 eidem
1444 1099 1678 1171 Principi
1728 1096 2134 1169 Apologeticum

555 1217 653 1272 pro
697 1198 1017 1256 Christianis
1053 1195 1282 1260 obtulit,
1336 1200 1647 1249 contextum
1683 1187 2135 1260 PhilosOphorum

554 1291 876 1348 sententiis:
908 1303 1067 1361 quem
1121 1286 1359 1342 imitatus
1398 1293 1581 1355 postea
1610 1281 1882 1346 Justinus,
1924 1288 1980 1335 et
2022 1278 2137 1348 ipse

557 1385 934 1457 Philosophus,
963 1382 1235 1440 Antonino
1267 1380 1362 1436 Pio
1385 1387 1441 1435 et
1475 1379 1596 1435 [iliis
1623 1377 1771 1447 ejus,
1812 1371 2138 1442 Senatuique

554 1479 749 1534 librum
776 1485 961 1532 contra
991 1475 1232 1532 Gentiles
1286 1471 1539 1539 tradidit,
1579 1468 1876 1527 defendens
1909 1464 2138 1537 ignomi-

556 1571 699 1625 niam
727 1569 923 1636 crucis,
944 1564 1455 1624 etresurrectionem
1487 1561 1685 1618 Christi
1714 1568 1821 1616 tota
1841 1557 2138 1630 praedicans

558 1661 826 1717 libertate.
851 1659 988 1728 Quid
1015 1659 1204 1730 loquar
1229 1656 1299 1713 de
1327 1656 1579 1712 Melitone
1617 1652 1869 1709 Sardensi
1910 1650 2138 1722 Episco-

556 1759 673 1829 po?
724 1756 852 1829 quid
903 1755 971 1812 de
1021 1753 1356 1826 Apollinario
1404 1748 1815 1819 llierapolitanze
1882 1743 2138 1800 Ecclesite

557 1849 884 1915 Sacerdote,
918 1847 1282 1919 Dionysioque
1307 1842 1710 1900 Corinthiorum
1753 1838 2049 1909 Episcopo,
2083 1842 2140 1891 et

565 1942 792 1998 Tatiano
814 1982 831 2009 ,
877 1948 933 1996 et
960 1937 1265 1995 Bardesaue
1285 1979 1301 2003 ,
1333 1944 1389 1992 et
1411 1936 1613 1991 lrenzeo
1637 1932 1851 1989 Photini
1892 1930 2137 2002 hlartyris

560 2050 910 2093 successore:
939 2034 1029 2105 qui
1057 2033 1295 2105 origines
1334 2030 1615 2087 hmreseon
1666 2027 2030 2098 singularum,
2083 2032 2141 2081 et

558 2144 625 2185 ex
658 2129 848 2200 quibus
874 2125 1320 2197 Philosophorum
1350 2124 1586 2179 fontibus
1605 2121 1927 2187 emanarint,
1954 2118 2138 2175 multis

556 2218 918 2277 voluminibus
968 2216 1349 2289 explicarunt?
1394 2215 1683 2270 Pantaenus
1730 2213 1926 2269 Stoica:
1974 2217 2139 2267 sectae

558 2312 954 2384 Philosophus,
997 2311 1068 2368 ob
1112 2311 1395 2381 prtecipute
1439 2305 1755 2364 eruditionis
1797 2303 2058 2375 gloriam,
2105 2316 2139 2359 a

560 2406 831 2463 Demetrio
853 2403 1190 2461 Alexandria:
1218 2402 1484 2473 Episcopo
1498 2402 1695 2456 missus
1718 2406 1801 2454 est
1830 2398 1882 2453 in
1911 2397 2136 2464 Indiam,

559 2508 618 2553 ut
636 2498 911 2554 Christum
941 2496 1081 2566 apud
1110 2495 1490 2559 Brachmanas,
1521 2501 1577 2549 et
1598 2493 1741 2547 illius
1760 2492 1933 2562 gentis
1959 2489 2142 2546 Philo-

560 2588 761 2658 sophos
805 2588 1146 2658 praedicaret.
1180 2585 1433 2642 Clemens
1457 2583 1837 2641 Alexandrinae
1883 2582 2140 2639 Ecclesia:

561 2680 868 2752 Presbyter,
887 2694 1011 2736 meo
1026 2678 1229 2750 judicio
1255 2678 1350 2749 (al.
1368 2678 1443 2732 vir
1461 2694 1569 2732 meo
1597 2676 1817 2747 judicio,
1844 2674 1997 2750 etc.),
2023 2688 2144 2729 om-

563 2772 711 2826 nium
740 2771 1166 2838 eruditissimus,
1195 2780 1317 2826 octo
1347 2769 1559 2841 scripsit
1585 2769 1910 2825 Stromatum
1937 2767 2139 2836 libros;

563 2872 619 2919 et
642 2863 861 2920 totidem
884 2868 1239 2931 ὐποτυπώσιων,
1265 2872 1320 2919 et
1344 2862 1505 2917 alium
1542 2870 1727 2918 contra
1771 2861 1991 2927 Gentes,
2026 2860 2144 2915 Pae-

564 2955 754 3028 dagogi
784 2972 995 3031 quoque
1037 2957 1133 3012 tria
1163 2956 1455 3012 volumina.
1476 2954 1615 3023 Quid
1636 2956 1691 3013 in
1718 2956 1823 3012 illis
1842 2954 2144 3012 indoctum?

567 3050 675 3105 imo
980 3048 1107 3121 quid
1143 3064 1249 3105 non
1291 3050 1360 3107 de
1405 3049 1580 3107 media
1630 3048 1972 3120 Philosophia
2017 3048 2144 3106 est?
2206 3030 2213 3035 ﬁ

565 3142 718 3198 Hunc
745 3131 980 3200 imitatus
1009 3142 1284 3215 Origenes,
1310 3142 1494 3200 decem
1524 3145 1743 3216 scripsit
1777 3144 2106 3201 Stromateas
2124 3184 2139 3211 ,

567 3234 993 3292 Christianorum
1020 3246 1076 3293 et
1101 3235 1549 3307 Philosophorum
1586 3236 1727 3293 inter
1753 3250 1812 3293 se
1849 3237 2143 3293 sententias
2190 3246 2199 3255 '

566 3342 927 3399 comparans:
956 3338 1011 3386 et
1030 3331 1207 3387 omnia
1233 3342 1432 3386 nosme
1480 3331 1755 3402 religionis
1799 3330 2047 3402 dogmata
2075 3331 2143 3388 de

567 3420 793 3478 Platone
826 3430 881 3478 et
905 3422 1212 3490 Aristotele,
1238 3423 1523 3488 Numenio,
1558 3422 1902 3495 Cornutoque
1941 3422 2143 3480 conﬁr-

567 3526 740 3568 mans.
764 3511 988 3584 Scripsit
1025 3523 1079 3570 et
1116 3514 1383 3570 Miltiades
1421 3522 1607 3570 contra
1640 3515 1852 3571 Gentes
1888 3514 2142 3571 volumen

565 3607 857 3677 egregium.
890 3606 1208 3680 Hippolytus
1234 3623 1467 3681 quoque,
1495 3617 1548 3665 et
1574 3607 1909 3678 Apollonius,
1938 3607 2143 3664 Roma-

567 3712 649 3752 na:
678 3698 823 3753 urbis
850 3695 926 3771 (α)
959 3698 1210 3767 Senator,
1238 3700 1451 3770 propria
1476 3701 1730 3772 opuscula
1760 3700 2138 3757 condiderunt.

566 3790 791 3847 Exstant
820 3800 877 3848 et
898 3791 1024 3847 Julii
1064 3792 1304 3849 Africani
1340 3793 1490 3863 libri,
1515 3794 1606 3865 qui
1634 3803 1931 3864 temporum
1973 3795 2144 3865 scrip-

564 3882 634 3938 sit
664 3882 941 3949 historias;
970 3892 1027 3940 et
1045 3882 1333 3951 Theodori,
1356 3885 1445 3957 qui
1464 3895 1645 3956 postea
1669 3885 1959 3957 Gregorius
1978 3901 2145 3957 appe-

568 3973 707 4030 latus
736 3983 819 4030 est
847 3974 924 4045 (S.
951 3973 1241 4045 Gregorius
1265 3975 1716 4048 Thaumaturgus)
1745 4019 1761 4046 ,
1786 3977 1887 4033 viri
1908 3976 2144 4048 Aposto-

566 4068 789 4126 licorum
852 4067 1129 4138 signorum
1178 4078 1338 4140 atque
1406 4070 1663 4126 virtutum
1711 4087 1726 4137 ;
1782 4078 1839 4126 et
1899 4068 2144 4143 Dionysii

566 4168 914 4225 Alexandrini
943 4169 1193 4241 Episcopi
1240 4169 1518 4225 :Anatolii
1566 4180 1781 4238 quoque
1826 4165 2143 4222 Laodicenze

565 4258 819 4315 Ecclesiae
863 4260 1207 4327 Sacerdotis;
1239 4275 1340 4316 nec
1365 4275 1471 4315 non
1503 4259 1943 4330 Presbyterorum
1983 4258 2144 4312 Pam-

564 4350 718 4423 phili,
740 4351 920 4419 Pierii,
952 4351 1193 4419 Luciani,
1222 4350 1571 4415 Malchionis,
1603 4349 1819 4406 Eusebii
1848 4349 2147 4406 Caesarien-

563 4444 639 4501 sis
682 4443 974 4515 Episcopi,
1002 4452 1057 4500 et
1086 4442 1348 4499 Eustathii
1390 4440 1743 4507 Antiocheni,
1771 4449 1827 4497 et
1869 4440 2146 4496 Athanasii

566 4537 913 4593 Alexandrini
945 4554 958 4591 :
988 4536 1203 4592 Eusebii
1244 4550 1459 4607 quoque
1489 4534 1729 4590 Emiseni
1749 4575 1765 4599 ,
1797 4542 1853 4590 et
1899 4532 2148 4604 Triphilii

564 4626 745 4698 Cyprii
770 4667 786 4693 ,
814 4636 871 4683 et
897 4629 1094 4684 Asterii
1120 4627 1507 4700 Scythopolitae
1530 4668 1545 4695 ,
1577 4636 1629 4682 et
1656 4625 1967 4698 Serapionis
1998 4625 2146 4683 Cou-

567 4718 784 4774 fessoris
813 4737 827 4773 :
857 4719 960 4775 Titi
986 4737 1200 4792 quoque
1223 4720 1527 4778 Bostrensis
1547 4720 1797 4791 Episcopi
1827 4738 1840 4773 :
1870 4719 2151 4791 Cappado-

567 4824 798 4883 cumque
827 4811 1048 4878 Basilii,
1075 4813 1354 4883 Gregorii,
1396 4812 1754 4883 Amphilochii
1782 4830 1796 4867 :
1829 4813 1919 4884 qui
1958 4827 2150 4869 omnes

516 4922 527 4930 ·
569 4902 623 4958 in
650 4911 854 4959 tantum
898 4901 1349 4974 Philosophorum
1390 4904 1651 4959 doctrinis
1687 4914 1848 4976 atque
1869 4905 2152 4961 sententiis

568 5010 696 5050 suos
733 4995 1035 5052 resarciunt
1063 4994 1231 5052 libros
1255 5034 1271 5059 ,
1298 5002 1358 5048 ut
1401 4996 1612 5050 nescias
1653 4997 1780 5067 quid
1828 4997 1884 5051 in
1910 4996 2014 5052 illis
2044 4996 2155 5066 pri-

572 5253 800 5307 Judteum
817 5251 1061 5319 Platonem
1072 5265 1091 5314 ;
1108 5263 1197 5319 nos
1217 5252 1576 5319 superﬂuadno
1590 5254 1761 5319 verba,
1781 5254 1854 5306 vel
1869 5257 2152 5319 secundum,

576 5331 683 5383 qua:
707 5329 771 5368 ex
792 5314 1088 5383 glossemate
1122 5314 1291 5383 _a_liquo
1305 5314 1367 5383 in
1388 5316 1606 5366 ordinem
1630 5317 1991 5383 ilicronyrniani
2035 5314 2152 5369 con;

577 5377 742 5492 t'tielxtius
774 5377 1044 5428 deﬂuxisse
1088 5377 1409 5436 videbantur,
1457 5379 1785 5440 expunximus
1820 5377 1942 5430 Mss.
1988 5390 2155 5432 aucto-

577 5457 599 5492 r
639 5458 665 5492 a
690 5458 738 5492 e.

576 5451 738 5495 ritate.

640 5503 710 5569 (tt)
747 5502 889 5553 Falso
908 5502 1161 5569 Erasmum
1184 5507 1385 5569 secutus
1398 5499 1564 5552 Editor
1585 5502 1937 5569 Benedictinus
1959 5504 2160 5569 legerat

573 5561 837 5626 Senatores,
859 5578 970 5630 cum
990 5565 1055 5614 de
1079 5561 1335 5630 Apollonio
1353 5568 1553 5630 tantum,
1576 5572 1707 5630 ut_ex
1733 5563 1960 5630 Catalogo
1983 5561 2157 5630 liquet,

575 5630 756 5680 dictum
793 5622 856 5691 sit
873 5664 887 5687 ,
923 5629 1022 5676 imo
1054 5622 1165 5677 cum
1187 5624 1364 5691 nedum
1384 5622 1449 5672 de
1470 5622 1747 5691 HippolyLQ,
1772 5627 1859 5676 sed
1875 5622 1938 5677 d'e
1961 5622 2159 5691 Apollo;

579 5694 659 5765 nio
681 5695 784 5765 ipso
806 5686 887 5764 alii
910 5691 1162 5765 dubitent,
1183 5686 1681 5765 [negituueﬂunqnam
1704 5687 1931 5747 Senator,
1955 5686 2021 5765 an
2041 5705 2158 5765 pro-

577 5756 683 5823 prio
700 5741 905 5823 ingenio
928 5765 993 5823 ex
1016 5741 1233 5823 Eusebio
1254 5741 1579 5823 Hieronymus
1609 5741 2010 5814 exaggerave'rit.
2041 5741 2157 5815 'Qua
2222 5816 2227 5823 ρ

574 5809 642 5867 de
662 5828 722 5867 re
746 5809 796 5865 in
819 5812 1047 5878 Catalago
1067 5826 1157 5865 suo
1179 5811 1289 5863 loco
1306 5809 1543 5864 dicemus.

1855 321 2103 397 sanari
2138 321 2516 384 menonvut

3715 350 3820 409 668

2239 457 2384 500 mum
2406 445 2659 504 admirari
2686 448 2905 524 debeas,
2931 455 3289 516 eruditionem
3315 461 3526 534 saeculi,
3554 477 3625 520 an
3647 464 3819 523 scien-

2239 539 2367 594 tiam
2394 539 2810 611 Scripturarum.
2972 604 2975 605 ν

2308 633 2364 688 5.
2397 632 2616 691 Veniam
2643 638 2709 694 ad
2732 638 2969 699 Latinos.
2991 643 3131 711 Quid
3157 623 3495 705 Tertulliano
3520 649 3782 707 eruditius
3802 694 3819 722 ,

2239 723 2370 796 quid
2412 729 2654 786 acutius?
2675 731 3055 806 Apologeticus
3082 737 3202 809 ejus
3229 779 3245 806 ,
3296 748 3353 795 et
3381 751 3573 797 contra
3624 742 3821 801 Gentes

2239 817 2385 888 libri,
2406 830 2654 879 cunctam
2679 828 2860 883 Steculi
2885 828 3130 886 obtinent
3152 831 3248 905 (al.
3275 836 3556 907 continent)
3586 836 3824 909 discipli-

2242 927 2386 968 nam.
2439 913 2696 973 Minutius
2741 918 2889 975 Felix
2932 922 3241 979 causidicus
3281 925 3514 983 Romani
3577 929 3712 997 fori,
3767 932 3821 987 in

2242 1004 2380 1062 libro
2406 1047 2422 1075 ,
2455 1009 2539 1063 cui
2579 1010 2767 1068 titulus
2818 1012 3071 1072 Octavius
3095 1025 3205 1083 eet;
3231 1027 3286 1074 et
3334 1019 3391 1075 in
3441 1021 3614 1078 altero
3638 1033 3822 1079 contra

2241 1096 2647 1158 Mathematicos
2677 1102 2744 1175 (si
2772 1111 2951 1162 tamen
2977 1107 3258 1180 inscriptio
3284 1125 3392 1167 non
3415 1114 3672 1169 mentitur
3694 1129 3824 1170 auc-

2244 1192 2438 1259 torem)
2459 1194 2583 1263 quid
2605 1194 2896 1252 Gentilium
2918 1201 3302 1269 scripturarum
3321 1202 3524 1258 dimisit
3542 1205 3824 1260 intactum?

2244 1284 2462 1384 septem
2491 1288 2654 1345 libros
2683 1290 2940 1347 adversus
2967 1292 3167 1349 Gentes
3192 1295 3463 1384 A‘rnobius
3488 1297 3675 1365 edidit,
3701 1298 3823 1353 toti-

2213 1428 2219 1435 .
2243 1379 2472 1452 demque
2492 1382 2784 1453 discipulus
2798 1384 2913 1454 ejus
2932 1379 3261 1453 Lactantius,
3284 1389 3372 1458 qui
3393 1388 3462 1445 de
3477 1391 3558 1445 lra
3589 1406 3819 1462 quoque,

2244 1482 2299 1528 et
2326 1472 2551 1545 Opiﬁcio
2579 1475 2674 1531 Dei
2695 1475 2801 1531 duo
2822 1477 3095 1533 volumina
3109 1479 3351 1534 condidit
3378 1496 3392 1534 :
3423 1496 3555 1551 quos
3578 1482 3624 1537 si
3643 1481 3822 1553 legere

2244 1565 2482 1622 volueris
2504 1607 2520 1632 ,
2545 1566 2881 1639 dialogorum
2909 1568 3187 1626 Ciceronis
3212 1570 3271 1629 in
3295 1572 3374 1635 eis
3411 1578 3640 1641 ἕπιτομήν
3662 1587 3821 1644 repe-

2244 1656 2372 1713 ries.
2405 1657 2680 1715 Victorino
2732 1660 2958 1732 Martyri
3011 1661 3068 1717 in
3113 1662 3268 1718 libris
3318 1663 3470 1731 suis,
3517 1664 3645 1720 licet
3685 1664 3823 1720 desit

2244 1748 2495 1817 eruditio,
2530 1759 2706 1806 tamen
2734 1767 2840 1807 non
2870 1751 3022 1808 deest
3057 1752 3377 1810 eruditionis
3419 1755 3687 1811 voluntas.
3716 1757 3821 1828 Cy-

2244 1842 2484 1913 prianus,
2544 1840 2707 1914 430
2777 1844 2933 1911 Quod
2962 1844 3103 1901 idola
3124 1844 3205 1901 dii
3236 1861 3344 1902 non
3371 1846 3621 1918 sint,qua
3648 1848 3824 1904 brevi.

2246 1945 2391 2004 tate,
2435 1952 2538 2008 qua
2590 1938 2938 1993 historiarum
2991 1938 3230 1994 omnium
3274 1939 3535 2005 scientia,
3593 1954 3820 2011 quorum

2242 2029 2528 2085 verborum
2566 2039 2621 2084 et
2649 2043 2902 2085 sensuum
2917 2029 3202 2100 splendore
3231 2030 3567 2101 perstrinxit?
3591 2030 3824 2086 Hilarius

2244 2138 2487 2179 meorum
2517 2122 2812 2179 Confessor
2853 2134 3152 2194 temporum
3180 2131 3236 2180 et
3262 2124 3552 2195 EpiscOpus
3572 2164 3588 2190 ,
3611 2122 3823 2179 duode-

2244 2216 2350 2271 cim
2399 2215 2715 2284 Quintiliani
2760 2216 2928 2272 libros
2978 2224 3034 2273 et
3086 2216 3233 2288 style
3285 2216 3519 2271 imitatus
3568 2224 3654 2270 est
3686 2255 3703 2281 ,
3767 2223 3825 2269 et

2246 2322 2472 2362 numero
2498 2325 2510 2362 :
2539 2307 2797 2379 brevique
2823 2307 3027 2374 libello,
3048 2322 3207 2379 quem
3226 2308 3439 2379 scripsit
3463 2315 3652 2363 contra
3675 2306 3826 2360 Dios-

2246 2414 2433 2456 corum
2455 2399 2717 2457 Medicum
2735 2442 2750 2468 ,
2781 2401 2910 2472 quid
2935 2402 2988 2455 in
3018 2401 3209 2457 litteris
3230 2401 3430 2472 possit,
3457 2399 3712 2455 ostendit.
3734 2398 3825 2455 Ju-

2245 2508 2448 2551 vencus
2475 2494 2779 2566 Presbyter,
2810 2494 2911 2550 sub
2935 2492 3290 2550 Constantino
3316 2491 3596 2568 historiam
3617 2488 3826 2546 Domini

2247 2586 2545 2643 Salvatoris
2578 2587 2828 2643 versibus
2852 2586 3147 2658 explica-vit
3174 2603 3189 2640 :
3219 2570 3338 2642 ndc-
3354 2585 3628 2656 pertimuit
3647 2584 3827 2639 Evan-

2247 2678 2373 2749 gelii
2414 2678 2752 2750 majestatem
2781 2678 2882 2734 sub
2907 2678 3067 2735 metri
3087 2678 3233 2749 leges
3258 2677 3491 2733 mittere.
3519 2677 3596 2733 De
3620 2675 3825 2732 caneris
3928 2667 3935 2673 ’

2248 2774 2333 2830 vel
2353 2774 2599 2840 mortuis,
2624 2773 2710 2830 vel
2738 2773 3046 2829 viventibus
3068 2766 3256 2843 latini:
3277 2762 3507 2843 quorum
3538 2769 3592 2826 in
3614 2769 3826 2839 scriptis

2249 2868 2361 2922 suis
2388 2876 2438 2923 et
2472 2839 2617 2923 vires
2646 2865 2948 2922 manifestae
2973 2876 3101 2921 sunt
3125 2839 3181 2921 ei.
3200 2839 3471 2920 voluntas.

2320 2959 2374 3015 6.
2417 2959 2528 3015 Nec
2581 2958 2761 3016 statim
2817 2973 2979 3030 prava
3030 2958 3285 3029 Opinione
3343 2956 3589 3022 fallaris,
3638 2962 3823 3011 contra

2252 3053 2454 3110 Gentes
2485 3053 2589 3110 hoc
2616 3067 2738 3110 esse
2763 3053 2996 3120 licitum,
3026 3052 3082 3108 in
3106 3052 3224 3107 aliis
3249 3049 3701 3123 disputationibus
3727 3047 3827 3103 dis-

2251 3145 2614 3201 simulandum
2646 3185 2664 3214 ,
2728 3135 2870 3217 quia
2906 3159 3096 3200 omnes
3151 3158 3313 3217 pepe,
3355 3142 3595 3198 omnium
3663 3126 3824 3209 libri,

2647 3197 3468 3308 Iliiteras
3518 3248 3626 3290 non
3692 3197 3874 3323 didi-2’.

2250 3340 2482 3400 cerunt,
2538 3329 2855 3388 eruditionis
2904 3327 3272 3397 doctrinaeque
3327 3324 3624 3397 plenissimi
3683 3332 3865 3380 sunt.'

2250 3425 2565 3496 Quanquam
2606 3437 2707 3494 ego
2746 3420 2877 3476 illud
2902 3420 3072 3491 magis
3100 3432 3246 3484 reor,
3274 3416 3415 3489 quod
3445 3415 3663 3472 dictanti
3684 3415 3830 3470 venit

2249 3519 2306 3575 in
2331 3525 2591 3586 mentem,
2644 3530 2752 3572 non
2779 3524 2834 3571 te
2876 3514 3125 3585 ignorare
3159 3510 3302 3583 quod
3331 3525 3542 3583 semper
3586 3522 3616 3563 a
3655 3507 3827 3563 doctis

2247 3614 2379 3670 viris
2406 3620 2721 3684 usurpatum
2752 3617 2871 3676 est;
2899 3607 2993 3665 sed
3022 3622 3118 3677 per
3140 3614 3192 3662 te
3221 3604 3354 3661 mihi
3375 3602 3601 3676 proponi
3623 3601 3691 3657 ah
3718 3599 3828 3656 alio

2249 3708 2626 3780 quaestionem,
2658 3705 2748 3776 qui
2776 3703 2913 3759 forte
2951 3708 3170 3773 propter
3208 3713 3447 3756 amorem
3487 3694 3826 3765 historiarum

2250 3798 2632 3873 Sallustii,'(b)
2674 3795 2993 3867 Calpurnius
3036 3800 3395 3865 cognomento
3434 3788 3695 3845 Lanarius
3737 3785 3823 3840 sit.

2250 3895 2349 3952 Cui
2379 3908 2563 3967 quaeso
2587 3901 2645 3949 ut
2671 3889 2921 3955 suadeas,
2951 3902 3023 3944 ne
3043 3884 3374 3943 vescentium
3393 3881 3644 3939 dentibus
3667 3878 3829 3934 eden-

2251 3987 2396 4042 tulus
2420 3983 2675 4051 invideat,
2692 3990 2748 4038 et
2773 3980 2960 4038 oculos
2975 3993 3308 4050 caprearum,
3330 3975 3473 4046 talpa
3499 3976 3826 4030 contemnat.

2251 4077 2433 4146 Dives,
2464 4085 2523 4132 ut
2546 4075 2744 4142 cernis,
2790 4072 2857 4129 ad
2884 4070 3267 4142 disputandum
3308 4067 3566 4134 materia;
3598 4063 3694 4122 sed
3718 4063 3828 4134 jam

2253 4169 2557 4243 epistolaris
2585 4166 2831 4240 angustia
2869 4164 3104 4221 ﬁnienda
3126 4171 3230 4220 est.
3689 4153 3696 4160 ’

2718 4298 3052 4359 EPISTOLA
3092 4295 3259 4354 LXXI
3286 4296 3379 4371 (c).

2802 4418 2886 4489 (ά)
2912 4431 2981 4472 an
3010 4428 3279 4472 LUCINIUI.

2255 4533 2523 4588 Lacinium
2551 4528 2795 4586 Baeticam
2824 4546 3035 4602 genere,
3066 4529 3155 4601 qui
3182 4542 3297 4583 cum
3340 4537 3495 4579 uxore
3530 4536 3625 4576 sua
3665 4519 3833 4576 Theo-

2328 4627 2455 4680 dora
2479 4632 2672 4679 castam
2701 4622 2914 4677 ducebat
2936 4622 3111 4689 vitam,
3141 4630 3187 4676 et
3205 4615 3575 4687 Jerosolymam
3600 4614 3838 4685 navigare

2320 4762 2391 4837 (θ)
2423 4748 3841 4837 Dem.levassesPS?L~-R€§E.§"*§P;.€§!P£§EFP

2256 4810 2702 4887 heic'atquealibj.
2727 4821 2885 4887 Quem
2909 4832 3062 4887 poer
3079 4810 3339 4887 Sallustius
3359 4810 3618 4887 memorat,
3643 4810 3841 4887 calpur-

2258 4874 2369 4938 nius
2388 4874 2623 4937 Nu'mldia:
2647 4874 2840 4943 Consul,
2865 4895 2891 4930 a
2909 4874 3006 4943 quo
3026 4877 3391 4943 Rempublicam
3414 4875 3654 4938 proditam
3685 4874 3749 4923 ob
3772 4874 3843 4943 in-

2257 4920 3842 5015 35°e3.“3‘;;}ijuzr_nj“i;‘summatim;Eﬁtlféigijpggg:

2488 5006 2812 5075 Βεδιὲιέοὲθω
2834 4996 3147 5075 οριβυψψ
3175 5000 3436 5075 ἑαηβήὲἔηι
3454 4996 3570 5075 ήοιιᾼ
3588 4996 3846 5075 ξ’ἓὲιξιξὲίὲἓ

2260 5058 2498 5122 memorat
2518 5106 2531 5129 ,
2557 5058 2645 5118 Sed
2670 5058 2959 5129 Plutarchus
2982 5067 3032 5129 in
3054 5067 3151 5116 vita
3174 5063 3407 5129 Sertorii,
3444 5061 3508 5110 ab
3548 5058 3847 5129 e_oque__di_cit

2260 5118 2791 5184 iuiiumisalinatorem
2821 5127 3096 5190 proditione
3116 5127 3356 5190 occisum:
3379 5118 3677 5190 quaeAantei‘n
3700 5118 3843 5190 fale-

2260 5180 2644 5246 riwusﬂuaximus
2680 5190 2768 5241 lib.
2805 5180 2855 5239 ἑ.
2892 5202 2998 5251 cap.
3036 5188 3097 5251 2.
3130 5196 3183 5238 et
3204 5187 3377 5238 Cicero
3397 5180 3461 5251 de
3484 5182 3579 5233 Off.
3605 5181 3692 5230 lib.
3710 5182 3759 5251 ὅ.
3782 5180 3847 5229 de

2262 5255 2522 5320 Calpurnio
2543 5252 2757 5320 Lanariq
2776 5245 3012 5320 produnt,
3037 5249 3378 5320 minimensunt
3400 5245 3460 5295 ad
3483 5249 3845 5320 re‘m'nostram;

2262 5303 2577 5370 Panemo.
2601 5313 2724 5363 duos
2744 5303 2892 5377 h'osce
2916 5303 3200 5377 calpurnios
3228 5309 3474 5377 postiam,
3502 5313 3555 5377 et
3593 5303 3850 5377 Lanarium

2262 5368 2373 5431 data
2397 5390 2567 5441 opera,
2586 5384 2642 5426 ut
2666 5377 2773 5441 ejus
2793 5376 2938 5441 etiam
2964 5368 3183 5441 indicare
3196 5371 3425 5441 videntur
3444 5368 3611 5441 verba,
3638 5368 3850 5441 inunuut

2264 5429 2612 5505 conjunxit,_itt
2634 5429 2787 5505 malas
2808 5435 3076 5505 adversarii
3112 5434 3187 5505 sui
3210 5432 3403 5483 ,Ruﬂini
3435 5438 3570 5505 artes
3603 5429 3778 5505 vlar‘ias,
3799 5429 3853 5505 et

2264 5489 2382 5554 vitia
2405 5489 2849 5564 sugillaret._Huuc
2889 5497 3022 5545 enim
3053 5498 3249 5564 omnino
3286 5489 3852 5564 prauoculishabuisac

2267 5555 2557 5628 apparetiex
2583 5560 2793 5628 Apolog.
2826 5564 2996 5628 contra
3035 5558 3264 5628 eumdem
3286 5555 3375 5606 lib.
3402 5557 3449 5628 1.
3474 5555 3853 5628 ubi‘,_1\'itttirt_t_tt_t.

2268 5614 2454 5688 inquit,
2478 5622 2566 5674 iste
2589 5614 2660 5673 est
2681 5614 2960 5678 calpurnius
2991 5617 3322 5678 Sallustianus,
3362 5614 3621 5688 qui__nobis
3643 5626 3731 5676 per
3755 5620 3853 5663 mt-

2268 5684 2418 5755 θηέιηι
2439 5684 2690 5755 Oratorem
2712 5696 2806 5755 tu"!
2827 5688 3280 5755 magmmwm
3302 5684 3630 5743 συωδείαιεπι

2359 5750 2408 5806 c)
2445 5746 2575 5796 Alias
2594 5747 2671 5795 28.
2696 5743 3029 5806 ειη-ἱπταίᾷωο
3049 5744 3159 5806 598*
3202 5804 3247 5806 η
3340 5772 3383 5806 4
3542 5790 3547 5795 .

2394 5796 2416 5874 ')
2447 5808 2565 5861 Haec
2586 5806 2792 5873 epistola
2803 5796 2865 5857 'in
2887 5798 3165 5860 Veronensi
3200 5804 3293 5859 lis.
3339 5803 3641 5867 Hieronymo
3679 5796 3853 5865 ahjudl-

3335 5979 3425 5993 -..α
