4146 6336
286 356 391 417 669

356 469 718 538 constituerat,
773 465 1000 524 hortatur
1046 473 1103 520 ut
1168 463 1223 518 in
1271 457 1526 534 proposito
1577 462 1761 527 perstet
1815 459 1864 507 et

353 563 641 633 adnaviget.
667 561 868 616 Interea
896 575 1047 631 Opera
1075 556 1306 628 qutedam
1327 571 1422 610 sua
1440 592 1456 619 ,
1488 565 1602 623 qua:
1627 548 1718 603 ille
1744 562 1860 617 pos-

355 657 614 721 tulaverat,
645 671 749 708 una
771 671 883 708 cum
917 662 1132 725 quatuor
1151 647 1400 712 ciliciolis,
1429 654 1473 699 et
1497 642 1651 698 Isaiae
1669 640 1860 707 codice,

355 749 546 812 mittit;
571 757 675 801 tum
699 746 762 800 de
796 745 1008 818 jejuniis
1031 785 1046 808 ,
1075 740 1410 796 Eucharistite
1451 734 1772 808 sumptionc,
1803 746 1864 785 ac

357 841 708 899 traditionibus
736 825 1103 895 Ecclesiasticis
1129 827 1348 889 disserit.

358 983 408 1036 l.
440 981 550 1036 Nec
591 976 832 1049 opinanti
878 975 1010 1031 mihi
1047 973 1225 1030 subito
1252 972 1449 1028 litterae
1490 978 1594 1025 tua:
1639 965 1864 1024 redditas

290 1083 411 1130 sunt
438 1089 452 1126 :
475 1087 594 1144 qua:
624 1077 825 1141 quanto
895 1067 1055 1141 431
1130 1065 1431 1136 insperata,
1469 1069 1615 1118 tanto
1640 1058 1864 1130 gaudio-

289 1183 404 1223 rum
437 1165 627 1236 plenae,
659 1163 734 1235 (a)
772 1163 1140 1234 quiescentem
1168 1158 1402 1214 animam
1430 1156 1775 1216 suscitarunt,
1810 1161 1867 1206 ut

289 1257 464 1312 statim
493 1270 678 1310 amore
706 1253 1121 1324 complecterer,
1150 1264 1309 1321 quem
1333 1248 1504 1304 oculis
1531 1245 1862 1318 ignorabam,

289 1358 342 1402 et
371 1347 498 1402 illud
529 1361 738 1402 mecum
771 1345 962 1400 tacitus
988 1341 1328 1398 mussitat-em
1361 1357 1376 1394 :
1409 1339 1536 1405 Quis
1565 1337 1701 1402 dabit
1745 1333 1868 1388 mihi

291 1457 476 1512 pennas
490 1440 619 1495 sicut
645 1438 910 1503 columbw,
929 1445 976 1491 et
992 1435 1187 1497 volabo,
1205 1445 1254 1488 et
1273 1433 1523 1504 quiescam
1540 1429 1656 1502 (Ps.
1671 1429 1762 1485 54.
1778 1426 1832 1499 7)
1849 1468 1865 1494 ,

293 1531 610 1588 utinveniat
637 1545 797 1601 quem
835 1527 1010 1599 diligit
1056 1529 1252 1583 amima
1277 1539 1416 1580 ntea.
1442 1523 1580 1578 Vere
1633 1534 1776 1574 nunc
1814 1519 1868 1574 in

294 1633 343 1679 te
373 1638 552 1678 sermo
579 1621 887 1677 Dominicus
916 1621 1218 1691 completus
1251 1627 1333 1673 est
1353 1635 1367 1672 :
1391 1615 1544 1669 Multi
1577 1614 1640 1668 de
1668 1613 1871 1666 Oriente

293 1727 339 1771 et
385 1716 654 1772 Occidente
699 1717 928 1781 uenient,
960 1724 1007 1768 et
1050 1714 1335 1768 recumbent
1374 1712 1427 1764 in
1470 1709 1587 1764 sinu
1631 1705 1868 1760 Abrahae.

294 1809 572 1864 Cornelius
602 1809 844 1865 centurio
870 1808 1110 1864 cohortis
1137 1806 1354 1873 Italicae,
1381 1804 1490 1873 jam
1521 1811 1649 1856 tunc
1664 1797 1871 1854 Lucinii

296 1901 398 1956 mei
442 1901 817 1971 pra-figurabat
853 1900 1031 1956 fidem.
1057 1898 1348 1970 Apostolus
1393 1895 1593 1951 Paulus
1631 1891 1874 1948 scribens

295 1992 360 2047 ad
388 1992 658 2048 Romanos
693 2009 706 2047 :
737 1992 864 2047 Cum
904 1993 957 2045 in
1012 1990 1319 2060 Hispaniam
1365 1985 1616 2058 proﬁcisci
1644 1998 1871 2050 coepero,

295 2101 437 2154 spero
479 2084 616 2154 quod
643 2085 929 2154 prteteriens
957 2083 1152 2137 videam
1181 2098 1268 2135 vos
1290 2121 1306 2147 ,
1335 2088 1381 2133 et
1420 2095 1452 2131 a
1476 2075 1612 2131 vobis
1654 2074 1878 2150 deducor

296 2177 417 2231 illuc
441 2177 615 2249 (Rom.
646 2177 736 2232 15.
764 2176 834 2232 24
861 2175 914 2248 ),
948 2176 1109 2230 tantis
1153 2171 1414 2228 fructibus
1467 2171 1561 2242 (al.
1615 2164 1876 2236 ﬂuctibus)

297 2271 630 2340 approbavit,
653 2270 780 2341 quid
807 2269 875 2325 de
904 2269 992 2323 illa
1018 2267 1292 2339 provincia
1322 2270 1612 2335 quaereret.
1647 2261 1704 2315 In
1729 2259 1877 2314 brevi

299 2373 538 2434 tempore
553 2364 622 2419 ab
651 2361 1002 2433 Jerosolymis
1027 2374 1196 2430 usque
1222 2358 1288 2412 ad
1312 2356 1584 2427 Illyricum
1606 2349 1880 2422 Evangelii

297 2454 500 2525 iaciens
531 2453 877 2508 fundamenta
902 2493 918 2519 ,
965 2451 1192 2506 Romam
1210 2449 1423 2503 vinctus
1461 2443 1762 2515 ingreditur
1782 2482 1796 2508 ,
1823 2449 1883 2495 ut

299 2547 508 2602 vinctos
538 2542 941 2615 superSLitionis
966 2541 1238 2598 erroribus
1271 2539 1473 2594 liberos
1504 2536 1682 2591 faciat.
1706 2534 1885 2590 Manet

297 2637 350 2693 in
382 2636 620 2706 hospitio
647 2635 912 2690 conducto
959 2636 1055 2704 per
1082 2632 1389 2693 biennium;
1418 2639 1478 2684 ut
1505 2628 1661 2683 nobis
1691 2626 1886 2682 utrius-

299 2747 403 2802 que
451 2728 802 2785 Instrumenti
849 2737 1106 2784 aeternam
1156 2726 1343 2783 reddat
1381 2724 1621 2780 domum.
1647 2722 1886 2777 Piscator

303 2823 579 2879 hominum
601 2863 617 2888 ,
648 2821 816 2876 misso
864 2828 979 2876 rete
1009 2817 1350 2889 Apostolico,
1403 2825 1454 2870 te
1494 2828 1704 2884 quoque
1733 2811 1885 2882 quasi

305 2914 733 2988 pulcherrimum
791 2914 1049 2966 Auratam
1119 2911 1260 2964 inter
1321 2908 1602 2962 innumera
1660 2904 1886 2974 piscium

305 3023 500 3081 genera
541 3007 702 3062 traxit
745 3005 812 3060 ad
857 3005 1026 3060 littus.
1068 3002 1352 3074 Reliquisti
1396 3015 1613 3055 amaros
1659 2998 1884 3064 ﬂuctus,

307 3103 476 3158 salsos
528 3099 804 3172 gurgites,
853 3097 1114 3153 scissuras
1143 3095 1444 3171 monitum,
1487 3101 1542 3148 et
1595 3090 1888 3147 Leviathan

310 3200 618 3264 regnantem
648 3191 700 3244 in
727 3189 1039 3260 aquis,cum
1062 3187 1190 3242 Jesn
1217 3187 1428 3242 deserta
1456 3193 1734 3256 expetens,
1763 3197 1891 3236 con-

313 3283 596 3356 tempsisti,
615 3290 671 3337 ut
687 3282 857 3352 possis
873 3279 1252 3350 PrOpheticum
1271 3276 1400 3332 illud
1419 3290 1615 3331 canere
1633 3291 1650 3329 :
1673 3273 1740 3328 In
1758 3284 1894 3328 terra

315 3379 528 3441 deserta,
544 3387 588 3430 et
611 3376 825 3441 inoio,et
842 3375 894 3428 itt
923 3374 1272 3442 inaquoso,sic
1299 3371 1353 3425 in
1379 3380 1550 3424 sancto
1569 3368 1788 3440 apparui
1807 3367 1894 3421 tibi

318 3470 431 3540 (Ps.
463 3469 550 3523 62.
581 3469 656 3538 5).
680 3468 744 3521 Et
770 3468 959 3521 iterum
987 3483 1000 3519 :
1025 3463 1154 3518 Ecce
1179 3463 1407 3535 elongavi
1427 3464 1646 3533 fugiens,
1666 3471 1712 3514 et
1734 3461 1896 3515 mansi

319 3563 368 3616 in
397 3561 687 3634 solitudine.
722 3557 1085 3629 Exspectabam
1113 3572 1225 3610 eum
1253 3545 1339 3626 qui
1370 3555 1564 3609 salvum
1599 3569 1679 3606 me
1707 3553 1826 3623 fecit
1865 3569 1898 3605 a

320 3654 730 3726 pusillanimitate
767 3653 973 3723 spiritus
1014 3660 1061 3706 et
1113 3656 1398 3719 tempestate
1443 3647 1559 3718 (Ps.
1600 3648 1690 3702 54.
1717 3646 1769 3701 8.
1816 3646 1895 3717 9).

321 3745 559 3802 Obsecro
602 3752 654 3799 te
679 3754 733 3799 et
760 3758 954 3799 moneo
1007 3741 1242 3813 parentis
1277 3739 1494 3802 aﬂ‘ectu,
1529 3739 1699 3808 utqui
1726 3737 1900 3793 Sodo-

324 3855 465 3896 mam
495 3838 788 3909 reliquisti,
817 3836 884 3892 ad
925 3843 1183 3891 montana
1211 3832 1477 3889 festinans
1497 3873 1511 3894 ,
1540 3839 1664 3901 post
1694 3838 1901 3900 tergum

327 3951 394 3990 ne
423 3932 676 4003 respicias
707 3949 722 3986 :
751 3945 818 3985 ne
844 3927 1240 3994 aratristivam,
1272 3941 1340 3980 ne
1365 3923 1625 3979 fimbriam
1657 3921 1904 3978 Salvato-

328 4029 401 4084 ris
419 4069 434 4090 ,
465 4041 533 4080 ne
558 4022 834 4080 cincinnos
856 4023 973 4092 ejus
996 4062 1011 4086 ,
1044 4020 1216 4075 noctis
1241 4031 1366 4074 rore
1392 4015 1714 4071 madefactos
1730 4055 1744 4079 ,
1773 4028 1908 4084 quos

330 4118 494 4174 semel
515 4127 696 4172 tenere
716 4115 949 4187 caepisti,
968 4111 1253 4184 aliquando
1281 4109 1520 4164 dimittas
1545 4125 1557 4162 :
1583 4122 1650 4162 ne
1675 4107 1742 4162 de
1767 4115 1910 4163 tecto

332 4213 584 4268 virtutum
616 4210 837 4278 pristina
868 4206 1193 4278 quaasiturus
1223 4204 1543 4258 vestimenta
1581 4199 1907 4263 descendas;

333 4321 401 4362 ne
427 4305 494 4360 de
522 4318 650 4374 agro
695 4299 988 4357 revertaris
1022 4298 1240 4353 domum
1260 4337 1274 4361 ,
1339 4310 1408 4350 ne
1432 4292 1751 4363 campestria
1791 4306 1911 4346 cutn

335 4400 434 4455 Lot
461 4409 514 4454 et
535 4411 743 4452 amazna
776 4395 1057 4449 hortorum
1089 4392 1280 4461 diligas
1301 4432 1316 4458 ,
1347 4405 1466 4460 qua:
1492 4403 1598 4443 non
1627 4387 1916 4456 irrigantur

336 4494 402 4549 de
422 4492 587 4557 coelo,
617 4499 675 4544 ut
702 4499 842 4545 terra
856 4495 1064 4554 saneta,
1094 4485 1187 4541 sed
1217 4485 1287 4539 de
1315 4482 1528 4538 turbido
1551 4480 1770 4535 ﬂumine
1793 4479 1916 4533 Jor-

337 4575 512 4650 danis,
537 4590 817 4654 postquam
847 4578 1033 4633 dulces
1058 4591 1221 4648 aquas
1246 4576 1407 4630 maris
1437 4573 1630 4632 mortui
1660 4571 1919 4626 commix-

338 4679 494 4734 tione
517 4657 760 4729 mutavit.

409 4771 467 4824 2.
483 4767 726 4836 prisse
744 4763 1032 4818 multorum
1049 4768 1152 4824 est,
1167 4759 1234 4814 ad
1251 4759 1460 4814 culmen
1482 4757 1790 4828 pervenisse
1804 4770 1926 4826 pau-

343 4877 554 4925 corum.
592 4857 692 4925 Qui
728 4859 780 4911 in
809 4854 971 4910 stadio
993 4860 1221 4917 currunt,
1298 4849 1459 4922 432
1531 4864 1701 4902 omnes
1727 4848 1927 4917 quidem

343 4962 551 5010 currunt
575 4967 593 5018 ;
624 4948 711 5005 sed
735 4964 867 5004 unus
887 4945 1068 5014 accipit
1101 4958 1337 4996 coronam
1368 4942 1445 5012 (1.
1468 4938 1586 4995 Cor.
1607 4938 1662 4994 9.
1687 4937 1779 4992 24.
1809 4935 1924 5008 25).

347 5049 416 5101 At
435 5052 622 5100 contra
647 5041 712 5096 de
741 5040 894 5096 nobis
924 5037 1116 5093 dicitur
1146 5053 1158 5090 :
1189 5035 1280 5091 Sic
1320 5035 1536 5103 currite,
1563 5040 1619 5086 ut
1641 5030 1928 5102 apprehen-

351 5238 506 5288 catur,
530 5231 577 5278 et
601 5219 1052 5288 Beati_Lucidii__ad
1078 5227 1336 5288 Luctanum
1375 5214 1594 5288 poticam
1609 5210 1933 5288 diciturgnquha

349 5274 510 5341 alféé
534 5274 584 5337 in
602 5274 920 5337 iPrtefatione
939 5281 1251 5341 disserimus.
1281 5278 1540 5341 Lacinium
1565 5281 1746 5341 autem
1787 5274 1933 5340 istum

351 5337 435 5403 alii
453 5337 653 5402 codices
677 5346 935 5398 Lucianum
957 5382 970 5406 ,
997 5351 1081 5394 aut
1107 5340 1364 5406 Licinium,
1387 5337 1715 5406 Cassiodorius
1729 5337 1935 5406 _L_ucium

351 5395 807 5464 iiiéaiiei'iiiitic‘am
830 5395 989 5470 (quod
1014 5410 1093 5470 est
1114 5418 1178 5470 ex
1200 5395 1429 5470 Hispania
1449 5397 1863 5470 l_3_(etica)‘addunt
1885 5395 1936 5442 in

353 5461 670 5537 inscriptione
691 5461 995 5537 vetustiores
1015 5467 1210 5537 quidam
1234 5461 1435 5537 excusi;
1460 5461 1830 5537 Mss..reticent;

418 5519 638 5600 (a)—flio
648 5519 774 5585 'u'sé.
790 5519 1128 5600 tabescentem.
1154 5526 1306 5600 Paulo
1329 5519 1437 5600 post
1473 5521 1763 5600 versiculum

354 5583 638 5667 Psiilini
690 5583 765 5666 :th
787 5607 896 5658 qua:
918 5593 1275 5667 subuectantttlr
1315 5583 1484 5667 verba,
1507 5594 1795 5667 .Verennun‘c
1818 5583 1869 5634 in
1879 5587 1937 5667 “lg

355 5643 1084 5718 ser—rit’ordoininicns'completus
1101 5659 1186 5712 est,
1213 5643 1522 5718 Martianaus
1541 5646 1798 5718 e_i_tpuuxit,
1810 5643 1938 5708 quod

357 5710 406 5771 in
429 5723 530 5770 suis
553 5720 666 5769 Mss.
693 5733 790 5768 non
814 5710 1103 5777 invenisset,
1130 5710 1217 5764 nus
1235 5728 1294 5763 ex
1315 5711 1426 5777 aliis
1447 5710 1671 5777 omnibus
1689 5721 1811 5769 quos
1828 5719 1940 5755 con-

361 5784 556 5834 tulimus
592 5795 735 5830 manu
776 5785 1007 5834 exaratis,
1030 5771 1180 5840 atque
1200 5775 1450 5840 impressis
1486 5771 1624 5822 libris
1645 5771 1694 5818 iu
1719 5777 1940 5821 veterem

361 5845 501 5910 quasi
524 5844 878 5906 possessionem
900 5841 1220 5895 restituimus.

1605 328 1944 394 EPISTOLA
1979 327 2174 386 LXXI.

3443 330 3550 390 670

1971 447 2123 502 datis.
2145 443 2260 501 Non
2281 457 2376 500 nsr
2398 439 2602 499 invisus
2617 441 2946 513 Agonotheta
2963 451 3166 512 noster,
3199 459 3300 502 nec
3323 444 3546 504 alterius

1970 539 2167 610 palma,
2191 536 2264 611 (b)
2302 537 2456 591 alteri
2484 543 2639 607 parat
2680 534 3046 606 ignominiam.
3077 537 3280 594 Omnes
3317 539 3550 596 athletas

1969 647 2096 690 suos
2124 629 2393 686 desiderat
2417 627 2686 685 coronari.
2711 625 2919 682 Gaudet
2944 630 3121 684 anima
3153 645 3306 699 mea,
3333 640 3389 686 et
3433 646 3548 686 ma-

1967 724 2247 797 gnitudine
2272 723 2475 778 laetitiae
2499 736 2614 778 rem
2640 721 2890 777 maeroris
2915 722 3106 790 patior.
3122 722 3264 777 Ruth
3291 723 3345 778 in
3376 725 3551 796 lacry-

1969 835 2086 877 mas
2109 819 2271 875 verba
2294 825 2669 890 prorumpunt.
2689 815 2948 873 Zachaaus
2967 815 3034 870 ad
3067 817 3221 872 unius
3249 816 3395 874 horae
3415 834 3549 873 con-

1969 912 2310 976 versionem,
2362 910 2634 981 hospitem
2691 908 2890 964 habere
2939 909 3136 962 meruit
3193 908 3546 967 Salvatorem.

1969 1004 2175 1060 Martha
2226 1013 2279 1058 et
2335 1003 2540 1071 Maria,
2588 1001 2838 1058 convivio
2899 1007 3206 1071 pra-parato
3267 1002 3549 1058 Dominum

1971 1111 2279 1168 suscepere.
2329 1095 2581 1150 Meretrix
2650 1095 2794 1149 lavat
2844 1093 3060 1148 ﬂetibus
3107 1092 3294 1164 pedes,
3343 1105 3399 1150 et
3444 1112 3549 1152 un-

1970 1189 2180 1259 guentis
2235 1188 2499 1242 bonorum
2537 1201 2760 1258 operum
2814 1185 3081 1241 Dominici
3113 1186 3356 1256 corporis
3403 1187 3552 1243 dedi-

1971 1290 2058 1334 cat
2094 1279 2443 1348 sepulturam.
2484 1278 2669 1334 Simon
2724 1278 2971 1348 leprosus
3014 1277 3203 1333 invitat
3241 1279 3555 1350 magistrum

1973 1387 2095 1429 cum
2125 1372 2422 1444 discipulis,
2453 1380 2508 1428 et
2537 1388 2642 1427 non
2664 1372 3046 1427 contemnitur.
3071 1371 3300 1426 Abraha:
3321 1372 3517 1428 dicitur
3539 1391 3554 1428 :

1973 1464 2226 1536 Egredere
2255 1464 2318 1518 de
2345 1474 2479 1518 terra
2508 1474 2614 1530 tua,
2639 1473 2686 1518 et
2713 1464 2776 1517 de
2798 1463 3093 1533 cognatione
3113 1473 3218 1532 tua,
3247 1472 3292 1517 et
3322 1465 3385 1518 de
3407 1465 3556 1519 donto

1975 1558 2134 1628 patris
2165 1558 2274 1623 tui,
2319 1566 2365 1610 et
2409 1557 2536 1609 vade
2559 1557 2613 1609 in
2656 1565 2839 1609 terram
2882 1571 3034 1624 quant
3080 1567 3420 1611 monstravere
3471 1558 3560 1612 tibi

1975 1648 2128 1719 (Gen.
2152 1646 2240 1702 l2.
2268 1646 2344 1717 1).
2376 1647 2646 1716 Relinquit
2669 1645 2998 1714 Chaldaeum,
3031 1648 3286 1716 relinquit
3319 1649 3563 1721 MeSOpo-

1976 1741 2194 1796 tamiam
2231 1759 2243 1794 :
2277 1755 2484 1803 QUEBIT
2527 1753 2667 1804 quon
2711 1740 2882 1796 nescit
2927 1740 3004 1811 (c)
3044 1755 3114 1796 ne
3161 1741 3352 1811 perdat
3403 1757 3564 1813 quem

1977 1833 2276 1888 invenerat.
2301 1831 2417 1886 Non
2445 1832 2588 1887 enim
2616 1832 2906 1886 arbitratus
2947 1840 3030 1888 est
3067 1832 3225 1887 simul
3255 1847 3316 1888 se
3361 1833 3565 1891 habere

1978 1939 2138 1995 posse
2179 1933 2234 1978 et
2281 1924 2508 1994 patriam
2538 1932 2592 1978 et
2639 1923 2958 1990 Dominum;
2991 1924 3085 1980 sed
3123 1924 3234 1996 jam
3278 1935 3404 1980 tunc
3437 1927 3566 1982 illud

1979 2017 2263 2086 Prophetas
2294 2016 2457 2071 David
2479 2031 2641 2086 opere
2668 2017 3009 2088 complebat:
3045 2017 3272 2090 (Aduena
3293 2035 3406 2074 sum
3427 2022 3568 2091 apud

1984 2117 2053 2173 te,
2076 2117 2126 2162 et
2149 2111 2463 2178 peregrinus,
2491 2108 2619 2160 sicut
2644 2123 2815 2160 omnes
2836 2119 3004 2177 patres
3028 2109 3125 2162 mei
3149 2108 3266 2179 (Ps.
3290 2109 3380 2165 58.
3418 2111 3514 2180 15)
3551 2130 3566 2166 z

1985 2199 2241 2255 Hebrmus
2271 2199 2322 2254 id
2364 2209 2447 2255 est
2467 2240 2482 2266 ,
2531 2199 2614 2272 (d)
2645 2206 2848 2272 περάτης
2869 2242 2885 2267 ,
2916 2209 3078 2271 atque
3121 2203 3362 2257 transitor
3391 2220 3414 2259 :
3438 2205 3564 2259 dum

1983 2307 2092 2347 non
2121 2301 2204 2347 est
2230 2293 2475 2362 praesenti
2503 2291 2701 2348 virtute
2727 2301 3038 2358 contentus;
3059 2295 3151 2349 sed
3170 2295 3565 2365 praeteritorum

1984 2383 2336 2450 obliviscens,
2388 2385 2440 2438 in
2493 2383 2728 2438 futurum
2777 2400 2837 2440 se
2865 2385 3141 2454 extendit,
3171 2396 3226 2443 et
3255 2386 3355 2442 scit
3403 2387 3564 2454 illud,

1986 2477 2138 2532 Ibunt
2158 2477 2222 2532 de
2246 2478 2425 2531 uirtute
2447 2478 2498 2530 in
2519 2478 2746 2531 uirtutem
2772 2476 2889 2550 (Ps.
2916 2478 3003 2534 85.
3026 2478 3118 2548 8),
3146 2480 3429 2551 mysticum
3451 2495 3568 2536 sor-

1987 2571 2117 2626 titus
2137 2580 2219 2626 est
2256 2585 2450 2628 nomen
2473 2611 2488 2638 ,
2517 2580 2571 2625 et
2601 2570 2740 2624 viam
2773 2570 2866 2624 tibi
2887 2568 3097 2641 aperuit
3121 2612 3135 2637 ,
3165 2572 3434 2641 quomodo
3460 2589 3567 2628 non

1988 2677 2197 2734 qureras
2244 2676 2451 2732 eaquae
2501 2670 2588 2715 tua
2631 2669 2792 2727 sunt,
2820 2661 2915 2716 sed
2961 2676 3078 2731 quae
3123 2661 3337 2717 aliena:
3371 2671 3423 2718 et
3448 2663 3568 2718 illos

1990 2765 2144 2826 putes
2170 2763 2440 2826 parentes,
2474 2753 2694 2819 fratres,
2727 2753 2940 2840 affines,
2969 2763 3130 2824 atque
3160 2764 3444 2826 cognatos,
3479 2759 3568 2827 qui

1990 2852 2087 2907 tibi
2117 2852 2167 2904 in
2217 2850 2429 2905 Christo
2457 2849 2690 2920 copulati
2737 2857 2882 2903 sunt.
2912 2847 3106 2916 Mater,
3137 2850 3340 2920 inquit,
3371 2866 3499 2918 mea,
3526 2860 3572 2904 et

1991 2947 2174 3014 fratres
2201 2944 2296 2996 mei
2321 2943 2375 2996 hi
2394 2952 2510 2996 sunt
2531 2982 2545 3010 ,
2571 2942 2658 3012 qui
2682 2941 2875 3011 faciunt
2905 2941 3210 2996 voluntatem
3255 2941 3430 2998 Patris
3473 2945 3572 2998 mei

1992 3034 2208 3105 (Matth.
2234 3035 2320 3090 l2.
2351 3035 2466 3105 48).

2065 3129 2119 3183 5.
2151 3128 2328 3184 Habes
2374 3137 2548 3182 tecum
2583 3127 2731 3197 prius
2777 3127 2830 3182 in
2861 3141 3025 3182 carne
3048 3168 3063 3194 ,
3108 3142 3251 3183 nunc
3293 3127 3348 3182 in
3386 3127 3575 3198 spiritu

1993 3222 2236 3286 sociam;
2289 3220 2355 3276 de
2384 3219 2610 3291 conjuge
2653 3233 2996 3290 germanam,
3039 3217 3106 3275 de
3129 3219 3327 3274 femina
3366 3219 3575 3286 virum,

1995 3313 2064 3370 de
2091 3313 2330 3384 subjecta
2357 3327 2539 3382 parem
2568 3331 2581 3367 :
2619 3328 2737 3383 qum
2766 3312 2866 3366 sub
2886 3312 3073 3368 eodem
3095 3313 3226 3384 jugo
3245 3312 3311 3367 ad
3340 3312 3581 3368 coelestia

1997 3406 2156 3461 simul
2195 3419 2356 3474 regna
2387 3405 2619 3459 festinat.
2645 3402 2810 3458 Cauta
2832 3403 2910 3459 rei
2939 3403 3213 3460 familiaris
3233 3404 3577 3474 dispensatio,

1999 3510 2052 3556 et
2077 3500 2141 3554 ad
2170 3499 2246 3570 (c)
2273 3499 2506 3554 calculos
2533 3497 2769 3564 rediens,
2799 3512 2904 3553 non
2932 3488 3039 3552 cito
3055 3497 3361 3566 deponitur.
3380 3494 3585 3563 Joseph

2001 3609 2122 3650 cum
2151 3591 2326 3646 tunica
2344 3589 2649 3661 Egyptiam
2665 3589 2899 3660 effugere
2921 3603 3027 3642 non
3055 3587 3247 3657 potuit.
3262 3585 3588 3639 Adolescens

2004 3689 2129 3755 ille,
2160 3686 2248 3756 qui
2295 3693 2515 3754 opertus
2565 3684 2795 3738 sindone
2840 3682 3170 3751 sequebatur
3212 3679 3395 3735 Jesum
3431 3677 3592 3746 :quia

2004 3789 2183 3836 tentus
2214 3777 2386 3832 fuerat
2411 3792 2440 3829 a
2473 3777 2733 3831 ministris
2757 3817 2772 3841 ,
2806 3784 3080 3829 terrenum
3109 3771 3371 3842 abjiciens
3410 3769 3591 3838 operi-

2007 3881 2266 3937 mentum,
2302 3869 2476 3924 nudus
2505 3868 2693 3923 evasit.
2719 3867 2866 3921 Elias
2893 3867 3050 3936 igneo
3098 3879 3261 3919 curru
3300 3870 3486 3931 raptus
3529 3859 3596 3912 ad

2007 3966 2202 4022 emtum
2223 4005 2239 4032 ,
2269 3962 2502 4017 meloten
2535 3958 2753 4030 reliquit
2800 3958 2853 4012 in
2927 3956 3090 4030 5.33
3165 3955 3348 4010 terris.
3372 3952 3601 4006 Elisaeus

2011 4057 2174 4112 boves
2199 4097 2214 4123 ,
2239 4064 2293 4109 et
2325 4052 2448 4123 juga
2472 4053 2666 4122 prioris
2692 4050 2872 4120 operis
2899 4050 3062 4104 vertit
3093 4048 3148 4102 in
3178 4055 3322 4100 vota.
3346 4042 3605 4112 Loquitur

2013 4146 2436 4218 sapientissimus
2478 4145 2559 4198 vir
2591 4161 2604 4196 :
2639 4143 2737 4209 Qui
2766 4143 2927 4213 tangit
2949 4140 3132 4211 picem,
3164 4135 3514 4207 inquinabitur
3543 4135 3606 4188 ab

2015 4258 2073 4296 ea
2106 4239 2293 4315 (Eccli.
2323 4239 2375 4294 1.
2406 4238 2518 4308 15).
2542 4236 2788 4305 Quumu
2817 4249 3101 4289 vsnssuun
3130 4234 3183 4287 in
3207 4231 3372 4286 rebus
3391 4227 3568 4283 saeculi
3590 4269 3606 4295 ,

2019 4345 2074 4393 et
2095 4334 2274 4389 anima
2303 4343 2483 4388 nostra
2514 4331 2920 4402 possessionum
2951 4341 3015 4381 ac
3058 4323 3368 4380 reddituum
3413 4334 3608 4389 procu-
3695 4306 3709 4318 ’

2020 4435 2228 4491 ratione
2273 4429 2517 4483 devineta
2553 4433 2676 4490 est,
2719 4423 2787 4477 de
2837 4421 2949 4476 Deo
2999 4418 3167 4471 libere
3216 4415 3452 4483 cogitare
3501 4425 3606 4465 non

2021 4539 2323 4599 possumus.
2358 4521 2485 4588 Quae
2521 4518 2653 4572 enim
2684 4513 3008 4584 participatio
3025 4508 3238 4579 justitia:
3281 4521 3396 4558 cum
3428 4503 3611 4572 iniqui-

2025 4596 2140 4685 tate,
2175 4627 2263 4672 aut
2290 4630 2402 4686 qua:
2430 4612 2638 4666 societas
2668 4607 2795 4661 lucis
2824 4604 2892 4656 ad
2920 4597 3188 4656 tenebras?
3221 4596 3320 4662 Qui
3343 4610 3613 4649 consensus

2027 4683 2212 4767 Christi
2237 4683 2489 4760 ad'Belial
2514 4701 2536 4754 φ
2565 4699 2692 4768 Quae
2718 4709 2836 4764 pars
2851 4689 2991 4759 ﬁdeli
3017 4705 3129 4742 cum
3150 4685 3374 4756 inﬁdeli?
3400 4685 3474 4757 (2.
3490 4683 3610 4739 Cor.

2029 4803 2084 4860 6.
2113 4801 2202 4856 14.
2232 4806 2279 4853 et
2306 4793 2467 4864 seqq.)
2538 4789 2659 4845 Non
2718 4785 2925 4856 potestis
2949 4823 2964 4848 ,
2993 4780 3165 4850 inquit
3188 4779 3442 4833 Dominus
3467 4817 3480 4842 ,
3510 4776 3615 4830 Deo

2029 4893 2214 4951 servire
2242 4896 2289 4942 et
2316 4883 2612 4953 mamona:(
2644 4877 2830 4933 Matth.
2855 4877 2910 4931 6.
2931 4874 3001 4928 24
3027 4872 3071 4942 ).
3103 4874 3302 4927 Aurum
3343 4869 3618 4938 deponere

2033 4982 2405 5056 incipientium
2434 4989 2536 5044 est,
2572 4991 2677 5031 non
2709 4972 3087 5044 perfecturum.
3107 4966 3255 5022 Fecit
3277 4967 3378 5019 hoc
3402 4961 3618 5017 Theba-

2035 5053 2350 5135 nusVCrates
2375 5112 2390 5137 ,
2419 5069 2550 5126 fecit
2593 5066 2960 5123 Antisthenes.
2991 5061 3218 5116 Sursum
3247 5055 3441 5111 offerre
3483 5053 3619 5119 Deo,

2035 5171 2252 5246 proprie
2280 5165 2705 5222 Christianorum
2750 5165 2834 5214 est
2859 5166 2912 5211 et
2941 5152 3322 5223 Apostolorum
3352 5165 3366 5201 :
3395 5145 3486 5216 qui
3515 5145 3622 5199 duo

2038 5238 2160 5321 eum
2205 5259 2364 5316 vidua
2412 5253 2743 5327 paupertatis
2773 5263 2884 5305 suae
2933 5248 2987 5301 in
3036 5238 3486 5312 Gazophylacium
3515 5248 3622 5288 mra

2043 5357 2319 5413 mittentes
2345 5392 2362 5419 ,
2402 5325 2571 5404 totum
2603 5357 2824 5401 censum
2855 5353 3015 5410 quem
3045 5335 3365 5396 habuerunt,
3399 5325 3627 5381 Domino

2050 5537 2062 5547 .
2106 5471 2178 5537 (b)
2209 5467 2373 5544 .Aliter
2395 5464 2666 5522 Victorius,
2703 5471 2790 5510 ncc
2830 5450 2974 5506 alteri
3012 5449 3254 5516 palmam,
3301 5437 3444 5490 alteri
3485 5443 3629 5500 parat

2041 5546 2425 5661 z9’23’)m\)ine‘ﬁ:lr.ets
2463 5590 2580 5641 editi
2619 5593 2672 5638 et
2703 5583 2899 5648 quidam
2923 5590 2953 5627 e
2977 5574 3093 5625 Mss.
3116 5583 3175 5621 ne
3198 5563 3371 5630 perdat
3393 5562 3522 5626 quod
3554 5561 3630 5610 in-

2044 5667 2375 5786 υεῗῧςαῖωρηὶ
2400 5726 2450 5786 c_t
2475 5715 2703 5786 plerique
2729 5708 2844 5758 Mss.
2882 5715 3068 5764 «eam,
3111 5694 3192 5743 alii
3228 5702 3316 5754 pro
3353 5686 3522 5738 Graeco
3546 5697 3633 5759 vo-

2047 5780 2409 5843 cabu'loltospes
2429 5780 2620 5843 legunt.
2698 5834 2706 5843 ι
2798 5828 2894 5843 ΛΜ
2923 5821 3108 5843 “Ihm-
3287 5783 3291 5786 ’

2112 5821 2408 5906 i'éS'Vv'JFJiT
2424 5821 2561 5891 111)ζῖιῖ
2571 5821 2620 5887 et
2643 5834 2707 5884 ad
2732 5828 2899 5881 caulas
2920 5821 3127 5875 rediens.
