4146 6336
636 455 736 516 671

632 566 1002 635 tradiderunt,
1047 572 1104 624 et
1150 571 1426 622 merentur
1476 562 1668 620 audire
1701 577 1718 619 :
1770 559 2024 618 Sedebitis
2070 574 2222 628 super

632 662 894 718 duodecim
942 661 1073 716 solia
1095 699 1113 727 ,
1169 660 1461 730 judicantes
1511 656 1778 713 duodecim
1823 652 1981 709 tribus
2031 649 2220 707 Israel.

631 753 848 826 (Matth.
891 751 979 808 19.
1003 751 1121 823 28).

700 845 754 900 4.
784 842 910 899 Haec
937 852 990 899 et
1017 843 1134 914 ipse
1170 841 1421 913 intelligis
1443 875 1460 909 ,
1487 855 1595 912 quo
1634 838 1816 895 animo
1842 837 2100 908 replicem
2125 850 2141 902 ;
2165 844 2222 891 et

629 936 772 1009 quod
801 936 900 991 sub
923 936 1040 992 aliis
1069 936 1248 992 verbis
1275 944 1329 990 te
1355 933 1422 988 ad
1451 941 1761 988 sanctorum
1786 930 2052 986 Locorum
2083 929 2221 983 invi-

632 1039 740 1086 tem
761 1029 1138 1085 habitaculum.
1167 1026 1509 1086 Abundantia
1537 1036 1626 1081 tua
1658 1025 1949 1082 multorum
1977 1023 2215 1094 inopiam

621 1123 968 1191 sustentavit,
1002 1134 1060 1178 ut
1087 1132 1143 1179 et
1172 1122 1361 1178 borum
1391 1121 1591 1176 divitiae
1617 1120 1670 1175 in
1698 1129 1840 1176 tuam
1872 1117 2216 1190 indigentiam

631 1215 1011 1272 redundarent.
1062 1215 1259 1272 Fecisti
1309 1214 1403 1270 tibi
1447 1215 1648 1270 amicos
1695 1213 1764 1269 de
1811 1213 1993 1280 iniquo
2045 1226 2219 1266 mam-

633 1324 815 1377 mona,
844 1309 936 1380 qui
966 1316 1020 1363 te
1057 1308 1358 1378 reciperent
1383 1307 1436 1362 in
1465 1318 1665 1362 aeterna
1688 1305 2026 1361 tabernacula
2061 1302 2216 1373 (Luc.

635 1403 746 1473 l6).
774 1401 1060 1456 Laudanda
1088 1416 1196 1467 res,
1225 1410 1280 1456 et
1308 1401 1740 1471 Apostolicorum
1773 1408 2074 1469 temporum
2106 1398 2216 1451 vir-

631 1495 835 1550 tutibus
860 1493 1184 1564 corequanda
1215 1513 1229 1550 :
1263 1493 1480 1566 quando
1509 1491 1740 1548 venditis
1787 1489 2219 1560 possessionibus

630 1601 762 1652 suis,
792 1588 1076 1644 credentes
1100 1586 1394 1643 afferebant
1425 1586 1698 1656 pecunias,
1732 1593 1892 1654 atque
1923 1583 2217 1638 fundebant

629 1690 754 1736 ante
778 1680 941 1750 pedes
970 1679 1350 1750 Apostolorum
1372 1720 1388 1746 ,
1421 1677 1769 1734 ostendentes
1795 1675 2074 1731 avaritiam
2099 1690 2220 1730 esse

633 1775 966 1830 calcandani.
1015 1774 1123 1831 Sed
1153 1775 1412 1829 Dominus
1451 1773 1618 1842 magis
1649 1770 1840 1842 quaerit
1867 1771 2072 1825 animas
2102 1784 2218 1825 cre-

627 1869 889 1935 dentium,
903 1883 1062 1938 quam
1083 1883 1233 1938 opes.
1262 1867 1540 1937 Legimus:
1573 1864 1873 1935 Redemptio
1893 1864 2082 1918 anima:
2102 1863 2213 1929 viri,

627 1961 849 2032 praprim
887 1961 1078 2015 divitia:
1111 1959 1313 2033 (Prov.
1340 1960 1431 2014 l3.
1465 1957 1520 2014 8.
1547 1975 1649 2013 sec.
1678 1957 1824 2012 LXX
1853 1957 1892 2028 ).
1925 1956 2217 2012 Possumus

626 2055 841 2125 quidem
893 2054 1104 2110 divitias
1159 2054 1405 2126 proprias
1454 2053 1786 2124 intelligere,
1840 2066 1960 2122 quae
2003 2065 2110 2106 non
2150 2050 2219 2104 de

625 2145 802 2202 alieno
826 2186 843 2212 ,
893 2161 999 2202 non
1029 2146 1097 2201 de
1125 2146 1327 2217 rapinis
1365 2153 1522 2214 sunt,
1550 2145 1704 2214 juxta
1739 2142 1869 2198 illud
1900 2161 1912 2197 :
1949 2162 1967 2194 ι
2005 2142 2218 2198 Honora

625 2237 794 2293 Deum
817 2237 884 2292 de
914 2238 1015 2292 tuis
1030 2237 1483 2309 justislaboribus
1515 2255 1534 2288 ι
1577 2234 1740 2304 (Ibid.
1765 2236 1818 2290 3.
1850 2232 1906 2304 θ)
1939 2233 2068 2288 :sed
2101 2248 2216 2287 me-

623 2329 726 2386 lior
751 2337 834 2386 est
862 2329 951 2384 illa
977 2329 1331 2400 intelligentia
1355 2370 1370 2396 ,
1402 2339 1458 2383 ut
1498 2328 1712 2384 divitias
1745 2327 1985 2398 proprias
2014 2340 2214 2395 cogno-

622 2437 835 2478 scamus
881 2422 1161 2478 thesauros
1207 2420 1586 2483 absconditos,
1618 2434 1755 2490 quos
1806 2434 1904 2473 nec
1934 2418 2020 2473 fur
2047 2418 2218 2488 possit

622 2513 914 2579 sullodere,
955 2529 1054 2569 nec
1083 2513 1220 2569 latro
1245 2513 1514 2569 violentus
1540 2512 1750 2583 eripere
1777 2511 1926 2582 (Luc.
1959 2509 2070 2581 12).

695 2606 750 2662 5.
773 2606 1037 2676 Opuscula
1064 2621 1210 2674 mea,
1233 2621 1354 2676 qua:
1380 2619 1487 2659 non
1507 2604 1590 2658 sui
1616 2603 1829 2670 merito,
1853 2601 1949 2660 sed
1979 2601 2215 2657 bonitate

624 2705 720 2752 tua
745 2697 1052 2753 desiderare
1085 2707 1136 2754 te
1165 2698 1299 2753 dicis
1323 2739 1337 2763 ,
1369 2697 1436 2752 ad
1465 2696 1878 2753 describendum
1907 2695 2215 2750 hominibus

623 2790 730 2846 tuis
758 2789 908 2867 dedi,
939 2799 993 2846 et
1018 2789 1288 2860 descripta
1335 2790 1441 2845 vidi
1485 2792 1538 2844 in
1570 2789 1867 2846 chartaceis
1892 2788 2168 2844 codicibus
2197 2805 2210 2843 :

621 2895 686 2938 ac
712 2879 1022 2953 frequenter
1063 2879 1338 2949 admonui,
1370 2891 1428 2937 ut
1453 2879 1761 2937 conferrent
1786 2879 2093 2950 diligentius
2113 2926 2129 2949 ,
2160 2887 2216 2936 et

619 2975 986 3032 emendarem.
1021 2973 1134 3048 Ego
1164 2975 1306 3031 enim
1338 2983 1481 3029 tanta
1512 2973 1780 3028 volumina
1811 2988 1921 3043 pra:
1963 2972 2214 3043 frequen-

621 3067 690 3123 tia
713 3067 1126 3124 commeantium
1146 3075 1201 3123 et
1221 3067 1620 3137 peregrinorum
1644 3064 1810 3120 turbis
1836 3064 2076 3134 relegere
2107 3080 2211 3119 non

620 3160 788 3232 potui,
809 3169 865 3217 et
885 3169 943 3215 ut
967 3159 1068 3231 ipsi
1100 3160 1398 3230 probavere
1423 3166 1741 3229 praesentes,
1818 3157 1982 3230 434
2054 3158 2212 3229 longo

621 3263 799 3308 tentus
820 3253 1178 3317 incommodo,
1209 3252 1297 3307 vix
1323 3251 1512 3308 diebus
1540 3250 1995 3321 Quadragesimte,
2019 3251 2213 3322 quibus

621 3343 722 3414 ipsi
754 3343 1232 3413 proficiscebantur
1253 3383 1268 3409 ,
1302 3341 1572 3412 respirare
1601 3342 1761 3412 ccepi.
1796 3341 1952 3398 Unde
1983 3342 2027 3397 si
2057 3358 2210 3413 para-

620 3442 914 3507 grammata
938 3434 1223 3505 repereris,
1253 3433 1340 3489 vel
1369 3433 1549 3489 minus
1565 3433 1741 3504 aliqua
1765 3432 2034 3504 descripta
2065 3443 2210 3502 sunt,

619 3542 739 3598 qua:
763 3540 982 3582 sensum
1024 3526 1250 3596 legentis
1284 3525 1600 3596 impediant,
1632 3539 1738 3580 non
1763 3525 1894 3580 mihi
1916 3524 2080 3581 debes
2106 3526 2212 3581 im-

618 3629 826 3690 putare,
847 3618 943 3676 sed
961 3619 1088 3688 tuis,
1108 3627 1162 3675 et
1179 3619 1456 3690 imperitiae
1487 3619 1816 3675 notariorum
1838 3617 2208 3674 librariorum-

619 3727 722 3782 que
750 3712 972 3768 incuria:
1000 3753 1016 3779 ,
1046 3712 1138 3783 qui
1162 3712 1405 3768 scribunt
1440 3727 1548 3768 non
1587 3709 1731 3783 quod
1764 3713 2082 3782 inveniunt,
2114 3712 2210 3769 sed

617 3802 761 3873 quod
793 3803 1124 3875 intelligunt;
1166 3812 1224 3860 et
1250 3803 1377 3860 dum
1421 3804 1626 3861 alienos
1656 3819 1868 3861 errores
1921 3805 2212 3862 emendare

619 3895 892 3966 nituntur,
925 3896 1214 3953 ostendunt
1256 3911 1402 3953 suos.
1435 3897 1603 3954 Porro
1633 3897 1713 3971 (a)
1748 3897 1971 3970 Iosephi
2000 3898 2167 3955 libros
2191 3941 2208 3967 ,

617 3995 673 4043 et
700 3996 1009 4045 sanctorum
1037 3989 1215 4060 Papia:
1240 3997 1297 4045 et
1324 3990 1604 4063 Polycarpi
1628 3991 1924 4060 volumina,
1955 3990 2122 4049 falsus
2143 3991 2211 4048 ad

618 4091 673 4139 te
709 4099 892 4140 rumor
919 4083 1144 4154 pertulit
1165 4098 1195 4138 a
1224 4099 1311 4139 me
1340 4097 1462 4140 esse
1494 4083 1751 4140 translata
1785 4102 1801 4143 :
1833 4085 1954 4155 quia
1996 4100 2097 4141 nec
2117 4085 2209 4140 otii

619 4175 749 4241 mei,
793 4190 892 4230 nec
933 4176 1128 4230 virium
1170 4184 1252 4230 est
1277 4215 1294 4241 ,
1324 4184 1499 4232 tantas
1547 4192 1635 4232 res
1660 4177 1850 4234 eadem
1882 4177 1937 4232 in
1987 4177 2210 4232 alteram

618 4265 852 4336 linguam
881 4267 1190 4336 exprimere
1211 4277 1512 4324 venustate.
1543 4267 1871 4341 Origeniset
1890 4269 1968 4340 (ὁ)
2000 4271 2209 4342 Didymi

619 4371 789 4430 pauca
819 4357 1188 4414 transtulimus
1210 4398 1226 4425 ,
1257 4359 1499 4415 volentes
1541 4362 1740 4416 nostris
1765 4377 1830 4417 ex
1859 4370 2010 4432 parte
2033 4371 2214 4418 osten-

618 4451 768 4519 dere,
799 4451 927 4523 quid
965 4450 1151 4508 Greca
1191 4450 1434 4508 doctrina
1463 4453 1741 4509 retineret.
1787 4453 2061 4510 Canonem
2103 4455 2210 4512 ile-

617 4544 814 4600 braicte
844 4542 1117 4614 Veritatis,
1139 4554 1362 4614 excepto
1391 4525 1468 4615 (ί)
1497 4543 1852 4613 Octateuchu,
1875 4561 2038 4615 quem
2062 4561 2206 4601 nunc

618 4637 674 4693 in
703 4639 948 4694 manibus
992 4638 1166 4694 habeo
1192 4679 1208 4706 ,
1235 4639 1414 4709 pueris
1456 4639 1562 4695 tuis
1605 4648 1658 4695 et
1702 4640 1927 4695 notariis
1954 4639 2076 4696 dedi
2117 4641 2210 4696 dc-

617 4727 982 4784 scribendum.
1011 4731 1356 4803 Septuaginta
1386 4731 1740 4803 interpretum
1767 4731 2061 4788 editionem
2079 4741 2133 4788 et
2158 4742 2210 4790 te

619 4816 823 4873 habere
860 4833 966 4874 non
997 4819 1214 4887 dubito;
1247 4829 1302 4878 et
1332 4832 1456 4878 ante
1497 4837 1666 4878 annos
1697 4822 1954 4892 plurimos
1984 4823 2210 4895 diligen-

621 4907 830 4964 tissime
860 4911 1223 4980 emendatam,
1251 4913 1503 4969 studiosis
1545 4915 1758 4970 tradidi.
1787 4915 1996 4972 Novum
2022 4917 2210 4973 Testa-

619 5008 861 5056 mentum
891 4999 1093 5058 Graecae
1119 5003 1323 5058 reddidi
1350 5007 1674 5062 auctoritati.
1704 5007 1777 5064 Ut
1796 5009 1937 5064 enim
1969 5017 2207 5065 veterum

685 5186 759 5247 (a)
780 5185 1510 5254 Casu-onor.Divinar._lnstitnt_.
1535 5201 1639 5250 cap.
1669 5190 1742 5254 t7.
1770 5207 1792 5235 (ι
1813 5189 2058 5254 Josephus
2081 5206 2210 5254 Incite

620 5245 867 5313 secundus
903 5245 1139 5313 Livius_in
1163 5245 1324 5313 Libris
1365 5245 1674 5298 Judaicarum
1718 5245 2092 5313 Antiquitarum'
2112 5253 2210 5306 late

620 5309 844 5373 diffusus,
871 5321 1018 5372 quem
1056 5309 1204 5359 Pater
1241 5308 1564 5373 Hieronymus
1606 5313 1830 5364 scribens
1851 5308 1928 5363 'ad
1955 5315 2208 5367 Lucinium

619 5371 860 5441 piraticum
892 5371 1093 5441 propter
1126 5371 1508 5441 magnitudinem
1534 5374 1709 5436 prolixi
1748 5377 1931 5439 operis,
1959 5394 1984 5427 a
2007 5392 2064 5428 se
2094 5395 2204 5441 per-

619 5433 763 5486 lribet'
786 5448 881 5497 non
897 5433 1121 5497 potuisse
1145 5433 1410 5491 transferri,
1437 5452 1459 5479 ν)
1492 5433 1587 5486 etc.

683 5497 758 5560 (ὁ)
793 5496 988 5566 Vulgati
1011 5509 1201 5566 .omnes
1245 5497 1403 5566 saucii
1430 5499 1639 5566 titulum
1681 5499 1886 5566 Didyme
1926 5510 2205 5566 apponunt,

621 5557 772 5622 quem
787 5557 1025 5609 cum‘alibi
1044 5572 1277 5622 nusquam
1291 5557 1361 5608 illi
1380 5561 1560 5611 tribuat
1579 5562 1718 5612 Hier.
1736 5557 1933 5613 minime
1954 5557 2073 5616 vero
2093 5557 2206 5618 tunc

620 5625 856 5684 temporis
916 5623 1200 5685 ascripsisse
1257 5622 1532 5672 credendus
1578 5633 1669 5674 est.
1720 5627 2042 5684 Quamobrem
2091 5628 2204 5679 Mss.

623 5686 981 5756 exemplarium
1019 5693 1070 5736 et
1111 5687 1351 5749 prtecipue
1409 5685 1677 5737 Veronens.
1729 5689 1870 5738 fidem
1916 5693 2069 5740 secuti
2117 5707 2206 5742 ex-

619 5759 897 5810 punxunus.

685 5810 754 5877 (ᾳ)
790 5810 936 5877 Olim,
960 5810 1352 5877 Hejitiilcucltoitl
1385 5819 1459 5877 est
1484 5823 1675 5875 septem
1711 5828 1796 5875 pro
1833 5823 1942 5864 octo
1968 5817 2209 5877 prioribus

620 5867 885 5936 Scrij‘rturae
921 5867 1079 5922 libris.
1121 5875 1237 5924 Sed.
1274 5874 1387 5923 Mss.
1409 5875 1504 5924 duo
1536 5867 1871 5936 i'cntnlcucho,
1901 5867 2070 5929 ut‘non
2094 5885 2210 5928 satis

622 5931 882 6004 manifesto
907 5937 1018 5985 hinc
1044 5937 1184 6004 liceat
1207 5937 1508 6000 intelligere,
1537 5954 1660 6004 quos
1699 5940 1850 5991 libros
1865 5931 1974 5992 tum
2017 5949 2206 5994 tempo-

622 5993 693 6048 ris
713 5993 852 6044 liter.
882 5998 1222 6050 transtulisset.

1921 445 2163 504 SANCTI
2203 443 2578 502 HIERONYMI

3805 457 3907 514 672

2327 557 2584 614 librorum
2624 558 2756 616 ﬁdes
2798 560 2864 618 de
2897 555 3907 631 Hebrmis‘volummibus‘éiaminanda

2324 659 2407 708 est
2429 667 2445 716 ;
2466 652 2536 706 ita
2558 667 2815 710 novorum
2841 654 3043 713 Graecae
3063 659 3333 714 sermonis
3349 673 3594 717 normam
3617 662 3904 724 desiderat.

2395 742 2446 799 6.
2474 742 2737 816 Jejunium
2763 747 2976 802 Sabbati
2997 789 3014 815 ,
3046 759 3092 804 et
3125 749 3468 808 Eucltaristia:
3488 758 3715 828 sumptio
3741 762 3909 829 quoti-

2323 835 2499 890 diana.
2527 865 2599 876 —
2621 837 2696 892 De
2717 837 2951 894 Sabbato
2976 840 3116 911 quod
3140 843 3907 918 qureris,utrumjejunandum

2321 930 2392 983 sit
2419 946 2434 984 :
2464 929 2610 986 etde
2639 931 2994 1002 Eucharistia,
3028 948 3094 989 an
3125 935 3433 1008 accipienda
3456 942 3699 1012 quotidie
3723 986 3738 1010 ,
3772 947 3907 1018 quod

2321 1021 2561 1077 Romana
2602 1022 2852 1080 Ecclesia
2875 1019 2972 1098 Eat.
3002 1025 3250 1083 Romanae
3272 1029 3534 1106 Ecclesia]
3563 1044 3615 1090 ct
3643 1035 3909 1108 Hispaniae

2322 1115 2609 1172 observare
2631 1117 3001 1188 perhibentur,
3028 1121 3242 1192 scripsit
3267 1124 3480 1194 quidem
3508 1139 3563 1183 et
3589 1128 3907 1205 Hippolytus

2322 1205 2403 1260 vir
2425 1206 2844 1276 disertissimus;
2873 1217 2928 1265 et
2946 1213 3167 1282 carptim
3196 1214 3389 1271 diversi
3420 1217 3725 1289 Scriptores
3755 1239 3784 1280 e
3811 1241 3899 1281 va-

2322 1300 2416 1354 riis
2441 1301 2745 1356 auctoribus
2769 1301 3006 1359 edidere.
3030 1304 3132 1360 Sed
3161 1321 3259 1376 ego
3303 1307 3432 1363 illud
3473 1311 3708 1369 breviter
3735 1325 3786 1371 te
3816 1319 3908 1372 ad-

2322 1394 2645 1448 monendum
2670 1404 2818 1464 puto,
2859 1397 3171 1453 traditiones
3200 1400 3605 1460 Ecclesiasticas
3631 1404 3651 1477 (
3676 1423 3902 1477 praeser-

2323 1487 2414 1541 tim
2461 1501 2582 1558 qure
2635 1488 2757 1543 ﬁdei
2807 1502 2913 1544 non
2961 1489 3224 1564 oiﬁciant)
3255 1493 3327 1548 ita
3366 1491 3765 1567 observandas,
3795 1514 3901 1558 uta

2321 1580 2613 1648 majoribus
2637 1582 2843 1638 traditae
2870 1591 2994 1638 sunt
3023 1599 3039 1637 :
3069 1599 3166 1640 nec
3193 1586 3418 1643 aliorum
3442 1596 3899 1666 Consuetudinem,

2320 1674 2546 1729 aliorum
2573 1675 2843 1730 contrario
2872 1692 3022 1733 more
3048 1678 3304 1735 subverti.
3328 1682 3505 1754 Atque
3529 1687 3729 1742 utinam
3759 1692 3900 1747 omni

2322 1775 2564 1838 tempore
2585 1768 2827 1839 jejunare
2853 1773 3137 1841 possimus,
3169 1773 3310 1844 quod
3341 1775 3390 1830 in
3425 1778 3642 1834 Actibus
3673 1781 3900 1852 Aposto-

2321 1857 2494 1914 lorum
2537 1859 2726 1916 diebus
2753 1861 3100 1919 Pentecostes
3128 1871 3184 1920 et
3211 1863 3297 1920 die
3341 1867 3637 1937 Dominico,
3667 1871 3900 1945 Aposto-

2319 1949 2428 2004 lum
2460 1951 2720 2017 Paulum,
2768 1962 2824 2007 et
2865 1969 2986 2009 cum
3018 1968 3086 2011 eo
3131 1955 3414 2014 credentes
3442 1957 3636 2017 fecisse
3682 1962 3900 2035 legimus

2320 2041 2455 2113 (Act.
2503 2043 2590 2098 15.
2618 2043 2708 2099 20.
2738 2044 2802 2100 2i
2831 2045 2874 2116 ).
2907 2044 3016 2102 Nec
3047 2053 3226 2103 tamen
3282 2049 3587 2107 Manichaeae
3634 2052 3903 2114 hazrcscos

2319 2136 2604 2190 accusandi
2652 2148 2796 2205 sunt,
2851 2153 2972 2194 cum
3044 2141 3273 2198 carnalis
3319 2141 3467 2200 cibus
3510 2145 3749 2215 praeferri
3796 2166 3900 2206 non

2319 2225 2563 2282 debuerit
2582 2229 2864 2299 spirituali.
2896 2231 3286 2288 Eucharistiam
3312 2249 3520 2306 quoque
3542 2239 3745 2310 absque
3767 2257 3896 2297 con-

2317 2316 2661 2374 demnatione
2691 2322 2858 2375 nostri
2882 2363 2894 2385 ,
2923 2331 2975 2376 et
3009 2334 3276 2394 pungente
3301 2327 3620 2383 conscientia
3641 2371 3656 2396 ,
3687 2346 3902 2403 semper

2317 2411 2581 2481 accipere,
2612 2420 2667 2466 et
2691 2412 3027 2469 Psalmistam
3054 2415 3247 2470 audire
3285 2415 3550 2474 dicentem
3583 2438 3597 2475 :
3626 2421 3832 2479 Gustale
3855 2436 3900 2480 ct

2316 2501 2497 2568 videte,
2523 2503 2759 2573 quoniam
2783 2506 2950 2559 suavis
2986 2515 3056 2559 est
3085 2503 3381 2580 Dominus(
3409 2507 3552 2565 Psal.
3589 2512 3676 2568 39.
3709 2511 3817 2585 9),
3847 2526 3900 2571 et

2315 2607 2436 2648 cum
2465 2605 2531 2648 eo
2556 2607 2749 2650 canere
2776 2611 2788 2648 :
2865 2594 3024 2668 435
3100 2597 3364 2653 Eructavit
3387 2613 3475 2654 car
3501 2617 3666 2658 meum
3701 2606 3897 2661 verbum

2317 2685 2500 2740 bonum
2523 2685 2696 2758 (Psut.
2720 2687 2905 2758 44.1).
2934 2688 3044 2744 Nec
3064 2689 3166 2745 hoc
3182 2689 3322 2758 dict),
3345 2689 3422 2765 (ά)
3444 2693 3582 2764 quod
3602 2694 3788 2750 diebus
3821 2697 3898 2754 fe-

2316 2779 2769 2849 stisjejunandum
2794 2789 3006 2850 putem;
3027 2790 3081 2837 et
3095 2793 3369 2840 contextas
3386 2787 3760 2858 quinquaginta
3786 2789 3898 2844 die-

2317 2870 2420 2926 bus
2437 2870 2597 2926 ferias
2619 2870 2856 2927 auferam
2881 2889 2897 2928 :
2923 2871 3017 2928 sed
3040 2887 3366 2946 unaquaque
3385 2878 3652 2948 provincia
3671 2881 3900 2938 abundet

2317 2966 2370 3021 in
2395 2981 2556 3022 sensu
2583 2982 2703 3036 suo,
2723 2975 2776 3023 et
2803 2978 3066 3040 praecepta
3088 2969 3375 3041 majorum,
3393 2972 3538 3044 leges
3567 2975 3898 3044 Apostolicas

2315 3061 2629 3117 arbitretur.

2386 3155 2439 3208 7.
2474 3155 2586 3211 Duo
2615 3154 2850 3225 palliola,
2881 3163 2936 3211 et
2966 3154 3038 3227 (ε)
3072 3155 3474 3226 amphimallu'm
3495 3158 3561 3214 de
3585 3161 3688 3216 tuis
3712 3161 3894 3218 usibus

2314 3247 2399 3302 vel
2430 3247 2651 3314 utenda,
2685 3249 2765 3304 vel
2805 3249 3003 3304 sanctis
3049 3248 3224 3305 danda
3266 3252 3498 3321 suscepi.
3531 3252 3642 3323 Ego
3675 3254 3896 3324 insignia

2315 3342 2661 3413 paupertatis,
2687 3351 2741 3397 et
2767 3342 3090 3413 quotidianae
3133 3345 3377 3415 symbola
3407 3346 3735 3415 poenitentiae
3760 3391 3773 3414 ,
3804 3348 3894 3403 tibi

2315 3444 2370 3491 et
2398 3435 2570 3491 sorori
2619 3445 2722 3491 tua:
2769 3437 2892 3492 misi
2922 3453 2935 3492 :
2965 3446 3195 3508 quatuor
3218 3439 3445 3496 ciliciola
3476 3450 3594 3513 apta
3627 3444 3898 3514 proposito

2315 3538 2367 3584 et
2389 3530 2574 3584 usibus
2601 3530 2794 3585 vestris
2831 3550 2844 3584 :
2878 3539 2932 3586 et
2957 3531 3225 3600 codicem,
3257 3533 3360 3590 hoc
3387 3539 3469 3591 est
3499 3534 3569 3608 (Γ)
3600 3536 3784 3593 decem
3815 3540 3895 3594 vi-

2314 3620 2492 3676 siones
2521 3619 2669 3676 lsaiae
2709 3621 2866 3677 valde
2894 3622 3304 3681 obscurissimas
3325 3614 3348 3691 ,’
3369 3641 3499 3696 quas
3536 3642 3710 3698 nuper
3734 3629 3898 3685 histo-

2313 3712 2424 3768 rica
2472 3713 2845 3784 explanatione
2883 3715 3113 3771 disserui
3156 3735 3170 3773 :
3217 3726 3273 3773 ut
3299 3722 3744 3790 quotiescumque
3783 3737 3897 3778 mea

2313 3806 2567 3875 opuscula
2593 3806 2793 3862 videris
2822 3847 2837 3874 ,
2869 3808 3026 3864 toties
3052 3809 3211 3866 amici
3244 3809 3537 3867 dulcissimi
3569 3813 3896 3883 recordatus,

2314 3899 2704 3971 navigationem
2743 3914 2899 3970 quam
2947 3915 3232 3974 parumper
3270 3903 3588 3973 distuleras,
3620 3921 3801 3978 pares.
3833 3905 3900 3964 Et

2313 3992 2434 4063 quia
2460 4007 2566 4047 non
2600 4001 2682 4048 est
2709 3994 2760 4047 in
2791 3992 3006 4049 homine
3045 3995 3128 4050 via
3167 3995 3282 4066 ejus
3305 4039 3320 4062 ,
3349 4007 3403 4052 et
3433 4013 3461 4052 a
3495 3998 3722 4055 Domino
3749 4017 3896 4072 gres-

2313 4098 2404 4140 sus
2433 4084 2667 4140 hominis
2693 4084 2993 4161 diriguntur
3023 4085 3174 4159 (Jer.
3203 4086 3286 4143 10⁵.
3317 4087 3410 4161 23)
3445 4108 3458 4144 :
3483 4091 3525 4144 si
3556 4087 3691 4147 forte
3718 4091 3895 4164 (quod

2315 4179 2499 4246 procul
2541 4178 2702 4249 absit)
2745 4179 2946 4250 aliquid
2987 4178 3145 4236 fuerit
3185 4181 3570 4252 impedimenti,
3620 4199 3803 4255 quaeso
3843 4193 3898 4240 ut

2313 4263 2449 4340 quos
2472 4271 2669 4324 caritas
2690 4271 2880 4342 jungit,
2908 4282 3170 4328 terrarum
3201 4273 3474 4346 longitudo
3496 4287 3599 4329 non
3635 4286 3850 4348 separet
3880 4293 3894 4330 :

2313 4367 2367 4414 et
2403 4359 2681 4416 absentem
2711 4359 2998 4417 Lucinium
3028 4374 3268 4418 nostrum
3295 4406 3310 4431 ,
3341 4373 3552 4436 semper
3577 4375 3896 4437 praesentem

2314 4453 2621 4511 litterarum
2651 4455 3026 4512 vicissitudine
3052 4459 3364 4514 sentiamus.

2747 4561 3075 4618 EPISTOLA
3130 4560 3319 4619 Lxxu
3369 4561 3465 4634 (θ).

2668 4669 2736 4708 an
2761 4669 2996 4710 νιτΑιειί
3042 4655 3121 4726 (ἡ)
3153 4669 3541 4712 pnesnvrenuu.

2739 4743 2820 4800 De
2849 4746 3126 4802 Salomone
3169 4759 3214 4803 et
3257 4747 3450 4803 Achaz.

2314 4835 2474 4890 Alteri
2519 4834 2700 4891 Vitatis
2747 4837 2970 4908 epistolae
3009 4841 3340 4911 respondens,
3375 4840 3520 4894 docet
3543 4856 3636 4911 pro
3658 4858 3771 4897 vero
3796 4859 3900 4898 cre-

2377 4929 2456 4994 (d‘)
2488 4929 2777 4994 Depravatis
2798 4931 2937 4982 codd.
2963 4945 3080 4983 usus
3106 4934 3263 4984 editor
3285 4933 3638 4985 Benedictinus
3671 4938 3901 4989 omiserat

2315 4993 2486 5043 vocem
2516 4993 2863 5056 jejrmandum,
2888 5007 2983 5057 qua
3005 4996 3115 5044 siue
3141 5003 3273 5047 totus
3293 5008 3467 5046 sensus
3505 4999 3788 5057 intercidit,
3817 5013 3901 5049 nos

2315 5057 2618 5105 restituinuts
2641 5069 2706 5104 ex
2731 5057 2845 5105 Mss.
2872 5057 3081 5120 aliisque
3106 5059 3277 5121 editis;
3310 5059 3394 5122 qui
3437 5064 3604 5110 tamen
3645 5061 3900 5113 Dominicis

2315 5129 2402 5178 pro
2426 5117 2556 5180 [Estis
2581 5118 2770 5180 legunt.
2925 5179 2930 5180 ί

2314 5129 2402 5178 pro
2426 5124 2556 5178 [estis
2581 5124 2770 5178 legunt.

2814 5179 2961 5246 c.__.i8.
2984 5181 3203 5230 villosam
3224 5188 3414 5230 vestem
3432 5183 3772 5246 amphimlen
3791 5187 3901 5235 olim

2313 5242 2830 5307 ajxpellatamﬁiciget
2857 5241 3044 5307 Pollux‘
3071 5255 3297 5305 ipsumam
3333 5263 3490 5307 χιτῶνι,
3515 5241 3742 5298 tunicam
3784 5249 3902 5298 villis

2315 5300 2566 5373 hispidam.
2581 5302 2696 5373 "Sed
2720 5302 3076 5373 Ecclesiastieis
3090 5300 3377 5373 auctoribus
3393 5300 3707 5373 frequentius
3722 5309 3904 5373 amiabi-

2313 5361 2475 5412 bafum
2498 5365 2746 5424 scribitur,
2767 5373 2952 5433 estque
2991 5367 3133 5415 obvio
3165 5369 3322 5433 magis
3359 5361 3510 5433 sensu
3531 5408 3545 5433 ,
3591 5372 3716 5423 laxae
3756 5361 3906 5423 vestis

2313 5438 2473 5535 genus
2519 5439 2694 5489 corpus
2735 5427 3115 5490 circumquaque
3159 5427 3399 5482 ambiens.
3450 5427 3626 5483 Sever.
3675 5433 3906 5498 Sulpitius

2335 5489 2400 5535 ib.
2425 5488 2473 5535 2.
2499 5488 2750 5535 Dialoaor.
2779 5489 2827 5535 in
2855 5488 2962 5535 Vim
3004 5490 3055 5535 S.
3085 5489 3278 5535 Martini
3303 5505 3347 5535 (ξ-
3378 5494 3422 5535 1-
3450 5512 3473 5535 α
3508 5495 3744 5535 Sanctum-
3791 5509 3905 5535 mn-

2335 5489 2400 5536 ib.
2425 5488 2473 5537 2.
2499 5488 2750 5560 DialOgor.
2779 5489 2836 5560 in.
2855 5488 2963 5560 Vita
3004 5488 3055 5539 S'.
3084 5489 3281 5560 Martini
3303 5494 3422 5560 cui.
3450 5512 3474 5540 α
3508 5495 3746 5560 Sanctus,
3765 5488 3905 5560 ’ρευ-

2315 5563 2557 5660 ἕδη)ΐῖοη
2580 5551 2798 5612 vidente,
2826 5552 2950 5602 intra
2973 5552 3298 5614 amphibalum
3326 5557 3420 5605 sibi
3447 5559 3658 5608 tunicam
3697 5551 3905 5610 latenter

2329 5626 2332 5628 '
2383 5626 2454 5660 uc:
2483 5647 2494 5660 .
2522 5629 2543 5655 ν

2329 5620 2494 5660 educit.
2522 5629 2543 5655 ν

2379 5674 2442 5742 (1)
2481 5673 2602 5742 illud
2628 5674 2795 5724 decem
2818 5689 2879 5725 ex
2905 5677 3181 5742 Yerﬁonensi
3209 5678 3299 5728 Ms.
3325 5680 3681 5742 supplevimus,
3709 5699 3737 5732 a
3764 5685 3906 5734 tertio

2317 5738 2444 5786 enim
2486 5749 2552 5796 υξη
2575 5739 2643 5784 ite
2681 5750 2836 5798 us‘que
2875 5739 2934 5786 ad
2970 5741 3257 5802 vigesimum
3283 5738 3507 5802 (piari-um
3534 5738 3677 5794 Isaize
3701 5749 3907 5796 visiones

2318 5802 2666 5869 iutiuqorelatus
2694 5809 2813 5867 erat,
2838 5814 2958 5869 quas
2983 5801 3186 5869 Amabili
3214 5801 3449 5869 l£|_.isizopo
3475 5807 3811 5869 inscripserat.
3837 5809 3902 5858 lix

2318 5859 2396 5928 his
2411 5859 2778 5928 titititiiti:ri_tnt:iut
2795 5859 2937 5928 uniin
2958 5865 3238 5928 universum
3256 5859 3429 5915 ’lsaiat‘n
3449 5859 3653 5928 quintus
3671 5880 3745 5920 est
3765 5871 3884 5920 liber

2382 5923 2452 5986 (ᾳ)
2501 5920 2614 5986 flius
2645 5922 2740 5966 1:;2.
2779 5925 2965 5986 scriptu
2989 5922 3075 5971 huc
3101 5938 3175 5971 rm.
3204 5928 3311 5974 5198.

2385 5981 2458 6042 (λι)
2498 5981 2546 6029 1n
2579 5981 2813 6032 Vcroues.
2859 5984 3066 6050 aliisque
3115 5987 3227 6036 Mss.
3265 6006 3284 6035 u
3310 5989 3365 6039 ad
3394 5991 3610 6044 \"italcm
3653 5998 3907 6048 Fresbvtc-
