4146 6336
347 400 451 460 en
1676 385 2000 446 EPISTOLA
2037 373 2274 446 LXXII.
3489 393 3590 448 om

349 525 529 570 autem
552 512 782 583 Spiritus
805 511 1052 577 Sanetus,
1083 520 1271 580 panem
1295 505 1585 576 vinumque
1609 503 1913 574 protulerit,

348 618 406 665 et
439 608 673 663 decimas
731 604 943 676 prada,
977 616 1109 672 quas
1152 599 1420 655 Abraham
1491 596 1646 652 victis
1693 603 1919 665 quatuor

350 700 564 770 regibus
582 707 900 769 reportaret,
923 693 1206 764 acceperit,
1227 691 1447 746 omnino
1469 698 1687 760 tangere
1706 686 1916 742 noluit:

348 793 592 863 petisqne
620 798 679 843 ut
701 788 828 859 quid
857 787 1014 852 mihi,
1041 785 1126 840 vel
1155 783 1222 838 de
1246 782 1522 850 Scriptore
1539 821 1556 847 ,
1579 779 1664 833 vel
1689 777 1758 832 de
1782 790 1921 847 qua:-

349 884 523 936 stione
546 879 808 945 videatur,
854 875 1228 946 respondeam.
1276 873 1471 937 Fateor
1496 871 1641 926 volui
1667 869 1920 924 dissimu-

349 974 460 1029 lare
483 972 823 1035 sententiam,
845 984 946 1025 nec
969 985 1056 1024 me
1079 965 1381 1038 periculoso
1413 964 1488 1038 (a)
1516 973 1571 1020 et
1588 971 1918 1036 φιλιγκλήμονι

349 1065 577 1119 miscere
615 1061 880 1125 tractatui,
922 1062 976 1114 in
1035 1074 1142 1130 quo
1196 1057 1567 1129 quodcumque
1623 1054 1914 1120 dixissem,

349 1155 763 1227 reprehensores
811 1153 1086 1208 habiturus
1125 1151 1314 1205 forem.
1362 1145 1478 1204 Sed
1529 1160 1742 1202 rursum
1796 1157 1917 1198 cum

350 1246 643 1318 Epistolam
664 1245 918 1314 legerem,
935 1252 989 1298 et
1011 1243 1327 1297 invenissem
1351 1239 1403 1294 in
1427 1247 1666 1294 extrema
1687 1234 1915 1305 pagella,

350 1337 500 1392 miris
529 1351 614 1390 me
658 1332 1104 1391 obtestationibus
1130 1331 1430 1400 adjuratum
1454 1367 1469 1393 ,
1511 1341 1580 1382 ne
1608 1336 1917 1395 spernerem

349 1423 942 1497 precatorem:revolvi
995 1419 1154 1493 44],
1210 1418 1458 1474 Veterum
1474 1417 1659 1482 libros,
1682 1423 1740 1470 ut
1763 1412 1916 1467 vide-

352 1531 466 1572 rem
494 1515 621 1587 quid
651 1513 843 1584 singuli
887 1513 1144 1579 dicerent,
1169 1518 1224 1566 et
1251 1509 1344 1564 tibi
1365 1508 1513 1580 quasi
1538 1505 1606 1561 de
1626 1503 1913 1560 multorum

351 1607 595 1673 consilio,
628 1603 1034 1674 responderem.
1385 1609 1387 1611 ‘

417 1697 473 1751 2.
498 1697 791 1767 Statimque
817 1698 868 1750 in
892 1694 1066 1750 fronte
1090 1694 1362 1750 Geneseos
1375 1690 1452 1765 (ὁ)
1482 1690 1706 1761 primam
1737 1687 1916 1743 lloini-

351 1788 537 1844 liarum
569 1787 818 1857 Origenis
847 1786 1018 1856 reperi
1047 1786 1298 1856 scriptam
1325 1783 1393 1838 de
1419 1779 1834 1846 Melchisedech,
1863 1779 1916 1833 in

352 1897 451 1951 qua
474 1879 752 1949 multiplici
777 1893 1028 1933 sermone
1051 1878 1348 1946 disputans,
1368 1875 1493 1929 illuc
1511 1873 1792 1929 devolutus
1812 1875 1912 1935 est,

353 1980 409 2025 ut
426 1987 545 2026 eum
571 1969 828 2040 Angelum
849 1968 1071 2024 diceret.
1092 1967 1392 2037 Iisdemque
1414 1980 1548 2034 pene
1565 1960 1912 2034 argumentis,

349 2062 538 2132 quibus
567 2061 808 2129 Scriptor
834 2070 954 2114 tuus
974 2059 1042 2114 de
1067 2059 1267 2128 Spiritu
1297 2065 1501 2122 sancto,
1529 2055 1617 2110 ille
1637 2054 1705 2108 de
1731 2066 1918 2120 super-

350 2156 436 2209 nis
481 2154 761 2209 virtutibus
822 2160 907 2208 est
963 2152 1188 2206 locutus.
1231 2148 1475 2204 Transivi
1521 2145 1592 2200 ad
1639 2144 1916 2215 Didymuin

349 2255 663 2301 sectatorem
689 2245 824 2314 ejus,
845 2252 900 2298 et
925 2242 1033 2297 vidi
1057 2241 1325 2296 hominem
1353 2237 1580 2308 pedibus
1606 2235 1659 2290 in
1681 2233 1916 2303 magistri

350 2339 457 2394 isse
481 2338 820 2393 sententiam.
856 2334 1002 2390 Verti
1030 2347 1117 2388 me
1146 2331 1214 2384 ad
1242 2330 1609 2399 Hippolytum,
1635 2326 1915 2391 lrenamm,

350 2428 634 2483 Eusebium
663 2425 1064 2488 Caesariensem,
1095 2431 1150 2476 et
1174 2420 1508 2485 Emisenum,
1539 2414 1611 2490 (ο)
1640 2414 1915 2485 Apollina-

348 2537 464 2576 rem
507 2533 749 2590 quoqne,
798 2528 852 2572 et
895 2513 1224 2570 Eustathium
1271 2521 1551 2574 nostrum,
1577 2509 1668 2578 qui
1715 2506 1919 2577 primus

348 2614 695 2667 Antiochense
724 2609 974 2664 Ecclesiae
997 2608 1288 2677 Episcopus
1311 2612 1497 2659 contra
1521 2602 1708 2657 Arium
1731 2599 1918 2654 claris-

347 2706 486 2758 sima
532 2703 658 2757 tuba
698 2701 945 2756 bellicum
989 2699 1219 2754 cecinit:
1247 2708 1304 2752 et
1329 2695 1693 2766 deprehendi,
1723 2695 1914 2748 horum

345 2793 587 2848 onmiuni
635 2790 946 2862 opiniones,
993 2790 1216 2844 diversis
1259 2786 1804 2858 argumentationibus
1851 2799 1914 2840 ac

345 2883 676 2938 diverticulis
698 2881 767 2936 ad
795 2898 952 2935 unum
979 2881 1267 2950 compitum
1309 2877 1617 2948 pervenisse
1642 2916 1658 2944 ,
1687 2885 1744 2930 ut
1769 2875 1916 2930 dice-

349 2986 468 3029 rent
484 2971 874 3029 Melchisedech
891 2972 1156 3026 hominem
1170 2969 1335 3025 fuisse
1352 2969 1916 3035 Chananaium,regem

348 3067 496 3120 urbis
515 3064 880 3135 Jerosolymae,
904 3077 1022 3134 quin
1050 3062 1281 3134 primum
1302 3059 1504 3126 Salem,
1528 3067 1711 3129 postea
1728 3055 1914 3123 Jebus,

350 3157 417 3209 ad
455 3165 748 3211 extremum
784 3154 1080 3210 Jerusalem
1128 3152 1393 3222 appellata
1435 3151 1526 3206 sit.
1569 3149 1680 3204 Nec
1722 3147 1916 3204 mirum

349 3261 500 3314 esse,
533 3248 578 3300 si
615 3245 874 3302 Sacerdos
916 3244 1008 3300 Dei
1053 3241 1303 3298 altissimi
1338 3241 1675 3297 describatur
1715 3240 1916 3309 absque

350 3337 751 3392 c;rcutncisi0ne
799 3346 855 3390 et
902 3335 1157 3406 legalibus
1206 3333 1577 3397 caeremoniis,
1618 3339 1673 3386 et
1719 3344 1918 3401 genere

353 3433 525 3482 Aaron
550 3447 565 3484 :
590 3443 709 3484 cum
763 3426 896 3490 Abel
942 3441 1154 3498 quoque
1177 3465 1193 3491 ,
1221 3437 1275 3482 et
1303 3426 1485 3480 Enocli
1505 3463 1522 3491 ,
1548 3435 1604 3480 et
1641 3422 1753 3478 Noe
1801 3423 1916 3492 pla-

348 3521 554 3574 cuerint
592 3520 736 3587 Deo,
762 3528 819 3574 et
845 3518 1087 3572 victimas
1112 3517 1405 3572 obtulerint
1429 3533 1443 3570 :
1474 3524 1530 3570 et
1554 3515 1608 3570 in
1632 3514 1734 3569 Job
1764 3515 1916 3568 volu-

352 3610 492 3666 mine
517 3610 770 3680 legamus,
801 3609 941 3679 quod
965 3609 1078 3678 ipse
1105 3617 1162 3663 et
1185 3608 1396 3663 oblator
1421 3621 1701 3662 munerum
1732 3605 1912 3674 fuerit,

349 3710 406 3754 et
427 3699 671 3756 sacerdos
689 3742 706 3768 ,
731 3709 787 3756 et
809 3699 1043 3770 quotidie
1080 3714 1175 3768 pro
1201 3699 1323 3751 iiiiis
1352 3698 1463 3751 suis
1489 3697 1691 3751 hostias
1717 3696 1914 3750 immo-

353 3790 472 3845 larit
491 3789 629 3864 (Job.
653 3792 729 3862 1).
765 3791 831 3846 Et
859 3791 1008 3845 aiunt
1034 3791 1207 3860 ipsum
1232 3803 1446 3858 quoque
1473 3787 1576 3842 Job
1599 3802 1709 3842 non
1750 3786 1916 3841 fuisse

350 3885 419 3934 dc
445 3898 635 3952 genere
681 3881 843 3948 Levi,
870 3881 966 3936 sed
989 3879 1057 3936 de
1081 3880 1246 3950 stirpe
1271 3879 1413 3935 Esau
1440 3895 1456 3934 :
1493 3878 1620 3936 licet
1659 3877 1805 3934 aliud
1833 3878 1912 3949 (d)

353 3976 556 4030 ltebra'i
578 3984 876 4030 autument.

419 4067 471 4120 5.
511 4065 785 4134 Quomodo
818 4076 996 4119 autem
1037 4063 1150 4119 Noe
1189 4062 1482 4119 inebriatus
1509 4063 1564 4118 in
1594 4061 1756 4119 domo
1782 4076 1913 4129 sua,

351 4167 403 4212 et
431 4157 654 4214 nudatus
676 4165 838 4230 atque
863 4156 1069 4213 derisus
1094 4172 1124 4212 a
1151 4157 1224 4229 (e)
1247 4157 1497 4213 mediano
1519 4157 1626 4213 lilio
1648 4155 1799 4228 (Gen.
1829 4157 1913 4228 9),

413 4311 484 4386 (a)
501 4311 726 4386 Erasmus
739 4312 967 4363 mallebat
985 4325 1233 4378 τιλιγιαίιωνι.
1246 4314 1334 4386 Est
1354 4325 1517 4386 autem
1537 4327 1773 4386 τιλςτιλήμη
1790 4320 1918 4386 idem

350 4385 409 4440 ac
429 4375 625 4440 liberuer
647 4387 902 4440 aecum,
934 4375 1026 4440 seu
1068 4375 1398 4440 accusationi,
1423 4381 1519 4430 imo
1543 4375 1709 4432 'eti'am“
1743 4385 1920 4435 calum-

352 4437 443 4506 nia:
467 4437 606 4487 tacite
644 4438 1185 4506 patens._P_aulo_supra
1224 4442 1308 4506 ubi
1343 4437 1696 4506 descriptam,
1720 4458 1846 4498 unus
1868 4456 1921 4499 et

349 4497 476 4569 alter
498 4497 727 4569 e_nostris
749 4500 995 4569 codicibus
1016 4497 1204 4569 habent
1230 4504 1292 4554 de
1313 4497 1578 4569 scripturis.

407 4561 489 4636 (0)7
518 4560 1016 4636 Veterum_editorum
1041 4575 1141 4636 par,
1166 4560 1429 4636 Erasmus,'
1445 4578 1500 4636 et
1520 4567 1778 4636 Victorius,
1804 4575 1920 4636 quin

353 4622 500 4693 etiam
520 4622 844 4693 quiMMss.
869 4630 969 4672 tum
991 4622 1142 4693 uestri
1167 4635 1267 4693 tum
1288 4622 1544 4678 Benedict.
1566 4629 1620 4679 in
1641 4622 1801 4692 ptime
1821 4622 1919 4684 'uo-

349 4681 597 4748 mitioru'm
618 4682 837 4748 Origenis
858 4683 1017 4748 reperi
1036 4685 1284 4744 scriptum.

414 4745 502 4814 (ς)⁸
523 4743 806 4814 Promiscue
840 4743 1192 4814 Apollinarem,
1235 4753 1288 4796 et
1310 4748 1658 4814 Apollinarium
1681 4754 1921 4806 exhibent

351 4804 507 4852 nostri
530 4804 740 4862 codices,
767 4816 803 4867 7e
823 4804 1007 4867 quibus
1035 4805 1131 4853 duo
1173 4804 1359 4867 tantum
1389 4811 1572 4860 addunt
1600 4813 1714 4862 huic
1754 4804 1920 4867 vocem

350 4871 584 4938 nostrum,
595 4877 704 4914 cum
715 4864 863 4914 editis
867 4866 929 4938 ab
943 4864 1125 4938 Erasm_.
1143 4874 1193 4938 et
1208 4866 1436 4938 Vit-torio,
1452 4871 1501 4920 le
1505 4882 1724 4938 gnutque
1749 4893 1770 4920 ι
1782 4864 1924 4938 Apol;

352 4927 578 5000 linarium
599 4939 794 5000 qupque
816 4935 1047 5000 nostrum,
1073 4927 1458 5000 etuEustathium
1481 4927 1581 5000 qui,
1607 4927 1753 5000 s'ete.
1779 4927 1921 5000 qt'iam

353 4987 848 5056 lectionem'pluribus
872 4990 1110 5056 improbat
1127 4990 1447 5052 Martianwus,
1465 4987 1547 5056 qui
1566 4987 1619 5044 et
1637 4998 1732 5045 duo
1749 4987 1924 5051 recitat

353 5049 555 5100 aliorum
579 5049 928 5112 exemplarium
942 5049 1260 5112 glossemata.

417 5113 496 5176 (α)
531 5112 767 5178 Nimirum
807 5131 832 5158 ι
853 5126 885 5162 e
916 5120 1083 5162 contra
1119 5115 1318 5178 Hebraei
1357 5124 1600 5178 asserunt,
1639 5118 1703 5167 de
1734 5119 1924 5172 Nachor

358 5176 972 5242 eumstirpegeneratuin,
1001 5191 1023 5220 ι
1052 5183 1109 5225 ut
1131 5178 1234 5238 ipse
1257 5177 1467 5241 loquitur
1488 5176 1690 5230 Hieron.
1717 5184 1764 5231 in
1784 5183 1917 5242 Qua:-

357 5237 549 5304 stionib.
571 5237 624 5285 in
641 5237 769 5304 _Gen.
792 5251 834 5286 c.
860 5237 940 5304 ξιξ.
959 5237 1476 5304 eamqnesententiam
1497 5257 1585 5291 suo
1608 5244 1716 5304 ipse
1738 5237 1924 5295 calculo

357 5297 603 5365 conﬁrmat
638 5298 686 5345 in
723 5299 945 5365 (ξιιμ-22.
977 5316 1000 5344 ¢
1023 5297 1150 5349 Male
1171 5302 1317 5365 igitur
1339 5305 1528 5364 quidam
1551 5297 1806 5365 aestimant,
1829 5307 1925 5358 Job

358 5356 650 5434 degenere
688 5356 802 5434 esse
836 5360 984 5418 Esau,
1008 5376 1032 5406 ι
1061 5368 1115 5411 et
1136 5356 1342 5434 reliqua,
1357 5356 1476 5427 'qua:
1498 5380 1588 5434 suo
1610 5367 1718 5434 loco
1737 5356 1925 5430 θέρειιέ

360 5417 532 5489 demtis
555 5435 569 5482 ;
595 5424 786 5472 tametsi
810 5435 974 5486 neque
991 5417 1308 5489 argumentis,
1330 5417 1498 5489 neque
1521 5417 1819 5489 Scriptorum
1841 5445 1927 5479 au-

361 5482 584 5550 ctoritate
616 5492 844 5550 putemus
872 5482 1068 5550 eertum“
1093 5484 1270 5550 aliquid
1295 5482 1597 5548 exploratum
1615 5482 1695 5550 (ne
1734 5492 1921 5541 haberi.

362 5538 462 5590 Sed
482 5538 750 5595 Sacerdotii
782 5546 1014 5597 honorem
1034 5545 1160 5597 Jobo
1175 5538 1448 5599 communis
1470 5538 1694 5602 veterum
1726 5538 1922 5606 Danum

361 5609 602 5656 sententia
625 5609 810 5658 tribuit.

424 5664 492 5740 (e)
507 5667 710 5740 tegunt
729 5685 761 5720 a
781 5667 958 5740 majori
979 5666 1196 5740 filioduo
1221 5683 1254 5740 e_
1283 5673 1484 5740 nostris,
1510 5676 1810 5740 totidemque
1829 5677 1927 5727 Be-

363 5726 894 5795 ltcdictini'interpretis
906 5726 1020 5780 Mss.
1049 5732 1174 5790 libri,
1211 5732 1336 5782 alter
1352 5747 1384 5782 τι
1405 5726 1601 5785 minore.
1623 5726 1802 5789 Vocem
1825 5726 1926 5790 ine-

364 5785 508 5862 diana
546 5785 779 5862 nusquam
815 5795 1118 5862 invenimus,
1155 5785 1252 5862 iniu
1273 5807 1382 5862 cum
1406 5785 1646 5862 pleraque
1665 5785 1926 5854 vetustiora

2021 510 2206 571 typum
2225 501 2514 559 Salvatoris
2536 504 2780 575 prtebuit,
2797 513 2854 560 et
2869 503 3032 562 Cnam
3055 507 3235 579 populi
3249 506 3587 563 Judazornm:
3661 521 3666 526 '

2019 589 2244 647 Samson
2284 607 2495 662 quoque
2535 605 2744 650 amator
2781 598 3078 654 meretricis
3113 607 3171 654 et
3204 599 3452 668 pauperis
3477 598 3585 654 Da-

2021 679 2146 745 lilae,
2177 682 2346 737 multo
2371 683 2550 752 plures
2578 683 2810 740 hostium
2836 697 3099 754 mortuus,
3131 704 3289 758 quain
3319 689 3470 744 vivus
3494 702 3588 742 oc-

2022 769 2153 824 cidit
2180 769 2378 840 (Judic.
2405 773 2474 826 16
2492 774 2512 843 )
2531 813 2546 838 ,
2573 786 2629 828 ut
2653 773 2850 831 Christi
2882 778 3204 846 exprimeret
3243 779 3544 848 passionem
3567 796 3586 834 :

2021 875 2313 931 omnesque
2329 878 2466 932 pene
2495 862 2658 936 442
2681 866 2862 920 Sancti
2881 875 2934 921 et
2951 866 3269 923 Patriareba:
3295 877 3350 924 el.
3374 869 3587 940 Prophe

2023 958 2107 1015 tte,
2130 952 2180 1004 in
2207 953 2380 1021 aliqua
2409 968 2468 1008 re
2499 957 2717 1024 ligurum
2746 967 3124 1025 expresserunt
3153 957 3444 1014 Salvatoris
3469 975 3484 1024 ;
3508 960 3588 1014 sic

2021 1049 2076 1093 et
2091 1040 2499 1106 Melchisedech,
2517 1061 2582 1099 eo
2609 1048 2746 1115 quod
2774 1048 3107 1102 Chananqu
3132 1048 3311 1117 fuerit,
3329 1061 3502 1104 etnon
3520 1051 3588 1106 de

2019 1142 2218 1196 genere
2260 1129 2566 1186 Juda-orum
2587 1175 2604 1200 ,
2636 1136 2688 1188 in
2719 1147 2902 1206 typum
2927 1137 3270 1206 prxcessisse
3296 1140 3587 1196 sacerdotis

2021 1220 2115 1288 (al.
2140 1221 2448 1294 Sacerdotii)
2490 1225 2607 1279 Filii
2641 1227 2755 1293 Dei,
2778 1228 2845 1282 de
2869 1244 2975 1298 quo
2997 1228 3191 1283 dicitur
3217 1229 3269 1282 in
3296 1231 3589 1284 centesimo

2019 1323 2163 1364 nono
2189 1311 2397 1367 Psahno
2421 1334 2434 1366 :
2463 1313 2538 1367 Tu
2565 1332 2615 1368 es
2645 1317 2898 1372 Sacerdos
2926 1319 2980 1372 in
3007 1328 3248 1372 wlernum
3268 1359 3284 1386 ,
3311 1319 3588 1372 secundum

2017 1403 2246 1457 ordinem
2295 1403 2685 1462 Melchisedech.
2711 1409 2960 1470 Ordinem
3004 1422 3183 1465 autem
3241 1411 3356 1480 ejus
3405 1413 3586 1465 multis

2017 1493 2192 1548 modis
2226 1495 2663 1565 interpretantur,
2705 1500 2844 1568 quod
2877 1502 3025 1554 solus
3059 1511 3112 1554 et
3149 1516 3244 1556 rex
3295 1501 3488 1567 fuerit,
3530 1514 3589 1556 et

2016 1586 2287 1654 sacerdos,
2314 1597 2368 1642 et
2386 1598 2510 1643 ante
2533 1590 2992 1658 cii-eun‘ieisionem
3015 1590 3228 1646 functus
3254 1593 3584 1648 sacerdotio:

2017 1684 2078 1729 ut
2103 1691 2210 1730 non
2239 1687 2423 1747 gentes
2446 1693 2512 1732 ex
2541 1677 2762 1748 Judazis,
2783 1680 2879 1735 sed
2897 1680 3067 1736 Judaei
3090 1699 3118 1736 a
3141 1682 3388 1752 gentibus
3407 1698 3584 1738 sacer-

2017 1762 2220 1818 dotium
2252 1767 2574 1836 acceperint,
2600 1785 2773 1839 neque
2801 1783 2992 1826 unctus
3019 1772 3140 1826 oleo
3166 1772 3503 1838 sacerdotali,
3528 1783 3586 1828 ut

2017 1851 2185 1924 Moysi
2232 1867 2496 1927 praecepta
2542 1861 2872 1914 constituunt
2908 1860 3091 1931 (Leuit.
3136 1862 3230 1933 81)
3273 1879 3286 1915 :
3327 1863 3420 1918 sed
3465 1864 3585 1918 oleo
3668 1907 3670 1909 .

2017 1946 2407 2014 exsultationis,
2435 1958 2490 2002 et
2534 1949 2656 2004 tidei
2704 1953 2953 2019 puritate,
2984 1966 3158 2022 neque
3180 1953 3356 2008 carnis
3381 1962 3435 2008 et
3461 1968 3586 2008 san-

2015 2037 2193 2108 guinis.
2217 2033 2455 2095 vie’tiinas
2485 2042 2854 2109 inimolaverit,
2880 2042 2950 2114 (ι’)
2973 2051 3027 2098 et
3060 2043 3338 2112 brutorum
3375 2045 3582 2099 anima-

2017 2125 2144 2180 lium
2188 2139 2308 2183 exta
2357 2133 2651 2200 susceperit
2692 2149 2707 2187 :
2751 2132 2847 2188 sed
2895 2149 3031 2202 pane
3077 2143 3133 2190 et
3168 2136 3313 2204 vino,
3358 2135 3584 2206 simplici

2017 2231 2256 2288 puroque
2279 2223 2540 2278 sacriﬁcio
2563 2223 2762 2279 Christi
2791 2225 3123 2282 dedicarcrit
3152 2236 3581 2293 sacramentum;

2017 2317 2074 2364 et
2097 2311 2260 2366 multa
2283 2315 2384 2368 alia
2409 2329 2530 2384 quae
2554 2316 2856 2387 epistolaris
2885 2318 3118 2375 brevitas
3142 2333 3250 2375 non
3274 2319 3483 2390 recipit.

2088 2403 2142 2458 4.
2167 2403 2428 2462 Praeterea
2453 2407 2596 2479 (fort.
2621 2408 2903 2480 Praetereo)
2927 2411 3137 2480 plenius
3160 2425 3280 2466 esse
3302 2420 3582 2467 tractatum

2018 2493 2074 2550 in
2101 2496 2334 2566 Epistola
2363 2499 2429 2553 ad
2454 2499 2706 2556 Hebraeos
2736 2501 2888 2574 (Cap.
2918 2504 2997 2573 7),
3022 2519 3182 2573 quam
3203 2519 3390 2558 omnes
3411 2503 3584 2560 Graeci

2017 2589 2294 2658 recipiunt,
2316 2601 2369 2646 et
2389 2594 2626 2646 nonnulli
2647 2592 2984 2659 Latinorum,
3007 2596 3148 2665 quod
3177 2597 3276 2652 iste
3302 2596 3583 2652 Melchise-

2018 2679 2176 2747 dech,
2209 2681 2262 2736 id
2287 2691 2390 2747 est,
2410 2699 2500 2738 rea:
2523 2686 2712 2752 justus,
2737 2702 2831 2741 rex
2863 2686 3019 2741 fuerit
3043 2688 3220 2743 Salem
3240 2728 3256 2754 ,
3277 2688 3330 2743 id
3356 2697 3460 2754 est,
3491 2705 3584 2744 rea:

2018 2774 2179 2843 pacis,
2210 2774 2328 2830 sine
2353 2785 2523 2845 patre,
2551 2778 2668 2832 sine
2694 2790 2881 2845 matre,
2901 2779 2974 2851 (g)
3005 2790 3060 2836 et
3083 2783 3351 2851 quomodo
3379 2781 3480 2837 hoc
3504 2783 3587 2838 in-

2020 2866 2360 2935 telligendum
2383 2870 2485 2936 sit,
2510 2885 2616 2924 uno
2644 2873 2822 2926 statim
2852 2874 3014 2930 verbo
3047 2875 3300 2946 esplicari
3333 2879 3589 2944 ἀγηνιαλσ-

2017 2979 2154 3022 γητος
2175 2999 2190 3022 ,
2217 2976 2321 3012 non
2361 2962 2502 3029 quod
2523 2962 2728 3032 absque
2752 2972 2904 3033 patre
2927 2975 2980 3019 et
3019 2975 3188 3022 matre
3245 2968 3433 3036 fuerit,
3464 2985 3584 3023 cum

2017 3049 2259 3106 Christus
2285 3068 2496 3124 quoque
2521 3055 2810 3110 secundum
2841 3068 3121 3128 utramque
3147 3069 3387 3114 naturain
3410 3069 3465 3114 et
3492 3077 3588 3130 pa-

2019 3151 2152 3198 trem
2182 3144 2422 3200 habuerit
2442 3156 2495 3200 et
2517 3156 2763 3214 matrem,
2787 3149 2880 3203 sed
2903 3151 3044 3220 quod
3074 3151 3250 3206 subito
3277 3151 3584 3206 introduca-

2017 3243 2103 3290 tur
2145 3237 2196 3290 in
2239 3235 2432 3292 Genesi
2453 3241 2759 3296 occurrisse
2784 3223 3052 3296 Abraham
3097 3259 3127 3297 a
3168 3243 3316 3300 caede
3345 3244 3576 3300 hostium

2018 3331 2344 3396 revertenti;
2375 3343 2429 3386 et
2456 3348 2556 3388 nec
2581 3344 2728 3392 ante.
2755 3349 2854 3390 nec
2881 3346 3065 3405 postea
3092 3336 3208 3407 ejus
3233 3353 3426 3394 nomen
3451 3338 3588 3395 fera-

2018 3434 2105 3480 tur
2161 3426 2508 3498 adscriptnm.
2553 3427 2801 3484 Afﬁrmat
2843 3440 3022 3487 autem
3069 3433 3394 3502 Apostolus,
3443 3437 3585 3505 quod

2015 3521 2197 3574 Aaron
2245 3521 2637 3588 sacerdotium,
2681 3523 2732 3577 id
2781 3534 2898 3590 est,
2943 3526 3120 3596 populi
3148 3526 3492 3591 Judaeorum,
3533 3541 3588 3584 et

2019 3613 2333 3680 principium
2360 3614 2604 3669 habuerit
2631 3625 2686 3670 et
2715 3616 2874 3671 linem
2902 3634 2915 3670 :
2940 3618 3336 3674 Melchisedech
3367 3631 3545 3675 autent
3569 3661 3586 3686 ,

2017 3701 2068 3756 id
2109 3713 2225 3770 est,
2252 3701 2451 3758 Christi
2495 3716 2549 3759 et
2589 3706 2880 3774 Ecclesiae,
2906 3719 2958 3763 et
2999 3710 3050 3762 in
3099 3713 3421 3778 praeteritum
3453 3717 3586 3767 etin

2015 3793 2249 3856 futurum
2271 3806 2528 3849 mternum
2551 3797 2640 3863 sit,
2664 3798 2979 3867 nullumque
3007 3799 3249 3854 habuerit
3278 3811 3583 3858 auctorem:

2017 3898 2072 3946 et
2089 3887 2230 3959 quod
2252 3888 2508 3943 translato
2529 3889 2845 3953 sacerdotio,
2862 3889 2994 3959 legis
3007 3904 3216 3960 quoque
3233 3894 3454 3948 mutatio
3472 3894 3582 3948 fiat:

2017 3991 2077 4038 ut
2101 3996 2430 4052 nequaquam
2457 3981 2526 4035 de
2547 3982 2684 4051 Agar
2709 3982 2904 4036 ancilla
2924 4024 2939 4049 ,
2967 3993 3022 4037 et
3046 3993 3224 4039 monte
3249 3983 3409 4057 443
3435 3987 3585 4054 Sina,

2015 4075 2110 4131 sed
2146 4075 2214 4130 de
2251 4074 2383 4129 Sara
2411 4073 2598 4137 libera,
2623 4083 2677 4128 et
2713 4088 2838 4128 arce
2878 4073 3006 4129 Sion
3035 4075 3338 4145 egrediatur
3365 4079 3585 4134 verbum

2017 4167 2250 4235 Domini,
2272 4177 2328 4221 et
2351 4167 2438 4221 lex
2466 4167 2555 4220 Dei
2583 4167 2649 4221 de
2675 4165 2995 4222 Jerusalem.
3023 4167 3092 4222 Et
3119 4167 3484 4226 difﬁcultatem
3507 4175 3586 4228 rei

2020 4259 2100 4330 (Ii)
2149 4259 2320 4328 primo
2345 4266 2611 4328 exegerat,
2643 4258 2863 4312 dicens:
2891 4258 3058 4324 Super
3095 4275 3193 4328 quo
3228 4262 3414 4318 multus
3443 4265 3585 4320 nobis

2017 4395 2128 4460 quis
2147 4393 2278 4443 illam
2301 4401 2610 4460 expungeret
2645 4393 3173 4460 Cliamiunomen‘quod
3210 4399 3390 4457 subdit,
3429 4400 3590 4450 nullus

2019 4455 2342 4520 inspectorum
2366 4455 2696 4520 {Martiameo
2727 4457 2942 4520 codicum
2954 4455 3152 4520 habuit,
3176 4471 3264 4506 nos
3287 4455 3476 4509 unicum
3500 4475 3586 4511 na-

2019 4520 2082 4569 cti
2098 4517 2285 4568 'sumus
2305 4520 2356 4567 S.
2382 4517 2545 4570 Crucis
2567 4519 2617 4566 in
2638 4518 2914 4568 Jerusalem
2935 4518 3000 4566 de
3024 4517 3158 4568 Urbe
3180 4532 3312 4569 num.
3334 4521 3414 4570 59.
3440 4522 3592 4573 Paulo

2023 4581 2142 4689 intra
2164 4594 2252 4689 pro
2273 4587 2487 4630 mortuus
2501 4619 2514 4640 ,
2539 4579 2730 4643 quidam
2752 4579 2936 4628 habent
2955 4578 3218 4630 moriturus
3236 4618 3248 4640 ,
3283 4582 3411 4644 quod
3434 4587 3592 4648 magis

2023 4655 2052 4689 ι)
2071 4655 2160 4689 ace
2187 4677 2198 4689 .

2071 4651 2198 4691 acet.

2020 4655 2396 4776 p'i‘ii‘i’wm
2413 4702 2512 4776 Pinc
2721 4699 2857 4776 eis,
2873 4698 3120 4776 egeries.
3144 4707 3191 4751 ει
3211 4701 3455 4776 ονιςιοηςη
3475 4719 3588 4776 δαη-

2019 4762 2210 4832 gninem
2243 4762 2524 4832 ununalitun
2561 4762 2740 4832 dextrq
2781 4763 3058 4832 susceperit,
3093 4764 3584 4832 quomodo__vitiatnm

2021 4821 2162 4888 pejus
2183 4831 2327 4888 antea
2366 4824 2519 4888 locum
2553 4821 2841 4888 emendasse
2871 4821 2966 4872 sibi
2999 4821 3307 4888 persuaserat
3329 4827 3588 4886 Victorius,

2021 4883 2168 4947 quem
2191 4885 2412 4946 sequitur
2434 4885 2755 4947 Martianzeus.
2781 4883 2881 4932 Nos
2915 4883 3078 4947 veram
3115 4886 3376 4938 lectionem
3400 4883 3590 4939 nostro;

2022 4946 2131 4994 rum
2153 4949 2365 4993 omnium
2383 4981 2398 5006 ,
2421 4946 2551 5007 quod
2574 4946 2745 5007 mirum
2769 4952 2876 5003 est,
2899 4946 3116 4996 codicum
3139 4961 3379 5000 consensu
3411 4959 3463 5000 et
3496 4953 3591 5001 [ide

2022 5007 2325 5068 restituimus
2347 5020 2362 5066 ;
2385 5004 2564 5068 quibus
2579 5004 2867 5068 suifragatur
2890 5016 3033 5056 vetus
3054 5009 3204 5058 editio
3226 5023 3305 5060 an.
3333 5011 3469 5060 “96.
3497 5017 3591 5064 etsi

2022 5067 2261 5130 glossema
2294 5067 2436 5136 quod
2459 5075 2538 5117 ret
2574 5069 2678 5136 inet
2706 5074 2818 5136 post
2837 5082 3008 5117 vocem
3030 5079 3145 5136 egra
3160 5109 3174 5136 ,
3198 5071 3249 5121 id
3267 5080 3336 5122 est
3357 5073 3592 5136 quidquid

2023 5141 2166 5192 super
2189 5130 2467 5192 escantrest,
2505 5130 2686 5180 erroris
2706 5134 2856 5180 totius
2875 5143 3018 5181 causa
3048 5131 3219 5192 fuerit,
3234 5143 3288 5185 ut
3307 5130 3414 5183 rein
3437 5130 3596 5186 atten-

2023 5191 2160 5239 denti
2184 5191 2442 5240 constabit.

2088 5252 2163 5317 (g)
2187 5251 2646 5319 Interpretatiouem
2668 5254 2924 5319 sequentis
2945 5255 3079 5319 vocis
3097 5266 3372 5319 ιτινωλιτῃκ
3394 5255 3507 5306 heic
3527 5259 3597 5305 in-

2024 5314 2198 5364 serimt
2227 5315 2420 5376 quidam
2444 5314 2557 5363 Mss.
2583 5327 2727 5376 quam
2745 5314 2877 5364 forte
2903 5328 2966 5364 ex
2990 5316 3097 5366 libri
3121 5314 3205 5367 ora
3227 5314 3489 5368 intextum
3513 5325 3596 5366 re—

2025 5373 2283 5446 ceperunt,
2308 5375 2578 5440 legumque
2600 5373 2702 5426 Sine
2724 5384 2862 5440 patre
2883 5411 2897 5436 ,
2923 5377 3024 5428 sine
3047 5386 3218 5440 matre,
3258 5377 3362 5442 sine
3381 5379 3598 5442 genealo-

2074 5451 2123 5486 a.
2150 5444 2244 5486 θιε.

2023 5449 2123 5502 91a,
2150 5449 2244 5486 etc.
2872 5494 2893 5503 ς

2041 5560 2052 5562 _
2087 5498 2162 5562 (It)
2184 5497 2314 5562 Editi
2335 5498 2564 5562 prooemio
2586 5511 2604 5546 :
2625 5498 2768 5558 male,
2794 5505 2872 5546 est
2897 5500 3026 5562 enim
3049 5502 3118 5562 ad_
3131 5497 3346 5562 epistola:
3370 5497 3475 5546 fere
3496 5512 3602 5562 me:

2024 5558 2173 5629 diuiti,
2193 5561 2270 5629 cui
2295 5558 2630 5629 substituimus
2643 5573 2811 5609 Vocem
2832 5558 2988 5629 primo
3013 5575 3075 5629 ex
3101 5558 3305 5629 Regina:
3321 5559 3601 5629 _exemplari

2024 5619 2264 5693 ?15._'et§‘i
2299 5629 2560 5693 utrumque
2583 5621 2818 5693 pleraque
2841 5622 3064 5693 emittant
3087 5634 3101 5680 ;
3128 5619 3223 5693 alia
3232 5691 3241 5693 _
3256 5619 3469 5693 habeant
3481 5619 3602 5693 pro:-

2026 5685 2200 5750 bendo.
2224 5683 2342 5750 Post
2371 5679 2543 5750 vocem
2578 5679 3028 5750 ininteifpretabitis,
3061 5679 3147 5750 pro
3179 5691 3275 5740 qua
3292 5679 3522 5750 Vulgata,
3550 5688 3602 5734 et

2026 5748 2164 5810 pauci
2195 5746 2390 5807 quidam
2553 5744 2678 5804 apud
2708 5740 3036 5810 Martianteum
3071 5740 3458 5810 nnerpretabilis,
3493 5755 3603 5853 tum

2028 5815 2302 5853 sequuntur
2323 5818 2485 5853 omnia
2506 5818 2664 5853 usaue
2686 5803 2744 5853 ad
2761 5841 2774 5853 .
2809 5810 2856 5852 ει
2879 5814 2960 5851 vas
2981 5800 3239 5853 electionis.
3264 5803 3440 5853 absunt
3460 5817 3489 5853 a
3554 5819 3603 5853 e-

2028 5800 2313 5870 "sequuntur
2320 5807 2485 5870 omnia
2506 5800 2664 5867 usdue
2686 5803 2744 5854 ad
2761 5841 2774 5862 ,
2809 5800 2858 5852 si
2879 5814 2960 5851 vas
2981 5800 3239 5863 electionis,
3264 5803 3440 5854 absunt
3460 5817 3489 5855 a
3509 5800 3604 5854 Re-

351 5852 667 5924 .exemplaria‘
683 5862 868 5906 tantum
898 5855 1109 5904 habeant
1129 5869 1160 5904 α
1178 5852 1299 5918 ﬁlio,
1324 5852 1448 5907 haud
1469 5852 1604 5925 aegre
1625 5863 1866 5918 ferremus
1887 5852 1932 5920 si
2017 5852 2152 5936 ᾇῖιιῖ
2161 5852 2429 5920 codicibus.

765 5947 826 6007 S.
871 5948 1244 6010 Hinnomnn
1287 5947 1338 6010 Ι.

2891 5943 3382 6029 (Vingt-deux.)
3415 6009 3428 6022 ,
