4146 6336
577 383 682 437 ϐῗθ

575 508 737 546 sermo
767 500 858 554 est,
889 499 932 543 et
959 485 1404 555 inintcrpretabilis
1429 484 1616 555 (Hebr.
1656 485 1710 540 5.
1737 485 1832 554 Η)
1861 500 1874 536 :
1899 499 2005 538 non
2035 483 2156 553 quia

577 581 868 651 Apostolus
891 595 998 634 non
1028 579 1263 647 potuerit
1291 579 1339 632 id
1366 577 1729 646 interpretari,
1751 577 1842 631 sed
1869 577 1991 646 quia
2014 575 2156 628 illius

575 673 832 742 temporis
871 685 980 725 non
1023 670 1202 725 fuerit.
1252 669 1494 723 Hebraeis
1522 666 1664 722 enim
1688 707 1703 733 ,
1734 665 1786 721 id
1815 675 1897 720 est
1916 705 1930 730 ,
1956 663 2157 719 ludatis

575 761 946 832 persuadebat,
977 775 1082 815 non
1109 762 1217 829 jam
1250 759 1522 815 Fidelibus
1543 801 1557 825 ,
1585 758 1780 828 quibus
1807 756 2001 826 passim
2029 769 2154 825 pro-

583 855 735 908 deret
777 859 1197 907 sacramentum.
1237 851 1616 904 Verumtamen
1661 846 1709 901 si
1745 859 1841 900 vas
1883 843 2156 900 electionis

574 951 752 1013 stupet
779 943 844 997 ad
871 942 1220 1014 mysterium,
1243 950 1298 994 et
1341 940 1410 993 de
1445 953 1549 1007 quo
1582 936 1852 1005 disputat,
1886 932 2154 989 ineffabile

571 1035 886 1097 conﬁtetur;
919 1042 1119 1102 quanto
1160 1030 1325 1101 magis
1371 1043 1468 1082 nos
1497 1027 1772 1085 vermiculi
1812 1034 1869 1081 et
1912 1024 2152 1096 pulices,

570 1126 738 1180 solam
766 1125 1026 1180 debemus
1057 1122 1333 1178 scientiam
1365 1120 1589 1174 inscitia:
1617 1117 1860 1174 conﬁteri
1881 1159 1896 1184 ,
1935 1127 1988 1171 et
2034 1130 2150 1170 am-

571 1215 865 1283 plissimam
895 1213 1134 1278 domum,
1168 1226 1334 1282 parvo
1361 1209 1512 1280 quasi
1546 1207 1806 1263 foramine
1831 1205 2148 1261 ostendere:

569 1315 629 1359 ut
655 1305 896 1360 dicamus
932 1303 1040 1358 duo
1065 1302 1364 1358 sacerdotia
1393 1303 1530 1356 inter
1559 1315 1618 1356 se
1645 1300 1713 1354 ab
1732 1297 1986 1369 Apostolo
2006 1311 2152 1352 com-

572 1405 774 1463 parata,
805 1395 998 1465 prioris
1027 1394 1206 1464 pOpuli
1237 1403 1290 1448 et
1323 1391 1668 1463 posterioris?
1695 1390 1763 1444 Et
1789 1391 1888 1444 hoc
1910 1390 2019 1459 agit
2042 1397 2150 1443 tota

567 1487 928 1556 disputatione
947 1527 961 1550 ,
991 1495 1045 1539 ut
1072 1493 1194 1538 ante
1228 1483 1355 1538 Levi
1384 1492 1438 1537 et
1465 1483 1643 1536 Aaron
1665 1521 1679 1545 ,
1711 1480 1962 1535 sacerdos
1991 1477 2152 1533 fuerit

567 1574 954 1630 Melchisedech
987 1591 1052 1630 ex
1080 1574 1345 1644 gentibus,
1377 1571 1527 1642 cujus
1551 1581 1755 1626 tantum
1784 1570 1860 1642 (a)
1882 1569 2152 1640 princedat

567 1667 840 1730 meritum,
875 1675 930 1718 ut
958 1665 1149 1720 futuris
1179 1663 1544 1718 sacerdotibus
1569 1660 1894 1724 Iudaeorum,
1923 1661 1975 1713 in
2008 1659 2148 1714 lum-

566 1757 648 1810 his
692 1756 1024 1811 benedixerit
1057 1755 1348 1810 Abraham.
1377 1754 1678 1823 Tolttmque
1723 1751 1864 1822 quod
1909 1751 2149 1820 sequitur

566 1850 617 1903 in
641 1849 825 1904 laudes
845 1847 1257 1916 Melchisedech,
1272 1847 1336 1902 ad
1357 1845 1557 1901 Christi
1576 1855 1756 1915 typum
1768 1840 1978 1910 referri,
1997 1840 2148 1911 cujus

565 1943 836 2012 profectus
864 1942 1122 1998 Ecclesiae
1151 1947 1488 1995 sacramenta
1516 1947 1660 1992 sunt.

636 2038 689 2092 5.
735 2035 858 2090 Hinc
901 2035 1002 2106 legi
1051 2034 1103 2089 in
1144 2033 1453 2090 Grmcorum
1500 2028 1885 2093 voluminibus,
1915 2035 1971 2082 et
1993 2027 2145 2097 quasi

565 2129 860 2184 latissimos
908 2137 1168 2184 terrarum
1199 2127 1331 2182 situs
1353 2168 1366 2192 ,
1399 2125 1450 2179 in
1481 2125 1627 2179 brevi
1661 2123 1850 2177 tabella
1883 2121 2024 2177 volui
2050 2121 2146 2176 de-

565 2229 889 2283 monstrare,
923 2235 1026 2272 non
1053 2215 1349 2273 extendens
1374 2215 1546 2284 spatia
1571 2225 1823 2268 sensuum
1853 2222 2014 2282 atque
2040 2220 2150 2265 tra-

565 2319 832 2373 ctatuum.
861 2309 954 2364 sed
998 2307 1314 2378 quihusdam
1364 2305 1572 2376 punctis
1613 2312 1772 2373 atque
1812 2301 2147 2372 compendiis

565 2393 770 2454 inﬁnita
801 2399 1138 2470 significans,
1171 2407 1228 2451 ut
1271 2399 1323 2452 in
1370 2411 1528 2466 parva
1574 2395 1810 2466 Epistola
1851 2394 2140 2448 multorum

563 2491 720 2545 simul
761 2490 998 2545 disceres
1039 2489 1360 2543 voluntates.
1396 2487 1593 2542 Verum
1627 2486 1749 2556 quia
1788 2493 2030 2540 amanter
2059 2485 2144 2538 in-

565 2592 822 2650 terrogas,
851 2591 906 2635 et
937 2580 1184 2634 universa
1207 2594 1327 2648 qua:
1357 2578 1542 2643 didici,
1567 2576 1689 2631 fidis
1718 2577 1939 2632 auribus
1976 2577 2147 2632 inslil-

566 2671 722 2726 landa
750 2678 894 2735 sunt,
923 2684 1115 2740 ponam
1147 2678 1201 2724 et
1247 2668 1593 2723 llehrzeorum
1629 2669 1934 2737 opinionem
1964 2676 2051 2722 :et
2077 2681 2148 2723 ne

562 2761 692 2831 quid
741 2762 879 2816 desit
922 2760 1250 2825 curiositati,
1279 2760 1391 2827 ipsa
1440 2759 1698 2814 Hebraica
1746 2759 1905 2814 verba
1949 2759 2144 2814 subue-

563 2865 705 2908 ctam
752 2851 842 2922 (ὁ)
891 2865 1284 2907 vnucmssnsc
1352 2865 1525 2905 nenec
1595 2864 1760 2904 sua!
1809 2864 1926 2904 ποθι
1971 2865 2145 2904 ιειιειι

565 2963 764 3010 VAJAIN,
796 2961 899 3000 UH"
931 2961 1104 2999 CHOEN
1132 2960 1266 2998 LEEL
1299 2959 1454 3000 ELION
1482 2960 1494 2995 ε
1526 2959 1718 2998 γΑῐΒΑκ
1745 2959 1884 2998 CHEU
1912 2959 2144 2998 VAIONEB

563 3055 768 3095 IARUCII
813 3053 984 3092 ABBAN
1041 3054 1174 3097 LEEL
1229 3052 1381 3092 ΕΜοΝ
1435 3051 1568 3091 CONE
1615 3050 1813 3092 SAIIAII
1864 3052 1930 3090 \‘A
1977 3052 2140 3092 Αιιεεε

564 3146 802 3186 UBARUCH
831 3147 897 3184 ΕΙ.
927 3145 1078 3184 BLION
1111 3143 1244 3184 BSER
1270 3143 1480 3184 IAGGEN
1509 3143 1710 3182 εΑιιΑοιι
1739 3143 1962 3183 ΒΙΔυΛΟΠ
1993 3145 2144 3184 νμε-

563 3238 700 3277 τιιιςιη
730 3237 793 3276 t.o
821 3236 1031 3276 massa
1059 3235 1302 3275 MECCEOL
1331 3217 1498 3290 (Gen.
1527 3221 1614 3274 14.
1640 3220 1708 3275 18
1726 3218 1766 3289 ).
1797 3220 1948 3286 Quod
1975 3221 2141 3276 inter-

566 3321 809 3380 prctalur
846 3313 897 3365 in
926 3312 1170 3366 Latinum
1199 3312 1299 3366 hoc
1328 3312 1524 3366 modo:
1549 3310 1616 3365 Et
1649 3311 2021 3368 Melchisedech
2053 3331 2144 3370 rex

563 3408 740 3460 Salem
761 3448 776 3472 ,
809 3406 1015 3471 protulit
1046 3421 1231 3475 panem
1261 3415 1310 3458 et
1339 3406 1544 3468 vinum;
1573 3416 1684 3459 erat
1713 3415 1878 3461 autem
1908 3409 2142 3462 sacerdos

560 3495 724 3568 ω
806 3495 901 3550 Dei
916 3497 1097 3551 excelsi
1120 3512 1140 3549 :
1162 3497 1508 3566 benedixitque
1527 3495 1625 3560 illi,
1648 3508 1697 3551 et
1721 3500 1813 3565 ait,
1841 3498 2142 3554 Benedictus

560 3589 748 3642 Abram
777 3586 884 3642 Deo
911 3589 1136 3653 excelso,
1163 3590 1248 3658 qui
1289 3589 1474 3642 creavit
1523 3587 1700 3643 caelum
1741 3599 1790 3643 et
1837 3600 2024 3644 terram
2049 3607 2067 3644 :
2094 3602 2140 3645 et

559 3683 845 3736 benedictus
890 3679 1028 3736 Deus
1067 3681 1344 3737 altissimus
1367 3720 1387 3748 ,
1413 3680 1499 3749 qui
1529 3683 1740 3735 tradidit
1766 3681 1997 3735 inimicos
2028 3691 2139 3735 tuos

557 3776 610 3828 in
639 3791 790 3828 manu
815 3785 938 3839 tua;
963 3785 1010 3827 et
1040 3773 1180 3829 dedit
1205 3775 1250 3828 ei
1279 3774 1498 3828 decimas
1519 3790 1581 3828 ex
1602 3775 1852 3828 omnibus.
1873 3773 2138 3829 Tradunt-

555 3883 659 3937 quc
680 3865 820 3922 hunc
837 3882 959 3921 esse
983 3866 1106 3922 Sent
1137 3868 1364 3935 primum
1391 3865 1554 3919 liliut‘n
1577 3864 1711 3932 Noe,
1737 3874 1792 3922 et
1813 3881 1879 3922 eo
1903 3876 2138 3936 tempore

553 3975 661 4029 quo
683 3967 830 4012 ortus
851 3968 934 4014 est
957 3959 1174 4020 Abram,
1201 3957 1451 4011 habuisse
1476 3959 1648 4011 artatis
1673 3971 1844 4012 annos
1872 3965 2136 4014 trecentos

557 4051 864 4120 nonaginta,
893 4051 982 4119 qui
1028 4051 1098 4104 ita
1147 4057 1522 4119 supputantur.
1563 4049 1686 4106 Sem
1731 4060 1853 4120 post
1879 4050 2134 4105 diluvium

554 4159 693 4198 anno
721 4145 989 4207 secundo,
1020 4159 1141 4198 cum
1198 4155 1410 4199 Centum
1455 4155 1600 4200 esset
1627 4161 1888 4201 annorum
1908 4187 1922 4211 ,
1953 4147 2136 4217 genuit

554 4235 836 4303 Arphaxad
859 4252 871 4285 :
901 4247 1020 4302 post
1041 4236 1193 4306 cujus
1216 4245 1418 4300 ortum,
1442 4236 1574 4290 vixit
1597 4252 1770 4292 annos
1793 4240 2130 4308 quingentos,

553 4325 657 4382 hoc
685 4335 784 4392 est,
819 4327 974 4380 simul
1004 4336 1305 4382 sexcentos.
1337 4328 1625 4398 Arphaxad
1653 4345 1822 4384 annos
1849 4341 2003 4385 natus
2035 4332 2128 4385 tri-

555 4418 698 4488 ginta
727 4427 780 4472 et
805 4419 1040 4488 quinque
1061 4460 1076 4481 ,
1105 4418 1290 4488 genuit
1318 4418 1496 4474 Salcm
1519 4460 1532 4482 ,
1557 4419 1646 4488 qui
1675 4429 1730 4474 et
1757 4421 1869 4488 ipse
1900 4422 2128 4476 tricena-

547 4510 694 4576 rius,
725 4511 1023 4577 procreavit
1071 4508 1232 4575 Eber,
1265 4523 1422 4580 quem
1455 4508 1668 4578 triginta
1702 4517 1931 4578 quatuor
1958 4526 2128 4566 anno-

548 4614 668 4653 rum
698 4600 917 4669 lcgimus
943 4601 1192 4670 genuisse
1224 4599 1439 4671 Phaleg.
1470 4601 1701 4655 Rursum
1725 4600 1928 4675 Phaleg
1953 4603 2128 4673 exple-

545 4694 614 4746 tis
657 4693 809 4746 antiis
859 4693 1068 4763 triginta
1094 4734 1107 4756 ,
1150 4694 1330 4764 genuit
1378 4693 1530 4749 Rehu
1557 4713 1570 4747 :
1601 4695 1690 4764 qui
1735 4705 1790 4750 et
1840 4695 1975 4765 ipse,
2007 4707 2126 4767 post

547 4783 873 4853 trigesimum
925 4795 980 4838 et
1035 4786 1332 4841 secundum
1387 4788 1680 4843 nativitatis
1724 4805 1836 4844 sua:
1881 4805 2120 4858 annum,

606 4917 683 4978 (a)
715 4915 755 4965 Ε
779 4916 892 4988 Mss.
920 4917 1188 4988 plerisque,
1214 4926 1266 4968 et
1291 4921 1445 4969 veteri
1469 4922 1648 4982 sacpius
1671 4921 1861 4973 laudata
1885 4923 2116 4974 editione.

542 4978 698 5040 Antea
709 4986 831 5040 erat
851 4978 1103 5040 prwdicat'.

607 5039 680 5148 (ὺὲ
709 5037 831 5087 Vide
851 5037 914 5086 ad
939 5039 1066 5088 hunc
1109 5041 1263 5089 locum
1289 5041 1617 5090 Martiauaeum
1659 5053 1858 5095 veteres
1881 5047 2120 5097 editiones

607 5114 653 5148 er
675 5114 722 5148 ιο
732 5101 1066 5148 οεδιίεςιιιιιηηι.
1081 5101 1392 5148 Difiiciliores
1408 5116 1552 5148 voces
1565 5106 1740 5148 δαισαεὴ
1755 5105 1973 5148 biadmth-
1991 5113 2120 5148 num;-

540 5101 722 5170 acerhe
732 5101 1066 5170 castigantvni.
1081 5101 1392 5170 Difﬁciliores
1408 5116 1552 5170 voces
1565 5106 1743 5170 saraclt
1755 5105 1975 5161 biadaclt.
1991 5113 2120 5170 quae-

540 5115 722 5149 acerne
732 5115 1066 5208 casugauum.
1085 5115 1392 5150 Utmcutores
1408 5116 1552 5152 voces
1565 5115 1740 5155 saracn
1755 5115 1975 5161 Dtaaaclt.
1991 5123 2118 5170 quae-

538 5165 644 5230 dam
669 5174 846 5222 exemp
869 5164 964 5209 aria
985 5172 1145 5211 nostra
1165 5165 1568 5230 cll'eruutsarutlt,
1583 5164 1756 5230 bitiae]:
1775 5181 1790 5226 ;
1811 5182 1920 5216 cum
1937 5175 2118 5230 aspira-

539 5225 674 5272 tione
698 5231 860 5271 autem
895 5231 1191 5276 constanter.
1218 5223 1322 5279 Hel,
1348 5231 1399 5273 et
1423 5225 1606 5275 Helio".
1633 5223 1876 5278 Hebraice
1919 5223 2116 5293 integer

539 5296 672 5403 loc'tis
693 5306 766 5354 sic
786 5305 933 5355 habet
955 5313 1034 5390 pa
1084 5293 1201 5365 cii-1‘7
1247 5319 1403 5367 nam
1453 5294 1581 5371 chr:
1630 5310 1752 5403 ’τῆς
1779 5305 2113 5403 pws-virm

536 5374 638 5450 »ὁ
704 5403 857 5451 una
1070 5408 1240 5494 manu
1275 5411 1472 5461 rima
1524 5374 1668 5489 rex;
1707 5374 1938 5494 se}:

697 5468 989 5590 Eii-lvii
1004 5468 1254 5590 inhit—5n
1300 5499 1447 5590 111:1}
1488 5468 1624 5577 vam
1660 5506 1824 5558 mea
1847 5468 1949 5586 mp

541 5557 654 5634 5:7:
705 5557 887 5639 ’πωπω
1054 5588 1159 5666 pm
1389 5557 1692 5641 Mart'iauteus
1756 5607 1864 5644 cum
1906 5557 1937 5654 ζ

523 5679 648 5757 ΠΞῚΡ
672 5697 706 5757 ς.
730 5692 908 5757 caetera
935 5696 1005 5757 ex
1045 5680 1452 5757 Masspretharum
1477 5681 1675 5757 ingenio
1699 5693 1900 5757 veteres
1924 5694 2102 5744 editio-

524 5745 874 5818 nc‘s'sulnlunt;
901 5753 952 5818 et
973 5758 1080 5806 qun-
1106 5745 1216 5792 iinlc
1243 5750 1509 5805 sequuntur
1537 5749 1698 5806 verba,
1720 5755 1845 5810 quod
1867 5755 2103 5818 ἰηίσνριορ.

528 5813 672 5864 Ιιεῑην,
701 5816 793 5855 etc.
817 5813 1062 5854 omillltttl.

1872 346 2113 426 sﬁucrt
2155 367 2535 424 IIIERONYMI

3741 387 3847 448 680

2276 480 2444 535 edidit
2485 480 2653 552 Serug
2678 478 2786 538 :Qle
2825 502 2930 556 quo
2968 502 3088 544 cum
3137 490 3204 546 ad
3239 475 3466 562 'trigiuta
3513 502 3844 568 pervenisset

2259 586 2450 637 annos,
2470 582 2621 630 ortus
2643 585 2723 630 est
2745 575 2954 634 Nachor
2976 597 2991 633 :
3015 583 3105 650 qui
3127 583 3320 654 viginti.
3335 600 3528 642 novem
3553 603 3835 662 annorum,

2257 665 2442 733 genuit
2479 665 2656 722 Thare
2682 683 2697 720 :
2727 684 2884 739 quem
2931 671 3159 742 legimus
3201 677 3346 745 quod
3392 689 3837 753 septuagenarius

2257 757 2440 826 genuit
2467 759 2686 823 Abram,
2717 770 2772 815 et
2800 761 3030 831 Nachor,
3061 774 3116 821 et
3145 767 3311 822 Aran.
3344 769 3584 842 Supputa
3612 791 3710 846 per
3733 780 3844 836 sin-

2256 849 2406 920 gulas
2435 861 2620 908 anates
2647 868 2905 911 annorum
2934 872 3216 914 numerum
3238 901 3254 927 ,
3283 871 3337 916 et
3378 865 3618 923 invenies
3647 871 3716 925 ab
3745 888 3834 927 or-

2259 947 2314 994 tu
2342 940 2465 995 Sem
2487 981 2502 1008 ,
2531 957 2698 1012 usque
2742 943 2808 998 ad
2851 949 3254 1016 generationem
3296 953 3495 1010 Abram
3517 997 3532 1022 ,
3568 967 3842 1019 trecentos

2257 1035 2544 1105 nonaginta
2569 1053 2758 1093 annos.
2781 1040 3020 1098 Mortuus
3047 1058 3130 1099 εει
3155 1057 3336 1102 autem
3363 1050 3634 1110 Abraham
3661 1065 3840 1112 cente-

2254 1127 2393 1181 simo
2422 1131 2815 1201 septuagesimo
2841 1135 3027 1204 quinto
3053 1139 3224 1193 aetatis
3260 1156 3372 1195 sua:
3409 1157 3572 1198 anno.
3615 1146 3841 1206 Ratione

2254 1216 2502 1310 deducta,
2527 1221 2796 1278 invenitur
2819 1226 2966 1291 Sem,
2992 1229 3243 1300 abnepoti
3270 1246 3368 1288 suo
3395 1235 3590 1292 decimi
3619 1242 3836 1310 gradus,

2257 1306 2348 1403 (e)-
2369 1309 2662 1403 Abraham,
2695 1319 3057 1384 supervixisse
3085 1337 3256 1378 annos
3283 1326 3496 1395 triginta
3527 1306 3778 1403 quinque.

2323 1399 2378 1455 6.
2419 1400 2694 1474 Simulque
2721 1415 2776 1462 et
2800 1407 2902 1463 hoc
2930 1411 3164 1480 tradunt,
3193 1417 3338 1484 quod
3363 1433 3531 1490 usque
3548 1399 3624 1477 ad
3651 1399 3826 1482 sacer-

2245 1488 2455 1584 [dolium
2483 1493 2661 1550 Aaron
2682 1537 2698 1562 ,
2736 1511 2923 1554 omnes
2969 1503 3309 1573 primogeniti
3357 1521 3421 1561 ex
3447 1488 3638 1581 ﬁstirpe
3682 1515 3792 1572 Noe
3815 1559 3832 1584 ,

2251 1580 2402 1671 cujus
2431 1584 2599 1640 series
2627 1597 2681 1641 et
2711 1589 2846 1644 ordo
2873 1591 3216 1659 describitur,
3249 1596 3443 1654 fuerint
3483 1580 3830 1671 sacerdotes,

2249 1678 2304 1724 et
2333 1670 2445 1726 Deo
2471 1673 2718 1731 victimas
2746 1678 3077 1738 immolarint
3103 1701 3115 1736 :
3138 1696 3193 1739 et
3223 1689 3337 1744 haec
3365 1704 3486 1746 esse
3517 1670 3832 1765 primogeni-

2250 1768 2322 1862 ta,
2353 1778 2470 1832 quae
2495 1763 2635 1862 Esau
2667 1768 2815 1824 fratri
2847 1787 2944 1827 suo
2989 1776 3288 1832 vendiderit
3331 1780 3497 1836 Jacob
3528 1763 3827 1862 (Gem—27).

2249 1850 2731 1926 Necessemirum,
2754 1862 2798 1914 si
2839 1863 3228 1921 Melchisedech
3269 1869 3454 1925 victori
3503 1850 3699 1932 Abram
3735 1850 3827 1934 oh-

2249 1944 2390 1998 viam
2449 1950 2805 2018 processerit,
2852 1963 2908 2009 et
2970 1956 3021 2009 in
3070 1957 3416 2016 refectionem
3469 1973 3574 2020 tam
3625 1969 3828 2040 ipsius,

2251 2052 2410 2107 quam
2428 2051 2779 2110 pugnatorum
2805 2048 2943 2116 ejus,
2965 2064 3129 2118 panes
3146 2052 3434 2124 vinumque
3467 2062 3763 2127 protulerit,
3778 2077 3831 2119 et

2249 2129 2583 2187 benedixerit
2626 2135 2694 2200 ei,
2715 2151 2835 2191 cum
2855 2138 3113 2211 abnepoti
3154 2158 3253 2197 suo
3278 2143 3378 2200 hoc
3400 2146 3519 2216 jure
3545 2150 3828 2209 debuerit:

2248 2231 2302 2276 et
2329 2222 2564 2279 decimas
2607 2228 2809 2295 pra-dae
2853 2239 3013 2300 atque
3051 2233 3291 2290 victoriae
3331 2241 3595 2310 acceperit
3623 2245 3690 2299 ah
3718 2262 3826 2301 eo:

2248 2315 2361 2408 sive
2401 2317 2545 2408 quod
2589 2317 2815 2375 habetur
2857 2323 3197 2395 ambiguum,
3245 2328 3360 2399 ipse
3405 2331 3612 2389 dederit
3656 2337 3704 2391 ei
3751 2337 3832 2408 (di

2248 2404 2560 2462 substantias
2589 2423 2700 2465 suae
2723 2411 2957 2468 decimas
2976 2457 2990 2480 ,
3015 2424 3070 2470 et
3097 2418 3293 2474 avitam
3318 2421 3614 2492 largitatem
3649 2404 3827 2484 osten-

2246 2496 2387 2552 derit
2416 2499 2469 2554 in
2519 2511 2790 2572 nepotem.
2851 2505 3013 2580 M5
3080 2509 3375 2583 Utrumque
3427 2517 3568 2572 enim
3610 2520 3826 2592 intelligi

2247 2601 2457 2659 potest,
2486 2603 2538 2650 et
2560 2595 2710 2665 juxta
2743 2597 3059 2656 Hebraicum
3091 2613 3145 2658 et
3179 2605 3330 2673 juxta
3359 2607 3702 2682 Septuaginta
3751 2617 3830 2671 in-

2249 2691 2529 2753 terpretes,
2555 2689 2695 2757 quod
2723 2699 2778 2744 et
2807 2691 2921 2760 ipse
2947 2697 3215 2764 acceperit
3243 2697 3478 2754 decimas
3532 2706 3828 2773 spoliorun,

2247 2775 2550 2832 etAbrahze
2578 2779 2789 2836 dederit
2815 2783 3054 2839 decimas
3103 2788 3416 2845 substantia:
3459 2809 3569 2849 sua:
3612 2813 3626 2849 :
3666 2814 3827 2867 quan-

2247 2882 2404 2937 quam
2433 2871 2726 2940 Apostolus
2754 2875 2805 2928 iu
2837 2876 2895 2944 Ει
2917 2878 3073 2932 istola
3100 2895 3192 2934 sua
3219 2881 3284 2936 ad
3318 2883 3570 2940 Hebrzros
3600 2887 3745 2958 (Cap.
3774 2893 3830 2957 7)

2247 2962 2586 3028 apertissime
2613 2964 2848 3028 tleliniat.
2881 2983 2984 3021 nou
3015 2970 3614 3044 Ahrahamsuscepisse
3644 2997 3670 3029 a
3702 2980 3825 3034 Mcl.

2247 3048 2536 3106 chisedech
2571 3054 2808 3109 decimas
2832 3056 3139 3114 divitiarum
3163 3062 3299 3131 ejus,
3316 3065 3408 3119 sed
3428 3066 3493 3120 de
3518 3070 3702 3138 Spoliis
3729 3072 3822 3125 ho-

2246 3140 2428 3205 stium,
2463 3153 2668 3211 partem
2695 3149 2968 3216 accepisse
2995 3151 3327 3211 Pontiﬁcem.

2317 3231 2369 3284 7.
2403 3230 2580 3286 Salem
2609 3242 2784 3290 autem
2809 3253 2938 3304 non,
2971 3250 3027 3295 ut
3056 3241 3344 3314 Iosephus,
3368 3256 3422 3303 et
3449 3253 3614 3306 nostri
3641 3269 3828 3311 omnes

2245 3321 2574 3380 arbitrantur
2603 3340 2724 3382 esse
2749 3328 2814 3399 (f.
2848 3332 2943 3402 est)
2973 3331 3294 3403 Jerusalem,
3325 3354 3519 3396 nomen
3545 3359 3608 3398 ex
3639 3344 3827 3400 Grmt-o

2243 3413 2610 3486 Hebraicoque
2637 3421 3016 3489 compositum,
3049 3425 3192 3494 quod
3219 3429 3514 3485 absurdum
3543 3447 3662 3489 esse
3681 3476 3694 3497 ,
3728 3451 3824 3504 pe-

2242 3505 2467 3572 regrina:
2510 3507 2704 3577 linguae
2751 3512 2980 3566 mixtura
3030 3515 3522 3577 demonstrat:sed
3567 3526 3823 3594 oppidum

2236 3595 2386 3666 juxta
2417 3598 2805 3670 Scythopolim,
2835 3603 2978 3672 quod
3011 3621 3180 3675 usque
3211 3609 3368 3666 hodie
3396 3614 3694 3683 appellantur
3719 3617 3819 3670 Sa-

2241 3689 2366 3753 lem,
2398 3698 2453 3743 et
2478 3691 2778 3747 ostenditur
2803 3694 2872 3749 ibi
2906 3696 3158 3764 palatium
3177 3699 3593 3772 Melchisedech,
3617 3719 3681 3760 ex
3705 3722 3818 3759 ma-

2239 3780 2513 3850 gnitudine
2544 3783 2844 3849 ruinarum,
2874 3788 3071 3842 veteris
3093 3793 3274 3860 operis
3300 3795 3592 3850 ostendens
3619 3797 3820 3867 magni-

2240 3870 2503 3926 ﬁcentiam
2533 3874 2638 3930 :de
2665 3891 2772 3945 quo
2804 3877 2856 3930 in
2891 3881 3192 3947 posteriore
3220 3899 3431 3954 quoque
3461 3896 3608 3956 parte
3639 3888 3814 3944 Gene-

2237 3978 2360 4018 seos
2387 3966 2646 4034 scriptum
2677 3975 2781 4022 est.
2819 3967 2965 4022 Venit
2991 3970 3152 4025 Jacob
3182 3974 3234 4027 in
3263 3974 3454 4030 Socoth
3475 4017 3490 4042 ,
3533 3977 3585 4032 id
3611 3988 3693 4033 est
3712 4021 3726 4043 ,
3758 3981 3814 4033 in

2237 4054 2586 4122 tabernacula,
2609 4067 2654 4111 et
2697 4059 2816 4128 fecit
2859 4060 2952 4114 sibi
2983 4063 3048 4115 ibi
3080 4063 3256 4118 domos
3304 4077 3456 4137 atque
3501 4071 3744 4138 tentoria,
3773 4082 3818 4124 et

2237 4149 2464 4202 transivit
2492 4151 2544 4205 in
2568 4150 2744 4206 Salem
2766 4153 3016 4210 civitatem
3043 4157 3262 4226 regionis
3285 4158 3511 4218 Sic/tem.
3535 4178 3651 4218 auct
3669 4165 3815 4218 estin

2236 4245 2369 4291 terra
2397 4238 2640 4295 Chanaan
2668 4242 2818 4315 (Gen.
2851 4246 2938 4300 55.
2966 4247 3052 4300 17.
3081 4261 3127 4301 et
3152 4250 3261 4317 18).

2305 4329 2357 4384 8.
2396 4330 2856 4390 Considerandum
2903 4355 3116 4410 quoque
3160 4351 3275 4410 est,
3316 4345 3460 4414 quod
3501 4346 3734 4404 Abrahm
3781 4368 3814 4405 a

2231 4422 2378 4476 eazde
2401 4421 2632 4480 hostium
2655 4431 2972 4496 revertenti;
2995 4447 3129 4502 quos
3157 4451 3464 4505 persecutus
3508 4448 3589 4495 est
3642 4457 3816 4512 usque

2232 4513 2343 4605 Dan
2372 4514 2540 4584 (Gen.
2569 4519 2670 4589 14)
2693 4561 2708 4585 ,
2736 4537 2856 4592 qua:
2887 4523 3046 4582 hodie
3072 4527 3280 4585 Paneas
3307 4532 3399 4599 (al.
3424 4531 3686 4604 Pameas)
3714 4549 3815 4605 ap.

2231 4603 2491 4674 pellatur;
2552 4623 2658 4664 non
2706 4611 2774 4682 (e)
2826 4613 2980 4670 devia
3027 4616 3324 4676 Jerusalem
3353 4663 3369 4688 ,
3415 4622 3508 4678 sed
3553 4603 3811 4696 oppidum

2227 4703 2585 4772 metropoleos
2626 4705 2873 4775 Sichem,
2906 4710 2959 4765 in
3005 4712 3199 4771 itinere
3239 4716 3404 4772 fuerit
3436 4736 3449 4772 :
3481 4717 3552 4774 de
3594 4735 3702 4790 quo
3750 4722 3833 4786 in,

2228 4794 2518 4867 Evangelia
2546 4815 2762 4872 quoque
2789 4803 3020 4875 legimus
3049 4825 3062 4860 :
3095 4806 3225 4862 Erat
3255 4821 3424 4864 autem
3445 4812 3673 4868 Joannes
3713 4801 3829 4876 ἱνα-ξ

2227 4887 2423 4952 ptizans
2451 4889 2504 4943 in
2533 4889 2740 4958 Ennon,
2759 4896 2914 4964 juxta
2940 4898 3125 4966 Salim,
3149 4903 3268 4972 quia
3289 4921 3436 4974 aqua
3460 4918 3604 4961 erant
3631 4910 3802 4961 multa:

2223 4977 2293 5031 ibi
2323 4979 2513 5046 (Joan.
2559 4982 2650 5052 ὅ).
2683 4984 2791 5040 Nec
2838 4986 3037 5057 refert,
3085 5001 3261 5047 utrum
3311 4994 3512 5062 Salem,
3545 5011 3613 5051 an
3641 4997 3804 5052 Salim

2223 5070 2562 5140 nominetur,
2591 5090 2711 5130 cum
2751 5079 3023 5135 vocalibus
3053 5082 3104 5137 in
3132 5085 3311 5140 medio
3341 5085 3539 5143 litteris
3586 5104 3804 5158 perraro

2222 5171 2438 5220 utantur
2463 5165 2694 5237 llebraii,
2725 5179 2780 5224 et
2808 5185 2906 5241 pro
2931 5173 3206 5230 voluntate
3236 5177 3520 5246 lectorum,
3546 5195 3612 5236 ac
3633 5184 3802 5237 varie-

2283 5337 2505 5416 _(£)Li\_'on_
2536 5352 2768 5416 repet-unt
2801 5347 2890 5396 hoc
2924 5347 3028 5398 loco
3050 5351 3260 5416 Alirahm
3298 5366 3474 5402 nomen
3504 5360 3802 5408 vetustiores

2216 5401 2610 5479 membranauuiu'
2629 5407 2775 5478 editis
2794 5422 3112 5479 ver_o_seusus
3136 5424 3198 5461 eo
3231 5415 3334 5475 ipso
3355 5401 3800 5479 ὸΙώειιι-ἱῖίιξῖίιῖζθῖί

2215 5467 2492 5526 punctiouis
2513 5476 2707 5526 quoque
2731 5469 2852 5517 virio
2877 5470 3140 5520 laborabat.

2279 5520 2356 5630 ((2
2394 5521 2448 5590 In
2470 5520 2754 5595 quibusdam
2786 5529 2902 5580 Mss.
2926 5533 3152 5593 primitur:
3163 5535 3372 5584 habetur
3395 5552 3480 5598 pro
3503 5542 3767 5592 satiatatum
3783 5585 3794 5605 ,

2290 5595 2319 5629 (ι
2353 5596 2427 5630 Ωιτ
2451 5599 2536 5630 DI'O
2559 5595 2748 5630 (ll’llﬂm-

2215 5587 2268 5630 et
2290 5587 2427 5644 abavi
2451 5599 2536 5644 pro
2559 5587 2748 5636 mitam.

2279 5642 2928 5722 {ej-ﬁensum.pervertunt
2979 5655 3215 5722 hactenus
3259 5659 3404 5718 editi,
3447 5663 3543 5710 imo
3593 5664 3792 5722 tollunt,

2212 5703 2652 5787 legentes:
2765 5712 2976 5787 (duobus
2995 5703 3183 5787 verhisi
3191 5703 3796 5787 :leruaiiletnts’ed'

2213 5768 2539 5847 metropoleos,
2552 5777 2652 5847 etc.
2666 5768 2922 5847 Nostriqu
2943 5784 3019 5825 vel
3029 5788 3099 5826 ust
3109 5768 3260 5847 locum
3271 5768 3491 5833 codicilli;
3509 5768 3606 5847 ὃ]ἷὲ
3620 5768 3793 5836 {filii-II-

2211 5825 2394 5886 tlamus,
2424 5836 2475 5877 ut
2498 5825 2664 5881 textus
2688 5841 2734 5883 et
2759 5837 2918 5884 series
2941 5825 3370 5893 necessehaheuti
