4146 6336
312 366 418 424 685

322 492 514 548 tatem,
545 481 814 538 viventem
844 480 1008 536 ﬁlium
1037 480 1090 534 in
1114 477 1308 550 Legem
1328 516 1346 542 ,
1378 474 1724 544 Gratiamque
1748 471 1887 528 divi-

322 573 616 629 dereznon
663 571 808 642 quod
855 571 1065 641 probet,
1112 566 1208 625 sed
1256 566 1396 638 quod
1445 565 1512 620 ad
1559 562 1890 635 arguendum

321 661 641 718 calumniam
665 661 992 733 Synagogae,
1037 659 1140 714 hoc
1167 657 1306 719 velle
1334 672 1394 712 se
1420 655 1580 710 dicat.
1612 654 1706 708 illa
1727 691 1743 717 ,
1773 664 1892 723 quae

322 753 534 808 nolebat
559 752 817 808 Ecclesia:
843 752 1010 806 lilium
1039 749 1092 804 in
1119 749 1290 820 gratia
1319 747 1520 812 vivere,
1545 759 1644 800 nec
1677 759 1771 813 per
1799 741 1891 796 ba-

320 843 569 914 ptismum
595 843 836 908 liberari,
857 841 1086 897 libenter
1115 839 1276 896 habet
1303 838 1469 894 dividi
1503 850 1760 908 puerum:
1784 847 1891 888 non

315 943 372 990 ut
410 933 714 1004 possideat,
738 933 835 988 sed
880 941 938 988 ut
975 931 1277 988 interficiat.
1307 930 1568 986 Eccmsu
1604 940 1746 990 ρυειί
1792 925 1894 980 scit

313 1039 467 1079 suum
495 1037 636 1093 esse,
665 1023 894 1079 libenter
916 1021 1163 1079 concedit
1191 1021 1431 1084 aemulae,
1462 1019 1587 1073 dum
1619 1017 1763 1070 vivat
1787 1015 1893 1069 sal-

316 1124 420 1170 tem
466 1114 607 1184 apud
648 1114 1010 1170 adversariam
1041 1133 1057 1168 :
1094 1128 1162 1168 ne
1206 1112 1348 1166 inter
1386 1111 1580 1181 Legem
1611 1107 1811 1162 divisus
1839 1115 1892 1160 et

313 1205 579 1273 Gratiam,
625 1204 922 1262 Salvatoris
969 1218 1228 1260 mucrone
1271 1201 1515 1258 feriatur.
1566 1199 1722 1256 Unde
1765 1196 1895 1252 dicit

314 1297 602 1368 Apostolus
625 1314 639 1351 :
667 1296 797 1350 Ecce
818 1312 911 1366 ego
942 1294 1138 1352 Paulus
1161 1294 1274 1348 dico
1296 1292 1450 1357 vobis,
1474 1289 1610 1364 quod
1637 1290 1682 1343 si
1705 1286 1892 1359 Legem

314 1389 600 1457 observatis,
630 1388 857 1444 Christus
886 1386 1024 1442 vobis
1050 1386 1178 1441 nihil
1207 1384 1412 1456 prodest
1439 1381 1583 1453 (Gal.
1613 1381 1693 1452 5).

383 1481 437 1537 ϐ.
477 1480 602 1536 Haec
639 1480 740 1535 sub
774 1479 1044 1550 allegoria:
1067 1477 1255 1533 nubilo
1279 1476 1421 1531 dicta
1449 1474 1578 1529 sint.
1624 1471 1890 1528 Craterum

314 1572 513 1643 Optime
537 1572 688 1626 novit
716 1570 999 1642 prudentia
1028 1578 1140 1638 tua,
1163 1583 1270 1624 non
1294 1567 1508 1624 easdem
1535 1579 1656 1622 esse
1681 1563 1892 1634 regulas

314 1663 367 1718 in
409 1662 746 1732 Tropologize
790 1661 1035 1726 umbris,
1084 1675 1204 1731 qua:
1250 1659 1304 1714 in
1364 1656 1602 1712 historia:
1646 1655 1889 1711 veritate.

310 1751 470 1826 451
545 1752 698 1819 Quod
759 1751 930 1807 sicubi
976 1749 1164 1822 pedem
1196 1748 1538 1812 offendimus,
1565 1755 1620 1802 et
1665 1744 1892 1816 sapienti

315 1845 499 1901 lectori
532 1845 778 1900 frivolum
808 1844 1052 1899 videatur
1076 1857 1196 1898 esse
1220 1840 1366 1912 quod
1393 1840 1706 1910 scripsimus
1726 1880 1743 1905 ,
1773 1837 1889 1892 cul-

311 1951 432 2007 pam
467 1937 516 1990 in
546 1944 816 1991 auctorem
843 1934 1061 1990 referat.
1093 1933 1202 1989 Nos
1241 1933 1387 1988 enim
1431 1943 1485 1986 et
1525 1929 1639 1984 haec
1679 1929 1792 1998 ipsa
1835 1927 1892 1982 in

316 2027 508 2082 lectulo
533 2027 938 2092 decumbenles,
971 2028 1235 2095 longaque
1262 2022 1614 2094 aegrotatione
1637 2019 1888 2085 conlecti,

315 2101 405 2170 vix
453 2117 661 2172 notario
704 2116 953 2172 celeriter
985 2113 1268 2171 scribenda
1313 2111 1672 2168 dictavimus:
1700 2123 1808 2165 non
1836 2117 1894 2164 ut

314 2208 661 2277 impleremus
685 2207 996 2274 materiam,
1027 2205 1121 2260 sed
1146 2219 1216 2260 ne
1245 2203 1339 2258 tibi
1373 2203 1425 2256 in
1459 2201 1722 2272 principio
1753 2199 1891 2253 ami-

313 2299 556 2354 citiarum
603 2299 805 2369 aliquid
854 2297 1158 2368 imperanti,
1185 2296 1490 2350 videremur
1520 2308 1734 2364 negare.
1786 2291 1893 2348 Ora

312 2390 470 2445 nobis
498 2406 529 2446 a
564 2391 788 2445 Domino
817 2390 1130 2458 sospitatem
1151 2429 1167 2454 ,
1196 2397 1254 2442 ut
1281 2397 1404 2456 post
1428 2385 1709 2441 duodecim
1736 2399 1892 2439 meu-

311 2494 422 2544 ses,
451 2480 647 2550 quibus
670 2479 784 2549 jugi
815 2479 1069 2547 languore
1093 2477 1370 2533 conlectus
1395 2489 1536 2542 sum,
1565 2474 1766 2545 possim
1792 2473 1892 2528 ali-

311 2570 440 2640 quid
466 2571 688 2640 dignum
718 2580 910 2624 vestra:
937 2569 1174 2624 scribere
1201 2568 1463 2623 voluntati
1490 2586 1504 2622 :
1528 2575 1583 2622 et
1608 2568 1824 2637 ignosce
1847 2566 1894 2621 si

308 2670 528 2717 scatens
569 2662 758 2726 oratio,
789 2676 947 2717 cursu
978 2658 1055 2733 (a)
1085 2661 1243 2717 solito
1273 2675 1380 2715 non
1405 2659 1556 2715 ﬂuat.
1603 2659 1721 2715 Non
1750 2658 1892 2715 enim

310 2751 503 2807 eodem
535 2753 717 2822 lepore
740 2751 1024 2818 dictamus,
1069 2767 1178 2823 quo
1217 2753 1504 2808 scribimus
1531 2769 1548 2808 :
1579 2752 1704 2823 quia
1732 2753 1784 2806 in
1811 2752 1896 2806 al-

328 2853 446 2899 tero
486 2859 632 2914 scepe
657 2845 852 2914 stylum
878 2844 1156 2910 vertimus,
1186 2845 1380 2900 iterum
1423 2859 1541 2915 quae
1589 2843 1692 2915 legi
1737 2843 1895 2915 digna

327 2935 459 2998 sint,
487 2935 737 3005 scripturi
766 2953 782 2990 :
806 2936 857 2990 in
885 2935 1057 2992 altero
1078 2935 1331 3006 quidquid
1363 2936 1414 2991 in
1445 2935 1666 2991 buccam
1687 2935 1896 2990 venerit

314 3024 477 3080 celeri
507 3040 756 3081 sermone
772 3026 1170 3082 eonvolvimus.
1199 3025 1484 3082 Caninium
1512 3026 1742 3082 libenter
1760 3025 1892 3094 vidi,

318 3118 404 3186 qui
435 3133 655 3174 narrare
684 3118 779 3173 tibi
805 3119 1032 3188 poterit,
1064 3134 1224 3188 quam
1272 3117 1488 3174 difficile
1525 3125 1582 3174 et
1620 3116 1894 3188 periculo-

316 3221 433 3262 sum
462 3224 649 3263 manus
677 3208 932 3273 dexterae,
957 3224 1127 3280 usque
1159 3211 1214 3264 in
1247 3221 1564 3280 praesentem
1593 3209 1758 3278 diem,
1787 3223 1895 3281 quo

320 3299 417 3355 ista
442 3299 668 3368 dictavi,
699 3300 889 3356 vulnus
915 3299 1289 3356 sustinuerim.

751 3433 1079 3492 EPISTOLA
1118 3434 1309 3492 Lxxv
1349 3434 1451 3506 (ιο).

771 3586 840 3626 ΔΙ)
868 3584 1184 3628 THEODORAI
1213 3585 1432 3625 VIDUAII.

318 3702 636 3758 Theodoram
658 3703 860 3758 Lucinii
884 3703 1086 3758 viduam
1112 3702 1409 3758 consolatur
1433 3702 1496 3755 de
1520 3711 1679 3758 morte
1704 3702 1890 3767 mariti,

457 3796 604 3866 cujus
629 3797 856 3862 virtutes,
887 3803 934 3850 et
963 3795 1244 3849 castitatem
1272 3794 1524 3864 pracipue
1553 3793 1750 3847 laudat.

388 3929 440 3983 l.
481 3928 716 4000 Lugubri
761 3929 950 3984 nuntio
999 3935 1377 3984 consternatus
1421 3941 1581 3997 super
1623 3927 1795 3982 sancti
1842 3935 1897 3983 et

317 4019 636 4075 venerabilis
658 4019 789 4074 mihi
812 4019 1134 4074 dormitione
1154 4018 1383 4084 Lucinii,
1414 4017 1499 4071 vix
1526 4017 1744 4072 brevem
1769 4017 1897 4087 Epi-

319 4112 506 4166 stolam
537 4111 742 4167 dictare
774 4111 941 4182 potui.
986 4111 1104 4166 Non
1131 4109 1276 4180 quod
1305 4110 1421 4180 ejus
1446 4111 1617 4165 vicem
1646 4111 1852 4165 doleam
1876 4151 1892 4178 ,

319 4219 475 4274 quem
524 4205 638 4260 scio
685 4204 754 4260 ad
805 4203 1029 4260 meliora
1081 4203 1372 4271 transisse,
1418 4203 1628 4258 dicente
1676 4195 1893 4275 Moyse:

318 4294 588 4352 Transiens
616 4297 791 4352 uidebo
816 4298 1056 4352 uisionem
1081 4298 1212 4352 hanc
1240 4312 1475 4368 magnam
1505 4294 1698 4367 (Exod.
1725 4297 1779 4352 5.
1804 4297 1892 4367 3);

318 4391 410 4445 sed
437 4391 578 4462 quod
605 4400 858 4462 torquear
883 4390 1150 4446 desiderio
1177 4431 1192 4456 ,
1235 4404 1340 4444 non
1373 4388 1636 4444 meruisse
1665 4404 1750 4444 me
1777 4389 1896 4459 ejus

321 4482 420 4536 viri
447 4482 628 4538 videre
656 4482 842 4536 faciem
864 4524 878 4546 ,
909 4497 1065 4552 quem
1098 4482 1151 4536 in
1180 4480 1328 4536 brevi
1359 4490 1600 4550 tempore
1623 4480 1728 4536 huc
1753 4496 1887 4536 ven-

319 4579 495 4628 turum
521 4587 644 4629 esse
669 4573 975 4628 credebam.
1010 4573 1207 4627 Verum
1236 4581 1318 4626 est
1343 4570 1472 4626 illud
1511 4586 1674 4642 super
1698 4586 1892 4627 neces-

319 4663 474 4719 sitate
501 4664 690 4717 mortis
718 4663 1028 4730 prophetale
1055 4663 1392 4727 vaticinium,
1425 4661 1565 4732 quod
1592 4664 1784 4718 fratres
1807 4661 1893 4716 di-

317 4756 463 4811 vidat
491 4754 650 4824 (Osee
677 4753 785 4821 l5),
813 4763 865 4806 ct
894 4753 1167 4806 carissima
1194 4754 1337 4806 inter
1367 4767 1426 4808 se
1454 4755 1667 4808 nomina
1696 4753 1893 4810 crude-

317 4845 382 4902 lis
409 4853 465 4900 et
490 4843 622 4899 dura
652 4841 923 4896 dissociet.
969 4839 1076 4896 Sed
1121 4840 1380 4895 habemus
1422 4842 1846 4897 consolationem
1869 4884 1886 4910 ,

323 4939 445 5008 quia
489 4935 560 5006 (ε)
605 4933 817 4990 Domini
860 4946 1107 4988 sermone
1147 4929 1454 5001 jugulatur,
1505 4939 1562 4986 et
1603 4930 1798 4986 dicitur
1825 4932 1894 4988 ad

320 5045 436 5084 eam
464 5047 478 5084 :
507 5027 613 5082 Ero
637 5043 771 5082 mors
800 5034 908 5093 tua,
938 5041 968 5080 ο
997 5039 1154 5089 mors,
1181 5039 1266 5077 ero
1292 5039 1488 5076 morsus
1517 5031 1634 5078 tuus
1657 5024 1892 5093 inferne;

320 5128 374 5175 ct
394 5123 445 5176 in
472 5117 959 5188 consequentibus:
983 5115 1214 5170 Adducet
1241 5123 1466 5168 urentem
1492 5124 1689 5169 ventum
1714 5115 1894 5170 Domi-

321 5229 416 5266 nus
442 5214 506 5266 de
533 5213 728 5266 deserto
757 5209 1111 5263 ascendentem
1130 5247 1144 5270 ,
1175 5207 1261 5277 qui
1303 5206 1512 5260 siccabit
1550 5223 1719 5262 omnes
1745 5225 1894 5264 venas

321 5303 464 5370 ejus,
489 5311 536 5358 et
579 5300 825 5357 desolabit
864 5303 1054 5372 fontem
1098 5297 1240 5353 illius
1289 5297 1496 5370 (lbid.).
1538 5299 1720 5355 Exivit
1747 5301 1891 5356 enim

383 5479 454 5542 (a)
488 5478 673 5542 chtor.
699 5489 845 5542 cursu
866 5488 960 5542 non
979 5474 1115 5526 solito
1132 5473 1266 5542 ﬂuat.
1286 5474 1404 5534 Qum
1424 5487 1569 5536 porro
1581 5475 1903 5542 subsequar».

319 5537 404 5602 tur
419 5537 484 5592 ex
501 5540 672 5602 Horat.
691 5541 847 5602 Satyr.
876 5537 952 5588 10.
977 5546 1110 5600 saepe
1133 5537 1308 5602 sglum
1341 5543 1496 5586 vertas
1512 5572 1527 5592 ,
1572 5537 1893 5602 iterum'qua:

323 5601 469 5665 digna
489 5601 585 5665 legi
603 5600 697 5665 sint
720 5600 1009 5665 scripturus,
1034 5607 1130 5648 etc.
1156 5600 1228 5648 Ex
1237 5610 1404 5665 pressa
1425 5610 1571 5648 nemo
1589 5600 1794 5662 ignorat.

403 5663 452 5729 lt)
486 5658 615 5729 ﬂius
637 5658 933 5729 29:__scr'ipta
955 5660 1215 5729 circ._ann.
1235 5658 1345 5728 2399.

403 5666 431 5712 b
486 5666 615 5715 Alias
637 5666 716 5712 29.
743 5666 933 5725 scripta
955 5666 1076 5711 circ.
1101 5671 1215 5708 ann.
1235 5666 1345 5708 599.

383 5666 454 5786 ie)
491 5725 675 5786 lterum
694 5725 876 5774 Victor.
909 5719 1096 5773 Domini
1116 5733 1223 5773 voce
1237 5715 1514 5784 jugulntur,
1542 5733 1628 5783 per
1655 5734 1794 5781 quem
1824 5725 1887 5774 ad

323 5784 644 5846 eam'dicitur,
671 5792 766 5836 etc.

1645 355 1974 418 EPISTOLA
2011 354 2220 414 LXXV.

3471 367 3578 425 686

2007 469 2154 540 virga
2173 467 2242 525 de
2261 467 2442 526 radice
2465 470 2638 539 Jesse,
2667 479 2724 528 et
2751 470 2850 530 llos
2878 473 2946 531 de
2970 474 3215 548 virginali
3239 475 3432 533 frutice
3457 476 3578 550 pul-

2000 562 2186 618 lulavit
2211 563 2364 636 (Isai.
2394 565 2482 621 11.
2511 566 2564 636 1)
2589 583 2604 622 :
2632 567 2721 638 qui
2742 567 2974 638 loquitur
2989 571 3043 626 in
3114 567 3278 644 £52
3348 569 3575 628 Cantica

1997 652 2340 710 Canticorum
2369 673 2384 712 :
2417 655 2530 728 Ego
2571 658 2670 727 ﬂos
2715 659 2882 727 campi
2902 699 2918 726 ,
2963 669 3010 714 et
3056 661 3222 715 lilium
3263 661 3574 716 convallium

2001 742 2188 814 (Cant.
2220 745 2274 800 2.
2308 747 2334 802 1
2363 745 2405 816 ).
2453 746 2578 802 Flos
2607 755 2796 803 noster
2822 749 3010 806 mortis
3037 750 3316 818 interitus;
3348 751 3580 824 ideoque
3629 767 3636 775 '

1998 843 2053 888 et
2097 845 2340 892 mortuus
2385 844 2502 904 est,
2547 845 2607 892 ut
2647 839 2795 893 mors
2841 837 2990 894 illius
3033 847 3206 897 morte
3245 839 3577 898 moreretur.

1998 923 2149 991 Quod
2175 934 2352 982 autem
2379 927 2448 983 de
2477 927 2693 983 deserto
2717 927 2916 984 dicitur
2939 927 3304 997 adducendus,
3333 932 3544 1003 virgina
3563 962 3579 976 -

1999 1013 2066 1068 lis
2095 1022 2276 1071 uterus
2301 1015 2702 1072 demonstratur
2719 1059 2733 1083 ,
2761 1018 2852 1088 qui
2877 1018 3080 1088 absque
3104 1019 3250 1074 coitu
3273 1029 3328 1077 et
3352 1022 3577 1078 semine.

1999 1104 2120 1171 viri,
2151 1107 2315 1162 Deum
2349 1108 2504 1164 nobis
2532 1108 2668 1162 fudit
2694 1109 2949 1166 infantem
2976 1126 2990 1163 :
3015 1110 3106 1181 qui
3131 1111 3312 1168 calore
3339 1112 3577 1183 Spiritus

1997 1195 2180 1253 Sancti
2223 1200 2521 1255 exsiccaret
2568 1199 2744 1256 fontes
2789 1200 3112 1268 libidinum,
3157 1210 3212 1258 et
3252 1204 3475 1260 caneret
3523 1202 3581 1260 in

1998 1287 2212 1343 Psalmo
2241 1306 2254 1342 :
2285 1287 2350 1343 In
2380 1299 2513 1344 terra
2541 1289 2740 1344 deserta
2769 1300 2816 1345 et
2836 1291 2988 1345 invia
3017 1298 3063 1345 et
3103 1293 3382 1363 inaquosa,
3409 1294 3479 1348 sic
3523 1293 3581 1347 in

1996 1389 2172 1436 sancto
2197 1381 2418 1451 apparui
2447 1380 2537 1435 tibi
2563 1380 2680 1452 (Ps.
2713 1381 2800 1436 62.
2831 1382 2912 1451 3).
2943 1381 3246 1439 Adversum
3277 1398 3406 1454 ergo
3432 1399 3580 1440 mor-

1997 1471 2065 1524 tis
2090 1469 2339 1525 duritiam
2372 1479 2426 1525 et
2454 1471 2885 1528 crudelissimam
2911 1472 3287 1530 necessitatem
3311 1475 3413 1530 hoc
3437 1475 3580 1530 sola-

1997 1559 2072 1616 tio
2115 1560 2392 1632 erigimur,
2421 1560 2562 1631 quod
2611 1562 2762 1617 brevi
2809 1564 2973 1618 visuri
3025 1577 3394 1632 sumuseos,
3445 1579 3580 1635 quos

1998 1649 2242 1706 dolemus
2269 1651 2539 1706 absentes.
2569 1650 2751 1715 Neque
2778 1668 2905 1707 eum
2936 1668 3099 1719 mors,
3131 1653 3225 1710 sed
3249 1653 3501 1711 dormitio
3524 1665 3582 1712 et

1996 1754 2217 1795 somnus
2249 1741 2566 1811 appellatur.
2609 1740 2762 1798 Unde
2809 1751 2864 1796 et
2905 1741 3092 1798 beatus
3117 1744 3405 1814 Apostolus
3434 1753 3581 1802 vetat

1996 1830 2064 1886 de
2090 1829 2482 1887 dormientibus
2511 1832 2819 1888 contristari
2863 1835 2881 1902 (
2904 1833 2955 1887 1.
2997 1831 3180 1888 Thess.
3208 1834 3280 1906 4)
3313 1851 3326 1888 :
3357 1843 3415 1889 ut
3442 1849 3578 1904 quos

1996 1920 2230 1978 dormire
2261 1923 2523 1990 novimus,
2558 1923 2808 1978 suscitari
2836 1938 2993 1994 posse
3023 1923 3338 1992 credamus;
3369 1935 3423 1982 et
3453 1935 3575 1996 post

1996 2010 2260 2083 digestum
2287 2028 2557 2083 soporem,
2582 2013 2803 2084 vigilare
2828 2029 2949 2069 cum
2979 2014 3213 2080 Sanctis,
3237 2025 3290 2070 et
3312 2029 3432 2070 cum
3453 2017 3578 2076 An-

1995 2104 2130 2174 gelis
2153 2105 2371 2161 dicere:
2399 2104 2578 2159 Gloria
2625 2106 2677 2159 in
2722 2106 2932 2160 excelsis
2977 2105 3100 2170 Deo,
3135 2114 3180 2160 et
3207 2122 3361 2176 super
3386 2115 3577 2162 terram

1998 2210 2100 2262 pax
2127 2194 2410 2249 hominibus
2437 2195 2581 2250 bona:
2606 2194 2880 2250 voluntatis
2913 2194 3061 2265 (Luc.
3090 2195 3145 2250 2.
3175 2196 3286 2266 14).
3318 2199 3375 2252 1η
3405 2199 3574 2262 caelo,

1998 2286 2084 2341 ubi
2113 2301 2218 2340 non
2249 2294 2332 2367 est
2358 2296 2640 2358 peccatum
2660 2329 2674 2352 ,
2705 2287 2870 2358 gloria
2900 2296 2984 2342 cst
3007 2328 3022 2352 ,
3055 2295 3109 2342 et
3139 2297 3393 2358 perpetua
3426 2289 3581 2354 laus,

1998 2386 2052 2433 et
2079 2377 2344 2434 indefessa
2375 2379 2661 2448 praeconia.
2712 2379 2766 2434 ln
2803 2393 2947 2434 terra
2978 2387 3192 2446 autem,
3224 2381 3311 2436 ubi
3345 2381 3572 2447 seditio,

1999 2468 2133 2524 bella
2160 2478 2322 2539 atque
2347 2467 2630 2524 discordiae
2652 2511 2668 2535 ,
2703 2486 2802 2538 pax
2851 2469 3194 2540 imprecauda
3233 2480 3316 2526 est
3349 2489 3362 2526 :
3391 2481 3444 2526 et
3474 2486 3576 2541 pax

2000 2574 2104 2613 non
2131 2559 2184 2614 in
2209 2559 2494 2625 omnibus;
2525 2560 2619 2615 sed
2649 2560 2703 2615 in
2750 2560 2832 2615 his
2862 2562 2952 2631 qui
2979 2561 3136 2617 bonae
3167 2569 3291 2616 sunt
3321 2561 3574 2616 volunta-

1999 2654 2103 2720 tis;
2151 2663 2206 2710 et
2252 2654 2629 2710 salutationem
2682 2654 2906 2710 audiunt
2947 2655 3306 2724 Apostolicam
3345 2671 3360 2708 :
3398 2654 3575 2709 Gratia

1997 2745 2132 2800 vobis
2158 2753 2206 2799 et
2235 2761 2338 2816 pax
2360 2761 2392 2798 α
2418 2743 2525 2799 Deo
2556 2743 2732 2810 Patre,
2762 2753 2808 2800 et
2834 2744 3054 2800 Domino
3081 2754 3254 2801 nostro
3277 2745 3403 2801 Jesu
3427 2745 3577 2801 Chri-

1997 2845 2074 2890 sto
2122 2835 2486 2906 multiplicetur
2534 2835 2712 2905 (Rom.
2741 2836 2793 2892 1.
2821 2835 2890 2906 7)
2916 2853 2930 2890 :
2955 2819 3012 2891 ut
3054 2837 3108 2892 in
3153 2850 3285 2906 pace
3313 2835 3386 2890 sit
3425 2837 3576 2892 locus

1997 2927 2134 2997 ejus,
2157 2936 2212 2982 et
2235 2927 2495 2982 habitatio
2520 2927 2637 2996 ejus
2663 2928 2714 2980 iu
2743 2926 2872 2983 Sion
2908 2926 3024 2998 (Ps.
3055 2928 3143 2982 75.
3176 2926 3259 2999 2),
3294 2926 3345 2980 id
3372 2935 3454 2982 est
3473 2969 3487 2992 ,
3521 2930 3576 2982 in

1997 3021 2222 3092 specula,
2251 3021 2303 3075 in
2329 3020 2658 3076 sublimitate
2679 3019 2988 3091 dogmatum
3016 3030 3176 3091 atque
3202 3023 3451 3078 virtutum
3468 3063 3484 3089 ,
3519 3021 3574 3077 iu

1998 3112 2174 3167 anima
2212 3111 2517 3178 credentis;
2551 3111 2704 3181 cujus
2748 3113 2988 3182 quotidie
3031 3112 3267 3183 Angelus
3309 3113 3454 3168 videt
3489 3110 3576 3166 fa-

1997 3201 2134 3257 ciem
2162 3202 2254 3257 Dei
2282 3200 2499 3273 (Malth.
2525 3201 2614 3258 18.
2645 3201 2747 3274 10)
2773 3242 2790 3269 ,
2823 3211 2877 3258 et
2907 3202 3146 3260 revelato
3175 3204 3320 3259 vultu
3347 3203 3572 3276 gloriam

2002 3292 2094 3349 Dei
2122 3293 2536 3364 contemplatur.

2068 3385 2124 3438 2.
2167 3384 2321 3442 Unde
2349 3386 2576 3442 obsecro
2609 3395 2680 3453 te,
2709 3395 2764 3441 et
2793 3396 3137 3454 currentem,
3169 3396 3223 3443 ut
3252 3388 3401 3443 aiunt
3421 3430 3436 3454 ,
3477 3387 3575 3442 itu-

2000 3476 2174 3545 pello,
2205 3485 2260 3532 ut
2305 3476 2582 3532 Luciniunt
2630 3488 2779 3532 tuum
2823 3476 3100 3534 desideres
3134 3478 3348 3549 quidem
3379 3486 3436 3532 ιιι
3465 3477 3573 3532 fra-

1997 3573 2162 3632 trem;
2190 3565 2283 3622 sed
2308 3566 2540 3636 gaudeas
2567 3581 2797 3639 regnare
2810 3581 2932 3621 cum
2954 3566 3173 3623 Christo
3201 3585 3213 3620 :
3247 3567 3378 3632 Quia
3397 3577 3574 3638 raptus

1997 3665 2102 3719 est,
2132 3672 2195 3709 ne
2223 3655 2418 3708 malitia
2451 3656 2742 3709 immutaret
2772 3664 2986 3709 mentem
3015 3657 3148 3725 ejus.
3196 3656 3404 3710 Placita
3441 3657 3575 3710 enim

1998 3754 2105 3801 erat
2135 3745 2243 3800 Deo
2268 3746 2436 3798 anima
2465 3745 2626 3809 illius,
2655 3756 2701 3800 et
2727 3747 2781 3798 in
2806 3746 2940 3798 brevi
2963 3747 3130 3814 spatio
3162 3754 3386 3814 tempora
3417 3746 3575 3798 multa

1997 3837 2261 3908 complevit
2291 3837 2442 3907 (Sap.
2472 3838 2507 3892 4
2526 3838 2564 3905 ).
2598 3836 2706 3891 Nos
2732 3851 2956 3892 DOLENDI
2984 3837 3152 3906 magis
3172 3877 3187 3902 ,
3215 3837 3306 3905 qui
3336 3837 3573 3906 quotidie

1997 3935 2200 3984 stamus
2226 3927 2276 3980 in
2305 3927 2487 3996 prmlio
2513 3914 2872 3997 peccatorum,
2899 3927 3038 3980 vitiis
3057 3925 3409 3991 sordidamur,
3434 3927 3576 3980 acci-

2000 4019 2172 4088 pimus
2198 4018 2418 4072 vulnera
2439 4057 2456 4084 ,
2482 4027 2537 4071 et
2564 4016 2631 4072 de
2659 4017 2833 4072 otioso
2871 4017 3036 4072 verbo
3079 4016 3340 4072 reddituri
3388 4034 3585 4074 sumus.

1999 4111 2281 4164 rationem.
2329 4109 2424 4164 ille
2467 4109 2579 4180 jam
2623 4123 2844 4164 securus
2887 4117 2942 4164 et
2987 4109 3155 4164 victor
3183 4119 3233 4164 te
3275 4110 3466 4180 aspicit
3507 4111 3582 4166 do

1997 4205 2212 4260 excelso
2231 4245 2243 4263 .
2277 4211 2331 4257 et
2358 4201 2500 4258 favet
2529 4202 2792 4257 laboranti
2819 4219 2833 4256 :
2861 4209 2916 4258 et
2953 4202 3103 4272 juxta
3137 4216 3194 4258 se
3225 4202 3396 4258 locum
3429 4203 3568 4272 pra:-

2001 4303 2169 4366 parat,
2199 4293 2386 4350 eodem
2415 4297 2598 4350 amere
2625 4301 2680 4349 et
2709 4291 2894 4349 eadem
2923 4294 3168 4361 caritate,
3199 4293 3280 4366 (ά)
3306 4309 3410 4365 qua
3429 4293 3571 4350 obli-

2000 4397 2084 4444 tus
2121 4387 2280 4442 ollicii
2321 4386 2647 4457 conjugalis,
2677 4385 2732 4440 in
2772 4394 2974 4441 terram
3004 4399 3216 4456 quoque
3246 4400 3484 4440 sororem
3518 4395 3570 4442 te

1999 4479 2196 4534 habere
2233 4486 2508 4547 coeperat,
2543 4475 2610 4548 (e)
2657 4477 2764 4531 imo
2812 4474 3068 4541 fratrem;
3099 4476 3221 4546 quia
3272 4484 3414 4529 casta
3442 4490 3572 4530 con-

1993 4571 2199 4641 junctio
2225 4583 2411 4623 sexum
2446 4585 2550 4622 nou
2595 4567 2754 4622 habet
2782 4566 3092 4636 nuptialem.
3118 4566 3181 4619 Et
3223 4567 3268 4618 si
3312 4564 3485 4620 adhuc
3516 4565 3578 4621 in

1997 4677 2160 4718 carne
2206 4659 2396 4729 positi,
2472 4657 2634 4729 E53
2707 4667 2762 4710 et
2786 4658 2954 4709 renati
2988 4657 3043 4708 in.
3068 4654 3316 4720 Christo,
3349 4671 3452 4709 nun
3481 4671 3578 4710 sua

1998 4768 2117 4809 mus
2147 4751 2354 4807 Gnaeus
2379 4759 2426 4804 et
2455 4749 2712 4802 Barbarus
2734 4789 2748 4815 ,
2779 4762 2949 4801 servus
2984 4756 3029 4801 et
3066 4746 3210 4813 liber,
3241 4749 3494 4804 masculus
3523 4759 3570 4803 et

1998 4843 2220 4912 femina;
2245 4841 2529 4894 sedtomnes
2555 4838 2610 4892 iu
2647 4854 2704 4891 eo
2733 4853 2895 4890 unum
2918 4854 3094 4892 sumus
3117 4853 3138 4892 :
3160 4848 3359 4908 quanto
3401 4841 3586 4910 magis.

1997 4947 2117 4988 cum
2168 4930 2532 4999 corruptivum
2591 4928 2690 4983 hoc
2728 4927 2962 4984 induerit
2993 4930 3444 5000 incorruptionem
3473 4970 3485 4996 ,
3517 4940 3572 4986 et

1997 5021 2222 5078 mortale
2251 5018 2354 5073 hoc
2379 5017 2611 5073 induerit
2655 5019 3110 5076 immortalitatem
3148 5019 3307 5090 (Gal.
3335 5021 3392 5078 5.
3418 5021 3492 5077 28
3511 5020 3532 5094 )
3551 5061 3569 5087 ,

1997 5128 2097 5168 non
2125 5109 2308 5167 nubent
2328 5125 2528 5179 ,_neque
2551 5107 2938 5176 nubentumsetl
2961 5121 3108 5165 erunt
3144 5112 3275 5168 sicut
3303 5112 3485 5184 Ληρειὶ
3512 5113 3567 5166 in

2059 5289 2138 5352 (Δ)
2164 5286 2393 5352 yartian.
2419 5284 2532 5348 quia
2557 5298 2573 5335 :
2597 5285 2861 5352 cujusmodi
2885 5286 2978 5352 alia
2995 5286 3148 5336 multa
3177 5285 3562 5352 emendavimus.

2059 5347 2130 5424 (β)
2151 5347 2307 5424 ,Ἐθίξο
2325 5385 2338 5408 ν
2353 5355 2418 5424 ,εδὲ
2437 5347 2906 5424 ΨΨἘΨΨΟΨΥΨῘ
2920 5357 3150 5424 ίπξφηξβξη
3165 5349 3416 5424 Αυὲφὲῗέἱιέδ
3436 5348 3566 5424 ῨΡῘῘἸ

1995 5407 2121 5472 nuit,
2142 5410 2238 5461 imo
2261 5415 2312 5472 tu
2345 5407 2484 5459 illum
2506 5409 2737 5472 fratrem.
2763 5407 2856 5472 qua
2882 5409 3185 5472 exilectioue
3222 5410 3397 5472 frustra
3432 5415 3570 5456 esset

1996 5468 2148 5537 atque
2171 5470 2356 5522 inutilis
2375 5468 2684 5537 ratiu,_qt_tam
2699 5468 2864 5537 subdit
2880 5471 2932 5520 S.
2953 5471 3152 5537 Doctor.
3178 5468 3290 5532 quia
3307 5472 3440 5537 casta
3456 5479 3568 5537 cpn-

1984 5526 2176 5597 junctio
2197 5545 2366 5597 seagum
2402 5526 2655 5597 non/taliet
2679 5531 2958 5597 nuptialem.
2985 5529 3121 5578 Adeo
3144 5526 3312 5597 verum
3335 5526 3567 5597 est_,_(_luo

1999 5586 2145 5648 verba
2168 5603 2221 5645 tu
2240 5593 2396 5653 illum,
2419 5605 2447 5642 a
2469 5592 2620 5642 sciolo
2640 5586 2846 5658 quodam
2871 5594 3069 5658 intrusa,
3087 5589 3332 5658 captandre
3350 5586 3566 5658 antithe-

1995 5645 2072 5709 sis
2086 5645 2239 5721 gratia
2255 5645 2405 5721 ;_qua}
2429 5666 2518 5721 nos
2537 5667 2645 5721 cum
2658 5645 2776 5703 'aliis
2796 5645 3067 5721 decausis,
3095 5645 3204 5721 tum
3239 5649 3386 5721 etiam
3409 5645 3565 5721 Vero-

1999 5713 2167 5770 nensis
2190 5713 2588 5770 ac'Nonantulani
2615 5713 2968 5776 exemplarium
3003 5713 3289 5759 auctoritate
3317 5713 3562 5770 expunxi:

1998 5796 2125 5833 mus.
