4146 6336
579 326 680 383 687

579 442 716 497 rutis
733 441 760 495 2
784 437 994 521 (Matth.
1018 435 1108 502 22,
1134 442 1185 489 et
1209 435 1338 493 Luc.
1362 434 1484 508 ΞΟ.)
1508 436 1733 505 Quando
1758 438 1908 508 dicit,
1926 457 2028 497 non
2056 458 2156 498 nu-

578 536 728 599 bent,
759 547 926 604 neque
949 530 1223 598 nubentur,
1253 530 1345 586 sed
1369 542 1517 588 erum
1545 533 1675 590 sicut
1703 534 1881 606 Angeli
1904 537 1958 590 in
1984 536 2124 591 caelis
2140 576 2157 602 ,

576 640 686 685 non
713 630 902 679 natura
928 630 983 678 et
1007 621 1310 678 substantia
1332 637 1623 694 corporum
1666 625 1889 692 tollitur,
1918 627 2014 683 sed
2039 627 2158 697 glo.

571 718 673 773 rim
696 713 1005 787 magnitudo
1026 723 1378 773 monstratur.
1397 716 1586 787 Neque
1604 718 1745 773 enim
1768 719 2026 789 scriptum
2050 726 2156 785 est,

576 813 727 865 erant
746 806 927 877 Angeli
937 823 958 872 ,'
982 805 1099 874 sed,
1124 808 1252 863 sicut
1274 807 1481 879 Angeli,
1505 808 1594 864 ubi
1618 809 1914 865 similitudo
1935 810 2135 880 promit

574 897 726 966 titur,
754 897 957 953 veritas
980 896 1296 970 denegatur.
1332 898 1520 967 Erunt,
1553 900 1756 971 inquit,
1784 901 1917 956 sicut
1954 899 2156 972 Angeh’,

571 988 629 1046 id
653 997 773 1058 est,
801 988 1007 1046 siciles
1031 991 1360 1061 Angelorum
1389 1010 1403 1047 :
1430 1006 1560 1064 ergo
1597 992 1844 1051 homines
1885 1007 2009 1050 esse
2045 1008 2153 1049 non

574 1081 850 1139 desinent.
879 1082 1068 1154 inclyti
1093 1082 1307 1154 quidem
1331 1125 1347 1152 ,
1376 1092 1433 1140 et
1458 1085 1718 1156 Angelico
1742 1086 2034 1157 splendore
2058 1086 2151 1142 de-

571 1173 781 1240 corati;
811 1172 907 1231 sed
934 1183 1111 1231 tamen
1138 1173 1427 1231 homines:
1452 1184 1514 1231 ut
1546 1185 1602 1232 et
1642 1178 1966 1247 Apostolus,
2012 1178 2128 1247 Apo

570 1264 745 1322 stolus
774 1265 864 1332 sit,
893 1274 949 1322 et
975 1265 1158 1333 Maria,
1190 1265 1354 1322 Maria
1385 1284 1401 1323 :
1426 1276 1481 1323 ct
1501 1266 1860 1323 confundatur
1886 1267 1961 1341 (a)
1988 1268 2156 1324 haere-

570 1357 665 1421 sis,
696 1371 819 1426 quae
864 1357 988 1413 ideo
1031 1358 1237 1414 incerta
1280 1366 1335 1414 et
1378 1374 1573 1431 magna
1619 1359 1914 1430 promittit,
1945 1370 2006 1416 ut
2037 1374 2155 1431 qua:

569 1456 715 1501 certa
747 1456 805 1503 et
829 1446 1106 1503 moderata
1134 1457 1282 1516 sunt,
1309 1448 1542 1505 auferat.

641 1539 698 1595 ὅ.
731 1539 802 1597 Et
840 1540 965 1611 quia
1006 1540 1278 1597 haereseos
1314 1542 1482 1598 semel
1527 1541 1750 1600 fecimus
1784 1542 2114 1599 mentionem
2135 1582 2153 1610 ,

570 1644 677 1702 qua
698 1630 953 1689 Lucinius
975 1642 1160 1690 noster
1179 1633 1355 1706 digna:
1374 1635 1700 1706 eloquentiae
1727 1636 1854 1692 tuba
1876 1634 2158 1706 praedicari

569 1725 791 1793 potest?
817 1726 929 1797 qui,
958 1727 1307 1798 spurcissima
1337 1743 1434 1798 per
1462 1728 1747 1799 Hispanias
1771 1728 2022 1785 Basilidis
2050 1728 2159 1783 hat-

567 1815 676 1871 resi
712 1814 1005 1885 saeviente,
1048 1826 1106 1875 et
1133 1818 1301 1874 instar
1328 1819 1494 1889 pestis
1535 1828 1590 1875 et
1617 1820 1825 1888 morbi,
1855 1827 1993 1876 totas
2018 1820 2157 1876 intra

567 1906 882 1978 Pyrenaeum
898 1917 955 1965 et
979 1907 1251 1966 Oceanum
1279 1918 1521 1966 vastante
1551 1910 1878 1981 provincias,
1907 1911 2031 1966 iidei
2053 1893 2156 1966 Ec2

565 1999 890 2057 etesiasticm
931 2002 1102 2057 tenuit
1133 2001 1446 2072 puritatem,
1479 2015 1819 2073 nequaquam
1836 2001 2151 2072 suscipiens,

562 2090 824 2161 Armagil,
844 2091 1127 2159 Barbelon,
1154 2091 1417 2157 Abraxas,
1436 2091 1764 2158 Balsamum,
1784 2101 1840 2149 et
1871 2093 2155 2149 ridiculum

563 2183 940 2250 Leusiboram,
958 2191 1265 2255 caeteraque
1289 2185 1457 2256 magis
1478 2193 1749 2255 portenta,
1783 2200 1943 2256 quam
1973 2185 2154 2239 nomi-

564 2289 654 2343 na,
683 2289 809 2347 quae
847 2274 917 2333 ad
942 2275 1335 2347 imperitorum,
1363 2283 1423 2332 et
1462 2277 1900 2334 muliercularum
1945 2278 2156 2332 animos

563 2368 934 2436 concitandos,
959 2367 1034 2440 (ὑ)
1055 2369 1209 2440 quasi
1229 2368 1300 2425 de
1321 2369 1599 2425 Hebraicis
1619 2369 1858 2426 fontibus
1880 2370 2149 2437 hauriunt,

564 2460 801 2517 barbaro
854 2460 1128 2531 simplices
1170 2475 1412 2532 quosque
1438 2469 1704 2517 terrentes
1719 2476 1896 2519 sono:
1928 2469 1984 2516 ut
2013 2459 2154 2532 quod

566 2562 671 2607 non
691 2551 1016 2622 intelligunt,
1035 2551 1155 2622 plus
1186 2550 1351 2624 454
1389 2551 1670 2608 mirentur.
1689 2550 1878 2608 Refert
1894 2553 2152 2619 lrenmus,

566 2643 650 2696 vir
690 2641 1126 2712 Apostolicorum
1170 2650 1511 2712 temporum,
1551 2651 1607 2698 et
1650 2643 1861 2714 Papiae,
1897 2643 2155 2699 auditoris

569 2732 930 2805 Evangelista:
950 2731 1172 2788 Joannis
1190 2732 1508 2803 discipulus,
1536 2734 1938 2806 Episcopusque
1967 2733 2154 2790 Eccle-

568 2825 665 2880 siae
692 2822 1075 2894 Lugdunensis
1097 2839 1116 2878 :
1145 2822 1289 2894 quod
1318 2824 1527 2883 Marcus
1552 2825 1771 2896 quidam
1798 2826 1868 2882 de
1908 2825 2156 2881 Basilidis

568 2916 816 2972 Gnostici
842 2916 1012 2989 stirpe
1037 2914 1393 2982 descendens,
1424 2917 1653 2987 primum
1683 2917 1750 2972 ad
1774 2917 1975 2973 Gallias
2000 2932 2156 2973 vene-

565 3010 680 3063 rit:
711 3018 771 3065 et
813 3022 906 3065 eas
934 3017 1114 3079 partes
1156 3018 1253 3080 per
1290 3020 1423 3079 quas
1450 3008 1745 3066 Rhodanus
1787 3020 1842 3066 et
1883 3009 2154 3067 Garumna

564 3102 761 3168 ﬂuunt,
786 3113 881 3155 sua
902 3100 1143 3156 doctrina
1167 3100 1551 3156 maculaverit:
1584 3101 1922 3172 maximeque
1948 3100 2155 3158 nobiles

565 3193 819 3260 feminas,
848 3194 1091 3264 quredam
1122 3194 1178 3250 in
1203 3193 1419 3250 occulto
1445 3195 1701 3266 mysteria
1735 3195 2150 3265 repromittens,

579 3289 682 3342 hoc
701 3300 891 3342 errore
908 3285 1181 3342 seduxerit
1201 3299 1221 3341 :
1242 3286 1461 3357 magicis
1477 3286 1702 3352 artibus,
1728 3294 1783 3343 et
1802 3294 2011 3343 secreta
2032 3302 2153 3343 cor-

629 3467 713 3532 (a),
736 3467 940 3518 Scilicet
961 3467 1350 3532 Origenistarum
1369 3504 1381 3528 ,
1407 3480 1519 3529 quas
1544 3479 1635 3532 per
1656 3467 1712 3532 id
1749 3469 1987 3532 temporis
2015 3468 2151 3519 inva-

566 3528 807 3602 lescebat,
832 3537 885 3580 et
905 3528 1206 3602 quasttepe
1228 3529 1351 3579 infra
1368 3564 1384 3589 ,
1411 3528 1468 3602 et
1497 3528 1555 3602 in
1577 3528 1835 3602 Epitaphio
1854 3528 2025 3602 Paula:
2048 3544 2151 3602 ma-

564 3593 654 3655 tris
677 3598 789 3655 post
810 3590 1025 3655 medium
1061 3590 1161 3642 late
1182 3593 1462 3655 iml'xugnat;
1494 3590 1692 3655 tametsi
1726 3590 2027 3655 haeceadem
2051 3591 2151 3642 Pe-

564 3651 744 3715 lagiani
768 3654 1213 3717 promittebant,_ut
1236 3651 1298 3701 ex
1322 3651 1696 3717 ’Epist._Hilarii
1732 3652 1791 3700 ad
1824 3653 2151 3717 Augustinum

562 3713 869 3783 compertum
892 3723 1006 3783 est;
1032 3724 1086 3766 et
1107 3715 1222 3766 Mss.
1246 3727 1443 3783 quoque
1466 3713 1675 3783 plurium
1698 3713 2113 3767 numero'habent
2131 3751 2147 3778 ,

563 3776 925 3838 conlimdantur
948 3776 1186 3836 hereses,
1204 3782 1249 3827 et
1266 3776 1569 3838 ’proinittunt,
1597 3784 1705 3838 etc.
1766 3836 1799 3838 λγ
1821 3823 1827 3829 ,

626 3836 700 3903 (b)
717 3839 830 3903 Qui
846 3902 849 3903 ν
866 3846 1145 3902 portentosa
1168 3836 1279 3903 haec
1295 3838 1488 3887 nomina
1517 3837 1657 3903 quasi
1680 3837 1743 3885 de
1759 3836 2021 3903 Hebraicis
2044 3838 2149 3903 fon—

456 3898 464 3906 ’
562 3896 695 3963 tibus
714 3896 1016 3960 hauriantur,
1044 3909 1097 3950 et
1118 3900 1365 3963 praecipue
1390 3896 1643 3963 Ατηιαῂίι)
1684 3898 1966 3963 Balsamon,
1992 3899 2150 3961 tensi-

561 3960 748 4025 boram,
772 3975 884 4025 quae
915 3958 1018 4025 vix,
1045 3958 1135 4012 aut
1166 3974 1230 4011 ne
1258 3958 1336 4010 vix
1374 3958 1572 4023 quidem
1603 3960 1834 4025 invenias
1863 3963 1989 4024 apud
2028 3958 2150 4025 alios

562 4021 859 4087 Scripturés,
885 4021 1055 4087 nullibi
1078 4028 1218 4073 certe
1238 4063 1252 4082 ,
1287 4021 1452 4087 neque
1490 4021 1618 4087 apud
1658 4021 1908 4087 Irenaeum
1935 4023 2150 4085 explica-

562 4093 662 4135 tur.
675 4082 801 4136 'Duo
818 4082 987 4136 tatuen
1007 4086 1152 4135 obvia
1169 4091 1303 4144 sunt,
1329 4082 1584 4144 Bbrbeltm,
1607 4092 1661 4147 et
1680 4082 1918 4145 Abram,
1942 4082 2148 4147 quorum

563 4166 773 4217 alterum
792 4165 951 4229 ﬁlium
975 4166 1083 4226 Dei,
1106 4179 1198 4218 seu
1222 4143 1324 4216 Beli
1346 4174 1503 4226 sonat,
1529 4143 1807 4227 3511113,
1826 4172 1879 4216 et
1900 4143 2149 4219 contracte

564 4237 638 4316 5:.
656 4257 755 4319 Bel,
781 4256 939 4308 Graec.
961 4269 1071 4318 pilo;
1087 4261 1256 4305 notum
1277 4254 1399 4305 Idoli
1421 4268 1634 4319 nomen;
1659 4258 1868 4306 alterum
1892 4257 2149 4310 conﬁctum

562 4341 745 4380 nomen
769 4335 847 4377 est
870 4340 935 4377 ex
957 4328 1065 4376 365.
1094 4324 1311 4387 localium
1337 4325 1575 4387 caelorum
1605 4327 1898 4387 positionum
1924 4365 1938 4387 ,
1963 4335 2017 4377 ut
2039 4328 2146 4379 Ire-

564 4341 745 4380 nomen
769 4340 847 4377 eSt
870 4340 935 4377 ex
957 4340 1065 4376 eos.
1094 4340 1311 4375 tocanum
1337 4340 1568 4375 castorum
1636 4340 1898 4375 osiuonum
1924 4365 1938 4387 ,
1963 4340 2017 4377 ut
2039 4340 2146 4379 tre-

564 4404 703 4442 naeus
734 4390 962 4454 loquitur,
987 4399 1212 4456 numero.
1237 4386 1337 4456 Sed
1364 4385 1576 4452 Armagit
1605 4340 1740 4439 Fdem
1773 4396 1997 4456 putamus
2015 4391 2147 4452 quod

567 4463 621 4506 et
645 4449 1250 4517 Hermogenesscribitur,
1277 4455 1330 4499 et
1358 4449 1629 4517 Harmbge,
1667 4455 1721 4517 et
1751 4449 2060 4514 Harm'ogeu,
2094 4460 2149 4504 et

561 4485 828 4567 j'rmazemw
746 4485 1643 4574 ""‘z’ﬁ'iifiﬁmp't’érisiié‘ﬁiﬁfé'zél.
1668 4485 2145 4574 ΰιὲἱιῇἑίὶιῒέἰιῖεἶιί

564 4578 724 4640 legas,
751 4571 1204 4640 puta'Oromazuin,
1228 4571 1311 4622 vel
1341 4580 1397 4622 ut
1433 4571 1539 4623 aliis
1578 4571 1769 4636 placet,
1795 4571 2142 4640 Oromagdam,

562 4634 792 4688 veterum
814 4638 1074 4686 Persarum
1098 4634 1279 4694 Deum,
1304 4639 1505 4697 auctore
1525 4634 1777 4697 Zoroastre
1801 4668 1817 4692 ,
1850 4634 2142 4697 signiﬁcari;

563 4702 706 4762 cujus
736 4698 1030 4763 Hebraicam
1053 4698 1271 4763 nominis
1291 4696 1691 4763 etymologiam)
1721 4694 1844 4763 lucis
1863 4694 2145 4763 praestantia

562 4755 973 4821 ac'maguitudine
998 4760 1205 4821 innuere
1230 4755 1423 4809 videiur
1445 4755 1732 4809 Plutarchus
1764 4759 1812 4807 in
1845 4755 2140 4821 Alexandro.

561 4819 743 4873 Porro'
773 4819 1022 4869 soleamus
1071 4820 1200 4870 Solis
1233 4834 1413 4884 nomen
1457 4829 1567 4882 est,
1614 4834 1761 4884 quem
1801 4827 1854 4870 et
1885 4820 2145 4874 Phoenices

561 4886 843 4944 adorantes,
887 4883 1038 4944 patria
1077 4894 1199 4944 voce
1222 4882 1542 4944 appellabant
1586 4882 1959 4944 Ερειδαηιεηλυι
2003 4886 2144 4936 testis

564 4953 642 4994 est
678 4942 1032 5006 Sancboniaton
1068 4942 1189 5006 apud
1220 4942 1404 4992 EuSeb.
1441 4944 1473 4991 l.
1524 4945 1582 5006 _l_._
1610 4942 1824 5006 Przepar.
1864 4943 2050 5006 Evang.
2091 4953 2144 4995 et

560 5005 689 5068 apud
715 5004 943 5068 eumdem
973 5003 1152 5068 cap._7.
1172 5015 1451 5068 memorans
1475 5004 1612 5054 Philo
1632 5003 1816 5053 cultum
1853 5004 1981 5068 Solis
2006 5003 2149 5068 apud

558 5064 844 5124 Phoenices,
874 5082 896 5111 ι
914 5064 1063 5114 deum
1087 5066 1240 5124 hunc,
1275 5064 1450 5126 inquit,
1475 5079 1626 5126 unum
1652 5080 1761 5115 esse
1785 5066 1893 5115 caeli
1919 5064 2141 5118 modera-

559 5138 580 5179 t
601 5142 721 5177 irem
745 5128 993 5187 putabant,
1019 5138 1131 5187 eum
1158 5124 1388 5175 vocantes
1409 5124 1682 5183 Beelsama,
1708 5127 1835 5187 quod
1859 5126 2140 5179 Phoenicum

560 5190 725 5252 lingua
746 5186 1011 5252 hominum,
1039 5186 1205 5252 Graeca
1227 5195 1389 5237 autem
1413 5187 1586 5236 Jovem
1615 5186 1769 5252 notat.
1789 5205 1811 5232 δ)
1839 5187 2002 5252 Atque
2025 5190 2139 5241 inde

560 5247 720 5302 ortum
752 5249 1003 5312 Punicum,
1034 5247 1333 5312 Baulsamen,
1364 5256 1575 5299 notatum
1600 5250 1661 5297 ab
1683 5247 1954 5312 Augustino
1980 5251 2061 5300 lii).
2086 5254 2134 5302 7.

558 5313 818 5366 Locution.
841 5325 884 5360 (ι.
914 5313 956 5360 1.
984 5310 1085 5373 Sed
1110 5318 1162 5360 et
1206 5310 1453 5373 Balsama:
1470 5324 1569 5373 pro
1594 5310 1875 5362 Baalsainen
1915 5313 2139 5364 invenies

557 5378 610 5429 in
635 5375 793 5426 Plauti
832 5372 1035 5436 Paenulo
1056 5372 1179 5436 Act.
1201 5374 1247 5436 5.
1279 5372 1425 5436 Scen.
1457 5371 1504 5422 Ξ.
1533 5371 1596 5423 Ut
1629 5381 1791 5423 autem
1819 5373 2016 5436 Belenus
2050 5389 2137 5436 pro

557 5439 722 5500 Belen,
749 5446 802 5488 et
824 5434 967 5500 Belus
991 5449 1077 5500 pro
1093 5432 1196 5500 ρει,
1219 5434 1284 5483 ita
1308 5433 1581 5500 quisamitm
1599 5450 1695 5500 pro,
1712 5435 1957 5486 eat-amen
1976 5432 2136 5500 Laiini

554 5495 788 5561 dixerim,
814 5497 947 5562 quod
977 5495 1309 5562 signiﬁcate):
1331 5495 1566 5562 Hebraica
1600 5495 1766 5562 radice
1795 5507 1983 5562 Deum;
2027 5498 2134 5562 sive

556 5558 814 5613 nominum
833 5558 966 5621 caeli,
993 5559 1122 5622 unde
1147 5564 1198 5608 et
1222 5558 1269 5606 iu
1290 5559 1494 5622 quadam
1518 5558 1837 5622 Inscriptione
1861 5560 1984 5622 apud
2021 5559 2132 5608 Sel-

554 5625 735 5673 dcnum
763 5619 975 5685 Minerva
1008 5619 1248 5671 Bellsama
1281 5619 1407 5685 dicta
1443 5630 1535 5671 est.
1576 5619 1805 5685 Denique
1838 5619 2090 5672 musicum
2115 5659 2129 5678 ,

556 5687 685 5749 quod
707 5683 1010 5749 medituiiunt
1032 5684 1149 5732 lucis
1174 5684 1352 5749 exponi
1376 5689 1560 5749 potest,
1596 5683 1710 5732 illud
1726 5683 1737 5685 ⁷
1753 5684 1879 5749 idem
1912 5691 2133 5744 lutamus

558 5744 701 5803 esse.
726 5747 853 5810 quod
891 5746 1110 5810 Iretyeus
1142 5757 1205 5793 ex
1240 5744 1862 5810 Haereticorumsententia
1908 5754 2131 5810 Magnum

559 5817 727 5862 tarmen
744 5805 908 5866 "vocat,
933 5820 962 5859 a
984 5808 1132 5861 Patre
1155 5813 1352 5859 unctum
1370 5845 1383 5870 ,
1421 5813 1473 5856 ut
1497 5806 1766 5871 perfectum
1791 5806 1962 5867 ﬁeret;
1990 5805 2128 5854 inde-

1873 320 2118 385 SANGTI
2156 322 2542 384 HIERONYII

2190 5190 2195 5195 .
2248 5140 2519 5210 Egyptius,
2544 5141 2949 5210 sivellietnphitis
2968 5142 3207 5210 ducentos
3221 5140 3457 5210 fercgp-ost
3474 5151 3629 5210 annos

3746 351 3851 415 838

2273 462 2465 545 porum
2502 451 2817 525 voluptate,
2851 471 3090 517 amorem
3131 465 3215 518 sui
3257 468 3550 527 concilians
3585 472 3680 545 (ε).
3726 474 3852 534 inde

2272 541 2588 610 Pyrenaeum
2612 549 2896 619 transiens,
2920 553 3200 626 Hispanias
3215 562 3509 631 o‘ccuparit,
3536 541 3715 622 ethoc
3739 577 3851 625 stu-

2265 635 2345 690 dii
2375 636 2640 702 habuerit.
2669 651 2728 698 ut
2754 644 2982 702 divitum
3009 649 3200 707 domos
3221 692 3239 721 ,
3283 661 3340 708 et
3386 654 3439 709 in
3468 655 3599 726 ipsis
3627 658 3850 719 feminas

2270 731 2502 785 maxime
2539 740 2816 803 appeteret
2842 753 2862 793 :
2898 755 3017 810 qua:
3044 742 3313 800 ducuntur
3344 748 3506 804 variis
3534 750 3848 821 desideriis,

2269 833 2488 890 semper
2511 822 2801 893 discentes,
2833 836 2888 883 et
2903 845 3176 903 nunquam
3222 835 3288 891 ad
3310 836 3589 894 scientiam
3613 843 3852 900 veritatis

2271 912 2670 978 pervenientes.
2698 915 2810 974 Hoc
2835 918 2923 978 ille
2948 923 3167 994 scripsit
3190 935 3317 983 ante
3341 943 3511 986 annos
3531 930 3748 987 circiter
3768 931 3848 1003 (ὀ)

2271 1010 2559 1062 trecentos.
2592 1005 2663 1061 Et
2685 1010 2900 1080 scripsit
2924 1011 2976 1067 in
3002 1012 3089 1070 bis
3109 1014 3281 1084 libris,
3304 1032 3439 1088 quos
3458 1019 3716 1077 adversus
3737 1037 3851 1078 om-

2268 1108 2364 1148 nes
2409 1093 2643 1151 haereses
2670 1097 2981 1159 doctissimo
3024 1114 3077 1160 et
3115 1105 3557 1180 eloquentissimo
3599 1126 3849 1171 sermone

2266 1189 2584 1255 composuit.

2334 1278 2389 1332 4.
2426 1277 2502 1332 Ex
2548 1295 2657 1350 quo
2689 1284 2980 1352 perpendat
3008 1288 3294 1358 prudentia
3324 1301 3433 1358 tua,
3467 1310 3571 1366 qua
3598 1296 3847 1355 Lucinius

2268 1379 2447 1425 noster
2474 1371 2628 1428 laude
2656 1375 2727 1430 sit
2750 1376 2963 1447 dignus,
2994 1380 3083 1449 qui
3116 1381 3309 1438 clausit
3336 1399 3521 1440 aurem
3542 1428 3559 1453 ,
3600 1402 3668 1443 ne
3696 1390 3848 1443 audi-

2264 1469 2347 1516 ret
2365 1461 2625 1531 judicium
2653 1468 2927 1537 sanguinis
2954 1486 2968 1524 :
2998 1478 3054 1525 et
3079 1485 3292 1527 omnem
3318 1474 3668 1531 substantiam
3695 1492 3845 1533 suam

2264 1551 2516 1622 dispersit
2539 1563 2594 1610 et
2621 1554 2767 1612 dedit
2794 1560 3134 1628 pauperibus,
3168 1573 3225 1617 ut
3246 1563 3449 1633 justitia
3470 1565 3585 1636 ejus
3610 1577 3846 1623 maneret

2265 1644 2319 1699 in
2344 1653 2599 1703 aeternum
2630 1648 2650 1719 (
2671 1646 2765 1704 Ps.
2800 1652 2961 1724 111).
2985 1652 3095 1710 Nec
3116 1660 3303 1727 patria:
3328 1672 3437 1713 sua:
3457 1657 3702 1730 largitate
3721 1675 3846 1715 con-

2266 1744 2462 1806 tentus,
2487 1738 2627 1794 misit
2650 1739 3101 1815 Jerosolymarum
3124 1754 3178 1801 et
3198 1747 3569 1804 Alexandrinae
3592 1749 3845 1806 Ecclesia

2266 1837 2471 1885 tantum
2495 1832 2631 1899 auri,
2655 1846 2909 1904 quantum
2930 1837 3217 1894 multorum
3242 1841 3408 1910 possit
3433 1842 3624 1912 inapiae
3651 1842 3844 1900 subve-

2265 1923 2388 1980 niri.
2422 1924 2572 1993 Quod
2616 1942 2736 1981 cum
2784 1929 2935 1984 multi
2968 1931 3226 1986 mirentur
3248 1939 3303 1987 et
3324 1933 3635 2003 praedicent,
3666 1949 3765 2005 ego
3791 1935 3844 1992 in

2265 2018 2356 2073 illo
2384 2022 2550 2091 magis
2567 2021 2796 2079 laudabo
2818 2023 3082 2082 fervorem
3104 2035 3159 2083 et
3176 2028 3409 2084 studium
3431 2031 3841 2101 Scripturarum.

2264 2110 2384 2177 Quo
2410 2112 2498 2167 ille
2516 2111 2784 2170 desiderio
2805 2103 3058 2185 opuscula
3081 2128 3265 2174 nostra
3286 2119 3560 2190 ﬂagitavit,
3588 2130 3643 2177 et
3669 2123 3849 2180 missis

2263 2217 2358 2258 sex
2390 2205 2612 2261 notariis
2641 2207 2802 2277 (quia
2841 2207 2893 2263 in
2936 2208 3037 2265 hac
3073 2213 3341 2281 provincia
3380 2212 3552 2269 Latini
3583 2216 3846 2271 sermonis

2265 2293 2337 2368 (ε)
2362 2296 2685 2368 scriptorum
2707 2300 2927 2369 penuria
2946 2290 3052 2370 est)
3068 2301 3298 2359 describi
3346 2302 3508 2380 455
3556 2306 3657 2361 sibi
3682 2306 3810 2362 fecit
3826 2348 3842 2374 ,

2263 2404 2612 2459 qumcumque
2652 2390 2720 2445 ab
2756 2390 3115 2448 adolescentia
3130 2409 3295 2465 usque
3318 2395 3368 2450 in
3386 2410 3622 2467 praesens
3638 2407 3845 2469 tempus

2264 2480 2627 2537 dictavimus?
2654 2481 2770 2539 Non
2799 2499 2900 2540 nos
2925 2485 3228 2556 honoravit,
3258 2489 3350 2558 qui
3378 2490 3580 2559 parvuli
3607 2499 3661 2545 et
3686 2492 3844 2546 mini-

2263 2570 2768 2629 miChristianorum
2786 2566 3022 2631 omnium
3053 2591 3256 2647 sumus,
3287 2587 3341 2635 et
3374 2580 3441 2635 ob
3463 2580 3842 2636 conscientiam

2264 2676 2628 2735 peccatorum,
2662 2667 3049 2725 Bethleemitici
3073 2671 3214 2726 ruris
3241 2685 3368 2726 saxa
3400 2673 3717 2738 incolimus;
3749 2673 3842 2729 sed

2263 2757 2557 2826 Christum,
2584 2759 2675 2831 qui
2703 2761 2998 2818 honoratur
3035 2762 3091 2818 in
3124 2763 3296 2818 servis
3319 2764 3466 2832 suis;
3496 2772 3550 2819 et
3576 2765 3844 2835 Apostolis

2261 2851 2605 2919 repromittit,
2629 2851 2847 2908 dicens:
2875 2871 2894 2906 ι
2915 2852 3016 2922 Qui
3031 2868 3129 2909 vos
3148 2854 3428 2924 rccipiunt,
3455 2868 3541 2911 me
3556 2855 3840 2927 recipiunt.

2262 2945 2327 3001 Et
2368 2945 2568 3016 qui’me
2597 2945 2893 3017 recipiunt,
2941 2947 3208 3020 recipiunt
3248 2961 3405 3014 eum,
3446 2948 3539 3020 qui
3572 2963 3661 3005 me
3700 2949 3844 3006 misit

2263 3036 2493 3113 (Matth.
2526 3038 2652 3112 ιο).
3359 3040 3378 3061 ο

2330 3128 2385 3183 5.
2416 3127 2633 3199 itaque,
2681 3129 2957 3184 carissima
2998 3128 3287 3199 ﬁlia,hanc
3314 3130 3608 3202 Epistolam
3643 3131 3842 3187 amoris

2261 3219 2367 3275 mei
2399 3220 2452 3274 in
2484 3208 2632 3274 illum
2666 3220 2864 3276 habeto
2890 3221 3231 3292 Epitaphium
3260 3239 3275 3276 :
3316 3230 3370 3276 et
3396 3222 3652 3292 quidquid
3684 3235 3841 3293 posse

2260 3326 2348 3366 me
2387 3311 2575 3366 scieris
2604 3312 2656 3365 in
2686 3326 2851 3381 opere
2887 3312 3186 3381 spirituali,
3226 3311 3479 3368 audacter
3509 3314 3744 3382 impera,
3785 3320 3841 3366 ut

2259 3405 2433 3460 sciant
2458 3405 2652 3460 smeula
2699 3414 2820 3475 post
2858 3402 3033 3461 futura
3052 3445 3068 3472 ,
3113 3419 3235 3461 eum
3258 3446 3275 3473 ,
3304 3405 3392 3476 qui
3422 3405 3551 3459 dicit
3580 3407 3633 3459 in
3664 3404 3836 3461 lsaia:

2264 3514 2284 3548 ι
2317 3495 2498 3551 Posuit
2525 3511 2613 3552 me
2636 3506 2693 3551 ut
2721 3497 2969 3566 sagittam
2992 3496 3242 3561 electam,
3274 3496 3326 3551 in
3351 3496 3600 3568 pharetra
3625 3509 3719 3549 sua
3744 3494 3840 3548 ab-

2257 3587 2440 3644 condit
2463 3603 2549 3644 me
2573 3607 2592 3641 ›
2622 3587 2922 3659 (1εαὶ49),
2967 3587 3102 3644 duos
3134 3588 3276 3643 viros
3307 3588 3466 3643 tantis
3488 3587 3647 3642 maris
3676 3595 3840 3657 atque

2264 3690 2529 3736 terrarum
2573 3679 2713 3734 inter
2754 3692 2815 3734 se
2869 3680 3057 3749 spatiis
3095 3687 3409 3749 separatos,
3457 3692 3555 3734 suo
3589 3677 3838 3733 acumine

2257 3775 2589 3841 vulnerasse,
2609 3785 2665 3828 ut
2686 3789 2809 3829 cum
2824 3783 3009 3829 mutuo
3030 3774 3267 3833 incarne
3280 3788 3340 3830 se
3364 3773 3625 3840 nesciant,
3651 3786 3837 3831 amore

2256 3869 2476 3940 spiritus
2500 3867 2840 3938 copulentur.

2868 3954 3209 4027 Subscriptio.

2324 4073 2574 4128 Sanctam
2599 4080 2649 4127 te
2672 4084 2900 4141 corpore
2920 4079 2976 4126 et
2999 4071 3190 4140 spiritu
3210 4076 3386 4125 servet
3413 4067 3501 4123 ille
3521 4067 3831 4133 Samarites,

2256 4164 2307 4219 id
2333 4173 2436 4230 est,
2467 4161 2712 4218 Servatur
2729 4171 2783 4217 et
2804 4172 2995 4230 custos,
3017 4162 3085 4217 de
3106 4176 3211 4232 quo
3238 4160 3290 4215 in
3314 4159 3529 4214 Psalmo
3549 4158 3829 4212 scribitur:

2260 4274 2280 4307 ι
2312 4254 2426 4310 Non
2442 4254 2769 4320 dormitabit,
2789 4268 2961 4324 neque
2981 4252 3232 4318 dormiet,
3253 4250 3341 4323 qui
3362 4248 3594 4306 custodit
3616 4246 3781 4303 lsrael
3805 4265 3828 4299 ι

2255 4346 2373 4418 (Ps.
2392 4346 2495 4404 120
2515 4345 2534 4417 )
2558 4363 2572 4414 ;
2598 4356 2655 4401 ut
2674 4346 2787 4412 Hir,
2811 4348 2901 4417 qui
2925 4347 3303 4416 interpretatur
3323 4341 3465 4414 uigil,
3490 4341 3580 4413 qui
3602 4341 3833 4396 descen-

2321 4541 2352 4578 e
2374 4525 3091 4591 Christumappellatumpqua
3123 4526 3188 4576 de
3221 4538 3278 4576 te
3314 4524 3557 4588 praestabit
3592 4523 3748 4586 ipsum
3772 4522 3828 4575 S.

2279 4565 2730 4661 ῗῷξῇοειιωοιὶιίι
2817 4565 2923 4650 εἶξιν.
3052 4591 3295 4661 οοιιῖθςω.
3315 4565 3344 4588 ν
3385 4653 3396 4661 ⁸
3438 4646 3475 4661 ῃ

2315 4652 2385 4714 (c)
2420 4650 2526 4701 Non
2549 4650 2663 4699 heic
2692 4645 2989 4714 modo,'sed
3021 4658 3074 4699 et
3109 4650 3273 4714 multo
3294 4653 3409 4714 post
3438 4646 3596 4714 Epist.
3631 4645 3690 4694 ad
3725 4645 3830 4695 He-

2255 4709 2434 4775 dibiam
2485 4719 2657 4775 quaest.
2697 4713 2794 4773 10,
2850 4720 2902 4762 et
2953 4709 3354 4775 Commentariun
3397 4711 3446 4758 in
3488 4709 3677 4775 _lsaiam
3722 4722 3827 4775 gap.

2252 4774 2419 4825 LXIV.
2438 4768 2939 4839 _memori:e_l_ortass_e
2972 4771 3457 4839 contid_en_s__iiieron.
3488 4769 3677 4839 Irenaeo
3700 4768 3832 4839 aliin-

2249 4840 2322 4901 git
2344 4836 2861 4904 profectionemjiarci
2891 4835 3099 4904 Egyptii
3123 4836 3170 4904 in
3194 4833 3447 4904 Hispanias
3469 4866 3484 4891 ,
3522 4832 3831 4904 duosqueOin

2252 4896 2402 4961 unum
2427 4898 2677 4961 confundit
2697 4898 2901 4961 hujusce
2924 4896 3132 4961 nominis
3156 4896 3442 4961 haereticos,
3472 4896 3831 4961 quorumpriot‘

2251 4960 2453 5024 Magus,
2486 4974 2635 5024 quem
2660 4960 2712 5024 S,
2749 4953 2964 5024 I'renmus
2985 4958 3202 5024 cotiiutat
3230 4970 3241 5003 :
3269 4953 3446 5005 Gallias
3481 4953 3595 5024 labe
3631 4953 3829 5024 iniecit,

2249 5018 2356 5073 sivé
2380 5018 2561 5084 ut'ip'se
2580 5021 2793 5084 loquitur
2811 5032 2900 5082 cap
2916 5081 2927 5084 _
2940 5020 2990 5069 9.
3015 5018 3066 5068 in
3087 5018 3167 5084 iis,
3185 5028 3297 5084 quae
3310 5018 3576 5084 semiudum
3595 5027 3686 5084 nos
3703 5019 3830 5084 sunt,

2248 5085 2465 5147 regiones
2477 5075 2814 5154 'thodaitenses
2831 5075 3006 5152 trinitas
3022 5075 3217 5130 seduitit
3236 5077 3470 5127 mulieres
3490 5091 3512 5138 ,~
3527 5075 3655 5125 alter
3651 5075 3832 5186 liunior

2248 5146 2519 5199 lEtzvmius,
2544 5158 2648 5193 Sive
2668 5141 2949 5199 Memphitis
2968 5142 3207 5191 ducentos
3221 5140 3327 5189 fere
3351 5147 3457 5199 post
3474 5151 3629 5188 annos
3702 5148 3831 5199 Ispa-

2249 5199 2359 5258 υἱεῖὲ
2375 5199 2604 5268 iiervasit,
2624 5205 2705 5253 ubi
2729 5199 2953 5264 Agapcn,
2977 5204 3359 5268 Helpidium,et_
3376 5199 3834 5268 Priscillianunbhut

2247 5259 2485 5331 Sulpitius
2506 5259 2725 5315 Severus
2747 5259 3405 5331 narrat,:auditores‘babuit,
3422 5265 3517 5331 qui
3535 5260 3595 5308 ad
3620 5272 3700 5331 an.
3718 5259 3829 5331 589.

2245 5334 2293 5382 in
2319 5324 2747 5389 Caesaraugustam
2771 5324 2983 5377 Concilio
3005 5327 3212 5389 damnati
3238 5324 3582 5389 _sunt._}_lujus
3605 5324 3832 5389 τεῇ-γενῦ-

2245 5401 2318 5442 tas
2340 5398 2394 5440 ut
2416 5382 2569 5450 magis
2596 5394 2788 5450 constet
2806 5424 2819 5447 ,
2845 5389 3015 5436 confer
3035 5401 3145 5437 cum
3167 5384 3372 5446 Sulﬂtio
3396 5382 3636 5450 Isidorum
3660 5382 3831 5444 Hispa-

2243 5452 2456 5513 lensetn,
2477 5446 2560 5513 tibi
2582 5450 2645 5498 de
2670 5446 2821 5513 Idalio
2842 5449 2965 5513 agit,
2987 5460 3039 5499 et
3059 5463 3178 5513 cunt
3192 5457 3402 5513 utroque
3425 5446 3693 5513 irenteum.
3717 5507 3725 5513 ι

2307 5514 2385 5576 (d)
2412 5510 2608 5576 Mallem
2632 5509 2862 5576 equidem
2886 5510 3114 5560 ducentos
3134 5511 3340 5576 diciprp
3365 5509 3830 5576 trecentos,_quippe

2241 5569 2378 5624 circa
2400 5586 2479 5622 an.
2502 5573 2609 5633 1,80.
2635 5569 2802 5621 contra
2826 5572 3045 5621 haereses
3078 5569 3271 5633 scripsit
3300 5569 3521 5633 Irenaeus
3539 5605 3554 5633 ,
3597 5574 3649 5615 et
3681 5579 3832 5630 quem

2515 5605 2764 5694 ﬁarc‘t’im‘:
3019 5605 3445 5692 adhucyagentem
3476 5605 3836 5690 videtur‘sup-

2260 5710 2444 5746 uiuere.

2240 5714 2566 5820 Longi-ilium
2581 5761 2723 5804 recte
2746 5756 2859 5804 ante
2883 5755 3117 5820 n_os_editi
3140 5753 3543 5820 scriptorumque.
3566 5752 3677 5803 Alia
3695 5763 3809 5815 quae

2241 5816 2555 5871 dam'lcviora
2575 5829 2722 5880 supra
2744 5816 3126 5869 emendavimus.
