4146 6336
337 371 446 431 689

339 491 416 545 dit
435 487 501 542 ad
531 485 734 550 Daniel,
766 485 829 539 ad
857 493 907 538 te
936 496 1146 551 quoque
1176 479 1380 539 veniat,
1398 486 1451 530 et
1493 473 1664 545 possis
1690 471 1870 527 dicere
1898 485 1910 521 :

341 580 555 642 dormio,
588 586 634 631 et
661 593 749 631 cor
773 590 936 629 meum
963 571 1137 641 vigilat
1167 571 1185 641 (
1213 569 1361 624 Cant.
1397 569 1430 623 5
1452 569 1490 636 ).

784 702 1110 760 EPISTOLA
1151 700 1361 757 LXXVI
1397 700 1469 769 (a)

966 834 1032 872 AD
1071 830 1319 872 ABIGAUI.

346 956 537 1028 Abigao
572 952 874 1024 Presbytero
913 957 1122 1004 excusat
1168 964 1256 1013 se,
1295 947 1431 1016 quod
1473 960 1575 998 non
1622 941 1917 1012 scripserit:

418 1064 626 1119 eumque
649 1045 961 1110 consolatur,
990 1059 1052 1096 ne
1078 1042 1285 1096 moleste
1325 1044 1455 1111 {erat
1485 1037 1761 1092 cazcitatem
1803 1049 1919 1087 cor-

419 1143 556 1210 poris
575 1181 590 1206 ,
639 1155 754 1192 cum
776 1138 946 1191 animo
971 1143 1164 1189 cernat.
1192 1131 1420 1202 Denique
1445 1128 1785 1200 integritatem
1812 1124 1921 1195 ejus

417 1233 622 1296 laudat,
647 1231 788 1300 eique
807 1226 1122 1281 commendat
1143 1223 1459 1280 Theodoram
1479 1221 1683 1274 uiduam
1698 1215 1918 1271 Lucinii.

419 1348 470 1400 1.
511 1347 822 1414 Quanquam
871 1341 1004 1397 mihi
1057 1339 1345 1394 multorum
1395 1335 1496 1389 sim
1525 1331 1773 1388 conscius
1803 1342 1924 1399 pec-

347 1449 607 1504 catorum,
630 1445 683 1490 et
703 1435 941 1506 quotidie
963 1433 1015 1486 in
1037 1430 1276 1487 oratione
1299 1426 1450 1481 ﬂexis
1469 1422 1692 1494 genibus
1711 1421 1922 1489 loquar:

354 1554 372 1584 ‹
390 1535 581 1587 Delicta
609 1532 905 1602 juventutis
927 1545 1082 1596 meae,
1110 1537 1164 1585 et
1191 1525 1518 1598 ignorantias
1542 1536 1690 1576 meas
1719 1535 1787 1575 ne
1812 1532 1925 1574 me-

352 1627 568 1681 mineris
597 1645 616 1678 »
649 1625 824 1696 (Psal.
849 1625 940 1678 2t.
964 1623 1028 1694 7)
1055 1644 1070 1679 :
1104 1631 1280 1676 tamen
1301 1619 1475 1674 sciens
1500 1615 1696 1672 dictum
1719 1627 1838 1668 esse
1856 1611 1925 1665 ab

352 1717 608 1788 Apostolo
640 1730 655 1769 :
701 1733 720 1767 t
749 1715 825 1769 Ne
852 1713 1065 1768 inflatus
1093 1710 1340 1781 superbia
1367 1707 1566 1764 incidat
1591 1706 1644 1761 in
1669 1703 1925 1776 judicium

261 1867 266 1872 ,
347 1805 542 1862 diaboli
556 1804 801 1877 s(t.Tim.
817 1806 869 1860 5.
885 1804 939 1876 6)
960 1804 1055 1860 :Et
1075 1803 1126 1857 in
1145 1802 1248 1856 alio
1262 1800 1380 1856 loco
1394 1799 1646 1868 scriptum
1661 1813 1674 1848 :
1688 1815 1707 1848 ι
1729 1795 1927 1864 Super-

350 1901 430 1955 bis
452 1901 589 1954 Deus
610 1898 828 1964 resistit;
848 1895 1136 1950 humilibus
1157 1900 1331 1950 autem
1349 1892 1439 1946 dat
1453 1885 1771 1961 gratiamsu
1781 1884 1922 1940 acab.

350 1992 403 2046 4.
431 1991 510 2061 6),
528 1990 661 2044 nihil
691 1991 762 2044 ita
791 2004 818 2042 a
847 1987 1071 2058 pueritia
1096 1994 1318 2042 conatus
1345 1999 1463 2038 sum
1495 1984 1660 2036 vitare
1677 1994 1833 2050 quam
1848 1987 1930 2032 tu-

356 2092 587 2138 mentem
612 2081 871 2146 animum,
887 2088 942 2135 et
969 2079 1231 2134 cervicem
1263 2087 1520 2140 erectam,
1545 2073 1637 2129 Dei
1657 2079 1844 2127 contra
1867 2083 1927 2124 se

348 2172 468 2224 odia
497 2178 897 2242 provocantem.
924 2167 1058 2222 Novi
1129 2165 1292 2237 556
1363 2164 1504 2219 enim
1538 2163 1850 2232 magistrum
1876 2165 1932 2214 et

355 2266 636 2319 Dominum
659 2272 714 2320 et
735 2265 901 2318 Deum
918 2276 1096 2316 meum
1118 2261 1172 2315 in
1192 2258 1368 2313 carnis
1389 2255 1686 2311 humilitate
1707 2252 1926 2308 dixisse:

355 2375 375 2407 ‹
412 2357 607 2411 Discite
641 2369 676 2409 a‘
700 2371 787 2410 me
813 2395 828 2421 ,
876 2355 1000 2424 quia
1029 2352 1176 2407 mitis
1219 2366 1337 2406 sum
1368 2359 1424 2404 et
1450 2347 1670 2402 humilis
1709 2343 1872 2400 corde
1903 2362 1923 2397 ι

350 2449 566 2520 (Matth.
591 2449 678 2503 11.
699 2445 793 2520 29)
819 2464 834 2500 ε
855 2454 909 2501 et
928 2452 1052 2499 ante
1071 2458 1166 2514 per
1185 2457 1246 2498 os
1267 2439 1433 2496 David
1453 2439 1713 2494 cecinisse
1735 2457 1746 2490 :
1778 2457 1796 2490 t
1821 2435 1931 2492 Me-

350 2550 554 2605 mento,
583 2538 832 2603 Domine,
863 2535 1049 2602 David,
1068 2543 1120 2590 et
1137 2533 1308 2590 omnis
1328 2529 1750 2586 mansuetudinis
1763 2528 1878 2598 ejus
1907 2546 1925 2578 ι

347 2632 474 2704 (Ps.
506 2631 629 2686 151.
658 2631 732 2700 1).
760 2629 826 2684 Et
847 2629 902 2684 in
929 2627 1036 2682 alio
1057 2626 1177 2682 loco
1197 2624 1421 2695 legimus
1446 2642 1459 2679 :
1496 2640 1516 2674 t
1545 2621 1684 2678 Ante
1706 2620 1930 2692 gloriam

350 2722 720 2777 humiliahitur
767 2735 862 2776 cor
914 2719 1054 2784 viri;
1120 2724 1176 2772 et
1219 2724 1344 2770 ante
1386 2715 1594 2770 ruinam
1639 2712 1875 2768 elevatur
1906 2729 1926 2762 ι

349 2813 537 2885 (Prov.
553 2813 638 2868 l8.
665 2811 775 2882 12).
794 2811 974 2882 Itaque
994 2810 1218 2866 obsecro
1238 2817 1310 2874 te,
1333 2823 1403 2863 ne
1426 2821 1513 2862 me
1535 2813 1687 2876 putes
1706 2802 1933 2874 sumptis

352 2908 548 2963 litteris
580 2907 684 2960 tuis
710 2914 834 2960 ante
861 2904 1128 2970 tacuisse;
1156 2910 1211 2958 et
1238 2900 1462 2955 aliorum
1485 2941 1500 2968 ,
1527 2899 1608 2954 vel
1645 2895 1930 2952 infidelita-

352 3012 480 3068 tem,
526 3000 612 3055 vel
661 2998 1038 3070 negligentiam
1081 2997 1138 3050 in
1190 3009 1278 3050 me
1327 2992 1546 3049 referas.
1597 2990 1736 3059 Quid
1788 2990 1930 3045 enim

353 3105 528 3146 causa:
565 3099 718 3155 erat,
747 3099 806 3144 ut
828 3096 1144 3160 provocatus
1171 3085 1373 3151 officio,
1406 3094 1666 3148 tacerem,
1698 3089 1754 3136 et
1793 3080 1932 3135 ami-

354 3186 506 3240 citias
534 3195 651 3239 tuas
679 3197 800 3238 meo
832 3181 1046 3237 silentia
1073 3179 1390 3249 repellerem
1424 3217 1438 3243 ,
1471 3177 1562 3246 qui
1603 3175 1744 3230 ultro
1783 3171 1932 3228 soleo

355 3278 617 3334 bonorum
643 3283 900 3347 appetere
928 3270 1398 3334 necessitudinem,
1430 3277 1483 3324 et
1511 3282 1598 3323 me
1629 3280 1814 3322 eorum
1847 3265 1928 3319 in-

353 3386 544 3442 gerere
561 3369 768 3424 caritati
793 3368 852 3420 ?t
881 3366 1012 3436 Quia
1033 3365 1285 3421 meliores
1304 3371 1430 3419 sunt
1445 3362 1572 3430 duo,
1587 3376 1745 3432 quam
1773 3373 1929 3414 unus:

353 3475 406 3520 et
423 3464 466 3519 si
483 3464 620 3518 alter
635 3460 909 3526 ceciderit,
927 3459 995 3513 ab
1027 3459 1198 3514 altero
1231 3456 1498 3512 fulcietur.
1520 3452 1810 3508 Funiculus
1837 3451 1933 3506 tri—

357 3558 478 3628 plex
508 3572 615 3611 non
654 3553 812 3610 facile
841 3552 1126 3623 rumpitur,
1159 3560 1213 3606 et
1233 3548 1396 3604 frater
1414 3547 1633 3603 fratrem
1654 3545 1932 3616 adjuvans,

357 3649 674 3704 exaltabitur
703 3666 722 3700 ι
758 3645 979 3718 (Eccles.
1008 3645 1063 3700 4.
1092 3643 1174 3714 9).
1213 3641 1404 3697 Scribe
1447 3640 1606 3710 igitur
1644 3638 1933 3702 audacter;

356 3750 412 3797 et
439 3741 732 3795 absentiam
759 3751 1064 3808 corporum,
1097 3734 1292 3790 crebro
1325 3733 1401 3804 (b)
1431 3732 1583 3788 vince
1610 3744 1880 3786 sermone.

427 3834 482 3888 2.
524 3833 631 3888 Nec
654 3831 863 3894 doleas,
895 3833 940 3884 si
969 3828 1072 3884 hoc
1099 3842 1205 3882 non
1229 3824 1429 3880 habeas
1451 3821 1593 3893 quod
1617 3819 1935 3882 formiculat,

357 3936 411 3983 et
435 3940 651 3992 muscae,
683 3932 738 3980 et
765 3929 1040 3993 serpentes
1067 3920 1288 3984 habent,
1317 3916 1372 3972 id
1396 3925 1499 3982 est,
1524 3912 1702 3970 carnis
1727 3912 1932 3968 oculos:

341 4021 451 4076 sed
477 4019 624 4074 illum
652 4029 703 4074 te
730 4016 943 4072 oculum
971 4013 1170 4068 habere
1199 4011 1416 4077 laetare,
1463 4006 1531 4064 de
1564 4019 1672 4077 quo
1714 3996 1768 4059 in
1791 4001 1934 4058 Can-

294 4167 304 4175 ,
364 4112 469 4165 tico
495 4110 689 4166 dicitur
708 4107 1053 4164 Canticorum
1079 4122 1093 4158 :
1121 4121 1142 4156 t
1170 4099 1480 4157 Vulnerasti
1511 4112 1618 4165 me,
1648 4110 1802 4152 soror
1822 4109 1938 4148 mea

361 4217 576 4272 sponsa,
608 4215 715 4256 uno
741 4199 808 4254 de
834 4197 1004 4254 oculis
1030 4194 1133 4251 tuis
1162 4213 1181 4247 ι
1221 4193 1392 4266 (Cant.
1437 4193 1492 4247 4.
1520 4190 1614 4261 9);
1655 4202 1762 4258 quo
1799 4186 1941 4241 Deus

361 4295 603 4359 videtur;
633 4293 700 4348 de
728 4305 834 4362 quo
859 4305 886 4344 a
914 4288 1097 4359 Moyse
1121 4285 1314 4341 dicitur
1341 4301 1355 4340 :
1389 4302 1408 4336 t
1439 4280 1728 4338 Transiens
1749 4276 1943 4333 videbo

365 4386 622 4441 visionem
656 4385 793 4438 hanc
821 4393 1066 4452 magnam
1095 4399 1115 4432 ι
1151 4378 1170 4451 (
1195 4377 1363 4433 Exod.
1388 4377 1442 4432 5.
1466 4375 1560 4442 5).
1592 4372 1675 4444 (ο)
1704 4372 1942 4438 Denique

365 4476 619 4546 quosdam
645 4476 806 4530 etiam
827 4473 1010 4528 mundi
1035 4469 1392 4540 Philosotthos
1421 4467 1665 4537 legimus,
1693 4471 1752 4518 ut
1777 4471 1943 4518 totam

364 4567 744 4638 cogitationem
771 4565 836 4620 ad
859 4565 1053 4618 mentis
1078 4569 1330 4632 cogerent
1350 4559 1656 4630 puritatem,
1681 4554 1786 4611 sibi
1815 4567 1944 4608 ocu-

363 4660 444 4716 los
473 4660 704 4715 eruisse.
734 4657 802 4710 Et
844 4671 874 4708 a
920 4654 1183 4722 Propheta
1211 4653 1403 4707 dicitur
1429 4668 1448 4706 :
1486 4668 1505 4702 t
1541 4648 1759 4703 Intravit
1802 4659 1947 4699 mors

366 4768 463 4822 per
505 4750 767 4804 fenestras
811 4745 887 4817 (ά)
915 4753 1118 4798 vestras
1148 4763 1168 4796 ι
1203 4743 1335 4814 (Jer.
1367 4741 1421 4796 9.
1447 4741 1512 4794 21
1537 4741 1575 4808 ).
1615 4739 1678 4792 Et
1704 4736 1947 4806 Apostoli

365 4840 630 4904 audiunt;
665 4856 684 4888 t
713 4836 812 4904 Qui
837 4832 1331 4889 videritmulierem
1359 4831 1426 4884 ad
1460 4825 1943 4896 concupiscendum

367 4950 507 4998 eam,
529 4932 639 5002 jam
667 4928 961 4983 moechatus
976 4933 1184 4980 esteam
1207 4923 1261 4977 in
1287 4921 1448 4977 corde
1469 4935 1565 4974 suo
1588 4939 1606 4970 ι
1636 4917 1867 4989 (Matth.
1892 4918 1947 4972 5.

433 5065 507 5124 (a)
543 5062 672 5114 Alias
692 5060 771 5110 52.
799 5059 986 5124 Scripta
1008 5053 1152 5119 paulo
1174 5060 1278 5124 post
1300 5053 1612 5124 superiorem.

436 5066 486 5124 (α
543 5066 672 5114 Alias
692 5066 771 5110 52.
799 5066 986 5121 Scripta
1008 5066 1152 5119 pauto
1174 5066 1278 5118 post
1300 5066 1612 5118 superiorem.

436 5066 507 5188 (l7;
542 5125 834 5188 Impressam
859 5117 1438 5188 lectionemreliquimus
1455 5151 1468 5174 ,
1494 5113 1623 5188 quod
1651 5114 1697 5188 ei
1722 5110 1951 5188 plerique

373 5172 874 5244 Lls‘s—.'a:sse‘tttiatitur;
901 5172 1288 5244 fortassetamen
1314 5172 1477 5228 verius
1513 5172 1696 5224 habent
1723 5172 1809 5244 ..ω
1835 5172 1953 5222 editi

364 5251 516 5312 junge
541 5263 627 5312 pro
651 5245 798 5312 vince.
821 5242 940 5303 Q'uze
965 5256 1084 5312 vero
1108 5242 1219 5312 hinc
1254 5248 1525 5312 sequuntur
1561 5243 1844 5308 argumenta
1870 5248 1956 5296 pro

377 5299 565 5361 linrtiter
590 5309 791 5358 ferenda
825 5299 1040 5367 corporis
1075 5303 1294 5367 caecitate
1314 5299 1538 5367 [confer
1575 5315 1685 5350 cum
1725 5299 1787 5347 iis
1805 5333 1819 5358 ,
1843 5309 1956 5360 quae

376 5383 488 5424 sunt
511 5374 688 5432 scripta
711 5371 769 5418 ad
796 5362 1086 5432 Qistrutjum
1113 5362 1311 5432 epistola
1337 5363 1416 5414 68.

441 5419 875 5498 (e)—Democritus,
900 5419 1278 5498 etnblelrodorus
1298 5463 1310 5486 ,
1338 5440 1461 5498 quos
1483 5425 1652 5498 Cicero
1676 5422 1741 5494 in.
1757 5419 1954 5498 'l'uscul.

380 5486 551 5559 quaest.
579 5505 630 5548 et
651 5493 738 5543 lih.
764 5494 823 5542 V.
849 5486 1138 5559 de__Finibus
1164 5489 1252 5559 sibi
1276 5486 1441 5538 oculos
1464 5487 1610 5538 tradit
1639 5486 1830 5535 eruisse
1851 5519 1867 5545 ,
1905 5489 1960 5534 ut

380 5552 563 5608 natura:
584 5565 778 5608 secreta
799 5553 1023 5604 subtilius
1045 5552 1321 5598 rimaretur.

418 5622 521 5683 '(d)
556 5621 636 5670 Sic
664 5621 847 5683 habent
871 5616 982 5683 hlss.
1005 5615 1144 5683 juxta
1331 5610 1409 5659 alii
1435 5618 1596 5683 tamen
1621 5611 1860 5683 impressi,
1879 5621 1961 5683 n0-

385 5670 518 5732 str‘as'
537 5697 646 5734 cum
669 5679 878 5740 Vulgato
904 5670 1210 5740 interprete._
1231 5671 1342 5722 Mox
1383 5675 1531 5722 verba
1556 5672 1662 5740 jam
1699 5670 1962 5740 utter/tatus

386 5750 452 5792 est
473 5731 578 5794 eant
598 5743 650 5794 in
672 5731 816 5793 corde
841 5753 942 5796 suo,
969 5731 1173 5801 quorum
1200 5735 1304 5783 loro
1328 5742 1433 5801 erat
1454 5742 1500 5784 ct
1524 5731 1726 5796 reliqua,
1758 5733 1822 5782 ex
1845 5733 1962 5782 duo-

389 5816 478 5854 Dus
500 5806 610 5855 Mss.
636 5813 689 5856 et
714 5806 870 5856 veteri
908 5797 1122 5854 editione
1146 5797 1467 5861 reposuimus.

1666 351 1994 412 EP-lSTOLA
2039 351 2125 406 LX
2134 344 2276 410 Χίιι

2005 137 2039 172 \

3503 357 3607 412 ευο

2027 467 2155 536 18).
2203 465 2355 522 Unde
2385 466 2686 536 prmcipitur
2725 467 2838 533 eis,
2880 476 2937 522 ut
2976 469 3154 524 levent
3177 468 3398 534 oculos,
3435 478 3490 524 et
3519 471 3600 526 vi-

2025 558 2184 614 deant
2210 557 2464 613 candidas
2491 565 2719 627 segetes,
2749 573 2867 628 qua:
2895 569 3089 630 paratae
3116 568 3243 617 sunt
3288 560 3354 616 ad
3391 570 3600 617 meteo-

2025 651 2149 705 dum
2176 649 2326 723 (Luc.
2354 651 2418 705 21
2447 668 2461 717 ;
2495 660 2540 705 et
2567 650 2724 704 Joan.
2755 651 2790 705 4
2809 649 2851 723 ).

2096 742 2149 797 5.
2181 739 2334 809 Quod
2365 749 2544 796 autem
2576 741 2833 812 precaris,
2868 751 2924 796 ut
2950 746 3143 799 uos-tris
3177 746 3392 800 monitis
3423 744 3604 800 Nabu-

2027 833 2368 889 chodonosor
2387 874 2402 900 ,
2431 841 2487 890 et
2515 833 2783 904 Rapsaces
2802 875 2816 898 ,
2855 843 2910 889 et
2936 833 3286 890 Nabuzardan
3309 878 3323 902 ,
3356 845 3410 892 et
3437 836 3604 892 Bolo-

2027 923 2204 981 fernes
2231 925 2290 984 in
2314 934 2365 980 te
2394 923 2728 989 occidantur,
2763 937 3008 987 NUNQUAII
3039 934 3221 980 nostra
3261 927 3452 981 auxilia
3480 941 3609 997 pos~

2030 1017 2248 1082 tulares,
2281 1016 2326 1071 si
2353 1016 2405 1071 in
2436 1025 2490 1071 te
2519 1016 2767 1072 viverint.
2793 1014 2902 1070 Sed
2925 1015 3047 1085 quia
3070 1015 3143 1070 illi
3166 1019 3362 1072 mortui
3388 1025 3532 1082 sunt,
3558 1027 3614 1072 et

2027 1122 2148 1162 cum
2173 1107 2489 1174 Zorobabel,
2521 1115 2576 1162 et
2601 1121 2721 1162 cum
2759 1105 2888 1162 Jesu
2917 1105 3024 1160 filio
3061 1105 3289 1162 Josedec
3312 1106 3603 1166 Sacerdote

2029 1211 2222 1267 magno
2251 1195 2328 1270 (1.
2358 1195 2488 1253 Esd.
2515 1196 2596 1267 5),
2626 1211 2749 1252 cum
2774 1196 2906 1252 Ezra
2930 1211 3163 1267 quoque,
3192 1206 3246 1253 et
3265 1197 3482 1254 Neemia
3505 1203 3616 1254 rui-

2029 1303 2124 1344 nas
2152 1287 2451 1344 Jerusalem
2493 1283 2761 1344 aedilicare
2791 1287 3000 1358 coepisti
3026 1305 3040 1353 ;
3087 1303 3187 1343 nec
3216 1289 3383 1344 mittis
3410 1305 3616 1346 merce-

2028 1380 2124 1434 des
2151 1379 2206 1434 in
2233 1388 2508 1448 pertusum
2537 1379 2830 1445 sacculum,
2861 1377 2956 1434 sed
2986 1377 3269 1435 thesauros
3301 1380 3394 1436 tibi
3422 1379 3473 1436 in
3502 1395 3614 1438 ca:-

2030 1468 2250 1524 lestibus
2281 1483 2457 1539 paras,
2492 1469 2694 1526 idcirco
2712 1479 2928 1525 nostras
2948 1470 3158 1540 appetis
3175 1471 3454 1536 amicitias,
3481 1487 3616 1543 quos

2028 1559 2224 1616 Christi
2241 1557 2469 1615 famulas
2485 1560 2782 1616 arbitraris.
2800 1559 2960 1632 5.57
2985 1561 3234 1616 Sanctam
3262 1561 3422 1616 filiam
3441 1577 3617 1618 meam

2031 1649 2388 1717 Theodoram,
2417 1665 2666 1706 sororem
2690 1650 2858 1707 beatte
2884 1651 3160 1707 memorize
3180 1651 3412 1718 Lucinii,
3436 1667 3533 1722 per
3557 1667 3618 1709 se

2028 1739 2486 1805 commendatam,
2510 1755 2634 1796 meo
2655 1754 2908 1796 sermone
2930 1740 3271 1807 commendo,
3296 1751 3354 1797 ut
3370 1742 3422 1797 in
3440 1753 3618 1814 coepto

2035 1833 2224 1886 itinere
2251 1846 2355 1885 non
2377 1831 2638 1896 lassatur;
2665 1838 2725 1885 ut
2744 1829 2810 1884 ad
2835 1829 3056 1885 Terram
3075 1839 3312 1886 sanctam
3335 1832 3502 1885 multo
3522 1846 3618 1902 per

2031 1937 2272 1978 eremum
2305 1921 2489 1978 labore
2528 1921 2848 1992 perveniat:
2894 1931 2952 1975 ut
2997 1936 3101 1976 non
3144 1930 3293 1992 putet
3329 1923 3618 1992 perfecram

2034 2029 2156 2070 esse
2178 2015 2429 2070 virtutem
2457 2015 2636 2070 exisse
2659 2014 2728 2071 de
2754 2013 2994 2085 Egypto
3019 2029 3034 2079 ;
3066 2014 3159 2069 sed
3191 2029 3286 2082 per
3311 2016 3618 2072 innumera-

2034 2105 2172 2161 biles
2202 2106 2425 2161 insidias
2453 2106 2521 2161 ad
2553 2114 2790 2162 montem
2818 2105 2989 2172 Nabo,
3018 2114 3073 2161 et
3098 2104 3166 2161 ad
3191 2106 3478 2162 Jordanem
3515 2105 3618 2160 flu-

2034 2201 2175 2251 vium
2207 2197 2487 2266 pervenire
2518 2197 2706 2264 (Num.
2735 2196 2863 2268 3'5):
2893 2206 2950 2251 ut
2981 2197 3210 2266 accipiat
3241 2197 3532 2253 secundam
3563 2198 3615 2252 in

2034 2285 2252 2357 Galgala
2277 2288 2739 2344 circumcisionem
2765 2306 2778 2343 :
2814 2295 2871 2342 ut
2898 2287 2972 2342 illi
2999 2285 3067 2358 (e)
3096 2286 3312 2342 Jericho
3352 2298 3606 2352 corruat,

2041 2377 2454 2434 sacerdotalium
2484 2377 2730 2433 tubarum
2759 2378 3017 2432 subversa
3047 2378 3388 2449 clangoribus
3417 2395 3430 2432 :
3458 2386 3518 2433 ut
3536 2378 3622 2448 ju-

2036 2468 2246 2538 guletur
2287 2470 2667 2526 Adonisedec:
2722 2479 2780 2525 ut
2810 2467 2942 2534 Hai,
2969 2479 3024 2526 et
3066 2472 3206 2526 Azor
3246 2470 3622 2542 pulcherrimae

2036 2562 2306 2630 quondam
2353 2572 2609 2617 corruant
2646 2562 2895 2616 civitates
2923 2561 3076 2632 (los.
3107 2563 3158 2617 5.
3190 2562 3243 2617 5.
3279 2561 3332 2617 6.
3376 2561 3546 2617 10.11
3579 2561 3619 2627 ).

2038 2651 2252 2707 Fratres
2277 2651 2368 2722 qui
2389 2652 2668 2707 nobiscum
2696 2653 2749 2707 iu
2776 2652 3102 2708 Monasterio
3123 2661 3267 2719 sunt,
3294 2660 3348 2708 te
3369 2653 3619 2706 salutant.

2035 2743 2260 2798 Sanctos
2285 2745 2376 2814 qui
2405 2759 2503 2798 nos
2523 2744 2744 2815 diligere
2763 2744 3050 2815 dignantur
3077 2742 3171 2816 [al.
3199 2745 3492 2816 conantur],
3527 2760 3622 2816 per

2037 2842 2088 2889 te
2115 2834 2314 2904 Oppido
2339 2835 2653 2890 salutamus.

2460 2945 2790 3001 EPISTOLA
2824 2946 3070 3001 Lxxvu
3101 2949 3192 3018 tn.

2641 3072 2708 3110 ΑΙ)
2749 3071 2992 3112 OCEANUII

2559 3167 2637 3222 De
2661 3179 2821 3222 morte
2847 3166 3092 3223 Fabiolta.

2038 3279 2306 3336 Fabiolam
2323 3281 2542 3336 nobilem
2561 3280 2802 3350 feminam
2825 3280 3024 3348 laudat,
3047 3284 3183 3352 quod
3204 3293 3318 3352 post
3344 3283 3546 3354 lapsum
3562 3285 3630 3338 ad

2107 3374 2366 3430 Christum
2383 3389 2646 3440 conversa,
2670 3375 3042 3429 sanctissimam
3063 3391 3274 3446 vereque
3301 3375 3629 3430 christianum

2113 3465 2270 3536 egerit
2289 3465 2464 3531 vitam,
2491 3464 2869 3535 gloriosumque
2894 3465 3131 3518 meruerit
3158 3466 3272 3518 vita:
3298 3466 3469 3534 ﬁnem.
3495 3464 3628 3518 Tum

2108 3557 2323 3612 alteram
2370 3557 2435 3610 de
2475 3555 2566 3610 42.
2600 3554 2952 3611 Mansionibus
3001 3556 3267 3626 epistolam
3297 3557 3414 3609 huic
3434 3557 3626 3626 jungit,

2108 3659 2263 3718 atque
2289 3648 2398 3717 ejus
2423 3648 2683 3702 memoria:
2699 3647 2884 3702 reddit.

2115 3760 2168 3814 1.
2204 3759 2394 3836 Plures
2435 3759 2561 3812 anni
2588 3767 2747 3824 sunt,
2779 3757 2923 3827 quod
2951 3772 3112 3827 super
3142 3757 3462 3812 dormitione
3497 3759 3630 3813 Bk!)-

2041 3850 2193 3914 sillte,
2226 3849 2445 3905 Paulam
2489 3847 2850 3903 venerabilem
2888 3846 3142 3902 feminam
3163 3889 3178 3912 ,
3211 3848 3413 3901 recenti
3453 3847 3630 3902 adhuc

2043 3940 2282 4005 vulnere,
2307 3937 2612 3993 consolatus
2641 3952 2758 3992 sum
2777 3935 2970 4007 (Epist.
2996 3936 3084 3993 59.
3111 3938 3172 3990 de
3204 3935 3341 3990 Obit.
3373 3935 3625 4007 Bltesil.).

2043 4029 2257 4096 Quartae
2282 4028 2484 4084 aestatis
2505 4027 2740 4083 circulus
2770 4027 3025 4093 volvitur,
3056 4041 3123 4082 ex
3153 4042 3259 4096 quo
3285 4025 3350 4080 ad
3381 4025 3631 4081 Heliodo-

2047 4133 2162 4172 rum
2211 4119 2536 4188 Episcopum
2602 4115 2884 4186 Nepotiani
2944 4114 3186 4170 scribens
3249 4113 3626 4185 Epitaphium,

2047 4209 2308 4282 quidquid
2338 4209 2540 4264 habere
2568 4208 2716 4278 potui
2760 4208 2949 4262 virium
2977 4249 2991 4273 ,
3038 4207 3090 4262 in
3140 4207 3234 4263 illo
3280 4214 3404 4262 tunc
3446 4205 3634 4263 dolore

2046 4300 2374 4371 consumpsi.
2397 4302 2535 4355 Ante
2552 4298 2654 4355 hoc
2665 4299 2832 4354 ferme
2846 4297 3140 4365 biennium,
3155 4296 3494 4352 Pammachio
3515 4313 3635 4352 meo

2050 4407 2146 4464 pro
2167 4391 2339 4448 subita
2365 4389 2796 4462 peregrinatione
2817 4389 3077 4457 Paulinae,
3102 4389 3316 4444 brevem
3340 4385 3637 4457 Epistulam

2045 4483 2194 4551 dedi,
2223 4483 2552 4539 erubescens
2569 4481 2635 4537 ad
2661 4480 3078 4536 disertissimum
3098 4479 3270 4532 virum
3293 4477 3441 4545 plura
3465 4475 3634 4546 loqui,

2050 4584 2105 4630 et
2133 4575 2180 4630 ei
2213 4589 2307 4629 sua
2339 4576 2602 4644 ingerere,
2635 4586 2704 4626 ne
2729 4585 2836 4624 non
2869 4578 2974 4624 tam
3007 4567 3276 4623 consolari
3298 4566 3531 4621 amicum
3559 4567 3637 4620 vi—

2051 4668 2228 4734 derer,
2258 4680 2416 4735 quam
2448 4664 2609 4719 stulta
2636 4660 2893 4732 jactantia
2921 4659 3118 4714 docere
3144 4656 3458 4727 perfectum.
3486 4655 3638 4711 Nunc

2054 4757 2206 4821 mihi,
2227 4757 2298 4809 liii
2323 4754 2552 4818 Oceane,
2575 4750 2774 4806 volenti
2805 4759 2860 4804 et
2910 4749 3051 4803 ultro
3076 4747 3367 4818 appetenti,
3397 4747 3636 4802 debitum

2056 4861 2248 4900 munus
2278 4845 2532 4914 imponis,
2563 4857 2671 4912 quo
2696 4854 2794 4911 pro
2824 4840 3062 4895 novitate
3086 4839 3364 4903 virtutum,
3398 4848 3633 4894 veterem

2056 4939 2348 4993 materiam
2379 4951 2570 4991 novam
2605 4935 2818 4990 faciam.
2853 4932 2909 4988 In
2942 4932 3046 4988 illis
3086 4932 3230 4988 enim
3278 4931 3362 4987 vel
3405 4931 3641 5002 parentis

2055 5030 2299 5097 allectus,
2328 5029 2409 5084 vel
2449 5043 2651 5086 maeror
2679 5027 2965 5092 avunculi,
2995 5027 3080 5081 vel
3109 5024 3434 5081 desiderium
3464 5023 3642 5079 mariti

2059 5121 2464 5193 temperandum
2512 5121 2646 5187 fuit;
2689 5129 2743 5176 et
2775 5135 2871 5188 pro
2909 5118 3226 5174 diversitate
3253 5130 3600 5187 personarum
3624 5156 3639 5181 ,

2063 5216 2276 5272 diversa
2305 5215 2372 5270 de
2396 5214 2688 5286 Scripturis
2713 5211 3015 5268 adhibenda
3043 5209 3417 5266 medicamina.

2131 5358 2190 5425 (e)
2229 5357 2415 5407 Victor.
2458 5354 2824 5425 muridericho
2863 5357 3096 5425 corruant
3137 5358 3291 5425 :_tum
3320 5347 3645 5425 νῃξ-τξὶίιιρξῖξέδ

2062 5405 2315 5473 turbinum
2328 5405 2361 5479 ξ
2527 5405 2650 5468 forte
2668 5405 3083 5482 typographorum
3092 5419 3181 5482 _est
3219 5410 3484 5482 metutum.)
3495 5405 3648 5482 lieni-

2061 5466 2607 5547 2;"tié"[}i6".t'dg3izisettéc
2653 5466 2950 5547 vetustiores
2991 5475 3178 5547 et‘Mss.

2061 5528 2177 5596 2&7;
2200 5528 2620 5606 :‘ﬁsednhieialius
2652 5548 2763 5598 est,
2787 5540 2864 5587 cui
2903 5545 3010 5606 post
3045 5535 3194 5606 Iosue
3215 5528 3649 5606 ttio’t'tetlrt,_p_e_t‘lttm

2064 5588 3126 5668 manlioatquewdigititautum'trunca-iisunt.
3143 5588 3467 5668 ‘At‘lgtiisedec
3479 5596 3647 5668 autern

2065 5649 2796 5730 Eiﬁii'iiiiiiiié'ﬁtis"regem
2813 5658 3061 5723 iugulatus
3085 5663 3176 5704 est.
3205 5651 3326 5701 Vide
3350 5649 3502 5698 Josue
3529 5650 3650 5698 cita-

2067 5739 2131 5782 tls
2162 5731 2294 5778 locis.

2136 5792 2192 5856 υ)
2230 5790 2298 5841 .tl.
2336 5791 2413 5838 50.
2443 5787 2630 5849 Scripta
2653 5783 2740 5834 hoc
2764 5794 2886 5832 tanta
2908 5780 3019 5830 539.
