4106 6340
515 318 614 378 691

583 427 640 482 2.
672 424 904 480 Fabion
925 422 1195 478 laudes.—
1215 419 1274 476 In
1299 422 1703 493 praesentiarum
1742 421 1908 476 tradis
1948 419 2079 476 mihi

515 518 794 576 Fabiolam
817 557 832 582 ,
866 515 1077 570 laudem
1117 511 1544 570 Christianorum
1566 555 1582 579 ,
1613 513 1923 568 miraculum
1949 510 2092 568 Gen-

508 611 706 676 tilium,
727 607 930 664 luctum
954 619 1278 675 pauperum,
1310 603 1476 676 5.58
1513 604 1758 659 solatium
1795 599 2089 656 Monaclto-

509 717 654 758 rum.
685 697 952 768 Quidquid
991 697 1220 768 primum
1259 697 1905 766 arripuero,sequentium
1938 708 2091 749 com-

509 793 790 864 paratione
836 789 1060 847 vilescit.
1089 789 1360 859 Jejunium
1406 788 1736 859 prmdicem?
1766 785 1860 842 sed
1886 799 2091 855 praeva-

491 870 720 942 ilescunt
739 883 1117 955 eleemosyure.
1143 881 1510 938 Humilitatem
1534 879 1744 935 laudem
1763 882 1788 932 ’ἵ
1803 878 1900 933 sed
1923 876 2094 947 major

509 984 594 1030 est
633 974 755 1030 fidei
781 973 965 1030 ardor.
999 974 1175 1028 Dicam
1194 973 1456 1042 appetitas
1475 971 1682 1037 sordes,
1702 970 1818 1024 etin
1836 967 2092 1024 condem—

512 1067 785 1122 nationem
811 1066 1038 1120 vestium
1060 1065 1349 1120 sericarum
1376 1062 1644 1132 plebeium
1669 1062 1870 1117 cultum
1897 1068 1952 1114 et
1978 1074 2096 1116 ser-

511 1157 633 1212 vilia
647 1157 956 1213 indumeuta
977 1155 1198 1226 qumsita
1212 1155 1235 1208 ?
1249 1170 1374 1210 nos
1388 1169 1482 1209 εει·
1495 1154 1730 1208 animum
1751 1151 2084 1222 deposuisse,

512 1265 672 1320 quam
699 1249 924 1305 cultum.
958 1247 1236 1303 Difﬁcilius
1260 1247 1588 1317 arrogantia,
1611 1262 1769 1316 quam
1795 1261 1930 1300 auro
1942 1260 2096 1301 care-

515 1357 634 1396 mus
663 1349 718 1397 et
743 1340 989 1412 gemmis.
1024 1339 1116 1395 His
1145 1340 1287 1394 enim
1317 1339 1568 1411 abjectis,
1601 1338 1865 1395 interdum
1891 1338 2095 1410 glorio-

515 1431 590 1486 sis
612 1439 878 1487 tumemus
899 1430 1148 1487 sordibus
1172 1448 1187 1486 :
1206 1439 1262 1486 et
1277 1432 1596 1487 vendibilem
1615 1441 1979 1502 paupertatem
2003 1446 2099 1502 po-

515 1524 686 1591 pulari
717 1539 862 1579 aurre
891 1521 1188 1579 offerimus.
1211 1523 1425 1579 Camn
1447 1539 1659 1589 vtnrus,
1681 1533 1736 1580 et
1757 1523 2100 1580 conscientiae

516 1612 625 1670 fota
656 1624 888 1680 secreto,
917 1615 1081 1671 Deum
1103 1614 1278 1671 solum
1299 1614 1533 1685 judicem
1554 1616 1791 1686 respicit.
1820 1614 1973 1672 Unde
1996 1629 2098 1671 no-

515 1709 596 1764 vis
625 1708 755 1763 mihi
785 1716 869 1764 est
895 1706 1166 1764 efferenda
1194 1706 1496 1779 praeconiis,
1519 1716 1574 1762 et
1594 1705 1784 1762 ordine
1803 1706 2100 1762 Rhetorum

517 1799 899 1868 prretermisso,
933 1807 1042 1854 tota
1069 1797 1138 1853 de
1163 1798 1530 1854 conversionis
1557 1812 1620 1853 ac
1651 1797 1978 1868 poenitentiae
2005 1795 2099 1870 [al.

517 1890 870 1962 confessionis,
913 1898 972 1944 et
1011 1887 1431 1960 conversationis]
1460 1888 1796 1944 incunabulis
1821 1902 2102 1944 assumen-

517 1981 607 2035 da.
635 1981 786 2036 Alius
815 1980 1037 2036 forsitan
1063 1979 1262 2035 scholae
1286 1994 1513 2045 memor,
1541 1979 1606 2048 ρ.
1635 1979 1940 2035 Maximum.

594 2071 768 2128 Unum
788 2072 874 2142 qui
888 2072 1048 2135 nobis,
1071 2075 1375 2137 cunctando,
1391 2071 1607 2126 restituit
1621 2087 1726 2126 rem
1749 2070 1771 2144 (
1786 2070 1860 2125 1E
1865 2071 2001 2126 neid.
2020 2071 2104 2142 6),

519 2173 578 2221 et
607 2173 770 2220 totam
797 2163 1084 2220 Fabiorum
1113 2173 1326 2236 gentem
1357 2163 1627 2235 proferret
1645 2164 1700 2219 in
1723 2164 1956 2221 medium
1981 2182 1995 2220 :
2025 2164 2106 2220 di-

519 2266 670 2315 ceret
694 2272 920 2330 pugnas,
953 2257 1280 2313 describeret
1307 2258 1514 2328 praelia,
1554 2266 1610 2314 et
1636 2273 1732 2329 per
1761 2267 1922 2314 tantae
1946 2257 2104 2314 nobi-

522 2349 688 2404 litatis
713 2348 913 2420 gradus
941 2347 1215 2404 Fabiolam
1243 2348 1457 2404 venisse
1492 2349 1755 2420 jactaret,
1787 2357 1847 2404 ut
1881 2348 2024 2420 quod
2052 2349 2106 2404 in

525 2442 671 2512 virga
722 2457 830 2496 non
871 2449 1113 2513 poterat,
1150 2443 1204 2496 in
1233 2441 1504 2497 radicibus
1533 2441 1949 2498 demonstraret.
1993 2433 2130 2512 Ego'

524 2532 806 2588 diversorii
824 2532 1231 2598 Bethleemitici,
1255 2542 1308 2586 et
1325 2533 1580 2602 praesepis
1602 2532 1861 2587 Dominici
1877 2539 2106 2597 amator,

526 2625 580 2678 in
611 2639 718 2694 quo
737 2624 887 2695 virgo
908 2639 1173 2696 puerpera
1197 2625 1360 2679 Deum
1389 2622 1524 2678 fudit
1547 2622 1826 2688 infantem,
1859 2621 2108 2678 ancillam

510 2700 762 2783 Christi,
792 2731 899 2770 non
941 2715 1010 2771 de
1053 2716 1333 2772 nobilitate
1369 2716 1568 2772 veteris
1613 2715 1872 2782 historiae,
1917 2713 2013 2770 sed
2039 2713 2109 2771 de

533 2804 784 2861 Ecclesiae
814 2805 1108 2862 humilitate
1136 2807 1449 2876 producam.

604 2897 660 2953 5.
694 2897 762 2952 Et
789 2897 914 2969 quia
945 2899 1125 2953 statim
1155 2900 1207 2954 in
1233 2899 1516 2970 principio,
1539 2899 1690 2970 quasi
1719 2899 1972 2970 scopulus
1992 2898 2110 2970 qui-

527 2987 675 3056 dam,
707 2998 762 3044 et
793 2990 1026 3060 procella
1053 2991 1183 3045 mihi
1210 2990 1630 3047 obtrectatorum
1653 2991 1772 3063 ejus
1800 2993 2106 3062 opponitur,

527 3081 672 3148 quod
697 3082 990 3138 secundum
1021 3085 1207 3138 sortita
1236 3086 1638 3140 matrimonium
1660 3125 1676 3152 ,
1703 3085 1850 3156 prius
1878 3086 2112 3157 relique-

527 3172 617 3237 rit,
647 3187 755 3228 non
786 3173 1013 3229 laudabo
1039 3189 1355 3230 conversam
1378 3215 1393 3238 ,
1438 3174 1542 3230 nisi
1569 3177 1721 3247 prius
1750 3190 1896 3230 ream
1934 3176 2112 3232 absol-

534 3280 685 3320 vero.
713 3265 883 3320 Tanta
909 3267 1059 3336 prior
1086 3268 1309 3322 maritus
1331 3267 1457 3322 vitia
1481 3268 1732 3324 habuisse
1754 3279 2024 3337 narratur,
2054 3278 2113 3325 nt

534 3369 604 3409 ue
640 3365 878 3410 scortum
925 3356 1139 3426 quidem
1179 3365 1236 3413 et
1259 3359 1364 3414 vile
1391 3360 1717 3430 mancipium
1757 3375 1820 3416 ea
1846 3361 2113 3418 sustinere

534 3455 736 3515 posset.
763 3447 892 3514 Qtne
923 3449 972 3503 si
997 3450 1220 3505 voluero
1259 3450 1473 3517 dicere,
1505 3451 1722 3522 perdam
1751 3453 2001 3508 virtutem
2030 3453 2113 3509 fe-

532 3539 716 3607 minae,
741 3555 862 3610 qua:
887 3541 1072 3596 maluit
1096 3542 1308 3613 culpam
1337 3543 1520 3599 subire
1545 3543 1776 3610 dissidii,
1805 3560 1963 3617 quam
1991 3560 2114 3601 cor-

532 3631 680 3697 poris
707 3630 791 3685 sui
819 3629 1079 3687 infamare
1103 3640 1332 3702 partem,
1355 3641 1410 3689 et
1430 3635 1663 3689 maculas
1691 3635 1809 3706 ejus
1834 3635 2109 3706 detegere.

531 3719 644 3775 l-loc
671 3720 846 3776 solum
877 3721 1169 3792 proferam,
1201 3723 1347 3795 quod
1393 3724 1711 3782 verecunda:
1760 3736 2022 3784 matrona:
2059 3737 2114 3784 et

529 3813 848 3872 Christianae
877 3818 1008 3872 satis
1033 3826 1135 3873 est.
1171 3819 1431 3890 Praecepit
1474 3821 1730 3876 Dominus
1756 3836 1978 3878 uxorem
2004 3835 2111 3876 non

528 3909 726 3966 debere
761 3911 996 3980 dimitti,
1027 3921 1252 3983 excepta
1290 3928 1452 3969 causa
1501 3913 1908 3970 fornicationis:
1949 3923 2005 3969 et
2066 3913 2111 3969 si

531 4000 751 4057 dimissa
796 4003 993 4070 fuerit,
1043 4019 1260 4059 manere
1305 4005 1581 4076 innuptam
1621 4004 1837 4079 (Matth.
1866 4006 1900 4061 5
1926 4014 1973 4058 et
2000 4003 2110 4076 19).

529 4092 801 4164 Quidquid
824 4093 954 4148 viris
973 4093 1211 4164 jubetur,
1241 4095 1342 4151 hoc
1363 4109 1757 4166 consequenter
1777 4095 2040 4152 redundat
2060 4096 2111 4150 in

530 4183 782 4239 feminas.
810 4183 996 4255 Neque
1023 4185 1166 4239 enim
1207 4185 1448 4241 adultera
1487 4202 1623 4241 uxor
1651 4186 1964 4241 dimittenda
1990 4194 2073 4241 est
2095 4225 2111 4252 ,

532 4284 592 4332 et
612 4276 696 4332 vir
716 4276 959 4333 mtecltus
980 4277 1261 4333 tenendus.
1290 4297 1310 4330 ‹
1339 4279 1396 4334 Si
1417 4278 1539 4348 quis
1561 4279 1828 4334 meretrici
1850 4279 2111 4350 jungitur,

531 4382 696 4422 unum
715 4381 911 4438 corpus
932 4367 1058 4423 facit
1084 4367 1189 4440 »(1.
1205 4367 1322 4426 Cor.
1345 4367 1495 4440 6.16)
1521 4385 1534 4420 :
1558 4384 1687 4438 ergo
1699 4377 1754 4424 et
1777 4384 1896 4438 qua:
1911 4379 2115 4424 scorta-

530 4459 635 4514 tori
661 4458 982 4531 impuroque
1010 4459 1269 4524 sociatur,
1300 4474 1462 4514 unum
1529 4457 1693 4530 559
1742 4473 1863 4514 cum
1893 4474 1959 4514 eo
1987 4473 2113 4516 cor~

530 4567 632 4620 pus
660 4553 909 4610 efficitur.
931 4553 1063 4608 Alia:
1082 4561 1206 4608 sunt
1227 4551 1370 4623 leges
1389 4550 1685 4618 Caesarum,
1711 4550 1830 4606 aliae
1869 4550 2065 4606 Christi
2095 4569 2110 4607 :

531 4643 675 4697 aliud
704 4643 968 4713 Papiauus
989 4684 1004 4707 ,
1033 4641 1177 4698 aliud
1217 4642 1415 4698 Paulus
1453 4650 1639 4697 noster
1669 4642 1928 4713 prtecipit.
1956 4643 2112 4713 Apud

530 4738 655 4793 illos
685 4735 761 4810 (a)
791 4737 918 4792 viris
943 4737 1265 4806 itnpudiciue
1292 4735 1440 4792 frena
1466 4735 1748 4792 laxantur:
1783 4745 1837 4792 ct
1859 4735 1979 4791 solo
2001 4746 2116 4792 stu-

534 4845 633 4900 pro
660 4837 820 4898 atque
847 4827 1107 4882 adulterio
1134 4827 1510 4893 condemnato,
1542 4825 1619 4900 (l)
1649 4827 1846 4898 passim
1890 4842 1987 4898 per
2034 4828 2116 4882 lu-

533 4919 752 4990 panaria
775 4927 831 4974 et
859 4917 1135 4973 ancillulas
1178 4917 1345 4973 libido
1393 4921 1760 4989 permittitur:
1809 4920 1962 4990 quasi
2001 4921 2115 4976 cnl-

534 5023 659 5081 pam
682 5007 912 5075 dignitas
931 5005 1122 5072 faciat,
1165 5023 1270 5063 non
1308 5008 1575 5063 voluntas.
1620 5008 1773 5078 Apud
1798 5024 1898 5064 nos
1922 5049 1938 5075 ,
1969 5011 2110 5080 quod

536 5115 648 5158 non
670 5100 795 5156 licet
815 5099 1048 5165 feminis,
1071 5114 1223 5170 teque
1247 5113 1352 5153 non
1379 5099 1504 5154 licet
1529 5099 1655 5152 viris
1678 5115 1694 5164 ;
1718 5099 1976 5154 eteadem
1999 5115 2114 5155 ser-

531 5198 674 5254 vitus
691 5197 808 5268 pari
828 5192 1136 5251 conditione
1155 5201 1424 5249 censetur.
1447 5192 1658 5247 Dimisit
1678 5207 1827 5264 ergo,
1860 5201 1916 5247 ut
1937 5193 2108 5260 aiunt,

594 5425 670 5490 (a)
704 5423 967 5487 Augustin.
990 5420 1054 5471 de
1077 5418 1220 5492 Civit.
1244 5417 1502 5492 Dei-lati.
1527 5433 1571 5492 ς.
1601 5419 1676 5492 17.
1695 5437 1717 5466 ι
1735 5420 1781 5492 in
1805 5432 1915 5492 usu,
1939 5420 2112 5492 inquit,

535 5481 841 5549 εαῖιιίοι-ωιῖ,
887 5497 1032 5549 quam
1076 5490 1273 5533 terrena
1315 5481 1496 5549 Civitas
1540 5481 1721 5549 licitam
1762 5481 2113 5549 turpitudinem

513 5548 539 5594 ι’
553 5554 672 5614 ecit,
693 5541 982 5614 quanivigiid
1007 5551 1178 5608 agatur
1199 5580 1213 5604 ,
1235 5541 1876 5614 quod-ejnsncivitatisnulla
1900 5541 1980 5614 lex
2008 5545 2116 5614 vin:

531 5603 680 5669 dicat,
703 5603 728 5657 ἱ
753 5618 849 5662 etc.
873 5603 1082 5669 Videnti.
1108 5603 1327 5669 pot-retr.
1355 5603 1438 5669 lin;
1463 5605 1543 5655 48.
1570 5613 1623 5656 et
1644 5603 1759 5656 00d.
1786 5603 1892 5653 1.9.
1919 5606 1996 5653 tit.
2039 5603 2114 5653 Ad

533 5647 849 5740 ὶὲξίὶιῇῗᾷἕ
869 5647 1091 5740 Adoni];
1112 5647 1264 5719 ἳῗέἑ.
1277 5647 1457 5738 stas;
1649 5647 1759 5656 ”’“’

601 5728 674 5804 (1)
708 5734 911 5784 Dubitat
931 5733 1149 5804 _Gravius
1179 5743 1293 5804 nam
1544 5728 1693 5804 yier.
1737 5728 2120 5804 scripseritpro

536 5788 714 5859 passim
736 5795 1135 5859 quemadmodum
1161 5792 1267 5844 alibi
1305 5788 1365 5841 ex
1390 5788 1690 5843 'l‘ertutliano
1715 5788 1929 5840 notatum
1955 5793 2048 5838 est.

1803 274 2049 367 sane“
2088 305 2476 366 ntsnoavnt

2196 419 2480 475 vitiosum:
2510 416 2713 475 dimisit
2737 418 2876 475 illius
2899 428 2957 475 et
2980 419 3122 476 illius
3140 420 3378 477 criminis
3403 421 3622 478 noxium
3649 442 3663 479 :
3688 425 3777 482 dl-

2200 508 2346 565 misit
2377 508 2551 582 (pene
2580 508 2726 580 dixi)
2753 510 2916 581 quod,
2945 511 3209 566 clamante
3230 512 3423 568 vicinia
3447 555 3466 580 ,
3497 529 3634 570 uxor
3661 517 3778 572 sola

2202 614 2310 654 non
2355 598 2610 670 prodidit.
2665 599 2758 654 Sin
2802 608 2978 656 autem
3005 603 3264 672 arguitur.
3293 619 3459 673 quare
3498 605 3778 674 repudiato

2203 691 2416 755 marito,
2446 705 2553 745 non
2585 691 2802 762 innupta
2826 694 3200 761 permanserit,
3234 693 3388 748 facile
3408 696 3619 766 culpam
3648 697 3780 755 fate-

2202 782 2337 849 bor,
2371 783 2497 838 dum
2551 791 2728 838 tamen
2763 784 2992 840 referam
3023 787 3419 842 necessitatem.
3453 787 3643 844 Melius
3666 799 3737 846 est
3758 832 3776 859 ,

2201 873 2372 944 inquit
2387 875 2695 944 Apostolus,
2717 876 2921 944 nubere,
2941 893 3091 946 quam
3111 878 3191 931 uri
3216 877 3291 949 (l.
3314 879 3434 934 Cor.
3454 881 3506 934 Ἰ.
3531 880 3608 953 9).
3631 884 3779 937 Ado-

2203 963 2493 1020 lescentula
2519 973 2654 1030 erat,
2679 966 2988 1022 viduitatem
3011 983 3162 1024 suam
3185 985 3402 1026 servare
3415 987 3520 1028 non
3545 984 3776 1043 poterat.

2207 1053 2432 1110 Videbat
2457 1055 2613 1110 aliam
2657 1056 2828 1126 legem
2873 1057 2926 1112 in
2959 1059 3215 1114 membris
3250 1061 3362 1116 suis
3398 1075 3779 1134 repugnantem

2203 1145 2304 1216 legi
2333 1148 2530 1202 utentis
2555 1163 2666 1204 sua:
2692 1147 2866 1221 (Rom.
2892 1151 2945 1204 7.
2977 1149 3088 1224 25),
3115 1161 3168 1207 et
3193 1167 3251 1208 se
3280 1154 3514 1211 vinctam
3533 1166 3589 1211 et
3607 1159 3785 1228 capti‘

2205 1252 2321 1291 vam
2350 1239 2415 1292 ad
2442 1239 2640 1293 coitum
2671 1239 2829 1294 trahi.
2857 1241 3044 1296 Melius
3069 1243 3322 1299 arbitrata
3345 1256 3428 1300 est
3447 1257 3629 1316 aperte
3653 1262 3783 1304 con-

2206 1329 2340 1384 litcri
2363 1330 2779 1386 imbecillitatem
2801 1348 2971 1398 suam,
2996 1341 3050 1388 et
3070 1335 3311 1390 umbram
3334 1338 3616 1408 quamdam
3629 1341 3784 1404 mise-

2205 1421 2389 1477 rabilis
2410 1423 2592 1478 subire
2611 1423 2862 1495 conjugii,
2889 1441 3048 1495 quam
3071 1427 3170 1482 sub
3189 1429 3357 1498 gloria
3380 1430 3600 1485 univirae
3619 1446 3782 1502 opera

2205 1527 2466 1570 exemere
2494 1518 2861 1571 meretricum.
2907 1517 3054 1573 ldem
3100 1521 3389 1590 Apostolus
3437 1525 3552 1578 vult
3595 1524 3785 1582 viduas

2205 1606 2632 1662 adolescentulos
2660 1609 2886 1675 nubere,
2921 1610 3058 1665 filios
3091 1627 3394 1679 procreare,
3426 1615 3625 1671 nullam
3654 1617 3785 1675 dare

2205 1699 2546 1753 occasionem
2590 1699 2901 1754 adversario
2949 1701 3216 1757 maledicti
3258 1707 3424 1774 gratia
3454 1705 3502 1778 (l
3537 1706 3674 1763 Tim.
3703 1710 3783 1781 5).

2210 1787 2275 1842 Et
2305 1789 2547 1856 protinus
2571 1805 2668 1844 cur
2689 1791 2790 1846 hoc
2810 1791 2957 1854 velit,
2987 1794 3244 1862 exponit:
3275 1813 3294 1846 t
3325 1795 3440 1850 Jam
3468 1798 3610 1852 enim
3636 1815 3784 1868 quae—

2208 1880 2330 1935 dam
2362 1881 2609 1938 abierunt
2630 1895 2776 1938 retro
2798 1894 2916 1953 post
2936 1885 3207 1940 Satanam.
3243 1905 3262 1940 ι
3291 1888 3453 1959 igitur
3472 1899 3526 1945 et
3544 1891 3785 1958 Fabiola,

2211 1973 2334 2044 quia
2367 1983 2706 2044 persuaserat
2733 1975 2857 2043 sibi,
2887 1986 2940 2031 et
2971 1979 3186 2048 putabat
3214 1993 3242 2031 a
3270 1995 3329 2034 se
3358 1982 3528 2036 virum
3553 1981 3674 2052 jure
3703 1986 3785 2036 tli-

2209 2065 2428 2120 missnm
2449 2106 2464 2131 ,
2491 2079 2589 2120 nec
2620 2065 2893 2137 Evangelii
2929 2068 3168 2140 vigorem
3216 2081 3457 2137 noverat,
3483 2073 3534 2126 in
3557 2090 3663 2144 quo
3686 2091 3784 2128 nu-

2211 2156 2370 2211 bendi
2415 2156 2662 2212 univcrsa
2711 2159 2986 2226 causatio,
3020 2161 3321 2217 viventibus
3365 2163 3529 2229 viris,
3575 2163 3790 2220 feminis

2209 2257 2531 2320 amputatur,
2559 2249 2685 2304 dum
2717 2252 2880 2306 multa
2920 2251 3119 2308 diaboli
3157 2253 3287 2308 vitat
3326 2254 3580 2322 vulnera,
3612 2273 3780 2312 unum

2210 2339 2418 2395 incauta
2440 2339 2632 2394 vulnus
2651 2341 2872 2409 accepit.

2281 2431 2336 2486 4.
2381 2429 2614 2485 Fabiola:
2659 2431 2952 2500 pauitantia
3017 2432 3241 2506 publica.
3285 2466 3357 2476 —
3387 2435 3492 2492 Sed
3529 2435 3653 2507 quid
3691 2453 3792 2508 ego

2212 2523 2264 2578 in
2303 2524 2513 2580 abolitis
2562 2531 2618 2581 et
2680 2525 2910 2596 antiquis
2978 2541 3194 2596 moror,
3249 2544 3491 2598 quaerens
3537 2546 3792 2588 excusare

2211 2616 2420 2686 culpam
2441 2658 2457 2684 ,
2499 2616 2652 2687 cujus
2679 2619 3044 2687 pmnitentiam
3074 2620 3186 2690 ipsa
3229 2621 3472 2678 confessa
3513 2624 3630 2679 est?
3664 2626 3792 2694 Quis

2213 2710 2315 2766 hoc
2354 2710 2635 2780 crederet,
2681 2719 2739 2767 ut
2779 2721 2899 2783 post
2937 2722 3164 2768 mortem
3205 2715 3428 2770 secundi
3476 2716 3573 2772 viri
3620 2718 3671 2773 in
3699 2735 3788 2775 se-

2213 2804 2496 2874 metipsum
2535 2819 2785 2872 reversa,
2835 2819 2942 2875 quo
2985 2814 3230 2875 tempore
3269 2807 3446 2864 solent
3478 2809 3652 2866 viduae
3694 2827 3790 2867 ne-

2213 2901 2492 2973 gligentes,
2515 2901 2645 2974 jogo
2669 2903 2940 2960 servitutis
2960 2919 3216 2969 excusso,
3247 2919 3408 2975 agere
3450 2917 3510 2960 se
3550 2905 3791 2971 liberius,

2215 2994 2364 3050 adire
2391 2993 2465 3067 (ὁ)
2493 2994 2739 3060 balneas,
2757 2996 2985 3051 volitare
3005 3011 3102 3066 per
3119 2996 3340 3066 plateas,
3358 2995 3538 3050 vultus
3568 2997 3792 3050 circum-

2217 3083 2360 3140 ferre
2375 3087 2708 3142 meretricios
2729 3103 2744 3150 ;
2763 3101 2972 3141 saccum
2998 3087 3259 3152 indueret,
3279 3095 3335 3141 ut
3350 3102 3587 3142 errorem
3615 3087 3790 3156 publi-

2214 3191 2276 3231 ce
2288 3175 2542 3233 fateretur
2561 3195 2577 3234 :
2594 3186 2649 3232 et
2675 3187 2780 3232 tota
2797 3178 2928 3232 urbe
2939 3187 3212 3248 spectante
3225 3178 3482 3244 Romana,
3498 3188 3621 3232 ante
3653 3178 3791 3232 diem

2215 3268 2499 3324 Paschzein
2526 3269 2748 3324 Basilica
2775 3269 3041 3340 quondam
3055 3268 3405 3341 (c)l..eterani,
3423 3271 3512 3341 qui
3533 3270 3794 3324 Caesaria-

2217 3375 2286 3414 no
2310 3369 2584 3415 truncatus
2614 3371 2695 3415 est
2717 3359 2913 3431 gladio,
2955 3359 3118 3433 460
3157 3371 3321 3416 staret
3348 3362 3398 3416 in
3420 3363 3606 3417 ordine
3627 3364 3796 3432 paeni-

2218 3453 2465 3519 tentium,
2498 3451 2788 3524 EpiscOpo,
2821 3453 3173 3523 Presliytcris,
3206 3463 3260 3508 et
3285 3455 3427 3508 omni
3461 3455 3655 3526 populo
3674 3456 3792 3510 col-

2216 3543 2656 3614 lacrymantibus,
2683 3557 2924 3614 Sparsum
2948 3544 3172 3608 crinem,
3197 3559 3290 3597 ora
3318 3543 3506 3608 lurida,
3526 3545 3794 3614 squalidas

2218 3649 2428 3700 manus,
2456 3634 2672 3690 sordida
2711 3635 2851 3690 colla
2880 3634 3269 3690 submitteret?
3294 3637 3423 3702 Quae
3455 3646 3663 3706 peccata
3701 3636 3795 3692 fle-

2218 3736 2304 3782 tus
2331 3727 2431 3784 iste
2476 3742 2582 3783 non
2623 3728 2858 3799 purget?
2905 3743 3038 3798 quas
3067 3730 3389 3782 inveteratas
3416 3730 3652 3784 maculas
3683 3728 3797 3784 haec

2221 3821 2451 3877 lamenta
2494 3836 2603 3876 non
2649 3822 2917 3876 abluant?
2972 3821 3161 3876 Petrus
3223 3822 3414 3875 trinam
3459 3823 3795 3891 negationem

2218 3914 2353 3968 trina
2369 3912 2704 3969 confessione
2720 3913 2918 3968 delevit
2934 3911 3090 3986 (.Ioan
3108 3913 3171 3968 2i
3183 3913 3199 3983 )
3211 3951 3224 3965 .
3245 3914 3421 3968 Aaron
3436 3914 3794 3983 sacrilegium,

2217 4005 2295 4078 (ά)
2323 4015 2376 4060 et
2401 4004 2688 4062 conflatum
2718 4021 2782 4061 ex
2811 4021 2943 4059 auro
2975 4005 3125 4059 vituli
3167 4014 3359 4074 caput,
3390 4005 3638 4060 fraterna:
3673 4020 3795 4062 cor-

2218 4111 2408 4152 rexere
2435 4111 2621 4166 preces
2642 4095 2836 4167 (Exod.
2867 4095 2976 4166 52).
3008 4095 3172 4150 David
3205 4096 3372 4151 sancti
3397 4105 3451 4151 et
3477 4098 3797 4152 mansuetis-

2219 4188 2338 4242 simi
2367 4189 2471 4243 viri
2519 4187 2865 4242 homicidium
2898 4188 3096 4257 pariter
3131 4196 3184 4242 et
3210 4186 3526 4242 adulterium
3547 4228 3563 4253 ,
3591 4197 3795 4258 septem

2218 4278 2424 4335 dierum
2453 4278 2756 4334 emendavit
2782 4278 2950 4334 fames
2971 4277 3046 4353 (2.
3070 4278 3198 4351 Reg.
3230 4279 3316 4334 ll.
3351 4279 3460 4350 12).
3493 4279 3711 4336 Iacebat
3741 4281 3794 4338 in

2221 4382 2384 4440 terra,
2413 4372 2750 4427 volutabatur
2788 4373 2840 4426 in
2884 4372 3066 4427 cinere
3087 4413 3101 4436 ,
3130 4381 3183 4426 et
3211 4372 3406 4427 oblitus
3431 4372 3590 4443 regite
3617 4382 3799 4443 potes-

2221 4461 2365 4527 tatis,
2397 4462 2576 4516 lumen
2607 4461 2881 4532 qurerebat
2911 4460 2962 4515 in
2995 4460 3255 4515 tenebris.
3293 4461 3548 4532 illumque
3589 4470 3796 4518 tantum

2218 4553 2514 4624 respiciens
2555 4566 2714 4623 quem
2751 4550 3069 4617 offenderat,
3118 4551 3446 4624 lacrymabili
3489 4550 3582 4625 [aL
3623 4551 3796 4625 ιπηι-

2219 4642 2365 4716 mali]
2393 4658 2524 4699 voce
2550 4641 2798 4699 dicebat:
2830 4642 2947 4695 Tibi
2971 4643 3068 4696 soli
3089 4645 3309 4713 peccavi,
3342 4653 3387 4696 et
3413 4643 3601 4697 malum
3625 4661 3800 4700 coram

2220 4745 2267 4789 te
2291 4735 2387 4806 feci
2413 4734 2530 4808 (Ps.
2561 4733 2650 4790 50.
2679 4731 2755 4804 6).
2787 4731 2891 4788 Et:
2922 4731 3100 4787 Redde
3126 4734 3248 4786 mihi
3291 4733 3520 4788 fictilium
3557 4735 3799 4789 satutaris

2221 4829 2316 4895 tui,
2349 4837 2394 4882 et
2419 4827 2603 4898 spiritu
2624 4825 2897 4898 principali
2922 4825 3170 4893 conﬁrma
3199 4841 3278 4878 me
3302 4823 3468 4894 (Ibid.
3495 4823 3606 4896 11).
3626 4826 3800 4895 Atque

2283 5051 2358 5114 (ὁ)
2392 5050 2447 5114 In
2472 5050 2615 5099 editis
2631 5047 2843 5114 aliquot_,
2869 5051 2922 5114 et
2944 5045 3059 5114 Mss.
3095 5043 3590 5114 occurrithinterdutr:
3630 5041 3802 5114 patrna

2221 5103 2307 5175 pro
2336 5103 2650 5175 'balneasnon
2675 5103 2789 5175 tarn
2809 5103 2922 5175 lteic
2947 5107 3071 5165 loci,
3095 5119 3238 5175 quam
3278 5103 3420 5175 alibi;
3446 5117 3541 5175 nec
3562 5103 3766 5153 dubium
3783 5142 3799 5162 ,

2257 5175 2337 5222 uin
2361 5187 2422 5222 ex
2447 5174 2721 5221 criticorum
2759 5169 2954 5218 licentia
2975 5203 2989 5228 ,
3015 5165 3133 5228 nam'r
3150 5165 3318 5228 balnea
3343 5167 3555 5228 plurium
3595 5177 3801 5228 numero

2257 5188 2337 5222 mu
2361 5188 2422 5222 ex
2447 5188 2721 5221 crtucorum
2760 5188 2954 5218 licentlu
2975 5203 2989 5228 ,
3015 5188 3123 5216 natu
3150 5188 3318 5216 (tumea
3343 5188 3550 5226 plurium
3595 5188 3800 5215 uuutcru

2219 5188 2312 5284 ﬂici
2346 5241 2498 5288 negat
2533 5231 2686 5280 Varro
2716 5230 2780 5278 de
2815 5229 2956 5288 Ling.
2992 5228 3098 5277 Lat.
3126 5227 3212 5276 lib.
3244 5227 3294 5275 7.
3329 5234 3486 5288 Neque
3509 5227 3570 5276 ab
3592 5239 3649 5277 eo
3671 5225 3800 5288 quod

2285 5357 2354 5418 (ε)
2389 5353 2564 5418 Plautii
2587 5347 2833 5418 Laterani,
2857 5353 2939 5414 qui
2963 5351 3234 5418 ut_'l‘acitus
3253 5349 3427 5418 Annal.
3448 5349 3535 5397 lib.
3561 5347 3797 5418 Χνηωρ.

2219 5409 2303 5468 6οΣ
2336 5411 2505 5466 tradit.
2551 5414 2599 5462 in
2638 5409 2888 5464 Neronem
2926 5414 3211 5474 conjurasse
3237 5411 3604 5474 deprehensus,
3630 5409 3802 5474 plenus

2222 5476 2476 5527 constantis
2515 5474 2691 5526 silentii
2731 5469 3116 5525 trucidatus'est.
3158 5472 3278 5535 Ejus
3306 5469 3550 5535 palatium
3574 5473 3624 5520 in
3647 5469 3805 5535 Coelio

2223 5545 2397 5600 monte,
2428 5545 2595 5600 postea
2638 5531 3236 5600 incoluithconstantinus',
3271 5531 3370 5600 tuin
3393 5531 3632 5600 Silvestre
3652 5532 3801 5600 Rapa:

2222 5601 2349 5648 dono
2371 5593 2535 5662 dedit,
2570 5613 2597 5662 a
2620 5612 2717 5662 quo
2739 5600 2785 5662 in
2822 5597 3075 5662 Basilicam
3097 5596 3150 5646 S.
3184 5594 3401 5662 Joannis,
3441 5606 3553 5658 qua
3575 5594 3632 5642 ad
3674 5593 3802 5662 hanc

2223 5673 2382 5722 usque
2403 5656 2534 5722 diem
2553 5661 2623 5722 de,
2638 5656 2831 5722 nomine
2850 5658 3076 5707 Laterani
3087 5656 3376 5722 appellatur,
3389 5656 3680 5722 conversum

2289 5713 2368 5786 ('d)
2404 5720 2559 5772 Aliter
2579 5721 2638 5771 ob
2655 5719 2941 5786 conﬂatum.
2967 5727 3064 5786 etc.
3092 5713 3364 5786 e't'quidam
3388 5716 3499 5768 Mss.
3526 5728 3688 5779 penes
3713 5713 3802 5765 Vt-

2229 5779 2454 5846 ctorium,
2469 5795 2534 5834 ea;
2555 5779 2756 5847 conflato
2775 5795 2838 5834 ex
2861 5793 2981 5833 more
3005 5779 3138 5832 vituli
3158 5779 3331 5844 capite.
