4106 6340
271 3143 283 3154 .
337 3101 508 3156 dicam
526 3141 542 3160 .

340 326 461 393 693;

337 451 530 507 factum
584 457 707 516 est,
735 455 793 504 ut
829 448 918 519 qui
973 462 1060 504 me
1109 447 1258 519 prius
1295 446 1553 503 docuerat
1586 447 1908 520 virtutibus,

337 544 470 605 suis,
497 541 764 612 quomodo
781 550 931 597 stans
955 555 1062 596 non
1083 539 1352 607 caderem,
1375 541 1593 596 doceret
1615 555 1712 610 per
1743 544 1914 612 pinni-

338 633 582 699 tentiam,
613 631 882 702 quomodo
903 631 1100 686 cadens
1118 645 1478 701 resurgerem.
1505 630 1646 697 Quid
1672 643 1779 685 tam
1807 635 1911 686 im-

337 728 481 798 pium
503 727 729 798 legimus
759 728 900 782 inter
924 741 1100 796 reges,
1123 740 1284 796 quam
1314 723 1518 786 Achab,
1549 723 1616 779 de
1643 740 1746 795 quo
1766 724 1910 780 Scri-

335 829 492 891 plura
518 818 689 882 dicit;
725 817 846 871 Non
876 818 973 888 fuit
1000 818 1135 871 alius
1165 819 1282 870 talis
1310 825 1365 869 ut
1389 815 1581 881 Achab,
1607 817 1693 884 qui
1718 831 1912 870 venun-

335 911 482 965 datus
526 918 635 972 est,
692 916 749 961 ut
792 912 978 978 faceret
1031 909 1221 961 malum
1275 908 1327 959 in
1358 916 1627 974 conspectu
1661 905 1915 958 Domini?

334 1002 411 1076 (5.
438 1001 567 1071 Reg.
593 1000 684 1055 2|.
714 998 732 1070 )
771 999 869 1053 Hic
907 1013 1028 1053 cum
1069 1007 1284 1068 propter
1317 999 1624 1067 sanguinem
1655 995 1913 1051 Nabuthae

341 1101 620 1163 correptus
643 1090 828 1145 fuisset
849 1090 918 1144 ab
938 1091 1073 1154 Elia,
1096 1099 1151 1146 ct
1176 1088 1414 1144 audisset
1433 1089 1564 1142 iram
1587 1087 1794 1141 Domini
1819 1101 1914 1155 per

333 1185 654 1256 Prophetam
677 1201 692 1238 :
716 1201 735 1234 t
759 1181 1032 1246 Occidisti,
1058 1191 1112 1237 et
1133 1183 1350 1251 insuper
1370 1179 1653 1250 possedisti
1681 1197 1695 1234 :
1715 1189 1770 1234 et
1789 1193 1914 1233 ecce

333 1292 432 1350 ego
461 1276 706 1332 inducam
730 1289 893 1344 super
918 1284 970 1328 te
991 1273 1212 1338 malum,
1240 1281 1296 1328 et
1319 1272 1584 1326 demetam
1617 1267 1912 1339 posteriora

336 1377 460 1432 tua,
492 1385 511 1420 ι
545 1375 600 1423 et
627 1366 830 1436 reliqua
859 1382 872 1419 :
907 1363 1066 1419 scidit
1090 1364 1409 1418 vestimenta
1439 1377 1566 1427 sua,
1609 1369 1665 1416 et
1705 1359 1915 1429 operuit

333 1457 512 1514 cilicio
534 1471 750 1513 carnem
773 1470 947 1520 suam,
971 1455 1352 1525 jcjunabatque
1371 1454 1422 1507 in
1445 1466 1623 1516 sacco,
1644 1460 1697 1506 et
1723 1451 1913 1506 ambu-

336 1549 481 1604 labat
503 1548 740 1604 demisso
769 1547 964 1618 capite.
998 1545 1148 1600 Tunc
1185 1543 1358 1599 factus
1395 1553 1477 1598 est
1504 1557 1685 1598 sermo
1719 1542 1815 1597 Dei
1846 1542 1913 1597 ad

338 1641 506 1696 Eliam
538 1639 868 1711 Thesbyten,
889 1637 1109 1693 dicens:
1147 1655 1166 1688 ι
1196 1635 1385 1691 Nonne
1407 1635 1584 1690 vidisti
1607 1633 1791 1688 Achab
1812 1633 1914 1688 htt-

337 1732 596 1787 miliatum
623 1744 804 1785 coram
831 1728 962 1782 me?
1001 1727 1136 1796 Quia
1178 1741 1306 1797 ergo
1339 1726 1647 1780 humiliatus
1685 1734 1768 1780 est
1810 1724 1914 1779 mei

338 1820 430 1892 [al.
465 1821 660 1875 timoris
686 1818 803 1891 mei]
825 1832 984 1874 causa
1009 1859 1025 1883 ,
1057 1831 1163 1871 non
1213 1816 1460 1870 inducam
1486 1816 1683 1870 malum
1723 1815 1774 1867 in
1799 1813 1915 1868 die-

337 1915 436 1969 bus
460 1913 596 1984 ejus.
629 1932 648 1966 ι
677 1912 724 1968 0
746 1911 874 1965 felix
914 1909 1378 1980 pmnitentia.quaa
1413 1905 1478 1960 ad
1521 1921 1579 1961 se
1617 1905 1712 1960 Dei
1761 1905 1919 1959 traxit

335 2005 544 2069 oculos,
575 2019 692 2073 qua:
723 2002 985 2056 furentem
1017 1999 1337 2054 sententiam
1368 1997 1498 2063 Dei,
1540 1995 1791 2051 confesso
1833 2010 1920 2050 θνα

338 2108 460 2149 rore
491 2093 734 2148 mutavit.
769 2091 884 2146 Hoc
914 2089 1055 2144 idem
1086 2100 1142 2143 et
1170 2088 1448 2143 Manassen
1478 2089 1530 2140 in
1559 2087 1921 2154 Paralipome-

337 2203 442 2241 non
459 2186 535 2260 (ἓ.
567 2184 694 2239 Par.
709 2183 814 2240 550
843 2181 1032 2252 supple
1057 2177 1220 2251 litua),
1249 2189 1304 2235 et
1323 2179 1545 2233 Niniven
1575 2177 1766 2232 fecisse
1791 2177 1920 2246 legi-

337 2293 456 2332 mus
484 2278 539 2331 in
571 2275 840 2344 Propheta
870 2272 1017 2345 (Jan.
1048 2271 1102 2326 5.
1134 2268 1211 2341 4),
1248 2268 1596 2345 Publicauum
1623 2281 1839 2336 quoque
1867 2267 1918 2321 in

338 2369 627 2440 Evangelio
653 2340 804 2439 (Luc.
836 2340 949 2432 lii).
983 2363 1024 2417 Ε
1053 2340 1248 2432 quibus
1279 2340 1482 2432 primus
1506 2374 1610 2414 non
1638 2360 1809 2414 solum
1843 2360 1922 2414 in-

334 2461 701 2530 dulgentiam,
732 2455 828 2510 sed
871 2463 926 2508 et
969 2468 1192 2521 regnum
1237 2452 1478 2521 recipere
1524 2451 1757 2514 meruit;
1790 2451 1923 2504 alter

335 2551 731 2623 impendentem
751 2548 843 2602 Dei
861 2546 1019 2616 fregit
1032 2546 1184 2608 iram;
1200 2545 1390 2598 tertius
1411 2553 1595 2612 pectus
1609 2543 1918 2609 verberans,

336 2642 550 2713 pugnis,
564 2639 747 2693 oculos
760 2652 865 2692 non
884 2636 1088 2691 levabat
1104 2635 1169 2688 ad
1183 2636 1401 2698 caelum;
1418 2645 1470 2688 et
1485 2635 1654 2688 multo
1671 2633 1922 2702 justiflea-

335 2734 442 2787 tior
512 2730 672 2803 ἀει
750 2727 976 2784 recessit
1006 2726 1326 2781 Publicanus
1357 2725 1543 2778 humili
1588 2724 1922 2779 confessione

332 2823 617 2886 vitiorum,
647 2835 806 2892 quam
833 2819 1138 2874 Pharismus
1167 2819 1394 2888 superba
1423 2817 1714 2888 jactationc
1751 2818 1919 2871 virtu-

335 2926 470 2972 tum.
499 2914 616 2970 Non
647 2924 732 2968 est
756 2912 857 2967 loci
900 2910 1059 2979 hujus
1087 2919 1143 2965 ut
1189 2911 1562 2980 paenitentiam
1610 2909 1918 2979 prmdicem,

338 3020 393 3064 et
420 3007 570 3079 quasi
588 3016 774 3062 contra
811 3003 886 3078 (α)
908 3003 1238 3067 Montanum,
1263 3001 1635 3070 Novatumque
1677 3000 1919 3054 scribens

617 3098 762 3152 illam
839 3095 1068 3150 hostiam
1141 3094 1370 3148 Domino
1413 3107 1535 3147 esse
1607 3091 1918 3160 placabilem

342 3192 512 3265 (Ptol.
538 3189 665 3262 26);
695 3199 770 3256 et,
809 3207 828 3240 ι
856 3187 1190 3244 Sacrificium
1215 3188 1347 3246 Deo.
1374 3185 1620 3256 spiritum
1647 3187 1921 3239 contribu-

339 3287 502 3342 latum
533 3304 553 3338 ι
584 3283 760 3358 (Prol.
795 3282 882 3337 50.
911 3281 1002 3350 l9)
1029 3299 1043 3335 :
1070 3281 1157 3344 Et,
1190 3300 1210 3332 ‹
1240 3279 1380 3335 Malo
1411 3279 1778 3348 paenitentiam
1803 3292 1920 3344 rcc-

337 3380 550 3445 catoris,
577 3392 735 3449 quam
764 3385 1027 3430 mortem:
1058 3392 1078 3426 ι
1113 3373 1325 3442 (Ezeclt.
1360 3372 1450 3428 l8.
1474 3372 1569 3440 25)
1596 3389 1610 3433 ;
1643 3370 1729 3432 Et,
1768 3389 1786 3421 ι
1817 3369 1925 3424 Ex-

337 3488 513 3544 surge,
530 3484 755 3538 exsurge
769 3466 1068 3524 Jerusalem
1094 3485 1114 3518 ι
1135 3464 1291 3535 (Isai.
1320 3464 1413 3520 60.
1440 3465 1492 3528 l;
1522 3474 1571 3518 et
1596 3461 1824 3526 Baruch,
1865 3463 1918 3516 5.

337 3565 391 3636 5)
411 3581 425 3630 ;
449 3573 501 3620 et
528 3563 690 3619 multa
716 3561 841 3626 alia,
872 3576 990 3631 qua:
1017 3558 1401 3629 prophetarum
1433 3556 1690 3626 clangunt
1714 3556 1875 3610 tubae.

406 3657 460 3713 5.
501 3656 612 3711 lloc
640 3669 802 3709 unum
821 3653 1048 3720 loquar,
1081 3649 1221 3720 quod
1252 3657 1307 3702 et
1336 3648 1642 3716 legentibus
1673 3647 1804 3700 utile
1831 3645 1923 3711 sit,

337 3756 392 3804 et
442 3745 690 3817 praesenti
733 3757 910 3799 causa:
953 3741 1260 3796 conveniat.
1292 3737 1414 3792 Non
1446 3747 1528 3791 est
1567 3737 1788 3791 confusa
1820 3737 1926 3790 Do-

338 3841 536 3894 minum
563 3837 616 3892 in
639 3835 817 3897 terris,
839 3842 894 3888 et
913 3831 1006 3886 ille
1027 3846 1145 3886 eam
1171 3845 1277 3883 non
1299 3827 1662 3884 confundetur
1687 3825 1783 3899 [al.
1807 3842 1930 3880 con-

338 3931 533 4006 fundet]
584 3931 636 3986 in
683 3930 822 3986 creto
871 3925 1018 3999 (Luc.
1052 3924 1130 3995 9).
1183 3924 1414 3994 Aperuit
1469 3921 1678 3977 cunctis
1735 3920 1929 3974 vulnus

340 4038 532 4089 suum,
564 4030 616 4077 et
645 4021 953 4078 dccolorem
986 4017 1084 4089 [al.
1117 4011 1441 4085 dedecorem]
1471 4014 1522 4066 in
1552 4026 1778 4082 corpore
1799 4011 1925 4066 cica-

343 4114 525 4170 tricem
557 4112 693 4168 llens
725 4112 894 4167 Roma
923 4106 1231 4178 conspexit.
1267 4105 1482 4158 Dissuta
1529 4102 1713 4156 habuit
1743 4102 1928 4166 latera,

342 4205 540 4262 nudum
582 4211 776 4276 caput,
823 4203 1068 4258 clausum
1099 4213 1182 4254 os.
1210 4197 1330 4252 Non
1363 4206 1447 4252 est
1472 4197 1709 4266 ingressa
1739 4192 1929 4248 Eccle-

343 4299 474 4354 siam
523 4298 754 4364 Domini,
804 4295 899 4351 sed
944 4303 1093 4350 extra
1143 4299 1322 4346 castra
1367 4305 1488 4345 cum
1535 4287 1698 4342 Maria
1744 4300 1932 4340 sorore

343 4389 507 4463 Moysi
539 4397 781 4459 separata
810 4386 1054 4443 censedit
1081 4383 1273 4454 (Num.
1304 4383 1394 4437 12.
1428 4379 1550 4450 l5),
1581 4389 1812 4448 utquam
1837 4377 1935 4433 Sa-

344 4482 533 4538 cerdos
575 4482 842 4551 ejecerat,
893 4479 1007 4548 ipse
1052 4484 1353 4532 revocaret.
1388 4472 1674 4551 Descendit
1703 4471 1770 4526 de
1798 4469 1934 4524 solio

346 4574 662 4630 deliciarum
690 4585 931 4632 suarum,
956 4570 1162 4636 accepit
1190 4567 1412 4630 molam,
1447 4550 1571 4619 fecit
1600 4563 1848 4627 farinam,
1879 4570 1936 4616 et

346 4663 680 4720 discalccatis
696 4660 918 4730 pedibus
933 4659 1174 4713 transivit
1188 4657 1381 4712 fluenta
1395 4657 1750 4725 Iacrymarum
1761 4691 1774 4704 .
1789 4651 1935 4707 Sedit

348 4771 510 4826 super
541 4751 615 4826 (b)
641 4752 901 4807 carbones
927 4750 1084 4819 ignis.
1111 4748 1176 4802 Hi
1209 4749 1258 4802 ei
1291 4749 1440 4802 fuere
1482 4747 1534 4800 in
1589 4746 1933 4813 adjutorium.

350 4848 563 4904 Faciem
586 4887 602 4912 ,
625 4856 898 4916 perquam
928 4838 1166 4896 secundo
1191 4838 1308 4892 viro
1337 4838 1644 4905 placuerat,
1673 4837 1929 4890 verbera—

350 4943 461 5006 bat,
489 4939 680 4996 oderat
709 4949 972 5008 gemmas,
1007 4929 1320 4987 linteamina
1351 4927 1534 4983 videre
1562 4941 1669 4981 non
1703 4933 1930 4995 poterat,

352 5038 664 5088 ornamenta
679 5027 930 5099 fugiebat.
947 5025 1036 5081 Sic
1048 5021 1281 5086 dolebat,
1297 5018 1447 5089 quasi
1466 5015 1784 5070 adulterium
1800 5028 1939 5068 com-

355 5124 607 5189 misisset,
661 5130 717 5177 et
757 5118 943 5174 multis
987 5113 1274 5184 impendiis
1312 5107 1728 5192 medicaminum
1771 5120 1936 5160 unum

359 5215 553 5271 vulnus
580 5226 774 5270 sanare
799 5207 1075 5279 cupiebat.

427 5311 482 5365 6.
523 5309 621 5364 Diu
671 5302 862 5361 morati
892 5313 1079 5356 sumus
1106 5299 1162 5354 ln
1190 5295 1510 5370 poenitentia
1532 5334 1549 5359 ,
1579 5292 1632 5348 in
1661 5305 1766 5362 qua
1792 5288 1938 5345 velut

533 5441 598 5492 Hi
621 5440 718 5490 duo
735 5435 953 5487 haeretici
977 5433 1130 5496 lapsis
1151 5430 1493 5506 penitentiam.
1507 5424 1842 5533 denegabant.

533 5505 757 5536 πρααπιης
796 5498 1032 5536 mrtmnos
1063 5494 1215 5536 hand
1238 5490 1574 5536 desolatorzos.
1593 5501 1655 5536 ve
1702 5499 1815 5534 eum
1841 5508 1842 5522 ι

445 5458 475 5494 a
533 5443 598 5492 Hi
621 5443 718 5490 duo
735 5443 953 5487 haeretici
979 5443 1130 5496 lapSlS
1151 5443 1487 5494 penitentiam
1507 5443 1842 5533 denegatum.

420 5443 757 5568 lblﬁrasmus
796 5498 1032 5568 Wlm‘és
1063 5490 1939 5568 Dav“-‘l?9‘?l9f39§:¥£_-1’"'1‘.1‘19

364 5555 496 5616 lsa‘ia'a
517 5565 652 5613 labra
677 5566 880 5625 [uirgam
900 5563 1014 5607 sunt
1034 5593 1063 5625 ,_
1085 5555 1757 5625 perperamninterpretaturk,
1783 5557 1935 5625 quem

363 5593 612 5677 πρᾶτΐυῖ
625 5593 1501 5686 Ξυῖῑίιὲῖῖρέῐξδάίιῆἆὶεῗεδξξιῷὶῑῇί
1510 5593 1778 5686 {sarissas
1784 5593 1936 5686 p.13...

366 5671 603 5752 «35.31777
616 5671 800 5752 Isaias,
828 5671 1128 5752 Babylonem
1145 5677 1210 5752 ad
1232 5671 1607 5752 ,ρφςιξιςξῃξίιιξξ-
1615 5671 1935 5752 ex-hoptausd

369 5729 588 5812 ᾗῖιῦᾖοῖλὶῇ
885 5729 1124 5812 cal-bones
1145 5729 1272 5804 ignis
1295 5750 1306 5788 :
1333 5735 1534 5787 sedebis
1553 5744 1704 5796 super
1728 5742 1816 5782 eos
1843 5741 1856 5777 :
1880 5729 1935 5778 hi

368 5806 512 5862 erunt
529 5811 616 5862 tibi
640 5811 689 5861 in
712 5806 1015 5873 adiutorium.
1038 5817 1061 5848 ι

1649 332 1980 397 EPISTULA
2019 293 2308 397 Lxx'tu/
2365 344 2376 347 ί

2115 239 2308 397 δι(
2365 344 2376 347 ί
3489 346 3594 405 est

2020 454 2073 508 in
2101 412 2313 509 va’dosis
2344 453 2474 508 locis
2501 455 2798 512 resedimus
2816 497 2832 524 ,
2859 465 2918 514 ut
2942 460 3114 532 major
3139 461 3290 517 nobis
3316 470 3371 517 et
3393 462 3597 532 absque

2019 543 2130 598 ullo
2159 543 2541 613 impedimento
2568 560 2627 600 se
2653 545 2870 604 laudum
2916 551 3034 620 ejus
3072 567 3291 622 campus
3334 553 3592 624 aperiret.

2019 635 2252 704 Recepta
2271 635 2370 688 sub
2388 636 2556 690 oculis
2575 638 2750 691 omnis
2769 638 3024 696 Ecclesia:
3048 644 3448 706 communione,
3468 644 3599 715 quid

2023 727 2183 783 fecit?
2227 731 2432 785 scilicet
2473 731 2524 784 in
2555 729 2642 785 die
2687 731 2825 786 bona
2869 734 3127 790 malorum
3173 751 3279 790 non
3326 735 3490 792 oblita
3515 744 3600 792 est

2022 817 2208 886 (Eccli.
2235 821 2362 889 ll);
2390 832 2444 876 et
2472 829 2590 889 post
2612 822 2942 890 naufragium
2973 839 3180 878 rursum
3204 835 3408 891 tentare
3431 828 3600 883 noluit

2023 911 2248 976 pericula
2269 913 2566 981 navigandi.
2586 912 2724 980 Quin
2748 914 2926 981 potius
2946 929 3158 968 omnem
3179 932 3418 982 censum,
3439 933 3598 988 quem

2023 999 2219 1055 habere
2249 1010 2458 1070 poterat
2487 1002 2506 1072 (
2517 1012 2633 1056 erat
2661 1013 2835 1056 autem
2861 1004 3223 1072 amplissimus
3242 1046 3258 1069 ,
3290 1019 3345 1061 et
3373 1023 3602 1077 respon-

2019 1088 2154 1144 dens
2180 1092 2362 1159 generi
2393 1092 2543 1160 ejus)
2571 1092 2882 1160 dilapidavit
2905 1134 2918 1157 ,
2949 1109 3011 1147 ac
3035 1095 3273 1148 vendidit
3301 1115 3313 1149 :
3344 1107 3397 1150 ct
3426 1099 3477 1152 in
3509 1115 3602 1168 pe-

2019 1180 2228 1234 cuniam
2275 1191 2684 1251 congregatum,
2715 1184 2898 1237 usibus
2928 1200 3218 1254 pauperum
3249 1191 3597 1258 pra‘paravit;

2019 1279 2075 1324 et
2100 1273 2265 1340 prima
2290 1273 2524 1326 omnium
2554 1273 2627 1345 (c)
2652 1291 2938 1342 νοσοκομιῐον
2962 1276 3206 1339 instituit,
3236 1277 3286 1330 in
3309 1294 3414 1346 quo
3435 1295 3604 1349 aegro-

2021 1372 2194 1417 tantes
2219 1363 2498 1433 colligeret
2525 1365 2592 1420 de
2623 1366 2832 1434 plateis,
2853 1373 2908 1420 et
2927 1374 3235 1434 consumpta
3264 1368 3603 1438 laogumibus

2019 1464 2178 1525 atque
2207 1454 2380 1509 inedia
2413 1456 2730 1511 miserorum
2763 1457 2999 1510 membra
3033 1456 3258 1512 foveret.
3293 1459 3602 1516 Describam

2020 1561 2118 1613 ego
2145 1560 2285 1599 nunc
2304 1545 2548 1600 diversas
2570 1547 2846 1601 hominum
2874 1547 3204 1602 calamitates
3223 1589 3238 1614 ,
3267 1557 3486 1604 truncas
3513 1565 3606 1604 na-

2023 1650 2130 1702 res,
2150 1635 2374 1690 effossos
2404 1637 2608 1702 oculos,
2632 1638 2919 1692 semiustos
2946 1638 3138 1706 pedes,
3170 1638 3372 1694 luridas
3442 1640 3604 1714 562

2023 1741 2247 1788 manus,
2283 1735 2549 1782 tumentes
2621 1728 2802 1792 alvos,
2832 1728 2973 1782 exile
3038 1728 3243 1796 femur,
3289 1744 3444 1784 crura
3492 1741 3607 1786 tur-

2022 1817 2196 1886 gentia
2217 1859 2232 1881 ,
2263 1827 2317 1870 et
2345 1817 2411 1872 de
2437 1816 2613 1872 exesis
2655 1833 2718 1871 ac
2749 1817 2976 1886 putridis
3001 1818 3258 1873 carnibus
3284 1820 3606 1878 vermiculos

2027 1911 2351 1964 bullientes?
2382 1911 2603 1976 Quoties
2632 1909 2820 1964 morbo
2851 1911 2999 1980 regio
3018 1950 3034 1976 ,
3079 1919 3136 1965 et
3167 1909 3364 1981 pedore
3391 1912 3607 1968 confec-

2026 2012 2106 2057 tos
2135 2002 2369 2057 humeris
2393 2001 2504 2056 suis
2530 2003 2642 2072 ipsa
2665 2002 2936 2072 portavit?
2961 2002 3174 2071 quoties
3203 2003 3331 2056 lavit
3357 2005 3608 2072 purulen-

2027 2105 2132 2149 tam
2162 2095 2442 2148 vulnerum
2474 2095 2676 2149 saniem
2706 2110 2862 2164 quam
2897 2095 3031 2149 alius
3060 2096 3301 2163 aspicere
3331 2111 3434 2150 non
3460 2097 3607 2152 vale-

2025 2185 2151 2239 bat?
2176 2185 2452 2240 Praebebat
2472 2185 2619 2239 cibos
2642 2186 2855 2255 prepria
2880 2201 3061 2252 manu,
3082 2195 3135 2240 et
3156 2188 3362 2256 spirans
3377 2189 3607 2245 cadaver

2026 2274 2420 2330 sorbitiunculis
2449 2275 2721 2344 irrigabat.
2739 2275 2862 2330 Scio
2887 2275 3085 2329 multos
3107 2275 3302 2331 divites
3322 2285 3378 2330 et
3395 2277 3608 2348 religio-

2027 2379 2116 2419 sos
2141 2365 2210 2418 ob
2237 2363 2494 2419 stomachi
2526 2365 2823 2432 angustiam
2865 2380 3118 2421 exercere
3163 2367 3463 2436 hujusmodi
3501 2370 3605 2423 mi-

2027 2454 2372 2509 sericordiam
2405 2470 2501 2523 per
2529 2455 2700 2510 aliena
2735 2455 3060 2519 ministeria,
3092 2465 3146 2511 et
3166 2457 3464 2512 clementes
3488 2473 3608 2514 esse

2030 2546 2280 2614 pecunia,
2331 2561 2434 2600 non
2465 2561 2642 2600 manu.
2676 2546 2824 2613 Quos
2849 2546 3098 2616 equidem
3129 2563 3232 2600 non
3272 2548 3522 2617 reprobo,
3554 2560 3609 2602 ct

2029 2637 2432 2690 teneritudinem
2459 2637 2619 2690 animi
2653 2651 2985 2706 nequaquam
3017 2636 3342 2707 interpretor
3382 2637 3608 2694 infideli-

2029 2738 2188 2783 tatem
2216 2747 2227 2781 :
2255 2728 2347 2783 sed
2371 2729 2871 2783 sicutimhccillitati
2896 2729 3155 2782 stomachi
3183 2729 3387 2784 veniam
3411 2730 3606 2795 tribuo,

2027 2821 2103 2873 sic
2134 2819 2380 2888 perfecta:
2406 2819 2603 2874 mentis
2627 2819 2876 2873 ardorem
2907 2820 2957 2874 in
2985 2820 3182 2874 coalnm
3209 2820 3452 2874 laudibus
3473 2821 3606 2877 fero.

2028 2912 2213 2968 alae-xx
2257 2911 2392 2967 fides
2438 2913 2534 2966 ista
2578 2914 2890 2973 contemnit.
2942 2913 3066 2968 Scio
3093 2911 3186 2984 [al.
3219 2912 3350 2984 Scit)
3401 2913 3526 2984 quid
3555 2913 3608 2967 in

2029 3006 2228 3059 Lazaro
2258 3005 2409 3058 dives
2438 3016 2762 3074 purpuratus
2789 3004 3078 3073 aliquando
3105 3020 3210 3058 non
3242 3004 3446 3066 fecerit,
3469 3006 3610 3075 quali

2027 3102 2254 3170 superba
2283 3117 2434 3157 mens
2463 3101 2812 3156 retributione
2836 3100 3082 3154 damnata
3111 3100 3179 3153 sit
3199 3098 3352 3169 (Luc.
3387 3096 3491 3169 l6).
3523 3097 3612 3152 llle

2027 3209 2182 3263 quem
2231 3192 2584 3260 despicimus.
2633 3207 2792 3260 quem
2839 3191 3022 3246 videre
3063 3205 3169 3244 non
3203 3205 3514 3258 possumus,
3545 3189 3642 3244 ad.

2027 3284 2180 3352 cujus
2206 3282 2452 3336 intuitum
2481 3282 2636 3336 nobis
2669 3283 2900 3335 vomitus
2930 3282 3194 3349 erumpit,
3225 3279 3393 3334 nostri
3423 3278 3614 3333 similis
3712 3287 3716 3293 ‘

2027 3384 2138 3435 est.
2170 3373 2237 3428 de
2278 3373 2468 3428 eodem
2512 3373 2790 3427 nobiscmn
2835 3371 3096 3425 formatus
3137 3379 3222 3424 est
3249 3370 3395 3436 luto,
3424 3370 3612 3424 iisdem

2027 3473 2337 3535 compactus
2375 3464 2674 3519 elementis.
2717 3461 2984 3531 Quidquid
3030 3461 3258 3532 patitur,
3305 3470 3358 3514 et
3384 3474 3480 3514 nos
3508 3461 3612 3528 pati

2031 3572 2333 3627 possumus.
2393 3555 2624 3609 Vulnera
2693 3554 2808 3621 ejus
2855 3553 3226 3606 existimemus
3273 3549 3513 3619 propria;
3563 3561 3616 3602 et

2030 3649 2206 3703 omnis
2239 3647 2402 3700 animi
2448 3645 2499 3698 in
2525 3645 2751 3698 alterum
2777 3643 2996 3706 duritia,
3017 3642 3273 3696 clementi
3303 3640 3354 3693 in
3381 3648 3617 3693 uosmet-

2033 3741 2178 3811 ipsos
2205 3737 2528 3808 cogitatione
2559 3734 2855 3805 frangetur.

2107 3851 2229 3906 Non
2255 3849 2383 3903 mihi
2411 3849 2456 3903 si
2485 3848 2673 3917 lingua
2701 3852 2900 3898 centum
2927 3844 3029 3897 sint
3048 3883 3064 3906 ,
3093 3857 3282 3912 oraque
3303 3848 3506 3894 centum
3529 3878 3544 3904 ,

2104 3943 2294 3999 Ferrea
2320 3957 2444 4007 rex,

2110 4038 2293 4093 Omnia
2318 4033 2608 4089 morborum
2638 4043 2932 4102 percurrere
2964 4028 3169 4080 nomina
3199 4024 3405 4091 possim,

3061 4115 3167 4189 (Ea:
3189 4113 3402 4169 Αῖιιεὶιι.
3433 4113 3510 4185 (5).

2037 4261 2156 4318 qua:
2183 4241 2396 4299 Fabiola
2427 4241 2478 4296 in
2507 4246 2656 4293 tanta
2685 4237 3004 4292 miserorum
3033 4229 3310 4300 refrigeria
3335 4217 3624 4282 commuta-

2038 4339 2113 4392 vit
2133 4380 2151 4405 ,
2176 4346 2232 4391 ut
2259 4333 2411 4391 multi
2439 4345 2734 4402 pauperum
2760 4327 2874 4383 sani
2899 4324 3273 4396 languentibus
3296 4319 3619 4375 inviderent.

2038 4435 2352 4503 Quanquam
2405 4429 2494 4483 illa
2541 4423 2702 4479 simili
2734 4420 3058 4477 liberalitate
3089 4431 3212 4487 erga
3241 4413 3482 4468 Clericos
3504 4452 3519 4475 ,
3570 4419 3624 4464 et

2041 4526 2364 4588 Monachus,
2416 4536 2479 4576 ac
2526 4518 2770 4588 Virgines
2817 4513 2994 4567 fuerit.
3045 4508 3196 4576 Quod
3246 4503 3623 4560 Monasterinm

2041 4636 2146 4675 non
2180 4618 2322 4672 illius
2351 4614 2544 4684 Opibus
2571 4615 2928 4662 sustentatum
2959 4602 3084 4657 est?
3131 4614 3288 4670 quem
3318 4596 3540 4660 nudum,
3572 4605 3626 4649 et

2041 4708 2287 4765 clinicum
2319 4719 2423 4759 non
2457 4698 2689 4754 Fabiolae
2732 4694 3052 4749 vestimenta
3087 4690 3368 4745 texerunt?
3409 4687 3460 4741 in
3491 4700 3624 4756 quo"-

2041 4813 2160 4853 rum
2207 4810 2266 4850 se
2311 4789 2655 4860 indigentiam
2707 4799 2810 4838 non
2858 4781 3044 4836 effudit
3075 4794 3313 4850 prmccps
3355 4787 3406 4832 et
3439 4775 3624 4830 festina

2044 4886 2286 4962 largitio?
2314 4886 2549 4952 Angusta
2578 4873 2961 4932 misericordia:
2989 4871 3106 4943 ejus
3131 4871 3300 4924 Roma
3328 4868 3444 4922 fuit.
3470 4867 3625 4922 Pera.

2042 4958 2230 5050 grabat
2259 4990 2389 5045 ergo
2419 4971 2642 5031 insulas.
2689 4976 2746 5023 et
2789 4974 2958 5021 totum
2989 4963 3274 5017 Etruscum
3304 4975 3472 5024 mare,
3505 4958 3630 5012 Vol-

2044 5083 2364 5138 scorumque
2384 5063 2734 5136 provinciam,
2757 5067 2813 5114 et
2837 5055 3145 5113 reconditos
3169 5066 3456 5110 curvorum
3481 5050 3625 5104 litto-

2047 5177 2163 5218 rum
2192 5161 2363 5222 sinus,
2392 5158 2444 5211 in
2473 5155 2668 5225 quibus
2694 5148 3077 5207 Monachorum
3107 5143 3412 5201 consistunt
3439 5139 3586 5195 chori
3611 5179 3626 5200 ,

2049 5255 2128 5310 vel
2160 5250 2376 5324 proprio
2399 5262 2629 5317 corpore
2645 5287 2659 5307 ,
2691 5244 2772 5301 vel
2796 5240 3108 5298 transmissa
3134 5253 3229 5309 per
3253 5236 3396 5290 viros
3416 5247 3632 5286 sanctos

2046 5361 2110 5401 ac
2136 5343 2320 5399 ﬁdeles
2344 5337 2707 5394 munificentia
2739 5331 3080 5389 circumibat.

2118 5437 2170 5492 7.
2211 5433 2364 5492 Unde
2392 5440 2612 5502 repente
2637 5437 2692 5483 et
2714 5435 2900 5483 contra
2927 5420 3235 5494 opinionem
3267 5412 3504 5469 omnium
3535 5408 3630 5464 Je-

2087 5630 2089 5632 ·
2114 5594 2180 5659 (ε)
2213 5593 2401 5659 ῐιεένιιω
2420 5587 2609 5659 Εηεεηι
2633 5583 3360 5659 interpteﬁiufmrrrz‘fm'
3377 5562 3630 5659 εξξυέῖξὶξίἱξ

2048 5623 3210 5721 ιάνῖᾖῶἦξιῗυῖξὶἆῗιὶἱὴιξἙῖᾖέἰῦιῖἷέιεᾲὶξξξιιες
3222 5623 3426 5711 (ίυοάριί
3448 5623 3634 5721 pm

2911 5692 3414 5775 voea‘bulojm?
3461 5692 3634 5737 istum

2436 5753 2597 5825 {ﬂii
2605 5753 2935 5832 longttentiwn
2956 5756 3070 5810 villa
3085 5792 3102 5820 ,
3124 5753 3411 5805 addebatur.
