4106 6340
547 348 655 408 G93

553 460 882 533 rosolymam
925 455 1217 527 navigavit,
1248 454 1338 510 ubi
1373 452 1537 526 ωδ
1577 452 1868 508 multorum
1900 459 2123 518 excepta

549 568 837 614 concursu.
870 560 1057 605 nostro
1094 562 1381 619 parumper
1406 560 1500 603 usa
1525 554 1611 602 est
1651 544 1883 614 hospitio
1913 561 1927 596 :
1971 540 2125 610 cujus

544 646 817 701 societatis
843 642 1130 698 recordans
1148 682 1165 705 ,
1197 640 1383 695 videor
1407 640 1536 694 mihi
1563 638 1738 695 adhuc
1757 634 1942 691 videre
1961 646 2119 703 quam

544 735 676 790 vidi.
704 734 830 791 Jesu
858 733 1029 797 bone,
1060 747 1166 802 quo
1194 733 1281 786 illa
1310 731 1555 797 fervore,
1587 745 1694 799 quo
1713 727 1891 781 studio
1921 727 2124 779 intenta

545 837 663 882 erat
690 818 884 880 ditinis
908 825 1302 881 voluminibus?
1330 834 1385 879 et
1413 824 1575 878 veluti
1603 820 1886 891 quamdam
1931 818 2123 873 famem

543 919 743 972 satiare
769 915 1112 983 desiderans,
1145 930 1240 984 per
1268 913 1565 984 Prophetas
1585 953 1601 977 ,
1636 910 1945 980 Evangelia,
1977 909 2126 962 Psal-

542 1022 767 1078 mosque
795 1008 1045 1062 currebat
1073 1025 1086 1062 :
1118 1007 1443 1076 qumstiones
1471 1013 1527 1060 et
1556 1018 1891 1073 prepouens,
1940 1011 1996 1057 et
2036 1014 2126 1054 so-

543 1098 686 1151 lutas
728 1097 1028 1151 recondens
1070 1096 1122 1150 in
1169 1095 1425 1151 scriniolo
1466 1094 1697 1165 pectoris
1725 1094 1828 1148 sui.
1859 1090 1970 1148 Nec
1997 1104 2124 1146 vero

540 1190 833 1244 satiabatur
875 1188 1120 1243 audiendi
1146 1188 1425 1258 cupidine,
1452 1188 1545 1243 sed
1574 1187 1777 1244 addens
1806 1186 2118 1251 scientiam,

539 1279 770 1334 addebat
798 1278 1039 1334 dolorem
1085 1277 1250 1347 (Eccl.
1280 1279 1370 1347 5);
1400 1286 1455 1333 et
1490 1279 1640 1348 quasi
1679 1278 1856 1333 oleum
1894 1276 2123 1332 ﬂammae

540 1369 804 1439 adjiciens
834 1369 925 1441 [aL
957 1367 1227 1441 adjeceris]
1246 1410 1263 1434 ,
1292 1368 1512 1437 majoris
1540 1367 1747 1423 ardoris
1775 1368 2005 1421 fomenta
2032 1381 2123 1421 ca-

539 1464 737 1529 piebat.
780 1461 1022 1527 Quodam
1064 1460 1154 1514 die
1174 1475 1295 1513 cum
1319 1460 1372 1513 in
1399 1459 1642 1513 manibus
1668 1457 1834 1527 Moysi
1856 1456 2119 1512 Numeros

540 1563 878 1618 teneremus,
911 1562 965 1606 et
995 1566 1081 1606 me
1108 1550 1413 1606 verecunde
1443 1559 1690 1619 rogaret,
1717 1548 1844 1618 quid
1874 1548 1974 1603 sibi
2002 1548 2119 1603 vel-

534 1648 612 1703 let
639 1649 915 1702 nominum
951 1655 1095 1700 tanta
1120 1644 1400 1715 congeries
1428 1658 1444 1697 :
1476 1658 1573 1697 cur
1600 1641 1822 1712 singulae
1850 1641 2022 1695 tribus
2063 1641 2117 1695 in

535 1740 654 1791 aliis
698 1747 859 1807 atque
903 1736 1025 1791 aliis
1064 1736 1198 1790 locis
1237 1735 1387 1790 varie
1424 1734 1778 1805 jungereutnr
1805 1749 1819 1785 :
1846 1730 2119 1802 quomodo

534 1832 752 1901 Balaam
783 1831 984 1884 ariolus
1013 1832 1092 1885 sic
1116 1829 1291 1883 futura
1312 1826 1513 1883 Christi
1536 1826 1790 1898 mysteria
1829 1825 2119 1895 propheta-

532 1926 603 1978 rit
648 1922 834 1996 (Nam.
864 1921 980 1993 20),
1026 1931 1084 1977 ut
1108 1922 1283 1976 nullus
1310 1920 1693 1990 propemodum
1724 1918 2116 1989 Prophetarum

536 2030 641 2073 tam
681 2027 867 2086 aperte
910 2016 979 2072 de
1002 2031 1068 2069 eo
1094 2016 1415 2070 vaticinatus
1441 2014 1541 2078 sit;
1569 2011 1823 2082 respondi
1852 2020 1907 2066 ut
1931 2012 2113 2081 potui,

531 2121 587 2165 et
607 2109 754 2162 visus
777 2106 868 2181 [aL
897 2106 1058 2179 nisus]
1079 2121 1196 2160 sum
1219 2105 1620 2175 interrogationi
1643 2104 1761 2173 ejus
1780 2106 2112 2159 satisfacere.

532 2200 837 2254 lievolvens
861 2213 991 2268 ergo
1016 2198 1243 2263 librum,
1272 2197 1514 2267 pervenit
1541 2195 1609 2250 ad
1638 2210 1761 2251 eum
1793 2196 1991 2264 locum,
2026 2195 2115 2250 ubi

531 2290 803 2360 catalogus
840 2288 1165 2345 describitur
1204 2288 1445 2343 omnium
1475 2286 1832 2352 Mansionum,
1860 2301 1960 2357 per
1982 2302 2116 2357 quas

531 2383 600 2435 de
628 2380 864 2451 Egypto
906 2381 1193 2452 egrediens
1237 2380 1499 2451 populus,
1549 2380 1793 2449 pervenit
1835 2394 2004 2450 usque
2047 2379 2115 2434 ad

532 2476 726 2529 ﬂuenta
755 2474 1001 2530 Jordanis
1031 2472 1218 2545 (Num.
1248 2474 1363 2543 35).
1388 2472 1631 2542 Cumque
1673 2486 1863 2527 causas
1910 2485 2118 2540 quaere-

532 2574 614 2618 ret
651 2572 705 2619 et
748 2565 980 2619 rationes
1017 2564 1344 2634 singularum
1388 2559 1487 2635 ﬁll.
1510 2560 1883 2634 singulorum],
1914 2563 1967 2617 in
1997 2561 2117 2633 qui-

531 2656 756 2709 busdam
788 2655 1029 2710 ltmsitavi
1049 2696 1064 2721 ,
1096 2657 1148 2711 iu
1190 2655 1309 2710 aliis
1340 2654 1601 2710 inoﬂ‘enso
1627 2658 1839 2710 cucurri
1872 2654 2027 2725 pede,
2061 2655 2112 2709 in

531 2747 805 2817 plerisque
861 2746 1178 2816 simpliciter
1230 2747 1585 2816 ignorantiam
1641 2746 1922 2801 confessus
1968 2760 2110 2801 sum.

531 2837 686 2892 Tunc
713 2851 843 2893 vero
864 2838 1031 2906 magis
1058 2838 1222 2908 erepit
1253 2851 1476 2907 urgere,
1505 2844 1561 2892 et
1585 2836 1736 2907 quasi
1764 2852 1871 2891 non
1900 2836 2028 2890 mitti
2061 2836 2115 2890 li-

530 2937 680 2984 ceret
704 2929 911 2983 nescire
931 2971 947 2994 ,
979 2929 1121 2999 quod
1149 2929 1363 2993 nescio,
1393 2928 1736 2998 expostulare
1756 2969 1771 2995 ,
1804 2940 1867 2982 ac
1891 2942 1951 2983 se
1972 2926 2112 2982 indi-

530 3033 690 3090 gnam
728 3020 890 3074 tantis
917 3020 1186 3092 mysteriis
1227 3019 1428 3075 dicere.
1470 3018 1609 3087 Quid
1654 3017 1846 3089 plura?
1874 3017 2115 3074 Extorsit

531 3110 660 3165 mihi
692 3110 918 3181 negandi
944 3110 1293 3177 verecundia,
1338 3120 1398 3166 ut
1436 3111 1709 3181 proprium
1752 3110 1802 3165 ei
1843 3124 1979 3178 opus
2017 3108 2117 3164 bu-

531 3202 833 3272 juscemodi
862 3202 1331 3272 disputatiunculae
1356 3202 1670 3272 pollicerer,
1700 3200 1842 3270 quod
1866 3215 2036 3270 usque
2059 3200 2113 3255 in

532 3307 770 3362 praesens
793 3300 1033 3363 tempus,
1062 3302 1119 3348 ut
1144 3308 1286 3348 nunc
1312 3292 1583 3362 intelligo,
1611 3290 1819 3345 Domini
1846 3291 2115 3346 voluntate

530 3386 752 3440 dilatum
772 3426 788 3451 ,
822 3385 1078 3440 reddetur
1105 3385 1379 3440 memoria.-
1404 3384 1547 3438 illius
1575 3399 1589 3436 :
1616 3390 1674 3436 ut
1694 3381 2114 3438 sacerdotalibus

530 3478 726 3547 prioris
753 3477 819 3532 ad
840 3493 899 3532 se
922 3477 1208 3532 voluminis
1229 3476 1410 3532 induta
1431 3474 1692 3539 vestibus,
1709 3488 1802 3542 per
1817 3474 1998 3528 mundi
2018 3474 2117 3528 hu-

528 3570 613 3640 jus
652 3567 990 3623 solitudinem
1020 3567 1249 3638 gaudeat
1272 3581 1334 3622 se
1357 3565 1424 3621 ad
1459 3574 1655 3620 terram
1683 3564 2116 3634 repromissionis

524 3660 814 3732 aliquando
840 3662 1069 3716 venisse.

599 3754 653 3807 8.
698 3751 893 3807 Verum
923 3750 1064 3821 quod
1092 3750 1374 3819 cmpimus,
1422 3762 1830 3818 prosequamur.
1859 3746 2118 3815 Qumreu-

528 3843 673 3898 .tibus
703 3843 1090 3913 nobisdignuut
1127 3850 1288 3897 tautae
1360 3837 1526 3912 πῆ.
1597 3839 1808 3894 femina:
1835 3838 2114 3893 habitacu-

528 3932 641 3987 lum
664 3974 679 3997 ,
736 3947 856 3988 cum
900 3934 988 3988 illa
1020 3934 1093 3987 ita
1124 3933 1467 3988 solitudinem
1496 3939 1757 4001 cuperet,
1789 3939 1845 3985 ut
1872 3930 2118 3986 diverso-

526 4024 612 4081 rio
653 4025 833 4082 Maria:
878 4040 1066 4082 carere
1095 4025 1260 4080 nollet
1292 4042 1307 4079 :
1334 4038 1461 4080 ecce
1487 4024 1665 4080 subito
1692 4023 2117 4078 discurrentibus

524 4117 765 4183 nuntiis,
794 4116 988 4172 Oriens
1015 4125 1157 4171 totus
1182 4116 1457 4171 intremuit
1487 4114 1581 4188 [al.
1616 4114 1891 4187 intonuit],
1929 4115 1998 4169 ab
2040 4114 2119 4168 tti-

528 4206 659 4260 tima
681 4205 933 4261 Maeotide
959 4208 1099 4261 inter
1137 4206 1413 4275 glacialem
1439 4205 1672 4270 Tanain,
1706 4215 1759 4259 et
1792 4204 2116 4275 Massageta-

528 4312 650 4352 rum
695 4296 957 4352 immanes
1002 4297 1265 4365 pepulos,
1314 4295 1403 4350 ubi
1447 4294 1668 4349 Caucasi
1716 4293 1937 4363 rupibus
1978 4294 2118 4349 l‘eras

523 4398 717 4461 gentes
739 4388 818 4461 (α)
847 4388 1132 4443 Alexandri
1154 4386 1386 4441 claustra
1408 4383 1692 4451 cohibent,
1718 4387 1958 4455 erupisse
1980 4385 2122 4441 Hun-

528 4497 723 4537 norum
750 4480 1028 4545 examina,
1056 4494 1175 4550 qua:
1203 4477 1507 4548 pernicibus
1541 4477 1695 4548 equis
1742 4476 1845 4531 huc
1885 4477 2117 4547 illucque

530 4574 826 4639 volitantia,
841 4572 999 4627 caedis
1015 4572 1235 4642 pariter,
1252 4585 1313 4625 ac
1327 4569 1546 4626 terroris
1558 4578 1746 4624 cuncta
1759 4569 2113 4638 complerent.

533 4665 731 4719 Aberat
758 4674 881 4720 tunc
905 4666 1176 4721 Romanus
1201 4665 1497 4733 exercitus,
1522 4672 1575 4719 et
1600 4665 1679 4736 (b)
1703 4664 1856 4719 bellis
1876 4663 2119 4720 civilibus

528 4754 585 4812 in
616 4755 759 4810 Italia
784 4757 1075 4812 tenebatur.
1102 4758 1252 4814 lianc
1274 4765 1487 4827 gentem
1511 4756 1583 4829 (c)
1610 4755 1912 4813 Herodotus
1932 4757 2115 4824 refert,

594 4932 667 5008 (αὶ
695 4932 849 5008 lauri
874 4934 1059 5008 armis
1080 4934 1319 5008 assuetis
1341 4939 1488 5008 διιηιε
1511 4947 1632 5008 quas
1668 4933 2115 5008 εςψςαείαξρονξω

529 4990 672 5042 vocat
695 4992 882 5061 Plinius
905 4990 991 5041 lib.
1011 4992 1059 5043 ϐ.
1089 4990 1283 5061 ριἐξηίε
1297 4990 1544 5061 accurate
1566 4997 1837 5060 describit,
1879 4990 1961 5047 alii
2003 5000 2110 5061 ple-

530 5068 739 5117 rumque
763 5055 1259 5117 Auctores,gcaspias
1280 5056 1464 5106 dicunt.

595 5115 670 5225 ab)
697 5116 893 5165 Bellum
938 5115 1085 5166 civile
1127 5115 1429 5180 Argobastus
1473 5119 1803 5179 excitaverat,
1831 5121 1915 5183 qui
1952 5123 2114 5171 occiso

595 5196 597 5221 ι
623 5179 872 5225 entiniano
894 5176 1100 5225 Juniore
1119 5216 1132 5225 .
1158 5178 1437 5225 Euzenium
1458 5180 1808 5225 Imperatorem
1833 5184 2106 5225 constitue-

528 5175 872 5241 ‘anentiniano
894 5176 1100 5229 Juniore
1118 5216 1132 5240 ,
1158 5175 1437 5241 Eugenium
1458 5175 1808 5241 Imperatorem
1833 5175 2106 5233 constitue-

530 5246 621 5287 rat.
648 5238 823 5290 Contra
846 5241 974 5304 hunc
1007 5238 1125 5291 cum
1140 5238 1377 5304 pergeret
1399 5238 1703 5293 Theodosius
1722 5258 1837 5293 ann.
1860 5244 1970 5293 39L.
2012 5244 2111 5293 Ro-

529 5313 885 5388 maua‘srsecutn
914 5302 1160 5376 Legiones
1182 5302 1321 5353 duxit
1340 5317 1490 5388 “quae
1524 5305 1681 5388 adhuc
1703 5308 1747 5354 in
1773 5305 1911 5356 Italia
1935 5314 2077 5355 erant
2098 5341 2112 5365 ,

529 5376 638 5413 cum
662 5363 827 5426 Hunni
862 5363 1050 5426 imperii
1078 5374 1234 5415 terras
1256 5378 1334 5413 an.
1361 5363 1470 5417 595.
1499 5372 1768 5418 vastarent.

595 5426 665 5489 (ε)
699 5424 822 5491 Haec
844 5424 1006 5476 narrat
1029 5427 1468 5491 Herodotttslibl.
1510 5442 1617 5491 cap.
1653 5429 1893 5491 106.,sub
1916 5427 2117 5491 Scytha-

529 5488 654 5551 rutn’
681 5489 914 5551 nomine;
938 5491 1028 5538 sed
1050 5501 1201 5538 annos
1223 5488 1436 5551 ΧΧΥΙΙΙ.
1464 5488 1731 5551 pnel‘erunt
1770 5489 1922 5551 hodie
1960 5488 2119 5536 Hero-

531 5547 859 5614 doti‘codices
879 5547 1013 5614 ,qua
1049 5551 1115 5599 de
1140 5547 1652 5614 causa‘Hi‘eronymum
1668 5548 1896 5614 Scaliger
1937 5556 2074 5596 notat
2100 5585 2114 5605 ,

533 5608 662 5671 quod
682 5608 917 5673 Supputet
935 5608 1126 5661 tantum
1148 5611 1251 5660 XX.
1276 5611 1376 5673 sed
1402 5613 1447 5659 in
1471 5608 1532 5658 eo
1556 5610 1682 5673 apud
1703 5609 2009 5673 Herodotum
2033 5621 2119 5655 nu-

532 5669 674 5735 mero
697 5669 922 5735 magnam
963 5675 1128 5723 inesse
1152 5671 1502 5735 ditiicultatem,
1529 5669 1849 5720 observarunt
1870 5669 1949 5717 alii
1976 5683 1989 5717 :
2019 5681 2117 5730 ego

534 5734 704 5781 vitium
730 5733 970 5783 inSt-disse
1009 5747 1105 5783 non
1127 5735 1296 5782 dubito
1314 5771 1326 5791 ,
1351 5733 1575 5792 adeoque
1593 5766 1606 5792 ,
1631 5743 1728 5778 non
1764 5738 1820 5779 ut
1859 5742 2117 5792 perperam

537 5793 773 5859 Scaliger,
798 5797 1080 5859 Hieronymi
1107 5794 1365 5845 lectionem
1388 5806 1451 5843 ex
1472 5793 1739 5853 Herodoto,
1766 5793 1853 5842 sed
1878 5792 2117 5843 Herodoti

1856 333 2096 393 SANCTI
2137 325 2506 387 lllERONYMI

3708 330 3811 388 696

2236 445 2338 499 sub
2359 443 2536 509 Dario,
2564 456 2689 512 rege
2711 440 3007 504 Medorum.
3036 439 3219 510 viginti
3248 438 3404 493 annis
3430 436 3705 494 Orientem
3735 449 3811 499 te-

2234 536 2414 590 nuisse
2438 534 2738 603 captivum,
2763 533 2917 587 etab
2953 531 3220 603 Egyptiis
3260 539 3422 600 atque
3464 528 3806 600 Ethiopibus

2233 640 2431 680 annum
2475 623 2722 693 exegisse
2747 624 2992 693 vectigal.
3026 625 3250 678 Avertat
3274 619 3432 677 Jesus
3455 620 3526 676 ab
3551 620 3685 676 orbe
3710 622 3812 676 Ro-

2232 730 2392 770 mano
2432 715 2565 769 tales
2604 714 2744 769 ultra
2788 712 3006 769 bestias.
3038 711 3296 783 Insperati
3328 710 3524 780 ubique
3556 709 3810 773 aderant,

2231 815 2285 861 et
2312 808 2504 860 tamam
2532 804 2806 859 celeritate
2832 805 3103 860 vincentes
3119 842 3136 869 ,
3162 817 3270 857 non
3297 800 3576 871 religioni,
3603 816 3710 857 non
3736 801 3811 854 di-

2229 895 2554 967 gnitatibus,
2592 910 2701 948 non
2724 894 2865 948 aetati
2897 893 3207 962 parcebant,
3235 905 3341 947 non
3368 890 3631 961 vagientis
3658 892 3810 946 mise-

2232 989 2487 1043 rabantur
2530 986 2786 1042 infantim.
2834 985 3176 1056 Cogebantur
3218 984 3392 1050 mori,
3440 984 3532 1055 qui
3578 984 3807 1039 nondum

2230 1082 2411 1135 vivere
2456 1087 2762 1150 coeperant;
2809 1089 2866 1135 ct
2912 1080 3214 1134 nescientes
3241 1078 3442 1132 malum
3468 1092 3646 1145 suum,
3678 1076 3809 1131 inter

2230 1171 2462 1228 hostium
2492 1162 2682 1227 manus
2716 1187 2779 1226 ac
2811 1171 2916 1226 tela
2945 1170 3208 1225 ridebant.
3235 1168 3517 1224 Consonus
3538 1168 3676 1223 inter
3695 1183 3807 1223 om-

2228 1279 2324 1320 nes
2371 1277 2588 1329 rumor,
2633 1272 2818 1334 petere
2845 1276 2939 1318 eos
2966 1262 3386 1332 Jerosolymam,
3419 1269 3476 1316 et
3500 1259 3571 1316 ob
3595 1259 3806 1314 nimiam

2226 1356 2345 1411 auri
2367 1355 2717 1425 cupiditatem
2736 1356 2803 1410 ad
2830 1355 2970 1410 hanc
2993 1354 3181 1411 urbem
3210 1368 3527 1423 percurrere
3565 1351 3645 1423 (ά)
3679 1352 3805 1406 Muri

2229 1450 2458 1520 neglecti
2490 1449 2637 1519 pacis
2664 1449 2869 1503 incuria
2890 1489 2906 1512 ,
2933 1447 3329 1503 sarciebantur.
3356 1444 3636 1502 Antiochia
3663 1444 3806 1500 obsi-

2224 1538 2472 1594 debatur.
2510 1539 2684 1611 Tyrus
2711 1554 2771 1594 se
2794 1541 2978 1593 volens
2999 1554 3029 1592 a
3052 1548 3192 1594 terra
3219 1538 3559 1606 abrumpere,
3584 1536 3804 1591 insulam

2224 1632 2499 1701 quaerebat
2518 1633 2812 1702 antiquam.
2838 1631 2989 1687 Tunc
3008 1640 3064 1685 et
3090 1646 3191 1686 nos
3216 1631 3476 1700 compulsi
3502 1644 3689 1685 sumus
3713 1643 3805 1698 pa-

2225 1737 2346 1777 rare
2375 1736 2562 1787 naves,
2576 1737 2636 1778 es
2649 1736 2710 1778 se
2738 1722 2791 1777 in
2820 1720 3316 1786 littore,adventum
3351 1721 3582 1786 hostium
3608 1735 3804 1789 praecao

2225 1828 2374 1879 vere,
2396 1821 2452 1868 et
2483 1814 2826 1869 saevientibus
2846 1814 3043 1881 ventis,
3070 1813 3243 1883 magis
3266 1813 3524 1868 barbaros
3543 1823 3801 1879 metuere,

2225 1919 2384 1974 quam
2413 1905 2780 1974 naufragium;
2804 1920 2912 1959 non
2935 1914 3040 1958 tam
3065 1904 3294 1975 propria:
3312 1904 3491 1969 saluti,
3517 1918 3674 1973 quam
3692 1900 3802 1956 Vir-

2223 1999 2404 2068 ginum
2446 1998 2778 2053 castimoniae
2834 1997 3210 2068 providentes.
3247 1998 3376 2052 Erat
3419 1998 3512 2052 illo
3563 2009 3801 2068 tempore

2221 2089 2465 2160 quaedam
2490 2089 2630 2157 apud
2669 2088 2763 2162 [aL
2804 2088 2955 2161 inter]
2982 2104 3081 2144 nos
3112 2089 3183 2160 (ε)
3205 2090 3499 2155 dissensio,
3531 2100 3589 2146 et
3612 2090 3799 2146 barba-

2225 2198 2405 2237 rorum
2433 2197 2660 2253 pugnam
2690 2181 2983 2237 domestica
3030 2182 3170 2237 bella
3212 2183 3561 2253 superabant.
3603 2183 3711 2238 Nos
3750 2185 3801 2240 in

2221 2273 2440 2328 Oriente
2484 2282 2771 2328 tenuerunt
2804 2274 2915 2342 jam
2954 2273 3074 2328 ﬁxa:
3114 2273 3270 2330 sedes
3293 2316 3311 2343 ,
3353 2285 3409 2331 et
3450 2276 3798 2332 inveteratum

2220 2374 2527 2419 sanctorum
2572 2363 2834 2419 Locorum
2878 2365 3227 2421 desiderium.
3275 2366 3403 2434 Illa,
3451 2382 3571 2438 quae
3613 2377 3722 2423 tota
3746 2369 3796 2422 in

2219 2456 2449 2509 sarcinis
2472 2464 2608 2523 erat,
2636 2465 2692 2511 et
2717 2457 2770 2511 in
2796 2457 2942 2510 omni
2976 2458 3109 2513 urbe
3135 2457 3418 2528 peregrina
3440 2500 3456 2525 ,
3481 2474 3698 2514 reversa
3719 2469 3799 2514 est

2219 2546 2284 2599 ad
2316 2545 2538 2615 patriam
2559 2585 2575 2610 ,
2603 2556 2662 2601 ut
2690 2547 2760 2602 ibi
2791 2562 2992 2617 pauper
3025 2549 3264 2611 viveret,
3297 2548 3385 2603 ubi
3412 2548 3565 2605 dives
3594 2549 3795 2617 fuerat;

2220 2652 2441 2692 manens
2470 2639 2521 2692 in
2551 2638 2751 2706 alieno,
2780 2655 2901 2710 quae
2940 2639 3101 2713 465
3156 2640 3355 2696 multos
3387 2643 3534 2711 prius
3564 2642 3798 2713 bOSpites

2220 2729 2404 2785 habuit
2432 2748 2445 2785 :
2470 2739 2527 2786 et
2546 2732 2564 2803 (
2574 2746 2640 2787 ne
2659 2747 2963 2788 sermonem
2990 2734 3200 2805 longius
3220 2735 3551 2805 protrabam)
3571 2736 3627 2790 in
3646 2750 3799 2791 cons-

2219 2832 2376 2891 pectu
2399 2823 2656 2880 Romamn
2680 2826 2829 2882 urbis
2859 2828 3188 2898 pauperibus
3216 2837 3487 2899 erogaret,
3516 2828 3680 2897 quod,
3708 2830 3793 2884 illa

2222 2924 2376 2980 teste,
2405 2913 2738 2971 vendiderat.

2212 3004 2216 3012 λ
2290 3005 2344 3060 9.
2385 3005 2493 3061 Nos
2519 3006 2623 3062 hoc
2652 3017 2857 3063 tantum
2889 2991 3158 3077 doiemus,
3183 3011 3325 3082 quod
3357 3012 3796 3081 pretiosissimum

2216 3097 2285 3153 de
2310 3100 2508 3152 sanctis
2534 3098 2693 3154 Locis
2737 3102 2936 3157 monile
2976 3102 3324 3172 perdidimus.
3368 3103 3592 3173 Recepit
3629 3104 3794 3160 Roma
3854 3151 3863 3161 .

2218 3188 2359 3258 quod
2387 3190 2661 3258 amiserat,
2689 3199 2745 3246 et
2773 3206 2969 3261 procax
2994 3208 3057 3247 ac
3093 3193 3352 3249 maledica
3400 3194 3575 3266 lingua
3610 3196 3797 3252 Genti-

2219 3281 2370 3345 lium,
2419 3282 2695 3337 oculorum
2740 3284 3049 3340 testimonio
3094 3284 3366 3340 confutata
3406 3293 3508 3341 est.
3556 3285 3797 3342 Laudent

2217 3374 2396 3427 cmteri
2426 3373 2847 3431 misericordiam
2873 3375 3012 3445 ejus,
3053 3376 3429 3443 humilitatem,
3468 3376 3627 3433 iidem
3658 3398 3672 3433 :
3698 3394 3798 3450 ego

2220 3466 2465 3520 ardorem
2503 3466 2668 3520 animi
2699 3467 2820 3536 plus
2866 3468 3113 3523 laudabo.
3143 3468 3363 3525 Librum
3403 3485 3509 3540 quo
3542 3470 3793 3527 Heliodo-

2221 3572 2336 3611 rum
2371 3556 2636 3625 quondam
2674 3558 2891 3627 juvenis
2934 3558 3002 3614 ad
3047 3575 3291 3616 eremum
3331 3560 3636 3617 cohortatus
3674 3577 3794 3619 sum

2222 3647 2414 3719 (Epist.
2450 3647 2561 3719 η),
2591 3649 2806 3704 tenebat
2835 3651 3186 3716 memoriter;
3218 3660 3273 3706 et
3308 3652 3547 3708 Romana
3571 3667 3797 3709 cernens

2222 3740 2438 3806 mmnia,
2485 3741 2746 3819 inclusam
2790 3756 2849 3798 se
2892 3758 3012 3799 esse
3058 3743 3343 3813 plangebat
3399 3745 3575 3801 Oblita
3614 3760 3796 3813 sexus,

2220 3832 2517 3902 fragilitatis
2543 3834 2846 3900 immemor,
2886 3849 2951 3889 ac
2995 3834 3297 3891 solitudinis
3340 3846 3545 3893 tantum
3585 3839 3797 3907 cupida,

2221 3924 2292 3978 ibi
2322 3934 2458 3991 erat,
2505 3924 2591 3979 ubi
2623 3925 2806 3979 animo
2846 3925 3177 3981 morabatur.
3223 3925 3340 3982 Non
3382 3937 3593 3998 poterat
3632 3929 3798 3983 teneri

2219 4016 2456 4070 consiliis
2481 4016 2775 4071 amicorum
2804 4016 2919 4072 :ita
2962 4031 3030 4073 ex
3068 4018 3222 4087 urbe,
3273 4021 3427 4090 quasi
3458 4020 3526 4076 de
3555 4021 3798 4086 vinculis,

2220 4105 2481 4176 gestiebat
2531 4121 2836 4175 erumpere.
2905 4107 3369 4179 Dispensationem
3414 4111 3694 4181 pecuniae,
3748 4120 3803 4165 et

2220 4207 2429 4251 cautam
2481 4197 2909 4255 distributionem
2958 4214 3129 4271 genus
3177 4201 3510 4258 inﬁdelitatis
3543 4202 3798 4257 vocabat.

2222 4287 2336 4343 Non
2380 4290 2498 4344 aliis
2531 4289 2968 4348 distributionem
3017 4294 3478 4367 eleemosynarum
3526 4296 3797 4357 tribuere;

2222 4382 2315 4437 sed
2345 4383 2457 4437 suis
2482 4383 2682 4451 pariter
2707 4384 2910 4453 effusis,
2941 4386 3055 4457 ipsa
3086 4402 3186 4458 pro
3211 4387 3425 4443 Christo
3450 4389 3616 4460 stipes
3644 4398 3799 4459 opta-

2224 4474 2313 4528 bat
2349 4476 2613 4543 aeciperc.
2642 4476 2732 4533 Sic
2770 4477 3078 4547 festinabat,
3107 4482 3186 4538 sic
3215 4483 3496 4553 impatiens
3536 4492 3654 4539 erat
3689 4498 3805 4539 mo-

2222 4582 2424 4634 rarum,
2455 4576 2515 4623 ut
2555 4569 2698 4624 illam
2726 4570 2975 4628 crederes
3020 4562 3405 4643 proiécturam.
3453 4576 3635 4647 itaque
3676 4578 3804 4632 dum

2223 4673 2435 4729 semper
2463 4671 2696 4731 paratur,
2729 4677 2876 4720 mors
2904 4679 3023 4720 eam
3054 4667 3297 4725 invenire
3343 4684 3450 4725 non
3488 4670 3665 4741 potuit
3701 4670 3801 4725 im-

2224 4762 2482 4824 paratam.

2294 4844 2382 4900 10.
2431 4844 2577 4900 Inter
2604 4846 2791 4904 laudes
2823 4848 3040 4905 feminae
3075 4850 3255 4906 subito
3281 4851 3410 4905 mihi
3438 4851 3810 4908 Pammachius

2222 4953 2373 4995 meus
2399 4941 2657 4997 exoritur.
2697 4942 2915 4997 Paulina
2941 4943 3144 5000 dormit
3188 4953 3249 5000 ut
3273 4945 3375 5001 iste
3403 4946 3604 5016 vigilet.
3648 4945 3798 5000 Prac-

2222 5186 2370 5252 idque
2389 5194 2450 5231 eo
2473 5182 2722 5252 libentius,
2747 5182 3078 5252 quorl'minori
3098 5182 3597 5252 hujus’s‘upputationi
3638 5196 3691 5238 et
3729 5182 3813 5237 Jo-

2222 5243 2439 5314 septies,
2450 5253 2503 5292 et
2522 5243 3134 5314 Eusebiuszsunjiagentur.

2286 5305 2366 5363 (ὀ)
2400 5305 2588 5373 Vocem.
2603 5305 2734 5373 muri
2749 5306 2847 5373 duo
2870 5305 2984 5373 Mss.
3012 5315 3225 5373 etvetus
3242 5308 3673 5373 editiogignnrant;
3698 5321 3814 5358 mox

2224 5365 2319 5436 alio
2340 5402 2353 5423 ,
2372 5377 2542 5435 eoque
2569 5366 2705 5436 facile
2727 5366 2917 5436 meliori
2939 5369 3289 5436 sensulegunt
3307 5405 3323 5429 ,
3355 5389 3378 5416 α
3400 5365 3644 5436 N'eglecta
3659 5365 3669 5371 ⁷
3683 5372 3815 5433 pacis

2226 5427 2416 5494 incuria
2458 5427 3078 5494 sirciebatur_Antiocbia.
3095 5427 3252 5494 Tyrus
3272 5427 3382 5494 ,A'se
3430 5427 3603 5494 volens
3626 5447 3655 5480 a
3682 5427 3816 5494 terra

2224 5488 2552 5559 abrumpere,
2575 5490 2914 5559 LewLIforro
2952 5488 3161 5559 insulani
3198 5492 3444 5559 wuiqttqm
3474 5492 3700 5554 iutellige
3729 5492 3821 5540 Pa-

2227 5547 2475 5609 laetyrum;
2502 5556 2555 5597 et
2584 5547 2694 5598 Vid.
2732 5551 2943 5602 Plinium
2984 5554 3069 5603 lib.
3108 5556 3157 5604 5.
3198 5547 3420 5617 capiti).
3468 5562 3572 5603 tum
3610 5547 3821 5605 veteres

2228 5609 2263 5656 (ἶ
2273 5619 2420 5656 eoara
2425 5609 2561 5656 ultos.

2252 5619 2561 5669 ieograpnos.

2292 5668 2362 5742 (ej
2385 5668 2802 5742 Celebrislnempe
2822 5676 2901 5725 illa
2927 5690 3037 5726 cum
3051 5676 3249 5742 Joanne
3269 5675 3683 5742 {eroselymiLac
3700 5674 3816 5724 Ruf-

2229 5730 2324 5778 [ino
2348 5733 2564 5802 in‘cattsa
2602 5730 3017 5802 Origenistarum._
3046 5738 3198 5802 Paulo
3221 5738 3342 5802 infra
3364 5730 3565 5802 quidam
3602 5740 3719 5791 Mss.
3746 5744 3819 5787 at.-

2230 5805 2329 5855 quc
2354 5792 2471 5843 editi
2494 5792 2801 5861 vetustiores,
2826 5800 2975 5851 tenui:
2984 5800 3098 5863 jam
3119 5799 3224 5864 ﬁxa
3244 5792 3389 5864 ﬁdes.

2222 5135 2289 5196 ex
2308 5121 2721 5194 Hieronymogui
2738 5123 2806 5172 ita
2826 5122 3014 5197 legisse
3035 5133 3255 5234 apparet,
3277 5132 3395 5187 puto
3415 5126 3807 5198 emendandam;

2222 5186 2370 5234 tdaue
2389 5194 2450 5231 eo
2473 5182 2722 5234 libentius.
2747 5185 2875 5234 ouod
2899 5198 3073 5233 manI‘l
3133 5200 3242 5234 utus
3263 5195 3596 5234 suonutattom
3638 5196 3691 5234 et
3729 5186 3807 5234 Jo-
