4106 6340
353 324 456 379 097

351 439 494 496 cedit
524 441 792 506 maritum,
823 450 878 495 ut
910 441 1123 496 Christo
1149 442 1402 497 famulum
1433 422 1788 513 derelinquat.
1816 440 1912 496 Hir-

357 531 527 585 haeres
549 533 757 599 uxoris,
788 541 842 585 et
879 532 1203 587 hmreditatis
1230 530 1319 587 alii
1351 546 1706 601 possessores.
1738 533 1928 587 Certa-

358 624 485 677 bant
509 624 591 678 vir
619 631 674 678 et
700 621 915 691 femina,
944 627 1062 694 quis
1088 625 1140 679 in
1170 623 1248 695 (a)
1285 625 1449 681 Portu
1492 625 1719 680 Abrahae
1756 624 1932 678 taber-

359 714 605 767 naculum
648 714 833 784 ﬁgeret
861 732 882 793 l:
909 723 964 769 et
995 726 1112 769 erat
1141 715 1256 770 hinc
1296 716 1435 770 inter
1475 727 1759 784 utrumque
1798 730 1930 768 eon-

361 806 552 870 teutio,
581 805 701 874 quis
732 805 1061 861 humanitate
1101 817 1401 876 superaret.
1430 807 1566 861 Vicit
1592 815 1835 874 uterque,
1878 813 1934 858 et

362 906 583 967 uterque
608 907 888 967 superatus
914 910 1016 953 est.
1046 899 1220 953 Ambo
1244 914 1304 954 se
1328 900 1499 954 victos
1526 906 1580 953 et
1603 898 1832 952 victores
1855 895 1931 950 fa-

363 996 557 1053 tentur,
598 989 724 1042 dum
768 989 911 1059 quod
954 990 1092 1044 alter
1118 990 1386 1059 cupiebat,
1432 999 1653 1058 uterque
1690 986 1931 1057 perfecit.

361 1078 597 1149 Iungunt
624 1094 775 1149 opes,
806 1080 1012 1136 sociant
1050 1082 1369 1147 voluntates,
1398 1091 1456 1136 ut
1491 1079 1632 1151 quod
1668 1077 1936 1133 aemulatio

362 1169 681 1239 dissipatura
719 1179 855 1238 erat,
906 1173 1194 1228 concordia
1238 1181 1531 1229 cresceret.
1578 1171 1812 1227 Necdum
1858 1170 1938 1223 di-

362 1271 529 1328 ctum,
558 1262 667 1328 jam
698 1262 915 1317 factum.
946 1264 1156 1317 Emitur
1193 1264 1501 1332 hosinitium,
1553 1271 1607 1317 et
1652 1262 1716 1315 ad
1757 1260 1937 1328 hospi-

365 1354 493 1408 tium
548 1351 641 1424 [al.
688 1364 734 1407 et
781 1354 1058 1426 hospitum]
1112 1355 1265 1409 turba
1320 1355 1610 1409 concurrit.
1647 1371 1667 1403 ι
1696 1352 1811 1406 Non
1858 1360 1941 1404 est

363 1444 506 1498 enim
539 1444 690 1499 labor
719 1445 769 1497 in
800 1444 986 1509 Iacob,
1016 1461 1115 1500 nec
1144 1444 1295 1499 dolor
1322 1446 1373 1498 in
1404 1444 1562 1499 Israel
1588 1462 1607 1495 ι
1636 1436 1822 1513 (Nam.
1844 1441 1935 1496 25.

363 1534 454 1589 2!.
492 1535 648 1604 juxta
691 1533 887 1604 LXX).
937 1535 1222 1590 Adducunt
1251 1536 1437 1599 maria,
1474 1548 1610 1604 quos
1645 1534 1698 1587 in
1732 1532 1940 1603 gremio

371 1640 470 1681 suo
510 1635 650 1681 terra
695 1627 972 1695 suscipiat.
1020 1627 1191 1680 Mittat
1232 1626 1402 1681 Roma
1452 1633 1801 1695 preperantes
1844 1622 1938 1695 [al.

322 1762 325 1763 ν
369 1712 700 1786 navigantes],
730 1728 865 1785 quos
900 1715 1241 1785 navigaturos
1267 1717 1412 1770 littus
1442 1715 1601 1768 molle
1628 1711 1939 1767 confoveat.

368 1804 520 1871 Quod
568 1804 783 1859 Publius
821 1806 985 1859 semel
1023 1804 1151 1860 fecit
1185 1806 1236 1859 in
1284 1805 1456 1860 insula
1494 1805 1571 1873 (1)
1611 1803 1789 1857 Melite
1819 1815 1941 1870 erga

372 1908 533 1947 unum
552 1894 887 1963 Apostolum,
905 1902 958 1950 et
975 1894 1065 1967 (ne
1081 1894 1486 1949 contradictioni
1502 1894 1675 1947 locum
1693 1890 1944 1961 tribuam)

372 1981 537 2056 ιω
593 1985 645 2038 in
673 2000 774 2039 una
806 1986 964 2051 navi;
996 1985 1099 2040 hoe
1124 1986 1208 2039 isti
1240 1993 1297 2040 et
1331 1984 1637 2054 frequenter
1664 1982 1861 2036 faciunt
1894 1987 1949 2035 ct

378 2074 428 2127 in
458 2075 635 2144 plures
665 2093 679 2130 ε
704 2090 803 2130 nec
830 2077 1001 2131 solum
1031 2078 1249 2144 inepum
1278 2077 1570 2131 necessitas
1594 2083 1945 2139 sustentatur,

373 2165 469 2221 sed
501 2181 667 2235 prona
699 2168 750 2221 in
781 2180 970 2223 omnes
990 2168 1351 2222 muniﬁcentia
1382 2166 1581 2236 aliquid
1621 2173 1674 2219 et
1703 2163 1951 2217 habenti-

374 2254 475 2310 bus
496 2256 763 2326 providet.
792 2256 1201 2312 Xenodochium
1233 2258 1285 2309 in
1315 2256 1478 2310 Portu
1509 2257 1752 2310 Romano
1787 2254 1949 2307 situm

376 2353 521 2401 totus
547 2348 747 2416 pariter
776 2347 1006 2401 mundus
1033 2345 1254 2400 audivit.
1287 2345 1399 2401 Sub
1424 2360 1527 2399 una
1556 2353 1739 2399 aestate
1764 2342 1955 2398 didicit

378 2436 652 2492 Britannia
689 2436 795 2508 (2),
836 2436 980 2506 quod
1020 2436 1285 2508 Egyptus
1321 2446 1375 2491 et
1422 2436 1650 2492 Parthus
1696 2440 1956 2490 noverant

377 2525 538 2581 Vere.

451 2617 542 2671 11.
582 2616 735 2684 Quod
761 2616 1018 2687 scriptum
1057 2624 1183 2673 est:
1222 2634 1240 2668 ε
1277 2616 1610 2673 Timentibus
1648 2617 1953 2681 Dominum,

381 2706 561 2761 omnia
588 2719 946 2777 cooperantur
974 2711 1030 2764 in
1056 2708 1253 2764 bonum
1285 2707 1460 2780 (Rom.
1488 2708 1541 2763 8.
1570 2707 1685 2779 28),
1725 2708 1776 2762 in
1807 2705 1959 2760 obitu

382 2807 543 2853 tanta:
570 2797 782 2853 feminae
809 2798 1039 2855 vidimus
1059 2800 1482 2870 comprobatum.
1500 2800 1737 2868 Quadem
1761 2813 1958 2869 prmsa-

381 2889 468 2959 gio
495 2888 793 2944 futurorum
817 2890 884 2944 ad
912 2891 1115 2947 multos.
1131 2892 1418 2961 scripserat
1443 2891 1751 2957 Monachos,
1785 2899 1842 2944 ut
1870 2904 1960 2945 ve-

385 2981 580 3045 nirent,
633 2988 689 3035 et
723 2995 782 3036 se
821 2981 969 3051 gravi
1012 2995 1176 3037 onere
1219 2983 1548 3037 laborantem
1596 2982 1957 3048 absolverent,

386 3070 688 3142 faceretque
711 3073 811 3128 sibi
837 3072 903 3127 de
932 3074 1114 3144 iniquo
1145 3089 1445 3128 mammona
1477 3073 1700 3138 amicos,
1728 3072 1818 3142 qui
1839 3086 1958 3127 eam

386 3165 684 3234 reciperent
707 3169 762 3219 in
791 3175 991 3221 mterua
1029 3166 1366 3221 tabernacula
1396 3164 1547 3237 (Luc.
1592 3164 1676 3218 16.
1706 3162 1821 3234 19).
1856 3162 1958 3217 Ve-

387 3267 595 3322 nerunt,
637 3258 795 3312 amici
842 3256 967 3313 facti
1018 3267 1188 3313 sunt:
1221 3258 1475 3313 dormivit
1519 3257 1610 3311 illa
1652 3272 1759 3326 quo
1801 3255 1961 3311 modo
2040 3312 2043 3313 ν

385 3350 554 3404 voluit
581 3368 594 3403 :
620 3361 675 3405 et
701 3349 941 3419 deposita
972 3350 1185 3404 tandem
1214 3351 1448 3415 sarcina,
1480 3349 1651 3403 levior
1673 3347 1870 3401 volavit
1895 3345 1963 3400 ad

385 3442 599 3497 coelum.
651 3443 916 3509 Quantum
965 3443 1187 3498 haberet
1230 3444 1459 3497 viventis
1505 3441 1740 3497 Fabiola:
1793 3440 1963 3495 Roma

385 3534 720 3599 miraculum,
762 3534 814 3588 in
858 3543 1071 3589 mortua
1099 3533 1508 3589 demonstravit.
1539 3531 1778 3588 Necdum
1806 3534 1963 3603 spiri-

387 3635 496 3679 tum
526 3626 883 3691 exhalaverat,
917 3624 1143 3679 necdum
1173 3624 1406 3678 debitam
1454 3622 1672 3677 Christo
1712 3622 1964 3677 reddideo

386 3726 467 3773 rat
495 3719 741 3784 animam,

529 3829 595 3884 Et
620 3832 736 3902 jam
766 3833 905 3902 fama
936 3830 1133 3895 volam,
1164 3829 1292 3883 tanti
1327 3829 1616 3898 praenuntia
1660 3827 1824 3882 luctus

1177 3919 1483 3994 (1Eneid.l.
1519 3921 1594 3992 ι).
1874 3986 1877 3991 η

391 4018 551 4073 totius
578 4016 738 4074 Urbis
766 4015 1022 4087 pupulum
1061 4014 1129 4069 ad
1171 4014 1430 4084 exequias
1461 4012 1841 4082 congregabat.
1870 4011 1969 4067 So-

389 4110 586 4166 nabant
628 4108 848 4175 Psalmi,
890 4116 946 4162 et
985 4116 1173 4161 aurata
1215 4104 1562 4174 Templorum
1594 4104 1668 4175 (b)
1717 4114 1853 4160 tecta
1884 4119 1971 4159 re—

391 4198 556 4257 boans
583 4201 636 4255 in
665 4200 890 4255 sublime
915 4196 1185 4267 quatiebat
1210 4211 1490 4250 summa.

463 4291 563 4347 Hic
582 4294 837 4361 juvenum‘
855 4289 1059 4353 chorus,
1085 4288 1174 4341 ille
1192 4303 1390 4348 senum,
1416 4286 1505 4355 qui
1525 4285 1748 4340 carmine
1767 4284 1962 4352 laudes,

464 4384 747 4450 Femineas,
779 4392 823 4436 et
848 4382 983 4452 facta
1008 4380 1194 4450 ferant.
1305 4375 1469 4448 (Ibid.
1496 4377 1534 4432 Ι.
1563 4374 1646 4448 8.)

391 4499 507 4557 Non
535 4500 613 4554 sic
645 4496 837 4551 Furius
874 4495 942 4551 de
968 4493 1157 4561 Gallis,
1199 4507 1304 4547 non
1338 4492 1587 4561 Papirius
1615 4493 1683 4547 de
1719 4491 1972 4547 Samniti—

350 4594 512 4659 ‘bus,
563 4606 669 4644 non
716 4588 898 4656 Scipio
947 4587 1015 4641 de
1060 4586 1365 4651 Numantia,
1417 4600 1522 4639 non
1576 4585 1859 4654 Pompeius
1904 4585 1972 4640 de

391 4681 551 4739 Ponti
574 4677 819 4748 gentibus
839 4674 1203 4744 triumphavit.
1232 4674 1307 4727 Illi
1330 4690 1552 4742 corpora
1572 4675 1830 4738 vicerant.
1855 4675 1972 4731 huic

393 4768 701 4843 Spirituales
757 4766 1019 4836 nequitias
1068 4762 1394 4831 subjugavit.
1444 4763 1617 4816 Audio
1665 4764 1974 4832 praeceden-

458 4904 531 4968 (a)
565 4897 877 4968 conferenda
894 4894 973 4945 illa
997 4894 1055 4968 ad
1072 4891 1846 4968 Pammachium.Epistolaﬂnum.
1872 4896 1967 4968 '31.

392 4954 479 5017 ubi
498 4954 527 5026 ’,
546 4982 569 5010 ι
592 4961 748 5026 Audio
773 4967 843 5020 te,
866 4962 1040 5026 inqu“,
1067 4954 1426 5026 Xeqodoehium
1448 4954 1662 5026 inportu
1680 4954 1856 5026 fecisse
1872 4955 1971 5006 Bo-

394 5015 552 5087 manb,
581 5032 633 5075 et.
652 5015 840 5084 virgam
859 5015 1385 5087 derarhorc‘Ahraham
1411 5017 1461 5087 in
1484 5015 1696 5087 Ausonio
1720 5017 1968 5080 plantasse

392 5075 589 5139 littore:
615 5103 638 5132 υ
670 5075 771 5135 tum
794 5095 903 5146 qum
928 5081 975 5146 in
1001 5092 1115 5129 eum
1136 5075 1293 5146 locum
1314 5078 1661 5146 adnotavimus.

458 5153 529 5213 (υ)
563 5150 638 5198 Ab
659 5139 1116 5213 impressislirasm.
1155 5146 1207 5189 et
1244 5139 1466 5191 Martian.
1498 5141 1967 5213 aberattectanqua

394 5200 612 5263 delracta
634 5200 775 5264 voce,
798 5205 1037 5255 claudicat
1058 5215 1262 5264 sensus:
1284 5215 1370 5251 nos
1388 5215 1449 5250 ex
1476 5200 1582 5253 aliis
1606 5202 1757 5251 editis
1775 5215 1830 5251 ac
1853 5200 1969 5252 Mss.

395 5274 694 5323 sati‘ecimus.
722 5263 873 5317 Porro
893 5273 1119 5317 veterem
1141 5263 1518 5314 Christianorum
1544 5264 1681 5312 istam
1706 5273 1971 5314 consuetu-

396 5336 563 5384 dinem
603 5330 793 5382 lmtandi
832 5329 880 5377 in
919 5328 1107 5389 piorum
1147 5324 1429 5389 funeribusJ
1455 5324 1856 5389 quamqplerique
1887 5325 1967 5389 alii

399 5362 563 5384 υιιιςιιι
603 5362 793 5382 mw"...
920 5362 1107 5389 ,ηυ-
1148 5362 1402 5374 .....-.......υ
1455 5362 1599 5388 ηπ...
1634 5362 1856 5388 rem“...
1887 5362 1965 5376 ...η

399 5397 672 5458 Scriptores
696 5391 914 5458 probant
932 5423 946 5446 ,
969 5387 1346 5458 meritonester
1377 5362 1579 5436 Hieron.
1606 5388 1657 5435 in
1684 5385 1791 5438 Vita
1824 5388 1965 5437 Pauli

399 5450 628 5508 Eremitte
650 5450 967 5505 Cliristianam
999 5450 1303 5499 traditionem
1327 5457 1483 5499 vocat.

461 5520 533 5629 (I)
570 5519 728 5568 Antea
742 5527 853 5565 cum
875 5519 1009 5562 esset
1027 5510 1268 5574 Mitylene,
1288 5510 1491 5559 Gravius
1511 5522 1540 5560 e
1556 5508 1673 5560 Mss.
1693 5510 1830 5561 codd.
1849 5510 1969 5563 fecit

461 5596 462 5603 η
483 5588 576 5629 eta.

400 5580 576 5630 Hilela.

460 5641 534 5704 (2)
569 5641 703 5690 Haud
726 5639 847 5688 satis
869 5633 1053 5699 placet,
1072 5632 1208 5704 quod
1229 5631 1323 5681 alio
1348 5644 1497 5704 sensti
1519 5633 1801 5704 rescribere
1839 5634 1961 5704 Gra-

401 5694 697 5757 vius'maluit
718 5713 782 5749 ex
807 5694 904 5747 uno
929 5696 1084 5746 veteri
1100 5694 1215 5759 eod.
1248 5694 1375 5755 quod
1408 5701 1635 5759 ﬁgyptus
1676 5701 1722 5746 et
1759 5696 1966 5748 Parthus

401 5756 683 5828 agnoverant
707 5777 720 5813 :
742 5773 856 5814 aere
876 5758 1004 5825 quod
1027 5756 1260 5820 scriptum
1278 5761 1367 5819 est,
1393 5762 1489 5806 etc.

1656 329 1983 386 EPISTULA
2022 329 2306 387 LXXVIII.

3500 342 3604 397 698

2040 443 2168 496 tium
2197 451 2418 510 turmas,
2462 455 2515 498 et
2539 448 2845 501 catervatim
2880 449 2930 503 in
2959 450 3198 520 exequiis
3225 451 3340 521 ejus
3370 424 3610 508 multitu-

2036 534 2215 588 dinem
2238 533 2615 590 conlluentem.
2662 536 2775 590 Non
2819 540 3025 607 plateae,
3067 557 3170 596 non
3206 543 3459 611 porticus,
3499 557 3607 598 non

2038 625 2366 680 imminentia
2411 627 2642 696 desuper
2687 637 2822 702 tecta
2858 645 3049 699 capere
3095 642 3338 700 poterant
3382 647 3611 704 prOSpe-

2039 725 2263 770 ctantes.
2309 716 2459 770 Tunc
2488 731 2613 770 suos
2654 718 2705 770 in
2747 733 2905 770 unum
2939 721 3158 787 populos
3187 721 3355 775 Roma
3394 737 3612 791 conspe-

2039 806 2117 858 xit
2148 823 2162 859 :
2194 804 2444 858 favebant
2481 805 2583 860 sibi
2612 821 2798 859 omnes
2839 805 2892 860 in
2937 808 3103 875 gloria
3137 810 3465 876 paenitentis.
3499 810 3612 864 Nec

2040 899 2232 952 mirum
2260 899 2304 953 si
2330 898 2395 953 de
2421 900 2534 967 ejus
2561 900 2731 953 salute
2756 899 3000 954 homines
3023 901 3342 965 exultarent.
3367 901 3437 957 de
3456 901 3610 971 cujus

2041 992 2390 1059 conversione
2417 992 2603 1061 Angeli
2633 991 2948 1046 lmtabantur
2973 992 3024 1045 in
3053 993 3209 1047 coelo.

2115 1082 2202 1136 12.
2244 1080 2358 1135 Hoc
2385 1081 2498 1145 tibi,
2528 1081 2743 1135 Fabiola
2774 1080 2868 1153 [aL
2896 1083 2964 1134 uti
2990 1080 3252 1153 Fabiola].
3283 1082 3480 1151 ingenii
3512 1082 3617 1137 mei

2042 1173 2211 1226 senile
2237 1186 2449 1237 munus,
2483 1170 2577 1225 has
2605 1172 2900 1227 oflieiorum
2948 1172 3163 1227 inferias
3185 1172 3328 1228 dedi.
3360 1173 3619 1228 Laudavi-

2045 1276 2163 1316 mus
2206 1277 2349 1329 sa‘pe
2391 1261 2641 1331 virgines,
2684 1263 2889 1322 viduas.
2943 1278 3006 1318 ac
3053 1263 3349 1327 maritatas,
3396 1279 3617 1331 quarum

2045 1368 2256 1422 semper
2285 1352 2432 1408 fuere
2470 1354 2695 1408 candida
2742 1359 3078 1417 vestimenta,
3123 1373 3239 1423 qua:
3271 1373 3289 1405 ι
3327 1364 3622 1423 Sequuntur

2046 1447 2254 1515 Agnutn
2284 1461 2620 1514 quocumque
2670 1446 2842 1500 vadit:
2872 1446 3054 1515 (Apoc.
3082 1447 3165 1499 14.
3190 1447 3266 1511 4).
3294 1444 3443 1499 Felix
3473 1460 3624 1511 prte—

2047 1539 2285 1602 conium,
2309 1535 2450 1603 quod
2481 1538 2622 1590 nulla
2651 1538 2811 1590 totius
2836 1538 2956 1591 vita:
2978 1539 3135 1591 $0de
3171 1535 3331 1608 467
3388 1537 3623 1590 mat-ula-

2049 1634 2152 1679 tur.
2184 1625 2379 1680 Procul
2418 1625 2553 1679 livor
2581 1666 2596 1691 ,
2630 1626 2852 1680 facessat
2913 1626 3134 1680 invidia.
3169 1627 3221 1680 SI
3255 1625 3625 1694 paterfamilias

2051 1718 2223 1771 bonus
2247 1724 2350 1782 est,
2378 1732 2542 1787 quare
2568 1718 2754 1771 oculus
2776 1724 2957 1770 noster
2974 1717 3143 1771 malus
3168 1716 3289 1770 est?
3324 1717 3455 1783 Quae
3486 1716 3623 1769 inci-

2051 1810 2201 1864 derat
2229 1810 2281 1864 in
2313 1810 2564 1873 latrones,
2593 1807 2787 1863 Christi
2820 1810 3057 1863 humeris
3078 1817 3345 1878 reportata
3368 1817 3447 1861 est
3472 1805 3619 1879 (Luc.

2055 1902 2165 1971 10).
2191 1901 2368 1956 Multa:
2396 1904 2700 1955 mansiones
2729 1911 2854 1955 sunt
2880 1900 3020 1971 apud
3052 1901 3260 1954 Patrem
3301 1899 3478 1970 (Joan.
3510 1898 3624 1969 H).

2054 1992 2159 2048 Ubi
2226 1993 2514 2046 abundavit
2568 2003 2881 2059 peccatum,
2936 1991 3382 2061 superabundavit
3458 1990 3628 2059 gratia

2057 2081 2231 2152 (Rom.
2257 2079 2332 2152 5).
2363 2081 2457 2135 Cui
2490 2082 2607 2151 plus
2631 2081 2932 2147 dimittitur,
2963 2082 3082 2151 plus
3108 2091 3249 2134 amat
3279 2080 3426 2152 (Luc.
3455 2077 3533 2150 7).

2462 2214 2788 2269 EPISTULA
2829 2213 3088 2270 LXXVIII
3127 2213 3223 2285 (c).

2304 2342 2398 2381 εει]
2438 2344 2587 2381 LIBER
2625 2342 2951 2383 EXEGETICUS
2989 2343 3057 2382 AD
3095 2342 3373 2383 FABIOLAH.

2203 2442 2278 2497 De
2305 2459 2409 2497 χιιι
2435 2443 2772 2497 mansionibus
2801 2442 3148 2497 Israelitarum
3176 2445 3229 2496 in
3254 2444 3467 2497 deserto.

2066 2557 2340 2627 Postquam
2367 2573 2591 2627 egressus
2623 2520 2948 2609 Heb’rteorum
2985 2573 3047 2611 ex
3072 2556 3293 2627 Egypto,
3331 2566 3379 2611 et
3405 2557 3635 2612 diuturni

2132 2654 2324 2707 itineris
2364 2653 2623 2706 historiam
2668 2652 2997 2720 spiritualiter
3027 2649 3404 2721 intelligendam
3443 2649 3632 2715 docuit,

2134 2744 2455 2797 Mansionum
2490 2742 2712 2796 ordinem
2750 2741 3082 2812 prosequitur,
3116 2741 3367 2811 singulatn
3390 2754 3639 2809 quamque

2124 2836 2277 2907 juxta
2303 2835 2635 2904 tropologiam
2664 2848 2917 2902 exponens
2940 2848 2959 2895 ;
2996 2832 3256 2901 redditque
3283 2831 3353 2884 ita
3387 2829 3643 2884 memoriae

2137 2926 2365 2982 Fabiola
2388 2943 2534 2997 opus,
2563 2925 2697 2996 quod
2722 2926 2767 2979 ei
2786 2924 2965 2978 viventi
2989 2927 3306 2993 promiserat.

2108 3040 2188 3095 ..1.
2230 3038 2287 3093 ιιι
2326 3036 2983 3108 εεριιιειεεεὶιιιο·ερριίηιο
3021 3034 3253 3096 Psalmo,
3299 3048 3457 3102 quem
3490 3033 3647 3103 juxta

2067 3131 2456 3200 Evangelistam
2491 3128 2796 3185 Matthmum
2826 3125 2978 3199 (Cap.
3011 3127 3100 3182 15.
3129 3143 3176 3181 υ.
3201 3125 3292 3196 55)
3324 3142 3391 3181 ex
3415 3139 3645 3195 persona

2068 3224 2277 3281 Domini
2306 3223 2503 3278 dictum
2544 3221 2832 3285 credimus,
2876 3219 3062 3274 decem
3094 3219 3365 3288 plagarum
3394 3219 3447 3272 in
3479 3216 3647 3290 Egy-

2068 3326 2180 3386 pto,
2227 3326 2281 3371 et
2321 3314 2642 3386 egressionis
2688 3313 2846 3369 Israel
2888 3313 2945 3366 in
2989 3311 3350 3376 solitudinem.
3399 3321 3648 3367 narratur

2069 3409 2311 3464 historia.
2356 3407 2597 3477 Cumque
2646 3405 2773 3459 nulli
2801 3403 3019 3459 dubiqu
3061 3403 3151 3467 sit,
3195 3401 3328 3457 facta
3368 3417 3489 3458 esse
3526 3416 3647 3471 qua:

2069 3500 2264 3569 scripta
2299 3504 2444 3562 sunt,
2475 3495 2625 3564 quasi
2647 3492 2789 3547 aliud
2831 3493 3003 3547 littera
3045 3500 3217 3554 sonet,
3257 3490 3401 3544 aliud
3430 3490 3647 3559 spiritus

2068 3592 2305 3648 clausum
2352 3596 2528 3642 teneat
2560 3603 2572 3638 :
2610 3603 2631 3636 ι
2663 3584 2937 3653 Aperiam,
2973 3601 2993 3634 ι
3025 3583 3215 3651 inquit,
3250 3600 3269 3632 ι
3299 3582 3351 3634 in
3400 3580 3646 3649 parabola

2070 3698 2132 3739 os
2171 3696 2351 3737 meum
2387 3697 2401 3734 ;
2446 3680 2632 3748 loquar
2669 3675 3060 3747 propositiones
3098 3673 3167 3727 ab
3215 3672 3389 3726 initio.
3440 3672 3647 3737 Quanta

2071 3772 2368 3827 audivimus
2391 3777 2447 3824 et
2470 3767 2718 3831 vidimus,
2740 3779 2801 3819 ea
2827 3772 2881 3818 et
2905 3771 3084 3833 patres
3108 3762 3276 3815 nostri
3300 3771 3650 3816 narraverunt

2072 3866 2227 3923 nobis
2255 3882 2274 3916 ι
2311 3861 2432 3933 (Ps.
2481 3860 2568 3914 77.
2614 3857 2668 3912 2.
2700 3866 2746 3911 et
2774 3856 2855 3925 5).
2879 3852 3030 3910 Unde
3056 3860 3111 3908 et
3140 3852 3426 3922 Apostolus
3461 3849 3649 3907 iisdem

2073 3955 2269 4019 verbis,
2310 3952 2432 4023 quia
2474 3948 2661 4005 eodem
2692 3954 2747 4002 et
2789 3945 2977 4015 spiritu
3006 3962 3020 3999 :
3054 3962 3074 3996 ι
3102 3943 3228 3999 Haec
3268 3950 3467 4004 autem.
3498 3960 3518 3993 ι
3551 3942 3647 4007 ait,

2080 4069 2099 4105 ι
2131 4048 2307 4104 omnia
2338 4046 2389 4099 iu
2417 4043 2582 4114 ligura
2602 4037 2980 4109 contingebant
3008 4035 3113 4091 illis
3141 4053 3155 4090 :
3185 4035 3380 4104 scripta
3409 4042 3650 4089 suntsu-

2077 4153 2181 4197 tem
2210 4138 2277 4193 ad
2307 4137 2384 4209 (d)
2417 4132 2886 4191 commonitionem
2926 4136 3187 4194 nostram,
3239 4127 3291 4180 in
3338 4140 3472 4194 quos
3518 4125 3652 4178 I‘mes

2075 4230 2394 4288 smculorum
2423 4225 2753 4282 devenerunt
2780 4240 2801 4275 ›
2829 4222 2907 4292 (1.
2935 4218 3052 4275 Cor.
3085 4218 3173 4274 10.
3210 4214 3296 4289 11)
3323 4235 3334 4271 :
3362 4216 3452 4283 Et,
3476 4235 3494 4267 ι
3517 4214 3653 4269 Nolo

2076 4337 2170 4378 vos
2214 4322 2477 4391 ignorare,
2504 4317 2715 4382 fratres,
2760 4313 3011 4385 quoniam
3052 4320 3231 4381 patres
3268 4309 3437 4364 nostri
3467 4320 3652 4361 omnes

2076 4415 2176 4472 sub
2202 4412 2344 4469 nube
2369 4411 2600 4472 fuerunt,
2622 4417 2677 4461 et
2702 4419 2890 4460 omnes
2915 4418 3061 4458 mare
3086 4401 3426 4464 transierunt,
3457 4406 3510 4451 et
3530 4412 3650 4451 om-

2077 4520 2175 4562 nes
2200 4504 2253 4559 in
2283 4503 2465 4573 Moyse
2506 4497 2753 4568 baptizati
2782 4503 2926 4559 sunt,
2960 4494 3011 4546 in
3044 4491 3182 4545 nube
3211 4499 3266 4544 et
3305 4489 3357 4542 in
3393 4487 3525 4542 mari
3554 4506 3567 4543 :
3599 4497 3657 4544 et

2077 4609 2264 4651 omnes
2305 4590 2548 4647 eamdem
2577 4601 2753 4641 escam
2802 4583 3131 4654 spiritualem
3176 4579 3689 4648 manducaverunt,‘

2076 4694 2131 4741 et
2155 4696 2342 4738 omnes
2367 4678 2615 4735 eumdem
2644 4684 2824 4745 potum
2852 4673 3183 4744 spiritualem
3210 4670 3473 4725 biberunt.
3500 4668 3656 4724 Bibe-

2078 4775 2207 4829 hant
2237 4780 2411 4827 autem
2450 4768 2517 4823 de
2543 4766 2804 4837 spirituali
2834 4773 3194 4833 consequente
3223 4778 3317 4818 eos
3345 4772 3533 4833 petra:
3563 4777 3658 4831 pe.

2079 4873 2159 4918 tra
2184 4872 2361 4918 autem
2386 4869 2501 4914 erat
2522 4857 2767 4912 Christus
2800 4874 2820 4909 ›
2855 4853 3098 4925 (Ibidem.
3118 4855 3143 4910 1
3166 4864 3210 4909 et
3235 4852 3421 4926 seqq).
3448 4853 3505 4908 Si
3528 4868 3657 4924 ergo

2079 4968 2204 5025 pars
2232 4949 2468 5007 historia:
2496 4948 2700 5003 itineris
2727 4962 2793 5003 ex
2819 4946 3051 5018 Atlgypto
3077 4942 3422 5015 spiritualiter
3462 4945 3660 5016 accipi-

2081 5055 2186 5111 tnr,
2215 5053 2268 5100 et
2304 5052 2519 5103 caetera.
2549 5054 2666 5110 qua:
2706 5039 2774 5093 ab
2817 5039 3073 5108 Apostolo
3121 5052 3220 5109 pro
3246 5038 3488 5108 angustia
3516 5045 3657 5091 tem-

2080 5137 2225 5208 poris
2270 5132 2624 5205 prmtermissa
2662 5141 2804 5197 sunt,
2848 5129 3087 5200 ejusdem
3134 5142 3255 5184 esse
3292 5127 3659 5198 intelligentia:

2078 5228 2482 5284 convincentur.
2522 5222 2654 5278 Nam
2696 5222 2832 5277 idem
2862 5221 3146 5292 Propheta,
3188 5222 3278 5291 qui
3319 5221 3371 5276 in
3401 5219 3510 5274 alio
3539 5219 3661 5273 loco

2161 5385 2210 5437 ci
2244 5381 2374 5433 Alias
2397 5381 2504 5432 127.
2532 5379 2670 5431 Edita
2692 5382 3090 5437 eodemtempore
3104 5390 3197 5437 quo
3214 5375 3461 5437 superior.

2202 5433 2220 5509 )
2252 5446 2395 5496 Hunc
2416 5443 2684 5509 locum_ubi
2711 5441 2922 5509 legimus
2942 5433 3087 5503 supra
3114 5433 3255 5509 epist.
3273 5433 3359 5485 ‘74.
3380 5435 3447 5509 ad
3477 5433 3655 5509 Ballio.

2079 5524 2128 5559 n.
2147 5499 2215 5558 Ξ(
2227 5520 2314 5571 pro
2338 5508 2515 5571 verbis
2532 5503 2596 5553 ad
2631 5499 3069 5571 commonitionem,
3094 5499 3553 5571 vetcorreptionent
3575 5507 3660 5571 no~

2077 5554 2272 5630 illam:
2294 5554 2631 5630 expressimus
2653 5578 2682 5613 e
2710 5565 2824 5614 Mss.
2845 5566 2907 5630 de
2929 5554 3229 5630 nobiédleic
3249 5554 3414 5630 autem
3438 5554 3539 5630 loci.
3558 5569 3659 5630 pou

2080 5617 2260 5682 eadem,
2289 5617 2517 5679 consonat
2541 5627 2654 5676 Mss.
2690 5626 2969 5674 auctoritas.
3002 5621 3062 5669 Et
3091 5617 3424 5682 'l‘ertullianus
3459 5617 3661 5680 quidem

2079 5678 2251 5743 iam;
2268 5678 2631 5741 cotnnwnendos
2654 5686 2793 5746 legit,
2818 5691 2965 5746 atque
2989 5682 3160 5746 ipsein
3178 5678 3350 5746 praeco
3375 5686 3452 5729 est
3472 5678 3559 5743 ἱερός
3578 5706 3638 5731 νου

2086 5740 2214 5811 iter;
2340 5762 2452 5813 qua:
2475 5748 2618 5799 tidem
2642 5740 2897 5811 impressae
2912 5740 3109 5795 lectioni
3132 5740 3397 5792 adstruaut.
