4106 6340
504 420 720 478 dixerat
750 437 764 475 ε
793 438 814 473 ι
847 418 1088 475 Habitavi
1134 431 1255 471 cum
1295 415 1656 473 habitantibus
1693 415 1867 472 Cedar
1907 436 1920 474 :
1951 416 2088 472 mul-

505 522 623 569 tum
648 513 818 569 incola
843 513 935 567 fuit
953 512 1128 567 anima
1151 525 1268 566 mea
1305 530 1324 563 ›
1352 509 1473 582 (Ps.
1503 511 1624 568 119.
1657 511 1712 582 5)
1747 528 1760 565 :
1788 510 2083 566 absentiam

505 603 689 658 Terrae
715 612 915 658 sanetae
959 618 1065 656 non
1129 599 1295 674 568
1353 603 1643 669 sustinens,
1669 601 2087 674 lacrymabiliter

505 691 828 761 ingemiscit,
852 703 906 748 et
933 693 1063 748 dicit
1091 711 1104 747 :
1139 711 1158 743 ι
1197 694 1321 748 ll:rc
1346 693 1658 748 recordatus
1680 709 1821 758 sum,
1849 702 1902 747 et
1923 692 2086 748 ell‘udi

503 785 558 838 in
593 800 679 840 me
708 785 937 841 animam
965 801 1136 839 meam
1173 807 1186 842 :
1218 784 1389 840 donec
1417 793 1682 840 transeam
1713 786 1764 839 in
1796 785 1970 840 locum
2003 796 2085 838 ta-

502 875 775 930 bernaculi
799 876 1142 940 admirabilis,
1176 893 1343 948 usque
1369 877 1434 932 ad
1455 877 1670 932 domum
1703 877 1794 931 Dei
1829 897 1843 931 :
1877 879 1927 931 in
1955 893 2085 933 voce

501 968 882 1023 exsultationis
924 978 978 1024 et
1025 969 1399 1031 confessionis,
1432 985 1598 1024 sonus
1622 969 1888 1038 epulantis
1915 990 1933 1022 ι
1962 967 2080 1041 (Ps.

501 1057 592 1112 41.
626 1059 706 1126 5).
763 1058 832 1112 Ει
873 1061 924 1113 in
969 1060 1077 1113 alio
1106 1060 1361 1114 Psalmo:
1397 1078 1416 1112 ε
1453 1059 1653 1115 Revela
1691 1062 1878 1116 oculos
1909 1074 2080 1129 meos,

499 1159 556 1205 et
579 1152 934 1207 considerabo
963 1153 1223 1207 mirabilia
1254 1152 1320 1208 de
1349 1153 1468 1222 lege
1495 1163 1581 1208 tua
1613 1173 1631 1205 ι
1663 1153 1780 1222 (Ps.
1809 1154 1930 1209 118.
1965 1155 2079 1224 18).

497 1242 695 1298 Paulus
725 1259 956 1316 quoque,
989 1263 1010 1297 ε
1041 1244 1148 1300 Lex
1185 1245 1476 1314 spiritualis
1503 1255 1629 1301 est»
1667 1247 1844 1319 (liam.
1869 1249 1920 1301 7.
1949 1247 2036 1318 11)
2063 1267 2077 1304 :

498 1335 570 1391 Et
597 1337 709 1406 ipse
738 1338 1010 1404 Dominus,
1041 1359 1060 1392 ‹
1090 1339 1146 1395 Si
1175 1340 1466 1397 crederetis
1493 1341 1680 1414 Moysi,
1712 1353 1766 1398 et
1807 1345 1936 1398 mihi
1967 1360 2082 1400 cre-

497 1427 701 1484 deretis
727 1447 743 1484 :
776 1430 844 1485 de
872 1446 958 1486 me
985 1433 1126 1486 enim
1155 1433 1245 1488 ille
1270 1433 1484 1502 scripsit
1512 1451 1531 1486 ι
1571 1433 1750 1505 (Joan.
1791 1436 1844 1490 5.
1874 1437 1985 1504 47).
2018 1438 2082 1492 Et

499 1520 847 1592 Evangelium
894 1524 1186 1580 secundum
1234 1525 1435 1581 Lucam
1467 1544 1480 1581 :
1516 1545 1534 1579 ‹
1569 1527 1720 1583 Tunc
1761 1528 2020 1598 incipiens
2049 1544 2078 1582 a

499 1615 702 1687 Moyse,
734 1627 786 1671 et
815 1617 1063 1672 omnibus
1086 1616 1391 1688 Prophetis,
1418 1619 1868 1687 interpretabatur
1896 1620 2000 1675 illis
2026 1621 2078 1675 in

496 1706 704 1759 cunctis
733 1705 1043 1775 Scriptnris,
1071 1723 1190 1776 qum
1219 1709 1286 1764 de
1314 1724 1373 1764 se
1399 1709 1515 1778 ipso
1541 1709 1678 1765 dicta
1696 1719 1852 1764 erant
1879 1731 1897 1763 ι
1922 1710 2077 1780 (Luc.

493 1795 585 1851 24.
626 1796 741 1868 27).
790 1796 957 1868 Igitur
993 1797 1163 1854 Judzei
1191 1800 1420 1870 parvuli,
1454 1801 1612 1871 etqui
1643 1801 1872 1856 solidum
1899 1802 2076 1858 cibum

493 1889 690 1960 glutire
720 1880 1012 1962 nequeunt,
1053 1892 1146 1947 sed
1175 1892 1347 1946 adhuc
1382 1893 1519 1948 lacte
1569 1895 1875 1949 nutriuntur
1901 1881 2078 1950 infan-

494 1984 583 2038 tite
609 1984 685 2054 (1.
718 1983 837 2039 Cor.
868 1985 950 2052 ὅ),
992 1985 1170 2054 legant
1190 1984 1522 2039 Pharaonem
1550 2000 1824 2050 carneum,
1851 1995 1907 2040 et
1930 2002 2078 2043 mare

493 2073 756 2143 Rubrum,
802 2095 897 2147 per
935 2078 1077 2147 quod
1123 2078 1189 2132 ad
1222 2077 1423 2132 Indiam
1455 2080 1733 2149 navigatur
1765 2089 1860 2134 :et
1885 2079 2074 2133 Manna

490 2168 778 2225 coriandro
805 2170 981 2226 simile
1007 2189 1020 2223 :
1043 2179 1098 2226 et
1123 2172 1300 2225 omnia
1329 2187 1444 2241 quae
1463 2173 1658 2240 scripta
1687 2182 1829 2237 sunt,
1857 2173 2076 2228 audiant

489 2260 867 2328 corporaliter,
899 2263 1100 2332 lepram
1130 2262 1434 2327 domorum,
1476 2272 1531 2320 et
1570 2264 1772 2332 Iepram
1808 2263 1976 2333 pellis,
2022 2272 2078 2320 et

488 2351 772 2416 staminis;
805 2361 1015 2407 taurum
1067 2352 1386 2408 homicidam
1419 2394 1436 2419 ,
1485 2363 1538 2408 et
1568 2353 1868 2425 jumentnm
1917 2354 2074 2409 adul-

495 2441 615 2495 terii
655 2458 839 2507 reum;
879 2451 935 2497 et
988 2443 1194 2498 Ilebrmi
1237 2453 1456 2514 propter
1509 2459 1730 2498 usorem
1775 2460 1838 2500 ac
1877 2445 2075 2500 liberos

487 2533 692 2587 servire
723 2533 800 2603 (a)
831 2534 1114 2602 cupientis,
1147 2550 1333 2589 aurem
1362 2537 1549 2590 nbula
1584 2537 1923 2606 perforatam.
1964 2537 2073 2592 Nos

486 2631 665 2678 autem
693 2624 1126 2694 derelinquentes
1154 2623 1548 2694 Capharnaum,
1595 2644 1774 2697 agrum
1802 2627 2071 2696 quondam

489 2716 905 2785 pulcherrimum.
941 2725 1138 2772 etcum
1167 2717 1291 2772 Jesu
1323 2719 1658 2788 egredientes
1689 2721 1739 2774 in
1777 2721 2070 2786 desertum,

486 2821 775 2876 pascamur
801 2809 1025 2877 panibus
1061 2808 1176 2878 ejus
1207 2809 1417 2882 (Matth.
1463 2812 1567 2873 M;
1602 2822 1647 2864 et
1698 2811 1862 2868 Marc.
1889 2813 1952 2879 6)
1982 2831 1995 2868 :
2025 2815 2069 2869 si

487 2898 802 2969 insipientes
847 2915 1032 2956 smnus
1072 2911 1125 2956 et
1161 2901 1526 2970 jumentorum
1575 2905 1800 2969 similes,
1844 2904 2073 2961 hordea-

485 2993 596 3046 ceis
625 3008 640 3046 :
671 2991 752 3044 sin
785 2992 1044 3046 rationale
1073 2993 1290 3060 animal,
1323 2995 1566 3060 triticeis,
1591 3007 1643 3050 et
1671 3012 1738 3051 ex
1767 3013 1935 3068 grano
1961 2997 2071 3053 fru-

485 3083 651 3136 menti
681 3084 1004 3138 comtnolitis
1034 3101 1047 3137 :
1078 3085 1218 3154 quod
1269 3086 1323 3140 in
1368 3081 1563 3141 torram
1593 3087 1792 3143 cadens
1831 3099 1884 3144 et
1928 3105 2071 3144 mor-

486 3184 636 3228 tuum
685 3176 883 3231 multos
923 3177 1122 3233 fructus
1151 3179 1346 3233 attulit.
1385 3179 1586 3234 Novem
1618 3182 1786 3251 plagis
1819 3197 2068 3252 percussa

488 3273 573 3320 cst
597 3265 882 3336 Egyptns,
916 3269 1113 3324 fractus
1145 3270 1370 3335 Pharao,
1405 3279 1463 3325 ut
1491 3271 1785 3328 dimitteret
1816 3275 2070 3344 populum

485 3355 602 3410 Dei.
633 3357 714 3411 Ad
745 3368 1045 3412 estremum
1079 3361 1428 3430 primogenita
1471 3362 1723 3432 perdidit,
1766 3373 1824 3418 ut
1865 3366 2069 3435 primo-

484 3446 660 3516 genita
693 3449 905 3502 lsraelis
934 3449 1161 3504 Domino
1182 3462 1544 3507 sacrarentur.
1579 3454 1677 3522 Qui
1711 3455 1856 3524 prius
1888 3464 2070 3512 tenere

484 3541 792 3609 cupiebant,
822 3541 1082 3596 instanter
1108 3543 1402 3612 expellunt.
1431 3544 1829 3601 Exterminator
1855 3549 2066 3613 transit,

480 3643 535 3688 et
562 3642 758 3689 terram
783 3633 984 3690 Gessen
1011 3636 1330 3706 pastoralem
1358 3647 1410 3692 et
1433 3638 1622 3707 pluviis
1645 3640 1936 3710 irrigatam,
1963 3656 2066 3695 non

482 3723 642 3780 audet
693 3726 957 3795 attingere
1003 3746 1018 3782 :
1063 3737 1219 3782 erant
1271 3730 1413 3784 enim
1464 3741 1648 3800 postes
1705 3747 1890 3787 eorum
1945 3733 2066 3803 agni

479 3831 671 3872 cruore
708 3819 940 3889 signati,
992 3829 1048 3875 et
1088 3836 1251 3892 opere
1291 3822 1688 3892 loquebantur:
1729 3843 1746 3875 ι
1785 3824 2062 3895 Signatum

478 3917 564 3964 est
587 3923 750 3981 super
780 3926 876 3966 nos
906 3912 1084 3967 lumen
1112 3913 1286 3968 vultus
1311 3918 1405 3980 tui,
1433 3915 1655 3970 Domine
1695 3935 1712 3969 ι
1750 3914 1866 3988 (Ps.
1897 3919 1952 3972 4.
1981 3915 2058 3988 7).

482 3999 634 4057 Unde
659 4012 713 4057 et
735 4003 1033 4073 appellatur
1061 4005 1174 4074 ipsa
1204 4007 1517 4061 solemnitas
1547 4005 1735 4072 Pliase,
1775 4023 1934 4079 quam
1968 4023 2066 4063 nos

481 4096 748 4149 transitum
777 4096 1046 4166 appellare
1089 4112 1391 4167 possumus,
1424 4113 1490 4153 eo
1515 4101 1656 4168 quod
1686 4099 1753 4155 de
1794 4101 2066 4170 peioribus

479 4184 546 4238 ad
591 4186 813 4240 meliora
846 4199 1148 4257 pergentes,
1191 4190 1530 4244 tenebrosam
1582 4190 1873 4262 Egyptum
1904 4193 2068 4248 relin-

480 4277 716 4346 quimus.
749 4277 856 4334 Sed
881 4280 992 4348 jam
1022 4288 1230 4350 tempus
1257 4292 1360 4348 est,
1405 4290 1461 4335 ut
1493 4283 1752 4351 promissa
1783 4285 2064 4355 complen-
2105 4283 2111 4286 ’

479 4378 580 4437 tes,
620 4370 954 4426 Mansionum
982 4371 1142 4427 Israel
1172 4372 1414 4428 ordinem
1445 4389 1848 4445 prosequamur.

549 4462 604 4515 2.
646 4464 914 4532 Scriptum
945 4473 1027 4519 est
1055 4465 1109 4518 in
1149 4465 1332 4519 ultima
1375 4476 1524 4534 parte
1551 4467 1836 4521 voluminis
1863 4467 2062 4525 Nume-

477 4568 658 4609 rorum
711 4555 863 4626 (Cap.
913 4558 1030 4626 '53).
1083 4557 1228 4628 quod
1274 4557 1413 4626 apud
1469 4557 1722 4612 Hebrznos
1765 4558 2066 4627 appellatur

477 4662 813 4702 vusnnnen
843 4665 856 4700 :
895 4669 913 4700 ‹
949 4649 1074 4705 Haec
1111 4661 1237 4706 sunt
1265 4661 1440 4706 castra
1488 4650 1714 4705 filiorum
1759 4651 1942 4715 Israel,
1972 4652 2064 4724 qui

481 4738 684 4807 egressi
712 4747 836 4791 sunt
885 4739 1048 4811 469
1084 4741 1151 4795 de
1172 4752 1311 4796 terra
1339 4741 1556 4813 Egypti
1584 4757 1678 4811 per
1709 4752 1909 4798 turmas
1939 4758 2064 4800 suas

482 4828 536 4882 in
571 4843 728 4882 manu
755 4827 917 4896 Moysi
948 4841 1002 4884 et
1054 4835 1265 4898 Aaron;
1302 4852 1320 4885 ι
1351 4849 1484 4903 quas
1535 4833 1705 4889 Grmci
1733 4834 1807 4906 (b)
1837 4839 2064 4907 ἀπάρσιις

477 4929 692 4988 vocant,
739 4937 837 4976 nos
877 4933 1095 4994 prapter
1122 4926 1314 4998 lingua:
1345 4929 1726 4998 proprietatem
1755 4931 2062 5000 significan-

481 5012 586 5067 tius
627 5011 941 5079 Mansiones,
974 5015 1091 5070 sive
1136 5017 1257 5086 quia
1288 5016 1357 5072 de
1385 5019 1620 5072 exercitu
1650 5019 1864 5086 dicitur,
1895 5031 2064 5075 castra

547 5145 621 5208 (a)
655 5144 970 5210 Vetustiores
1004 5147 1122 5196 editi
1157 5161 1266 5196 cum
1303 5148 1591 5210 quibusdam
1625 5149 1740 5210 Mss.
1765 5151 1946 5202 servire
1975 5167 2061 5203 cu-

477 5207 658 5318 pientes
681 5222 800 5258 aure
823 5207 1012 5259 sibilent
1049 5207 1489 5273 perforataXPorro
1516 5209 1856 5271 Capltamaum
1879 5217 2062 5286 optime

513 5271 591 5318 eic
613 5283 787 5318 uarum
820 5269 1203 5318 pulcherrimum
1227 5272 1595 5318 interpretatur-
1622 5271 1739 5318 licet
1773 5288 1835 5318 ex
1860 5276 1953 5318 alia
1988 5277 2060 5318 In-

513 5271 591 5335 eic
613 5283 787 5335 agrum
820 5269 1203 5335 pulcherrimum
1227 5269 1596 5335 interpretatur.
1622 5271 1739 5335 licet
1773 5288 1837 5325 ex
1860 5269 1954 5325 alia
1987 5277 2060 5328 le-

477 5333 649 5395 ctione
669 5333 717 5383 in
744 5333 866 5382 libro
884 5333 1140 5395 Nominum
1165 5334 1231 5382 sit
1252 5333 1370 5395 ager
1386 5334 1730 5385 aemulationis.

540 5394 613 5458 (ὁ)
649 5395 732 5446 Sic
750 5403 922 5458 vocant
938 5393 1080 5443 LXX.
1101 5393 1294 5458 dﬂigam,
1313 5395 1356 5443 id
1375 5403 1453 5445 est
1471 5396 1803 5457 profectiones
1817 5407 1869 5450 et
1883 5401 2064 5452 disces

475 5469 568 5522 sus!
582 5458 644 5507 ab
664 5470 754 5522 ιῖρω
771 5457 926 5522 Grtec.
946 5458 1179 5522 themate,
1201 5457 1315 5515 dum
1335 5460 1462 5522 enim
1483 5467 1636 5522 castra
1661 5470 1936 5520 moventur,
1955 5469 2062 5512 ten-

478 5520 629 5573 toria,
671 5518 722 5570 et
763 5519 968 5582 reliqua:
1010 5518 1263 5582 exercitus
1290 5520 1500 5582 sarcina:
1538 5519 1790 5570 tolluntur.
1836 5518 2063 5574 Raliauus

479 5585 662 5640 tamen,
684 5595 835 5644 quem
860 5580 1073 5630 omnium
1097 5580 1452 5644 studiosissime
1477 5581 1654 5632 fecisse
1677 5592 1880 5644 constat,
1909 5592 1961 5634 ut
1985 5585 2060 5633 in-

475 5649 657 5708 gentes
679 5641 879 5708 lacinias
900 5656 927 5691 a
950 5651 1117 5708 nostro
1148 5641 1362 5708 Auctore
1393 5643 1678 5708 desumptas
1701 5645 1750 5693 in
1772 5641 2060 5708 sua'scripta

476 5704 783 5763 transferret,
808 5705 1113 5770 huncglocum
1139 5706 1456 5770 exscribens,
1481 5704 1584 5758 non
1601 5719 1771 5770 ἀκάμας
1796 5705 1945 5770 legit,
1972 5704 2060 5758 Sed

477 5774 650 5827 ξιιμ-ἀς
669 5780 779 5818 sive
801 5767 1098 5833 mansiones,
1123 5769 1476 5834 stationesque.

1813 296 2054 355 SANCTI
2093 292 2474 354 HIERONYHI

3673 307 3776 364 700

2199 412 2584 469 transtulimus.
2607 413 2694 470 Fit
2713 423 2890 473 autem
2911 419 3186 492 catalogus
3201 420 3532 479 Hansionum
3555 439 3584 478 a
3605 427 3772 494 prima

2195 519 2364 576 usque
2388 505 2456 560 ad
2481 505 2724 562 ultimam
2748 524 2763 575 ;
2787 517 2842 564 et
2867 521 3216 568 numerantur
3236 514 3398 570 simul
3419 515 3774 586 quadraginta

2193 595 2334 662 duae,
2363 598 2430 654 de
2459 600 2651 669 quibus
2692 601 2968 658 Mattheus
3006 604 3283 674 loquitur:
3321 624 3342 659 ι
3377 607 3462 662 Ab
3504 608 3776 666 Abraham

2193 703 2362 758 usque
2405 687 2473 744 ad
2521 690 2685 746 David
2731 694 3102 763 generationes
3146 696 3554 766 quatuordecim
3581 739 3596 765 ,
3647 708 3702 754 et
3741 715 3773 756 a

2194 780 2356 836 David
2385 798 2552 853 usque
2579 782 2644 838 ad
2673 787 3200 857 transmigrationem
3235 787 3519 859 Babylonis
3547 807 3772 860 genera-

2187 871 2364 928 tiones
2392 875 2796 944 qnatnordecim
2825 893 2839 931 :
2866 887 2921 934 et
2963 893 2991 931 a
3047 879 3513 950 transmigratione
3542 882 3773 956 Babylo-

2191 963 2274 1018 nis
2304 979 2474 1032 usque
2502 968 2569 1020 ad
2600 968 2870 1023 Christum
2913 973 3290 1040 generationes
3345 976 3770 1044 quatuordecim,

2191 1053 2241 1108 id
2272 1064 2373 1120 est,
2404 1058 2562 1113 simul
2591 1061 2962 1128 generationes
2993 1062 3341 1132 quadraginta
3359 1063 3481 1118 dum
3506 1083 3527 1118 ι
3556 1066 3769 1135 (Matth.

2192 1147 2242 1202 1.
2299 1148 2412 1217 17).
2466 1149 2569 1204 Per
2609 1150 2704 1204 has
2747 1152 2913 1206 currit
2957 1155 3030 1224 (c)
3078 1169 3235 1208 verus
3265 1155 3542 1222 Hebraeus,
3585 1163 3674 1228 qui
3705 1161 3772 1214 de

2191 1245 2328 1293 terra
2359 1240 2586 1295 transire
2617 1241 2834 1296 festinat
2876 1243 2940 1298 ad
2987 1244 3180 1299 caelum
3214 1263 3228 1299 :
3254 1255 3308 1299 et
3333 1246 3566 1316 Egypto
3592 1251 3771 1304 saaculi

2187 1332 2462 1398 derelicta,
2496 1342 2692 1390 terram
2720 1337 3155 1407 repromissionis
3185 1339 3498 1408 ingreditur.
3533 1340 3642 1397 Nec
3672 1344 3771 1396 mi-

2187 1440 2328 1490 rum,
2369 1424 2415 1479 si
2447 1425 2499 1479 in
2534 1425 2628 1481 illo
2657 1428 2865 1482 numeri
2915 1441 3250 1484 sacramento
3287 1432 3665 1502 perveniamus
3702 1433 3770 1488 ad

2185 1531 2346 1587 regna
2375 1518 2632 1574 caelorum
2668 1537 2682 1574 :
2713 1520 2813 1576 sub
2836 1537 2942 1590 quo
2971 1522 3048 1593 (ά)
3072 1523 3327 1579 Dominus
3343 1534 3502 1595 atque
3527 1525 3770 1581 Salvator

2185 1623 2214 1662 a
2249 1609 2418 1678 primo
2449 1609 2756 1666 Patriarcha
2801 1615 3044 1681 pervenit
3086 1614 3152 1668 ad
3182 1617 3463 1686 virginem,
3509 1619 3663 1688 quasi
3699 1620 3767 1676 ad

2184 1697 2496 1762 Iordanem,
2527 1718 2645 1772 quze
2683 1704 2840 1772 pleno
2868 1705 3077 1776 gurgite
3107 1706 3296 1776 fluens,
3339 1707 3567 1778 Spiritus
3595 1713 3766 1769 sancti

2183 1793 2368 1862 gratiis
2408 1793 2758 1850 redundabat.
2790 1795 2944 1864 Quod
2985 1807 3163 1852 autem
3209 1801 3260 1853 in
3303 1817 3460 1856 manu
3500 1803 3665 1874 Moysi
3711 1814 3768 1860 et

2184 1885 2360 1938 Aaron
2390 1901 2638 1956 egressus
2665 1887 2939 1950 scribitur.
2972 1889 3210 1960 intellige
3234 1890 3404 1962 legem
3432 1902 3487 1947 et
3516 1897 3767 1950 sacerdo-

2185 1974 2336 2039 tium,
2369 1990 2552 2045 opera,
2599 1986 2652 2031 et
2679 1979 2879 2033 cultum
2912 1980 3002 2034 Dei
3038 1996 3050 2032 :
3080 1995 3306 2048 quorum
3338 1982 3563 2038 alterum
3595 1986 3765 2042 altero

2184 2064 2405 2136 indiget.
2440 2066 2595 2122 Num.
2636 2085 2760 2123 eum
2805 2085 3040 2126 rnonssr
3094 2088 3348 2129 exercere
3375 2075 3620 2142 virtutes,
3662 2079 3762 2132 nisi

2183 2158 2395 2212 noveris
2440 2158 2747 2215 Creatorem
2789 2178 2802 2214 :
2842 2177 2940 2216 nec
2987 2163 3078 2217 Dei
3129 2164 3402 2220 veneratio
3449 2166 3660 2234 proficit
3696 2167 3764 2223 ad

2181 2251 2425 2314 salutem,
2477 2252 2579 2305 nisi
2626 2265 2888 2322 prmcepta
2939 2254 3244 2311 Conditoris
3293 2257 3620 2327 impleveris.
3669 2259 3763 2317 llis

2180 2343 2385 2397 duabus
2415 2345 2684 2408 manibus,
2717 2346 2864 2413 quasi
2894 2345 3101 2402 duobus
3131 2347 3415 2419 Serapltim
3458 2351 3510 2404 in
3546 2349 3761 2404 confes-

2179 2435 2384 2490 sionem
2416 2445 2614 2490 sanctae
2644 2436 2920 2491 Trinitatis
2949 2440 3304 2510 erumpimus,
3335 2439 3597 2509 dicentes,
3625 2441 3762 2499 San-

2139 2556 2149 2563 -
2178 2538 2321 2595 ctus,
2352 2537 2591 2597 sanctus,
2624 2536 2840 2583 sanctus
2869 2530 3124 2586 Dominus
3149 2530 3288 2586 Deus
3308 2532 3555 2588 Sabaoth.

2756 2643 2925 2698 PBIIA
2964 2643 3184 2699 Mausw.

2252 2755 2521 2811 Moverunt
2558 2766 2725 2811 autem
2759 2767 2927 2811 castra
2957 2758 3020 2812 de
3051 2758 3312 2825 Ramesse,
3367 2776 3535 2814 mense
3574 2762 3756 2829 primo,

2177 2847 2353 2916 quinta
2379 2849 2572 2902 decima
2598 2851 2680 2902 die
2703 2850 2886 2905 mensis
2912 2851 3083 2914 primi,
3113 2851 3276 2905 altera
3303 2852 3385 2906 die
3415 2863 3525 2922 post
3550 2852 3757 2908 Pascha

2177 2939 2364 3008 egressi
2389 2947 2504 2992 sunt
2547 2939 2643 3006 ﬁlii
2676 2939 2844 2995 Israel
2881 2941 2934 2994 in
2983 2957 3136 2994 manu
3169 2941 3368 2996 excelsa
3399 2944 3451 2997 in
3489 2957 3757 3014 conspectu

2179 3030 2403 3083 omnium
2445 3029 2814 3102 Egyptiorum
2845 3041 2933 3087 :et
2959 3031 3200 3104 JEgyplii
3251 3034 3585 3103 sepelirbant,
3636 3052 3760 3105 quos

2179 3131 2492 3188 percusserat
2541 3121 2791 3176 Dominus
2843 3139 2906 3177 ex
2943 3126 3033 3190 eis,
3081 3141 3228 3178 omne
3273 3126 3660 3196 primogenitum
3706 3127 3760 3179 in

2179 3221 2313 3267 terra
2340 3212 2560 3284 Egypti
2584 3231 2603 3268 :
2631 3225 2678 3269 et
2707 3217 2759 3269 in
2818 3216 2980 3288 470
3033 3217 3131 3274 diis
3159 3235 3334 3274 eorum
3351 3220 3469 3289 fecit
3509 3220 3760 3275 Dominus

2169 3305 2370 3374 judicia
2401 3304 2584 3390 (Num.
2621 3307 2708 3363 33.
2741 3307 2777 3361 2
2805 3319 2849 3361 et
2876 3309 3061 3380 θείη).

2246 3416 2522 3472 Ηλιεδεεε
2550 3432 2579 3471 a
2609 3418 2924 3486 quibusdam
2954 3420 3335 3490 interpretatur
3355 3426 3621 3477 commotio
3649 3433 3760 3477 tur-

2178 3507 2412 3572 bulenta,
2453 3519 2543 3562 aut
2579 3510 2867 3564 amaritudo
2906 3509 2983 3583 (tl)
3022 3513 3390 3582 commotioque
3435 3514 3578 3568 tinea:
3608 3529 3628 3568 :
3657 3530 3756 3570 nos

2175 3610 2353 3655 autem
2385 3602 2562 3656 verius
2589 3603 2914 3658 :estimamns
2943 3603 3192 3674 exprimi,
3243 3607 3520 3659 tonitruum
3556 3607 3754 3677 gaudii.

2175 3699 2254 3753 Ad
2287 3698 2423 3754 hanc
2451 3699 2636 3754 urbem
2667 3715 2788 3769 qua:
2813 3699 2864 3753 in
2895 3701 3151 3755 extremis
3191 3700 3380 3755 finibus
3408 3710 3544 3767 erat,
3588 3718 3758 3771 popu-

2184 3791 2268 3846 lus
2292 3801 2645 3862 congregatus
2672 3803 2774 3857 est,
2801 3794 2889 3861 qui
2921 3793 2974 3847 in
3001 3793 3271 3849 desertum
3313 3795 3460 3850 exire
3487 3795 3754 3860 cupiebat,

2178 3899 2244 3939 co
2271 3883 2410 3953 quod
2441 3884 2722 3937 tumultum
2749 3883 2928 3937 smeuli
2953 3883 3354 3954 derelinquens,
3378 3883 3698 3940 movebatur
3725 3901 3756 3940 a

2174 3976 2313 4030 vitiis
2338 3975 2595 4044 pristinis,
2625 3986 2678 4032 et
2704 3977 2771 4030 ab
2801 3977 3194 4034 excomodente
3217 3994 3276 4033 se
3299 3979 3446 4048 prius
3475 3979 3610 4034 tinea
3634 3994 3760 4050 pec-

2171 4079 2433 4128 catorum.
2467 4076 2522 4120 ut
2551 4082 2766 4123 omnem
2794 4069 3200 4124 amaritudinem
3231 4080 3450 4125 vertens
3479 4072 3528 4125 in
3559 4071 3749 4126 dulce-

2171 4157 2374 4223 dinem,
2406 4158 2502 4213 Dei
2532 4174 2718 4214 vocem
2750 4159 2802 4212 in
2848 4160 2974 4215 Sina
3021 4169 3204 4217 monte
3245 4162 3481 4232 desuper
3523 4163 3755 4218 tonantis

2238 4328 2308 4390 (c)
2345 4327 2585 4377 Nimirum
2609 4341 2635 4376 a
2659 4328 2953 4378 transeundo
2973 4328 3214 4378 Hehrtens
3250 4332 3356 4387 τις
3381 4341 3555 4377 nomen
3588 4329 3752 4388 ducit,

2170 4399 2252 4460 qui
2279 4403 2330 4445 et
2342 4396 2700 4460 graeceusmg
2737 4399 2966 4460 transitur
2989 4405 3310 4460 nuncupatur,
3344 4407 3399 4447 ut
3434 4397 3483 4445 in
3508 4398 3754 4459 superiori

2173 4457 2316 4518 (Epist.
2342 4457 2419 4506 7i.
2447 4471 2496 4506 ιι.
2523 4459 2570 4508 2.
2596 4457 2745 4522 atque
2783 4459 2903 4509 infra
2940 4460 3093 4510 Mans.
3118 4457 3196 4510 51.
3235 4457 3323 4511 abs
3352 4460 3492 4509 Hier.
3525 4457 3752 4508 notatum

2171 4528 2266 4569 est.

2240 4580 2318 4643 (d)
2355 4581 2489 4639 Quod
2515 4581 2704 4644 scilicet
2724 4583 2785 4630 ab
2809 4582 3049 4630 Abraham
3073 4581 3129 4629 ad
3153 4582 3394 4634 Christum
3431 4581 3754 4644 quadraginta
3799 4606 3808 4614 ι

2169 4642 2289 4706 dua:
2304 4643 2656 4703 generationes
2679 4645 3010 4702 intercedant;
3033 4656 3220 4706 nosque
3245 4647 3336 4694 sub
3359 4642 3531 4694 eodem
3549 4657 3756 4694 numero

2169 4705 2486 4767 quadraginta
2523 4705 2724 4768 duarum
2763 4706 3098 4768 mansionum,
3121 4705 3179 4754 ad
3215 4720 3377 4754 veram
3419 4707 3756 4768 promissionis

2171 4765 2373 4823 terram,
2398 4779 2508 4828 quze
2532 4765 2752 4817 Christus
2775 4774 2881 4828 est,
2905 4775 2957 4817 et
2977 4766 3237 4815 Beatorum
3261 4765 3463 4830 gloriam
3488 4767 3755 4830 pervenire

2235 4841 2428 4878 SSlmlIS.

2171 4840 2567 4952 ροῗὲωὲἲῗὶῖηθκε
2591 4890 2872 4952 Hieronymi
2891 4890 3057 4952 verba.
3070 4891 3250 4951 quibus
3266 4890 3539 4951 propositas
3562 4897 3756 4938 Hamas-

2169 4965 2244 5002 ses
2268 4950 2589 5015 etymologias
2611 4950 2860 5015 sigillatim
2905 4950 3140 5011 explicat,
3180 4950 3652 5015 eaq’ue’_pr:rs_ertim
3691 4951 3753 5001 ab

2167 5011 2512 5064 exconiedente
2534 5026 2585 5075 se
2607 5011 2744 5075 prius
2760 5011 3170 5075 tinea,rerrorem
3207 5011 3465 5075 irrepsisse
3501 5012 3593 5075 hoc
3617 5013 3752 5068 loco.

2172 5085 2224 5126 et
2249 5089 2335 5138 pro
2357 5072 2697 5136 commotiogue
2719 5111 2730 5131 ,
2760 5073 3025 5183 leg‘endnm
3061 5072 3375 5131 comestioq'ue
3394 5072 3577 5131 ,‘facile
3611 5075 3756 5123 nobis

2172 5138 2487 5183 nersnadent.
2517 5135 2706 5183 Revera
2744 5138 2794 5182 in
2843 5135 3073 5182 'omintnn
3108 5133 3232 5182 libro
3258 5143 3500 5183 Ramesses
3525 5135 3755 5183 pabulum

2172 5133 2487 5200 persuadent.
2517 5133 2706 5200 Revera
2744 5138 2794 5182 in
2816 5133 3073 5200 hominum
3108 5133 3232 5200 li_bro_
3258 5143 3500 5184 Ramesses
3525 5135 3755 5198 pabulum

2171 5194 2233 5249 de
2255 5199 2382 5249 tinea
2407 5198 2630 5255 vertitur,
2659 5204 2711 5245 et
2733 5210 2785 5244 ιη
2809 5195 3110 5258 Ot'igeniauo
3132 5194 3295 5258 lexico
3327 5209 3470 5256 Ριμισῆ
3492 5194 3673 5258 πόιμᾳσι.
3719 5211 3756 5247 ιιι

2170 5274 2279 5321 σητὸς
2309 5260 2380 5322 (ut
2405 5265 2483 5322 est
2507 5257 2863 5322 emendandum
2885 5257 3022 5322 ,ςιιοιι
3046 5270 3150 5322 pirata
3172 5257 3183 5320 )
3217 5265 3435 5322 [iniussae
3460 5257 3627 5322 pastio
3658 5259 3756 5309 sive

2169 5319 2392 5372 cumestio
2413 5320 2475 5370 de
2494 5319 2660 5379 tinea;
2684 5332 2776 5384 nec
2800 5327 2872 5369 tot
2895 5321 3024 5368 inter
3046 5319 3188 5384 hujus
3211 5319 3417 5384 nominis
3456 5321 3755 5384 interpreta-

2171 5386 2358 5439 tiones,
2403 5395 2538 5440 eam,
2576 5395 2686 5444 quae
2726 5380 2931 5432 fortasse
2958 5380 3119 5444 magis
3141 5381 3424 5444 obtinebat,
3451 5380 3756 5444 pra:teriis.se

2169 5445 2496 5514 Hieronymus
2518 5440 2793 5493 credendus
2811 5452 2910 5515 est:
2938 5440 3075 5500 Quod
3108 5449 3270 5490 autem
3297 5440 3568 5549 ipsemaltt
3599 5449 3756 5490 mter-

2171 5512 2348 5549 nretari
2375 5511 2636 5549 tonitruum
2671 5505 2866 5549 aaudn-
2898 5503 3009 5549 inde
3034 5510 3136 5549 est.
3162 5503 3288 5549 uuod
3335 5511 3498 5549 θεῖοι-ιι
3521 5515 3633 5549 cum
3665 5503 3756 5549 du-

2171 5507 2348 5568 pretari
2362 5503 2636 5568 tonitruum
2670 5505 2867 5568 gaudii,
2896 5503 3136 5568 indepsl.
3162 5503 3288 5564 q||0d
3309 5503 3498 5568 legem
3521 5503 3756 5568 9001-?!“

2169 5559 2283 5630 plici
2305 5571 2408 5618 π
2429 5567 2503 5616 sin
2522 5581 2610 5630 pro
2628 5559 2704 5622 DE:
2726 5559 2917 5617 sameeh
2941 5566 2988 5613 in
3015 5559 3137 5619 line,
3161 5559 3271 5624 qnze
3309 5559 3491 5612 litterae
3528 5562 3759 5614 facillime

2170 5638 2304 5687 inter
2342 5649 2399 5686 se
2437 5643 2808 5687 commutantur.
2848 5637 2986 5686 'l‘unc
3018 5636 3147 5684 enim
3171 5637 3288 5691 mn
3324 5632 3624 5695 tonitruum,
3651 5639 3760 5687 πω

2169 5705 2402 5768 gaudium
2423 5707 2826 5768 signiﬁcantibus,
2843 5704 3004 5768 utilius
3020 5703 3264 5753 dubitandi
3283 5701 3420 5752 locus
3435 5699 3756 5768 relinquitur.

2169 5718 2402 5768 quantum
2423 5720 2462 5755 sn
2534 5718 2826 5765 incanunus,
2843 5718 3004 5756 nonus
3020 5718 3264 5753 uanitanui
3283 5718 3420 5752 iocus

2169 5761 2360 5821 Caetera
2382 5770 2430 5820 in
2455 5718 2713 5823 ignominum
2734 5768 2859 5821 libro
2881 5767 3038 5821 fusius
3060 5777 3434 5830 prosequemur.
