4106 6340
359 412 458 470 701

357 523 588 580 audiret.
615 523 770 592 Quod
813 521 989 581 autem
1041 522 1205 579 verba
1247 519 1424 577 divina
1462 527 1518 575 et
1544 517 1750 588 eloquia
1779 514 1929 570 Scri-

335 603 658 684 ipturarum,
708 616 764 670 in
794 615 946 671 istius
985 613 1165 669 surculi
1210 621 1265 668 et
1299 609 1483 666 mundi
1525 619 1663 675 rota,
1707 608 1933 661 tonitrus

355 705 708 775 appellentur.
738 706 1015 761 Psalmista
1039 705 1292 770 declarat,
1327 703 1512 759 dicens
1542 720 1554 755 :
1591 720 1610 754 ι
1637 698 1750 754 Vox
1798 696 1933 752 tani-

357 795 462 848 trui
496 795 569 850 tui
601 794 654 848 in
683 802 796 849 rota
834 813 853 847 ι
890 793 1007 867 (Ps.
1047 794 1133 849 76.
1168 793 1277 864 12).
1308 792 1376 846 Et
1408 791 1499 846 Dei
1542 791 1711 844 Patris
1749 800 1933 840 vocem

356 887 412 939 in
440 885 705 954 baptismo
729 886 1022 942 Salvatoris
1043 886 1320 940 audientes
1349 885 1427 954 (a)
1463 883 1750 937 tonitruum
1778 889 1942 955 puta-I

356 985 568 1032 verunt.
623 976 865 1047 Cumque
905 977 1158 1032 commoti
1186 975 1443 1031 fuerimus
1469 974 1534 1028 ad
1565 963 1932 1042 Evangelicam

359 1071 562 1137 tubam,
586 1078 641 1124 et
675 1069 887 1124 excitati
932 1070 1168 1123 t‘onitruo
1203 1067 1402 1138 gaudii,
1432 1065 1639 1120 eximus
1669 1065 1723 1117 in
1751 1075 1934 1116 mense

363 1158 554 1226 primo,
579 1157 791 1227 quando
817 1175 835 1209 ι
867 1157 1054 1230 hyems
1067 1156 1343 1226 praeteriit,
1362 1163 1416 1210 et
1432 1153 1557 1207 abiit
1583 1153 1682 1207 sibi
1714 1171 1732 1204 ι
1763 1149 1932 1222 (Cant.

358 1245 438 1318 2),
493 1247 706 1317 quando
754 1248 891 1302 veris
932 1247 1212 1302 exordium
1243 1257 1348 1309 est,
1391 1245 1603 1315 quando
1634 1254 1772 1298 terra
1812 1257 1934 1310 par-

361 1328 506 1400 turit,
547 1337 761 1407 quando
789 1347 977 1392 cuncta
1021 1345 1366 1401 renovantur,
1414 1344 1470 1391 et
1515 1334 1721 1390 eximus
1751 1333 1935 1402 quinta

359 1427 565 1482 decima
595 1427 683 1482 die
725 1428 927 1482 mensis
957 1428 1112 1496 primi
1153 1427 1350 1498 (Exod.
1392 1425 1507 1496 η),
1550 1425 1603 1479 in
1645 1423 1934 1478 crastinum

361 1520 579 1574 Pascha:
608 1520 770 1588 pleno
798 1519 997 1574 mensis
1016 1501 1248 1582 lumine,
1277 1528 1396 1589 post
1420 1532 1568 1573 esum
1597 1515 1720 1585 agni
1746 1515 1936 1569 imma-

362 1610 521 1664 cttlali
567 1623 583 1665 :
626 1619 682 1664 el
727 1608 983 1664 calciatus
1036 1611 1201 1678 pedes
1255 1607 1511 1661 habentes
1559 1606 1628 1660 de
1680 1602 1939 1672 Apostolo

366 1699 580 1771 (Ephes.
613 1699 695 1768 6),
727 1709 781 1754 et
809 1701 1079 1754 accinctos
1106 1699 1354 1769 pudicitia
1384 1699 1615 1762 lumbos,
1643 1705 1697 1751 et
1721 1695 1939 1749 baculus

366 1797 416 1847 in
459 1793 704 1847 manibus
743 1800 1091 1861 przeparatos.
1135 1791 1388 1858 Quamvis
1427 1790 1570 1843 enim
1614 1788 1666 1842 in
1707 1785 1941 1856 Egypto

364 1894 549 1953 quarta
575 1883 782 1938 decima
807 1883 896 1938 die
925 1883 1128 1937 mensis
1154 1882 1357 1936 Pascha
1383 1880 1658 1946 facientes,
1691 1878 1943 1933 comede-

365 1977 531 2029 rimus
557 1989 772 2045 agnum,
812 1984 989 2030 tamen
1019 1984 1143 2028 tunc
1187 1974 1341 2028 nobis
1382 1974 1471 2026 lux
1514 1971 1668 2042 plena
1707 1969 1942 2038 comple-

367 2077 470 2133 tur,
503 2067 717 2137 quando
747 2069 799 2122 in
835 2083 995 2121 manu
1019 2068 1230 2121 excelsa
1262 2066 1574 2119 Ramessem
1601 2062 1939 2129 dimittimus,

365 2174 482 2228 qua:
507 2160 724 2214 excelsa
755 2159 970 2224 dicitur,
994 2159 1079 2213 vel
1105 2158 1250 2229 quod
1280 2157 1569 2228 [Egyptum
1597 2155 1943 2224 percusserit,

369 2250 448 2304 vel
474 2250 613 2320 quod
642 2251 936 2319 protexerit
975 2248 1162 2315 Israel,
1201 2249 1507 2302 videntibus
1539 2245 1828 2315 Egyptiis.
1854 2246 1946 2314 qui

368 2339 700 2394 admirantur
729 2355 828 2395 nos
859 2339 1008 2394 exire
1050 2339 1118 2394 de
1163 2339 1384 2404 saeculo,
1424 2348 1478 2392 et
1523 2344 1839 2404 torquentur
1867 2334 1948 2388 in-

367 2431 529 2496 vidia,
561 2439 616 2485 et
645 2441 831 2500 postea
853 2444 950 2484 nos
993 2439 1181 2484 tenere
1202 2429 1500 2496 cupientes,
1531 2428 1581 2481 in
1615 2427 1947 2497 persecutio-

369 2521 528 2576 uibus
554 2521 881 2576 suffocantur
910 2537 923 2573 :
952 2521 1163 2590 quando
1183 2531 1235 2574 et
1262 2517 1499 2589 .Egyptii
1530 2517 1798 2587 sepeliant
1831 2517 1940 2586 pri-

370 2612 676 2682 mogenitos
705 2624 853 2675 suos,
883 2619 936 2663 et
967 2618 1144 2680 patres
1180 2611 1377 2665 mortui
1407 2609 1633 2664 terrenis
1673 2607 1944 2676 operibus,

371 2703 685 2772 opprimunt
726 2711 966 2754 mortuos
996 2700 1134 2754 ﬁlios
1162 2715 1308 2754 suos.
1339 2698 1464 2752 Milli
1504 2699 1752 2752 videntur
1791 2695 1949 2767 471

373 2791 750 2863 Egyptiorum
781 2791 1154 2860 primogenita,
1182 2790 1429 2859 dogmata
1448 2803 1567 2844 esse
1591 2786 1948 2856 Philosopho-

371 2899 514 2951 rum,
545 2883 739 2952 quibus
778 2882 1031 2951 deceptos
1061 2883 1304 2938 homines
1333 2889 1493 2951 atque
1524 2879 1759 2935 irretitus
1804 2888 1954 2934 tene-

373 2973 522 3027 bant.
547 2973 677 3040 Quze
701 2988 824 3028 cum
853 2973 1015 3028 Israel
1039 2973 1192 3028 vivus
1227 2970 1493 3044 eliugerit,
1511 2969 1951 3042 circumdant[al.

375 3060 774 3134 circumdantur]
819 3063 1044 3117 mortuis
1074 3063 1208 3128 suis,
1268 3077 1337 3116 ne
1386 3064 1693 3117 exeuntium
1743 3061 1957 3115 imiten-

378 3164 461 3207 tur
489 3152 814 3222 exemplum.
841 3152 1012 3206 Porro
1033 3151 1174 3222 quod
1202 3151 1442 3221 sequitur
1467 3170 1480 3206 :
1515 3169 1533 3202 ι
1563 3151 1620 3206 In
1647 3149 1749 3204 diis
1769 3165 1956 3205 eorum

375 3242 502 3296 fecit
521 3243 722 3312 judicia
751 3261 772 3294 ι
801 3241 987 3314 (Num.
1010 3243 1099 3297 55.
1125 3241 1205 3314 9),
1231 3243 1344 3298 sive
1365 3250 1422 3296 ut
1447 3241 1791 3311 Septuaginta
1815 3251 1960 3296 tran-

378 3337 662 3404 stulerunt,
699 3354 718 3388 ι
749 3337 1018 3390 ultiones:
1055 3354 1074 3387 ι
1105 3335 1233 3391 illud
1263 3335 1474 3390 Hebrazi
1496 3343 1795 3400 autumant,
1819 3335 1960 3404 quod

380 3439 534 3482 nocte
561 3442 666 3497 qua
707 3415 959 3497 egressus
987 3436 1072 3481 est
1116 3428 1364 3497 populus,
1406 3427 1586 3479 omnia
1624 3426 1680 3480 iu
1727 3425 1961 3496 Egypto

382 3520 576 3587 templa
607 3518 874 3572 destructa
905 3517 1035 3581 sint,
1067 3517 1180 3572 sive
1207 3527 1352 3570 motu
1383 3525 1556 3580 terrae,
1589 3518 1702 3571 sive
1729 3517 1836 3570 ictu
1861 3516 1963 3570 ful-

382 3607 605 3661 minum.
636 3605 996 3676 Spiritualiter
1021 3615 1200 3662 autem
1226 3606 1483 3661 discimus
1511 3605 1654 3674 quod
1683 3605 1964 3675 egredien-

385 3697 525 3752 tibus
553 3698 707 3754 nobis
733 3698 802 3752 de
832 3697 1087 3768 Egypto,
1125 3712 1367 3752 errorum
1412 3697 1553 3750 idola
1593 3705 1866 3763 corruant,
1909 3704 1964 3752 ct

385 3789 560 3844 omnis
586 3805 961 3861 perversurum
980 3789 1344 3844 doctrinarum
1367 3786 1575 3842 cultura
1603 3787 1891 3856 quatiatur.

1006 3899 1072 3954 Il.
1113 3899 1338 3954 Manno.

457 4011 525 4066 Et
552 4014 932 4084 proﬁciscentes
951 4011 1046 4080 ﬁlii
1069 4010 1234 4064 Israel
1252 4011 1316 4066 de
1331 4010 1592 4079 Ramesse,
1603 3996 1771 4064 castra
1794 4011 1968 4065 metati

387 4113 502 4158 sunt
531 4105 582 4158 in
607 4105 826 4160 Soccoth
851 4104 1037 4175 (Num.
1067 4103 1156 4158 55.
1180 4103 1258 4173 5).

459 4217 702 4272 Secunda
728 4218 953 4272 Mansio.
982 4216 1038 4270 In
1071 4216 1169 4271 hac
1198 4224 1436 4287 coquunt
1462 4230 1625 4286 panes
1653 4229 1890 4287 azymos,
1914 4225 1970 4271 et

391 4308 620 4377 primum
666 4309 888 4364 tendunt
935 4309 1298 4373 tabernacula,
1332 4307 1476 4362 unde
1513 4315 1570 4362 et
1609 4322 1675 4362 ex
1720 4321 1780 4362 re
1821 4307 1968 4363 locus

391 4415 584 4458 nomen
613 4404 840 4472 accepit.
871 4401 1116 4457 Socco'ru
1147 4401 1346 4472 quippe
1381 4401 1764 4470 interpretatur
1791 4401 1844 4456 in
1869 4401 1972 4458 lin-

391 4508 490 4568 gua
523 4505 724 4560 nostra,
748 4493 1093 4558 tabernacula,
1124 4493 1236 4548 sive
1263 4491 1498 4546 tentoria.
1538 4492 1603 4546 Et
1641 4491 1712 4547 ob
1743 4491 1847 4547 hoc
1883 4507 1970 4549 se-

391 4586 562 4656 ptimo
587 4599 794 4650 mense,
832 4585 1021 4655 quinta
1060 4583 1263 4640 decima
1293 4583 1380 4638 die
1422 4583 1623 4638 mensis
1659 4583 1972 4640 solemnitas

393 4674 880 4731 Tabernaculorum
913 4683 998 4728 est
1022 4674 1207 4745 (Leuit.
1247 4674 1364 4744 25).
1411 4671 1542 4728 Cum
1594 4689 1723 4744 ergo
1779 4675 1976 4732 exieri-

394 4779 517 4819 mus
543 4780 610 4818 ex
636 4763 888 4834 Egypto,
911 4763 1140 4830 primum
1170 4761 1508 4817 tabernacula
1535 4762 1768 4832 figimus,
1795 4765 1973 4821 scien-

396 4865 479 4910 tes
506 4855 660 4910 nobis
689 4853 755 4908 ad
786 4851 1040 4907 ulteriora
1080 4851 1428 4920 pergendum.
1471 4851 1622 4906 'l‘unc
1648 4868 1753 4906 non
1790 4868 1974 4910 come-

397 4949 572 5004 dimus
603 4948 667 5003 de
689 4947 952 5002 fermento
979 4943 1216 5014 Egypti,
1257 4943 1324 4997 de
1365 4944 1624 4996 fermento
1663 4945 1883 5016 malitiae
1921 4956 1978 5001 et

399 5043 652 5112 nequitiae
682 5059 696 5096 :
725 5039 820 5096 sed
860 5039 1125 5094 vescimur
1163 5036 1366 5108 azymis
1399 5035 1724 5089 sinceritatis
1757 5043 1811 5089 et
1840 5037 1978 5092 veri-

399 5117 524 5190 tatis
563 5137 645 5206 (l.
685 5133 805 5189 Cor.
849 5133 904 5202 5)
939 5148 953 5184 :
987 5131 1196 5186 Domini
1237 5138 1502 5200 prmcepta
1529 5143 1693 5198 opere
1723 5143 1976 5183 consum-

401 5240 610 5286 mantes
639 5247 653 5283 :
687 5247 706 5280 ι
740 5226 936 5282 Cavete
956 5240 986 5279 a
1013 5225 1274 5279 fermento
1296 5223 1687 5278 Pharisaeorum
1714 5241 1733 5274 ι
1759 5223 1975 5292 (Matth.

403 5322 490 5378 l6.
524 5321 639 5392 II).
685 5320 743 5375 In
777 5318 878 5374 hac
924 5317 1076 5372 nobis
1103 5317 1414 5386 praecipitur
1431 5315 1726 5384 Mansione,
1752 5324 1808 5370 ut
1831 5332 1978 5372 sem-

469 5457 540 5530 (α)
577 5457 632 5530 Ie
654 5453 938 5530 (ιιξξιιυεάτιξι)
948 5452 1096 5530 .0994:
1109 5451 1707 5530 ςςξὲφςεψιῖὲειιηαερτὶξς
1724 5453 1841 5530 συξη
1862 5469 1980 5530 vero

404 5513 498 5582 non
521 5513 572 5567 iu
595 5513 858 5578 Baptismo,
882 5513 970 5564 sed
993 5529 1102 5582 cum
1125 5514 1322 5582 Patrem
1344 5523 1542 5574 rogaret
1563 5515 1589 5563 .l
1597 5527 1711 5564 esus
1726 5548 1741 5572 ,
1765 5525 1822 5582 ut
1839 5517 1980 5566 clari-

405 5577 572 5629 ﬁcaret
594 5576 774 5629 nomen
798 5590 939 5626 suum
955 5612 968 5633 ,
997 5576 1256 5624 tonitruum
1279 5576 1461 5635 lactant
1482 5590 1583 5626 esse
1608 5580 1882 5637 putaverint
1899 5591 1982 5628 au-

406 5639 601 5691 dientes
620 5676 635 5700 ,
672 5647 727 5688 ut
756 5639 898 5688 Joan.
930 5637 1004 5686 12.
1027 5637 1357 5700 29:_testatur,
1381 5638 1665 5700 rectissime
1677 5639 1892 5688 creditur
1918 5653 1980 5689 ex

407 5695 675 5765 apocrypl'io
699 5701 824 5749 libro
843 5700 1065 5765 bausisse
1088 5697 1228 5765 liter.
1255 5695 1526 5765 et_fortasse
1546 5711 1609 5745 ex
1627 5695 1983 5765 Nazareuorum

405 5756 674 5869 Egnéaio
689 5799 702 5824 ,
727 5761 856 5825 quod
880 5763 986 5824 ipse
1009 5759 1182 5811 Latine
1205 5756 1532 5820 explicaverat
1549 5795 1563 5822 ,
1593 5765 1644 5810 et
1665 5761 1872 5812 subinde
1911 5763 1982 5813 al-

1657 398 1982 460 EPIS'I‘OLA
2020 391 2298 452 LXXVIII.

3508 384 3612 440 703

2041 525 2136 577 per
2159 504 2482 576 egressionis
2506 519 2572 559 ex
2608 503 2840 576 Egypto
2879 519 3144 562 memores
3174 502 3344 560 simus
3375 519 3389 557 :
3430 509 3489 558 ut
3515 516 3610 558 ce-

2036 599 2304 654 lebremus
2329 597 2614 662 transitum,
2652 596 2702 650 id
2728 607 2830 662 est,
2857 597 3026 653 Phase
3051 597 3298 662 Domini;
3330 603 3388 651 ut
3413 595 3614 666 primo-

2035 691 2211 760 genita
2263 689 2428 742 nostri
2477 689 2646 751 uteri,
2701 699 3120 758 cunCIaruntque
3172 688 3465 752 virtutum,
3516 699 3615 757 pro

2038 779 2403 850 primogenitis
2445 777 2681 849 Egypti,
2731 794 2850 848 quae
2895 793 3145 848 percussa
3194 791 3338 846 sunt,
3389 779 3615 836 Domino

2037 883 2431 926 consecremus.

2653 957 2742 1016 Ill.
2781 960 3002 1016 Mansro.

2111 1071 2178 1126 Et
2208 1071 2417 1142 profecti
2441 1072 2504 1125 de
2532 1070 2772 1137 Soccollt,
2801 1079 2967 1125 castra
2991 1072 3162 1126 metati
3183 1081 3298 1124 sunt
3325 1073 3379 1127 in
3406 1071 3611 1141 Etham,

2044 1176 2156 1230 qua
2182 1171 2252 1214 est
2281 1161 2332 1214 in
2354 1172 2575 1215 extremo
2598 1161 2890 1215 solitudinis
2923 1159 3109 1234 (Nunt.
3139 1163 3230 1217 55.
3257 1163 3332 1232 6).

2109 1275 2291 1330 Tertia
2336 1273 2538 1328 Mansio
2586 1274 2807 1330 offertur
2859 1284 2979 1344 post
3029 1275 3390 1344 tabernacula,
3421 1277 3476 1332 in
3518 1293 3620 1349 qna

2040 1365 2274 1433 primum
2328 1364 2543 1418 videtur
2586 1364 2839 1420 Dominus
2872 1374 3028 1421 nocte
3076 1366 3128 1419 in
3161 1366 3407 1420 columna
3463 1369 3617 1436 ignis,

2041 1461 2097 1508 et
2136 1467 2234 1524 per
2274 1453 2415 1508 diem
2447 1453 2498 1508 in
2539 1455 2788 1508 columna
2815 1455 2991 1519 nubis,
3026 1463 3082 1507 ut
3132 1455 3400 1522 prmcedat
3452 1471 3623 1526 pOpu-

2043 1542 2176 1610 lum,
2229 1552 2286 1598 et
2329 1545 2438 1598 dux
2488 1544 2694 1599 itineris
2743 1545 2852 1598 fiat.
2912 1545 3096 1599 E'I‘IIAI
3143 1545 3216 1615 (lt)
3268 1545 3422 1600 nobis
3462 1556 3625 1613 sonat

2043 1633 2290 1705 fortitudo
2319 1674 2335 1701 ,
2373 1644 2533 1704 atque
2573 1635 2832 1702 perfectio,
2885 1632 2954 1689 de
3003 1649 3105 1704 qua
3180 1633 3340 1707 472
3413 1645 3469 1690 et
3517 1638 3625 1691 Da-

2043 1724 2131 1778 vid
2159 1726 2346 1778 canit:
2379 1742 2398 1776 ‹
2432 1724 2511 1778 Tu
2537 1723 2783 1794 dirupisti
2810 1723 3000 1779 fluvios
3029 1728 3104 1794 (c)
3143 1724 3356 1790 Etltani,
3394 1744 3413 1778 ι
3449 1726 3621 1796 (Psal.

2045 1815 2134 1868 73.
2186 1814 2316 1884 I5),
2375 1815 2428 1904 id
2476 1823 2577 1880 est,
2617 1833 2636 1868 ι
2673 1815 2862 1870 fortes.
2895 1834 2915 1868 ι
2940 1814 3168 1870 Grandis
3216 1829 3299 1872 est
3341 1815 3620 1885 fortitudo,

2043 1904 2330 1977 Aigyptum
2359 1905 2650 1974 dimittere,
2689 1918 2742 1961 et
2785 1908 2838 1961 in
2882 1917 3119 1964 extrema
3157 1907 3443 1964 solitudine
3473 1923 3626 1963 cout-

2046 1997 2266 2052 morari.
2320 1995 2398 2050 Ex
2451 2012 2558 2067 quo
2603 1997 2951 2067 intelligimus
3009 1997 3184 2053 locum
3241 1998 3470 2054 SOCCOIII
3527 2000 3625 2055 ad-

2047 2086 2152 2142 huc
2191 2089 2342 2156 juxta
2374 2087 2594 2159 Egypti
2625 2090 2789 2143 fuisse
2828 2094 3096 2159 regiones.
3130 2090 3186 2143 In
3221 2105 3287 2144 eo
3315 2093 3461 2145 enim
3487 2091 3630 2159 quod

2047 2175 2262 2241 dicitur,
2293 2194 2406 2246 qua:
2432 2189 2506 2230 est
2533 2181 2586 2232 in
2614 2180 2850 2232 extremis
2878 2180 3064 2248 ﬁnibus
3092 2180 3400 2246 solitudinis,
3433 2192 3632 2237 osten—

2047 2269 2191 2324 ditur
2220 2271 2360 2324 inter
2384 2270 2613 2324 confinia
2641 2285 2760 2326 esse
2789 2272 2956 2326 eremi
2994 2282 3048 2326 et
3083 2271 3324 2343 Egypti.
3353 2272 3632 2342 Praepare-

2050 2375 2170 2414 mus
2191 2361 2344 2414 nobis
2367 2361 2750 2425 fortitudinem,
2773 2377 3110 2417 assumamus
3133 2363 3423 2432 perfectum
3444 2366 3628 2429 robur,

2052 2461 2108 2506 ut
2139 2452 2277 2506 inter
2314 2467 2559 2507 errorum
2606 2453 2878 2522 tenebras,
2919 2464 2971 2509 et
3021 2453 3391 2511 confusionem
3436 2456 3630 2522 noctis,

2053 2542 2290 2597 scientiae
2317 2542 2511 2597 Christi
2540 2543 2719 2598 lumen
2747 2555 3022 2614 appareat.
3056 2546 3178 2600 Dies
3207 2560 3420 2614 quoque
3448 2555 3634 2601 noster

2053 2633 2247 2688 nubem
2280 2633 2359 2705 (Δ)
2399 2635 2591 2690 habeat
2635 2645 3004 2706 protegentem
3039 2655 3052 2692 :
3083 2645 3140 2691 ut
3176 2636 3258 2692 his
3297 2637 3523 2692 ducibus
3566 2637 3635 2692 ad

2055 2736 2293 2783 sanctam
2322 2726 2544 2784 Terram
2574 2731 2856 2798 pervenire
2885 2728 3180 2784 valeamus.

2665 2840 2754 2896 IV.
2795 2841 3018 2898 Mausm.

2128 2949 2453 3022 Profectique
2481 2951 2546 3007 de
2576 2952 2780 3018 Etham,
2821 2954 3006 3008 reversi
3032 2962 3151 3008 sunt
3195 2954 3264 3009 ad
3305 2952 3634 3022 Phiahirotlt,

2056 3041 2192 3110 quod
2237 3049 2310 3095 est
2343 3052 2518 3095 contra
2551 3041 2672 3096 Becl
2700 3044 2915 3114 sep/ton,
2957 3052 3004 3098 et
3040 3053 3210 3100 castra
3246 3047 3416 3101 mctati
3457 3057 3575 3102 sunt
3613 3065 3642 3103 θ

2057 3130 2259 3201 regione
2289 3129 2501 3200 Magdol
2525 3131 2710 3204 (Num.
2734 3133 2826 3190 55.
2859 3134 2937 3200 7).

2130 3222 2328 3288 Quarta
2361 3221 2565 3277 Mansio
2589 3233 2672 3278 est
2713 3240 3058 3293 PHIABIBOTB,
3097 3242 3217 3297 qua:
3253 3227 3640 3300 interpretatur

2061 3331 2118 3370 os
2145 3314 2408 3383 nobilitant,
2453 3317 2813 3388 scribiturque
2844 3335 2940 3388 per
2969 3319 3180 3374 literam
3208 3336 3372 3375 nuru.
3416 3322 3643 3388 Quidam

2062 3406 2239 3472 male,
2279 3406 2477 3472 hirotlt,
2527 3407 2676 3462 uillas
2719 3417 2938 3478 putant,
2992 3424 3250 3482 errorque
3304 3412 3642 3480 manifestus,

2064 3497 2207 3568 quod
2251 3513 2349 3568 pro
2400 3499 2707 3568 supradicto
2749 3501 3041 3569 elemento,
3068 3519 3122 3558 st
3165 3504 3396 3559 litteram
3443 3504 3643 3575 legant.

2063 3587 2440 3644 Busa-seruos
2471 3591 2524 3644 in
2575 3590 2808 3660 linguam
2851 3604 3086 3648 nostram
3122 3595 3350 3649 vertitur
3395 3593 3648 3649 Dominus

2066 3681 2334 3746 aquilonis,
2378 3691 2468 3736 aut
2500 3698 2736 3738 ascensus
2783 3684 3025 3754 specula,
3071 3697 3164 3740 attt
3201 3687 3389 3740 habens
3431 3703 3644 3743 arcana.

2068 3769 2237 3824 Porro
2267 3771 2506 3836 Macnon,
2540 3773 2834 3842 magnitudo
2861 3774 2945 3828 vel
2973 3776 3147 3828 turris.
3177 3779 3462 3844 Assumpta
3488 3777 3649 3846 igitur

2069 3858 2380 3914 fortitudine
2411 3860 2762 3914 nobilitamur
2799 3865 2851 3918 in
2893 3863 3140 3930 Domino,
3195 3873 3251 3918 et
3293 3865 3649 3936 Beel-sephon

2070 3949 2199 4004 idoli
2226 3965 2419 4006 arcana
2452 3952 2870 4020 contemnimus,
2910 3953 3159 4024 illiusque
3200 3935 3650 4026 magnificentiam

2069 4051 2125 4097 et
2155 4043 2394 4098 turritam
2420 4044 2724 4113 superbiam
2759 4045 3109 4103 declinamus.
3149 4046 3267 4104 Non
3303 4052 3443 4104 enim
3471 4062 3554 4108 est
3581 4054 3650 4108 ab

2071 4143 2276 4200 austro,
2319 4137 2461 4190 unde
2505 4136 2763 4190 Dominus
2796 4138 2963 4201 venit,
2996 4146 3051 4194 et
3089 4155 3118 4192 a
3158 4140 3407 4207 meridie,
3455 4141 3508 4195 in
3548 4159 3653 4212 qua

2071 4241 2305 4296 sponsus
2326 4227 2592 4284 recumbit
2626 4228 2680 4282 in
2706 4227 2928 4284 ﬂoribus
2953 4245 2968 4294 ;
2992 4229 3085 4284 sed
3112 4245 3392 4301 possessor
3428 4233 3654 4304 Aquilo-

2075 4320 2160 4374 nis
2188 4320 2334 4374 venti
2365 4319 2720 4390 frigidissiini,
2747 4339 2776 4374 a
2803 4337 2910 4392 quo
2935 4321 3290 4379 exardescunt
3317 4324 3456 4378 mala
3493 4339 3656 4394 super

2075 4419 2276 4467 terram
2305 4429 2320 4467 :
2348 4413 2439 4483 qui
2477 4428 2600 4468 cum
2656 4414 2726 4468 sit
2764 4412 3170 4484 frigidissimus,
3210 4414 3427 4469 nomine
3464 4414 3656 4470 dexter

2074 4511 2320 4572 vocatur,
2353 4504 2546 4560 falsum
2573 4504 2675 4560 sibi
2700 4519 2981 4559 assumens
3007 4505 3328 4560 vocabulum
3356 4505 3568 4562 virtutis
3593 4522 3658 4574 ac

2077 4595 2283 4652 dextrae
2302 4637 2318 4665 ,
2347 4609 2466 4650 cum
2499 4605 2640 4650 totus
2663 4595 2734 4650 sit
2759 4595 2813 4649 in
2842 4594 3080 4649 sinistra.

2141 4730 2214 4790 (ὁ)
2247 4728 2344 4780 Alii
2371 4728 2494 4778 editi
2516 4726 2764 4777 nobiscum
2787 4733 2940 4787 sonat,
2966 4727 3048 4778 vel
3070 4727 3203 4779 nobis
3222 4736 3468 4781 consonat.

2143 4791 2216 4854 (ε)
2249 4791 2494 4841 llebraice
2519 4799 2596 4839 est
2616 4794 2773 4854 mm,
2798 4801 2942 4851 quam
2966 4803 3136 4839 vocem
3171 4791 3220 4840 in
3252 4793 3476 4854 originali
3514 4799 3658 4845 textu

2079 4861 2299 4912 vitiatam
2337 4872 2426 4922 pro
2457 4859 2633 4918 om;
2655 4860 2761 4909 sive
2786 4865 2955 4924 tanta,
2981 4859 3224 4910 Victorius
3255 4863 3531 4924 contendit,
3556 4872 3658 4916 tum

2082 4945 2143 4981 ex
2169 4928 2318 4995 simili
2344 4927 2558 4977 lectione
2580 4929 2736 4995 Exod.
2761 4930 2932 4995 15.20.
2961 4935 3013 4978 et
3023 4929 3175 4995 lium.
3195 4932 3272 4979 55.
3292 4933 3372 4995 ubi
3396 4933 3543 4995 hujus
3566 4933 3659 4984 loci

2080 4992 2387 5057 mentio‘est,
2411 4997 2512 5038 tum
2534 5004 2657 5057 vero
2682 4993 2729 5040 in
2754 4993 2920 5057 primis
2941 5004 3004 5039 ex
3023 4991 3395 5057 Hieronymiana
3417 4991 3660 5057 interpre-

2083 5053 2286 5114 tatione,
2315 5064 2409 5113 qua
2431 5053 2661 5114 perfectio
2684 5053 2922 5111 vertitur;
2949 5053 3303 5114 perfectionem
3323 5057 3456 5103 enim
3477 5053 3574 5106 nou
3596 5060 3660 5107 si-

2081 5113 2335 5175 gniﬁcaret
2357 5126 2418 5161 ex
2433 5113 2554 5175 ejus
2574 5117 2835 5175 sententia,
2860 5115 2952 5164 nisi
2971 5121 3012 5169 ε]
3041 5117 3201 5164 littera
3224 5130 3312 5165 vox
3330 5115 3661 5168 clauderetur.

2082 5188 2148 5236 At
2169 5184 2432 5248 Caldaicam
2457 5187 2973 5248 terminationem,qua
3000 5187 3072 5236 uti
3095 5193 3223 5235 amat
3246 5185 3550 5248 Psalmistes,
3577 5188 3662 5238 ille

2083 5260 2180 5296 non
2198 5247 2420 5304 attendit,
2439 5256 2490 5296 et
2509 5256 2746 5310 praeterea
2764 5247 2981 5308 ejusdem
3003 5249 3364 5308 significatiOnis
3387 5247 3662 5299 voces'esse

2085 5315 2256 5372 nnis,
2295 5316 2346 5356 et
2376 5313 2532 5392 pm,
2558 5310 2703 5377 sicuti
2727 5315 2873 5371 nm,
2901 5315 2954 5358 et
2974 5314 3080 5389 pm
3099 5351 3111 5372 ,
3149 5316 3200 5358 et
3233 5314 3361 5367 tam:
3379 5351 3392 5372 ,
3432 5315 3485 5358 et
3515 5314 3623 5391 pay
3643 5352 3658 5377 ,

2085 5402 2233 5457 atque
2255 5392 2372 5441 alias
2389 5395 2589 5457 passim;
2615 5393 2831 5456 denique
2854 5406 2915 5457 ex
2942 5393 3110 5457 Exodo
3133 5393 3371 5457 primitus,
3384 5400 3466 5439 aut
3490 5406 3664 5457 nume-

2085 5451 2167 5505 ris'
2180 5457 2349 5505 Ellum
2370 5451 2428 5503 ad
2454 5451 2768 5515 perfectionis
2789 5451 3192 5516 signiﬁcationem
3217 5454 3341 5516 tralti
3357 5489 3370 5511 ,
3395 5465 3451 5499 ac
3474 5451 3661 5516 deinde

2088 5520 2310 5567 eamdem
2352 5513 2465 5565 esse
2508 5519 2636 5583 vocis
2667 5516 2818 5583 lit/tan
2912 5516 3102 5583 Psalmo
3123 5514 3398 5561 rectissime
3421 5513 3662 5583 concludi,

2086 5586 2389 5641 utpotequa:
2414 5591 2507 5626 non
2530 5580 2622 5627 nisi
2649 5593 2710 5627 ex
2733 5578 3001 5628 Chaldaicae
3040 5577 3220 5635 lingua:
3265 5574 3467 5635 ingenio
3508 5574 3666 5628 ﬁnalis

2088 5639 2318 5705 litterulae
2333 5641 2577 5705 scriptura
2599 5641 2789 5705 diversa
2811 5641 2892 5705 sit.
2950 5700 2960 5705 _
3025 5695 3038 5705 .
3057 5695 3070 5705 _
3143 5702 3153 5705 _
3212 5701 3222 5705 _
3353 5695 3362 5705 ,

2152 5703 2230 5764 (d)
2252 5695 2455 5767 Quidam
2470 5703 2766 5767 vetustiores
2783 5700 2962 5767 vulgati
2981 5695 3161 5767 addunt
3178 5701 3229 5766 et.
3239 5707 3337 5745 non:
3345 5695 3521 5756 ignem,
3540 5712 3664 5760 quas

2088 5756 2254 5828 voces,
2269 5756 2336 5828 ut
2356 5762 2484 5828 male
2507 5761 2707 5828 infartas
2737 5756 3294 5828 jampridemyictorius
3319 5756 3666 5822 expunxei'at;

2093 5817 2254 5877 editor
2284 5823 2636 5875 Benedictinus
2657 5817 3066 5872 itei'um‘adsclvit
3087 5817 3138 5867 in
3160 5823 3372 5869 textum.
