4106 6340
530 374 637 430 703

1154 482 1221 538 γ.
1259 482 1479 539 Musio.

600 593 672 648 Et
714 594 933 665 profecti
967 594 1031 649 de
1070 592 1399 661 Phiohirotlt,
1442 594 1745 650 transierunt
1775 611 1863 664 per
1885 595 2103 649 medium

528 700 669 739 mare
693 687 746 738 in
773 685 967 739 deserto
999 700 1019 739 :
1046 694 1093 739 et
1126 685 1507 740 ambulauerunt
1542 686 1675 740 viam
1712 686 1863 739 trium
1905 686 2103 739 dierum

524 776 578 829 in
607 775 880 830 solitudine
920 776 1126 845 Etham,
1177 787 1225 833 et
1273 786 1441 833 castra
1483 777 1657 831 metati
1690 785 1814 855 sunt
1850 775 1905 830 in
1950 774 2102 828 Mora

525 864 711 935 (Num.
743 866 831 920 55.
864 865 945 936 8).

594 979 788 1047 Quinta
813 980 1016 1036 Mansio
1037 982 1189 1035 estin
1210 997 1374 1043 una,
1407 997 1526 1050 qucc
1557 981 1937 1050 interpretatur
1959 995 2103 1032 ama-

521 1070 713 1124 ritudo.
744 1070 859 1125 Non
891 1080 1133 1140 poterant
1157 1072 1224 1126 ad
1252 1072 1416 1127 Rubri
1456 1072 1617 1126 maris
1642 1072 1878 1142 gurgites
1905 1086 2096 1142 perve-

523 1161 661 1225 nire,
691 1169 745 1214 et
766 1160 1098 1215 Pharaonem
1125 1176 1247 1216 cum
1282 1176 1381 1216 suo
1403 1161 1641 1216 exercitu
1664 1162 1845 1217 videre
1874 1178 2103 1232 pereun-

522 1258 629 1303 tem
655 1250 787 1314 ;nisi
814 1259 1094 1320 postquam
1121 1251 1421 1308 habuerunt
1442 1253 1493 1307 in
1529 1251 1691 1324 473
1740 1267 1835 1308 ore
1856 1253 2102 1310 nobilita-

527 1348 630 1404 tes,
659 1339 711 1393 id
728 1349 831 1406 est,
844 1340 899 1394 in
915 1340 1123 1397 Domini
1136 1342 1475 1399 confessione
1486 1344 1732 1411 virtutes,
1744 1344 1961 1415 quando
1981 1359 2100 1400 cre-

518 1436 771 1493 diderunt
804 1438 936 1504 Deo,
964 1447 1019 1494 et
1045 1439 1213 1509 Moysi
1242 1439 1443 1494 famulo
1473 1441 1592 1509 ejus
1612 1459 1625 1494 :
1645 1449 1700 1495 et
1718 1440 2003 1497 audierunt
2028 1441 2097 1495 ab

519 1542 587 1582 eo
618 1545 633 1582 :
670 1547 691 1580 α
727 1529 986 1584 Dominus
1011 1532 1262 1601 pugnavit
1287 1546 1386 1601 pro
1411 1532 1565 1587 vobis
1593 1531 1687 1604 [aL
1712 1526 1898 1604 nobis],
1928 1542 1983 1588 et
2002 1548 2098 1589 vos

519 1618 766 1674 tacebitis
799 1637 818 1672 ι
855 1619 1049 1691 (Exod.
1080 1622 1166 1676 14.
1196 1623 1289 1693 14)
1322 1640 1336 1676 :
1364 1632 1419 1678 et
1439 1623 1691 1689 victores,
1723 1623 1883 1678 Maria
1910 1625 2098 1695 prteci-

518 1718 702 1774 nente,
728 1710 785 1765 in
817 1713 1082 1782 tympanis
1108 1724 1165 1769 et
1187 1713 1368 1769 choris
1390 1729 1646 1771 resonare
1673 1728 1955 1787 coeperunt
1976 1732 2099 1772 car-

515 1798 661 1853 mina
691 1801 1151 1871 triumphantium.
1184 1822 1206 1858 ι
1233 1803 1526 1861 Cantemus
1561 1806 1812 1889 Dom'wo,
1859 1807 2097 1878 gloriose

516 1892 659 1948 enim
686 1892 1071 1950 honorificatus
1091 1904 1192 1963 est,
1215 1913 1411 1966 equum
1436 1912 1493 1954 et
1509 1912 1849 1954 ascensorem
1873 1899 2097 1970 projecit

514 1981 569 2036 in
595 1997 747 2039 mare
775 2002 797 2036 ι
838 1984 1033 2055 (Exod.
1066 1988 1156 2043 15.
1183 1990 1261 2057 1).
1288 1990 1415 2045 Post
1443 1990 1877 2059 praedicationem
1915 1992 2091 2046 Evan-

512 2071 662 2141 gelii,
687 2084 807 2141 post
839 2074 1180 2131 tabernacula
1210 2080 1721 2150 transmigrantium,
1747 2089 1866 2150 post
1887 2096 2097 2138 assum-

514 2171 659 2229 ptam
687 2164 1071 2232 fortitudinem,
1102 2177 1225 2236 post
1244 2168 1597 2224 confessionis
1623 2170 1956 2226 nobilitatem
1983 2171 2082 2243 (α).

512 2250 753 2322 Egyptii
780 2263 834 2308 et
856 2254 1067 2311 Pharao
1092 2272 1279 2313 rursus
1306 2268 1618 2315 occurrunt.
1654 2259 1807 2316 Unde
1834 2259 2092 2316 discimus

510 2341 780 2398 cavendas
800 2358 1017 2415 semper
1040 2346 1282 2413 insidias,
1310 2356 1366 2401 et
1392 2347 1744 2404 invocandam
1770 2351 2083 2405 misericor-

511 2431 653 2487 diam
684 2433 801 2498 Dei,
833 2444 890 2491 ut
917 2436 1285 2506 insequentem
1314 2437 1647 2494 Pharaonem
1676 2441 1940 2509 possimus
1960 2439 2092 2495 effu-

521 2534 665 2589 gere,
683 2533 739 2578 et
764 2525 919 2580 nobis
935 2527 985 2580 in
1005 2528 1265 2596 Spirituali
1287 2528 1550 2598 baptismo
1567 2529 1875 2585 sull'ocetur.
1898 2531 2092 2601 Egres-

516 2613 594 2667 sis
620 2612 689 2668 de
713 2616 849 2668 mari
880 2617 1081 2681 Rubro,
1109 2618 1345 2673 occurrit
1371 2634 1586 2674 eremus
1610 2620 1735 2685 Sur,
1767 2636 1886 2690 qua:
1913 2630 1971 2677 et
1997 2636 2086 2676 so~

511 2701 681 2759 litudo
707 2705 898 2761 Etham
927 2708 1141 2774 dicitur,
1170 2711 1223 2763 in
1249 2726 1348 2780 qua
1382 2712 1550 2767 tribus
1577 2712 1765 2768 diebus
1786 2715 2091 2784 ingredien-

508 2802 591 2849 tes
615 2809 720 2850 non
751 2795 1049 2853 habuerunt
1078 2815 1268 2871 aquam
1295 2820 1310 2857 :
1338 2810 1394 2857 et
1423 2817 1784 2873 pervenerunt
1812 2807 1880 2861 ad
1918 2808 2084 2877 Mara,

509 2899 630 2954 qua:
675 2901 742 2941 ex
788 2890 1145 2947 amaritudine
1188 2906 1384 2947 nomen
1428 2896 1653 2964 accepit.
1701 2896 1940 2954 llabebat
1968 2901 2087 2956 fons

506 2991 722 3048 aquam,
763 2989 817 3034 et
846 2981 1180 3037 dulcedinem
1226 2999 1333 3039 non
1374 2984 1620 3063 habebat.
1662 2987 1955 3045 Murmurat
1994 3008 2088 3062 po-

509 3069 667 3137 pulus
711 3070 901 3126 videns
948 3089 1134 3143 aquas,
1167 3083 1224 3131 et
1266 3086 1452 3146 potare
1478 3094 1585 3134 nou
1615 3083 1908 3140 sustinens.
1940 3084 2084 3140 Mam

504 3157 763 3229 intelligo,
792 3176 959 3233 aquas
983 3165 1277 3222 occidentis
1296 3168 1510 3236 litterze,
1528 3171 1721 3239 quibus
1750 3173 1797 3226 si
1828 3173 2085 3229 immitta-

507 3252 597 3301 tur
630 3249 897 3305 cOnfessio
937 3255 1135 3323 crucis,
1177 3266 1232 3311 et
1276 3261 1543 3328 passionis
1582 3262 1873 3318 Dominica:
1900 3280 2082 3321 sacra-

507 3345 687 3391 menta
718 3339 1010 3411 iungantur
1051 3361 1066 3398 :
1105 3361 1265 3402 omne
1305 3348 1447 3418 quod
1496 3350 1805 3421 impotabile
1846 3363 1899 3409 et
1931 3357 2084 3414 triste

504 3428 789 3486 videbatur
816 3448 877 3488 ac
908 3435 1156 3506 rigidum,
1192 3443 1415 3497 vertitur
1442 3445 1493 3498 in
1536 3445 1891 3504 dulcedinem.
1930 3450 2083 3510 Unde

502 3526 558 3573 et
583 3521 836 3591 scriptum
862 3533 987 3582 est:
1024 3545 1043 3579 ι
1073 3514 1361 3587 Constituit
1409 3535 1553 3591 Deus
1591 3540 1790 3607 ponulo
1815 3541 1989 3613 legem
2029 3554 2084 3600 et

497 3610 717 3679 judicia,
752 3623 806 3669 et
831 3621 1054 3673 tentavit
1082 3635 1202 3676 eum
1238 3641 1259 3675 ι
1288 3624 1483 3695 (Exod.
1514 3629 1603 3684 ts.
1632 3630 1748 3700 25).
1805 3610 1903 3688 Ubi
1922 3634 2080 3691 'enim

503 3705 813 3772 magnitudo
863 3710 1068 3777 gratiae,
1111 3712 1183 3767 ibi
1231 3708 1543 3786 magnitudo
1582 3719 1927 3780 discriminis.
1971 3725 2083 3782 Nec

502 3798 775 3860 terrearis,
809 3799 853 3852 si
877 3810 999 3869 post
1019 3804 1297 3861 victoriam
1322 3809 1510 3864 venias
1536 3811 1602 3867 ad
1629 3816 2078 3884 amaritudinem:

503 3886 624 3955 quia
653 3903 838 3944 verum
861 3893 1063 3950 Pascha
1094 3895 1375 3967 facientes,
1405 3918 1589 3975 azyma
1618 3921 1740 3961 cum
1765 3910 2081 3966 amaritudi-

501 3976 659 4034 nibus
687 3984 994 4052 comedunt,
1037 3996 1092 4041 et
1130 3993 1355 4048 tentatio
1403 3997 1796 4069 probationem,
1835 4004 2081 4073 probatio

499 4082 674 4138 spem,
713 4086 837 4143 Spes
886 4079 1022 4145 parit
1065 4081 1291 4138 salutem
1327 4085 1502 4157 (Rom.
1531 4088 1607 4159 5).
1656 4092 1811 4160 Apud
1840 4094 2081 4151 medicos

500 4175 735 4231 quoque,
763 4167 1006 4234 qumdam
1042 4172 1334 4242 antidotus,
1378 4178 1568 4234 noxios
1596 4182 1849 4239 humores
1878 4194 2083 4257 tempe-

442 4278 451 4287 -
502 4266 649 4317 rans,
697 4270 768 4309 ex
816 4257 891 4328 (b)
930 4262 1285 4321 amaritudine
1333 4282 1690 4341 nuncupatur,
1743 4291 1862 4347 qua:
1911 4277 2082 4334 dulcis

500 4346 821 4411 ostenditur,
872 4354 1157 4409 restituens
1199 4358 1481 4415 sanitatem
1513 4378 1526 4413 :
1557 4363 1696 4418 sicut
1735 4346 1766 4420 e
1808 4373 2081 4425 contrario

500 4435 743 4506 voluptas
769 4449 927 4511 atque
965 4444 1173 4501 luxuria
1203 4451 1576 4513 amaritudine.
1596 4458 1972 4528 terminantur,
2002 4463 2083 4519 di-

499 4542 655 4586 cente
683 4530 958 4603 Scriptura
989 4554 1003 4590 :
1037 4556 1058 4591 ‹
1087 4538 1217 4607 Qua:
1233 4541 1299 4597 ad
1318 4552 1528 4615 tempus
1554 4547 1877 4619 pinguefacit
1901 4554 2081 4610 fauces

501 4628 640 4684 tuas,
674 4626 964 4682 novissime
990 4645 1117 4686 vero
1142 4636 1377 4691 amarius
1414 4637 1538 4716 felle
1563 4638 1809 4698 invenies
1842 4662 1861 4696 ι
1891 4644 2073 4719 (Prov.

499 4710 552 4763 δ.
586 4711 641 4764 s.
660 4714 816 4782 juxta
842 4715 1040 4792 LXX).

1113 4854 1202 4909 VI.
1242 4857 1467 4916 MANSIO.

569 4954 640 5009 Et
683 4961 896 5029 profecti
924 4962 987 5016 de
1017 4964 1203 5033 Hera,
1235 4983 1474 5025 venerunt
1517 4975 1571 5028 in
1619 4976 1780 5043 Elim,
1809 4982 1898 5035 ubi
1938 4994 2082 5039 erant

505 5050 772 5103 duodecim
800 5053 965 5120 fontes
983 5073 1252 5128 aquarum,
1275 5073 1322 5115 et
1393 5063 1557 5137 474
1620 5074 1939 5143 septuaginta
1966 5077 2083 5145 ραι-
2120 5080 2127 5083 ⁷

479 5141 597 5195 'nue
613 5157 634 5207 ;
664 5143 733 5196 ibi
761 5160 857 5213 que
872 5157 1045 5201 castra
1076 5154 1248 5205 metati
1264 5164 1379 5208 sunt
1403 5156 1594 5225 (Nam.
1618 5160 1707 5215 53.
1736 5141 1812 5233 9).

569 5273 727 5331 Sexta
770 5275 973 5333 Mansio
1010 5279 1065 5335 in
1109 5284 1290 5340 arietes
1335 5286 1588 5362 fortesque
1628 5297 1870 5355 vertitur.
1910 5303 2080 5369 Quam

561 5405 1115 5489 92.2“91999‘9qus
1154 5414 1271 5489 b.133-
1307 5426 1412 5482 PO“
1451 5425 1758 5488 οοηῙεεείαιίε
1790 5433 2083 5489 nobilitatem

497 5467 716 5531 pericula
739 5483 909 5522 rursus
929 5484 1207 5528 occurrunt.

560 5528 909 5614 ("adfinxit-um
1084 5541 1222 5614 quod.
1234 5542 1575 5614 medicamenti
1597 5547 1756 5612 genus
1778 5563 1856 5606 est
1882 5570 1947 5607 ex
1970 5558 2081 5609 aloe

500 5599 833 5655 compositum,
863 5605 915 5646 et
933 5599 1125 5672 duobus
1145 5603 1341 5664 quidem
1383 5599 1947 5682 uominibﬁfﬁéjléw

498 5658 595 5702 tur.
623 5654 710 5702 sed
735 5656 955 5702 absolute
979 5672 1137 5702 Pllam_
1164 5664 1333 5702 animi
1361 5676 1583 5702 lamna-In
1627 5683 1677 5702 ..ι
1707 5692 1767 5702 η..
1797 5681 1900 5702 ηε..-
1927 5681 2077 5702 ιε..-,..

478 5658 599 5752 ἕλξις
623 5656 1141 5752 ἒθί1;ξδδ⁰¹υιθέιί³ων
1163 5656 1337 5752 idem
1361 5656 1681 5752 sapore“...
1701 5656 1779 5727 2';
1794 5656 1926 5752 e331?
1925 5656 2082 5743 uiis;

718 5719 726 5727 ι
1129 5712 1141 5723 .
1173 5712 1187 5715 ~
1214 5712 1231 5714 η
1261 5712 1337 5716 -~—~
1364 5712 1583 5731 ""'r""
1629 5712 1681 5724 υ·-
1705 5712 1770 5727 VG
1794 5712 1824 5729 υ
1845 5712 1902 5729 νει
1925 5712 1959 5729 ιι
1995 5712 2078 5732 υσι

498 5712 866 5804 ἓξὲξ-..ἱιὲ
886 5728 1333 5804 eius"!
1349 5712 1603 5804 .eslwl
1619 5712 2078 5804 ρεσπιιβτῖηείεῗιθηι

500 5780 883 5829 amaritudinem.
914 5783 1017 5832 Vill.
1048 5780 1197 5848 Epist.
1221 5790 1279 5837 ad
1305 5780 1789 5855 Algasiauiﬁinrl’rgefw.

1847 366 1924 424 SA
1932 363 2082 422 NCTI
2124 359 2498 421 HIERONYMI

3686 369 3792 426 70‘

2212 472 2435 543 pulcher
2461 471 2593 529 ordo
2617 472 2870 530 virtutum
2903 495 2918 531 :
2950 485 3072 548 post
3092 476 3371 535 victoriam
3394 477 3642 548 tentatio,
3668 492 3792 552 post

2213 563 2560 620 tentationem
2609 564 2855 621 refectio.
2911 567 2987 624 De
3023 567 3380 625 amaritudine
3433 569 3679 628 venimus
3725 573 3791 630 ad

2212 654 2428 720 arietes,
2454 663 2510 709 et
2538 654 2790 711 robustos
2818 656 3082 728 principes
3110 660 3307 731 gregis,
3329 675 3464 730 quos
3486 661 3631 731 apud
3660 663 3793 718 Exeo

2208 744 2433 801 cbielem
2466 743 2678 817 (Ezech.
2728 744 2819 817 54)
2866 747 3119 804 Dominus
3155 749 3520 820 judicaturum
3566 766 3687 809 esse
3731 768 3792 811 se

2162 886 2173 893 ,
2208 835 2382 891 dicit:
2430 835 2570 907 quod
2624 836 2717 892 alii
2773 851 2960 893 eorum
3000 840 3435 896 conculcaverint
3479 856 3686 913 aquas,
3738 854 3793 900 ct

2208 926 2626 995 compresserint
2650 940 2777 982 oves
2811 944 2826 982 :
2868 927 2957 982 alii
2985 928 3135 984 lenes
3163 939 3217 985 et
3258 931 3543 999 placabiles
3570 932 3786 990 fuerint.

2208 1015 2284 1069 De
2323 1015 2406 1070 his
2434 1024 2489 1071 et
2518 1015 2803 1072 vicesimus
2835 1026 3058 1075 octavus
3098 1020 3344 1076 Psalmus
3382 1023 3652 1092 loquitur:
3692 1025 3789 1097 Af-

2207 1104 2334 1177 ferte
2360 1104 2581 1160 Domino
2606 1105 2736 1161 Filii
2763 1105 2882 1177 Dei,
2913 1107 3105 1176 Alferte
3139 1108 3360 1165 Domino
3385 1112 3522 1180 ﬁlios
3551 1113 3785 1171 arietant.

2204 1194 2383 1252 Sexta
2410 1197 2699 1253 Mansionis
2725 1207 2968 1255 tenemus
2996 1199 3309 1272 hospitium.
3336 1199 3616 1272 Nunquam
3644 1205 3789 1272 prius

2205 1290 2555 1343 occurrerunt
2601 1286 2778 1344 fontes
2820 1290 3131 1360 purissimi,
3160 1290 3264 1347 nisi
3295 1292 3381 1346 ubi
3416 1294 3787 1363 magistrorum

2205 1373 2446 1431 doctrina
2486 1378 2751 1448 prorupit.
2796 1378 2909 1435 Nec
2952 1379 3173 1436 dubium
3212 1380 3339 1453 quin
3386 1381 3456 1438 de
3504 1383 3786 1440 duodecim

2205 1466 2479 1534 Apostolis
2516 1482 2695 1522 sermo
2736 1469 2850 1524 sit:
2887 1468 2956 1525 de
2992 1485 3218 1542 quorum
3263 1473 3494 1553 fontibus
3537 1475 3786 1532 derivata:

2203 1568 2391 1626 aquas,
2444 1558 2605 1612 totius
2648 1558 2832 1614 mundi
2890 1560 3187 1617 siccitatem
3239 1563 3432 1633 rigant.
3485 1562 3643 1621 Juxta
3688 1566 3786 1625 has

2202 1660 2368 1716 aquas
2409 1650 2743 1718 septuaginta
2783 1660 3068 1707 creverunt
3110 1653 3333 1723 palmae,
3380 1669 3515 1725 quos
3551 1666 3606 1712 et
3642 1658 3785 1728 ipsos

2202 1738 2424 1794 secundi
2445 1739 2650 1795 ordinis
2670 1741 3020 1813 intelligimus
3046 1755 3426 1816 prmceptores,
3449 1746 3592 1803 Luca
3618 1749 3786 1806 Evan-

2200 1828 2386 1897 gelista
2442 1838 2675 1903 testante
2703 1869 2720 1898 ,
2774 1830 3057 1888 duodecim
3126 1832 3295 1891 fuisse
3346 1835 3677 1907 Apostolos,
3729 1848 3785 1897 et

2200 1921 2533 1991 septuaginta
2559 1921 2849 1993 discipulos
2874 1925 3101 1980 minoris
3124 1925 3324 1996 gradus
3342 1968 3357 1993 ,
3389 1943 3523 1998 quos
3542 1938 3598 1985 et
3631 1930 3784 1987 binos

2198 2017 2326 2066 ante
2368 2026 2428 2066 se
2469 2012 2725 2067 Dominus
2771 2014 3128 2083 prwmittebat
3168 2015 3315 2087 (Luc.
3364 2019 3418 2072 6.
3462 2029 3510 2073 et
3551 2020 3663 2092 10).
3707 2020 3783 2077 De

2199 2102 2391 2171 quibus
2416 2111 2472 2158 et
2510 2103 2705 2160 Paulus
2733 2106 2900 2161 refert
2932 2105 3009 2178 (1.
3038 2106 3157 2161 Cor.
3189 2109 3278 2163 15.
3297 2108 3350 2163 5.
3382 2108 3435 2163 6.
3462 2120 3509 2163 et
3535 2110 3617 2181 7),
3643 2112 3783 2181 quod

2196 2196 2505 2265 apparuerit
2553 2196 2811 2252 Dominus
2860 2198 3092 2269 primum
3142 2196 3213 2271 (c)
3259 2199 3539 2267 undecim,
3587 2200 3781 2259 deinde

2197 2285 2469 2355 Apostolis
2490 2287 2740 2342 omnibus
2758 2328 2775 2355 ,
2806 2288 2943 2343 alios
2977 2288 3164 2345 volens
3212 2289 3436 2360 intelligi
3464 2291 3697 2361 primos,
3727 2299 3782 2349 et

2197 2374 2331 2431 alios
2365 2376 2630 2434 secundos
2658 2377 2856 2433 Christi
2881 2378 3193 2449 discipulos.
3224 2381 3475 2436 Bihamus
3497 2382 3566 2438 de
3593 2383 3777 2453 hujus-

2197 2465 2341 2521 modi
2366 2466 2621 2534 fontibus,
2652 2476 2708 2522 et
2734 2467 2920 2524 dulces
2948 2469 3151 2524 fructus
3176 2470 3414 2526 victoria:
3436 2470 3775 2542 devorantes,

2194 2558 2264 2613 ad
2303 2556 2610 2615 Mansiones
2634 2559 2872 2630 reliquas
2899 2576 3283 2631 praeparemur.

2805 2670 2914 2726 νη.
2953 2671 3178 2733 Musio.

2264 2780 2587 2854 Profectique
2609 2783 2673 2837 de
2696 2783 2851 2850 Etim,
2877 2796 3048 2841 castra
3075 2787 3246 2841 metati
3270 2798 3390 2844 sunt
3408 2791 3479 2845 ad
3505 2807 3645 2848 mare
3662 2791 3773 2849 Ru-

2192 2870 2335 2926 brum
2361 2872 2549 2944 (Num.
2572 2875 2663 2930 ss.
2698 2875 2788 2945 to)
2823 2874 2928 2948 (ά).

2262 2987 2408 3044 Mare
2448 2988 2711 3055 Rubrum,
2755 2991 2898 3062 quod
2950 2992 3211 3050 Hebraice
3259 2994 3596 3063 dicitur,J.ut
3622 3015 3773 3067 sum,

2194 3076 2420 3145 septima
2437 3076 2643 3133 Mansio
2660 3088 2767 3134 est.
2783 3080 2853 3135 Et
2872 3084 3150 3151 quaaritur,
3173 3086 3442 3155 quomodo
3465 3099 3585 3158 post
3608 3100 3778 3145 trans-

2191 3166 2413 3223 itionem
2443 3171 2606 3224 maris
2649 3170 2839 3239 Rubri,
2883 3183 2936 3229 et
2982 3174 3144 3232 fontis
3168 3176 3344 3245 Mara,
3387 3190 3442 3236 et
3467 3182 3624 3249 Elim,
3654 3201 3775 3240 rur-

2190 3273 2308 3313 sum
2347 3261 2416 3315 ad
2455 3277 2604 3318 mare
2633 3264 2871 3321 Rubrum
2896 3270 3163 3337 venerint,
3194 3271 3295 3326 nisi
3334 3272 3473 3329 forte
3503 3277 3555 3330 in
3587 3278 3779 3333 itinere

2191 3354 2561 3424 pergentibus,
2609 3356 2758 3413 sinus
2800 3360 3014 3429 quidam
3044 3365 3207 3418 maris
3248 3369 3588 3435 occurrerit,
3624 3371 3775 3440 juxta

2190 3457 2347 3514 quem
2395 3454 2572 3500 castra
2619 3450 2805 3503 metati
2851 3451 2981 3506 sint.
3027 3454 3185 3509 Aliud
3234 3465 3317 3511 est
3360 3460 3503 3514 enim
3545 3464 3776 3520 transire

2189 3550 2376 3591 mare:
2403 3536 2546 3593 aliud
2577 3539 2630 3593 in
2661 3541 2907 3610 proximo
2947 3545 3111 3616 ﬁgere
3152 3547 3511 3606 tabernacula.
3552 3552 3629 3607 Ex
3655 3554 3777 3623 qui-
3832 3586 3839 3593 -

2189 3625 2289 3683 bus
2316 3642 2620 3697 monemur,
2663 3632 2823 3688 etiam
2871 3645 2995 3704 post
3039 3637 3411 3709 Evangelicam
3442 3642 3771 3714 disciplinam

2188 3729 2244 3775 et
2280 3721 2429 3776 cibos
2472 3720 2811 3781 dulcissimos
2853 3729 3281 3799 triumphorum,
3310 3748 3571 3806 apparere
3621 3740 3774 3795 nobis

2189 3812 2455 3868 interdum
2485 3828 2675 3870 mare:
2716 3826 2771 3872 et
2817 3822 3085 3888 praeterita
3125 3823 3433 3880 discrimina
3478 3829 3604 3897 poni
3648 3840 3774 3886 ante

2187 3894 2398 3961 oculos.
2455 3906 2769 3979 Quanquam
2834 3914 3016 3968 multa:
3084 3914 3400 3974 differentiae
3469 3894 3631 3996 Ᾱ75
3703 3926 3775 3979 sit

2189 3998 2422 4052 transire
2460 4013 2641 4065 mare,
2692 4010 2748 4056 et
2791 4017 2941 4059 mare
2995 4007 3180 4075 procul
3227 4008 3486 4079 aspicere.
3540 4013 3772 4071 Verbum

2188 4086 2293 4144 ιλιι
2318 4104 2471 4157 sum,
2493 4092 2633 4162 apud
2675 4092 2931 4153 Hebraeos
2955 4112 3021 4153 ex
3062 4100 3196 4154 mari
3224 4110 3278 4155 et
3307 4103 3471 4159 rubro
3498 4108 3770 4176 composi-

2190 4187 2301 4234 tum
2342 4190 2427 4235 est
2459 4180 2551 4253 (ε).
2597 4182 2741 4240 Sura
2782 4195 2962 4243 autem
2991 4199 3048 4246 et
3081 4190 3314 4247 Rubrum
3337 4203 3394 4251 et
3420 4195 3650 4269 δίυγρα
3676 4215 3772 4256 vo-

2187 4277 2358 4323 catur.
2390 4269 2545 4326 Unde
2571 4287 2859 4342 possumus
2887 4282 3188 4352 suspicari,
3231 4287 3374 4354 quod
3418 4291 3661 4346 venerint
3701 4293 3769 4351 ad

2188 4361 2436 4431 paludem
2463 4365 2749 4434 quamdam
2791 4379 2846 4425 et
2870 4370 3042 4427 lacum
3060 4417 3076 4443 ,
3099 4377 3190 4446 qui
3211 4385 3266 4432 et
3286 4390 3498 4437 carecto
3515 4391 3572 4438 et
3589 4382 3772 4453 junci:

2347 4514 3057 4603 duodecigt_ltabet,
3071 4534 3394 4603 quaenmiuime
3416 4539 3769 4603 contemnenda

2186 4575 2715 4661 Ξῖέξίξξςῆιιὲίβξιὶεέἓει
2735 4587 2935 4661 ﬂoris
2956 4575 3769 4661 ὸέδὲιῗιέ”έῇὸέῐόιέε””ἀίὲῖἰῆἒιῖ’ἑ“ιίὲ

2188 4639 2251 4713 ab
2275 4638 2382 4687 aliis
2402 4638 2713 4713 septuaginta
2735 4638 2961 4713 intendit.
2984 4638 3771 4713 Au'hEé’iﬁi‘ti'GHcTtE"€e}ih§

2187 4698 2637 4787 in
2657 4704 2794 4757 libris
2816 4698 3772 4787 frequenfidsWSSQTanlnuévpttt‘;

2188 4760 2322 4810 ferre
2346 4762 2607 4814 invenitur.

2257 4820 2646 4905 -.ἕρ-ξιμςὲ
2661 4830 2865 4905 ‘verba‘
2884 4836 3316 4905 cumjiieronymi
3360 4843 3769 4905 interpretatione

2189 4883 2968 4971 33‘229P"};h919§9s_nlss9
2982 4883 3771 4971 tua;sensitsensit;

2188 5252 2495 5315 restituimus
2512 5252 2666 5315 atque
2689 5252 3068 5314 emendavimus.

2216 5309 2318 5420 θέε)
2355 5312 2497 5375 Αρυά
2521 5309 2760 5388 Hébyaeos
2796 5321 2925 5393 Suph
2963 5309 3182 5420 nit-spiam
3222 5329 3425 5380 rubrum
3460 5334 3765 5399 significare,

2319 5372 2494 5420 algam.
2522 5381 2606 5420 aut
2630 5391 2836 5420 mnuum.
2865 5397 3028 5420 12mm».
3066 5403 3143 5420 mn
3179 5393 3387 5420 οηηηιςο
3413 5395 3525 5420 ..:..:-.
3551 5404 3763 5420 manu---

2859 5372 2954 5453 iam

2188 5440 2294 5508 §t§
2319 5446 2485 5508 neque
2502 5436 2635 5484 adeo
2647 5436 2925 5508 unquam'in
2943 5436 3099 5508 veteri
3123 5436 3771 5508 réstSEiéaté'iEnFiBZi‘ié

2186 5494 2296 5572 ﬁeri
2318 5494 2646 5572 mentionem,
2660 5494 2749 5548 sed
2770 5503 2922 5554 miris

2185 5564 2320 5634 mine
2340 5562 2422 5611 alii
2446 5566 2601 5614 sinum
2621 5570 2894 5643 Arabicum,
2918 5562 3293 5631 aliipers'iéum—
3319 5562 3596 5658 intelligunt
3616 5624 3632 5649 ,
3678 5602 3763 5653 qul

2186 5636 2322 5658 (unum
2368 5626 2663 5658 trullas-mum
2704 5645 2808 5658 ουν..
2831 5636 3026 5658 ..-.L...-_-
3068 5654 3111 5658 η-
3136 5655 3198 5658 μμ,
3289 5643 3302 5658 ι
3474 5649 3483 5658 .
3578 5657 3585 5658 ,
3637 5651 3696 5658 --Α

2185 5629 2348 5705 sinus“
2361 5626 2682 5705 ELQttl'tt'tBunt,
2704 5634 2809 5683 sive
2831 5626 3043 5705 rubrguu
3064 5626 3593 5705 ﬁtié’iﬁtéB'Siiu‘iEEi
3616 5626 3764 5703 Ἠῗιῖέ

2185 5684 2593 5766 ξἉῐςἮ-ξξςξξεξ-τ-
2614 5684 2713 5766 quo
2750 5684 2904 5766 sensu
2926 5684 3243 5766 'ii'i'ériibﬁii'
3257 5684 3765 5766 YEFbS'GEZiin‘c‘é'J'a

2189 5805 2424 5867 Erythraei
2445 5805 2608 5871 maris,
2629 5814 2757 5876 Suph
2782 5805 3513 5890 voca—bltlo—senl'ivatusi'g’n'iﬁca‘ri.‘
