4106 6340
342 356 443 417 705

339 473 526 542 plenus
576 470 757 529 fuerit.
799 470 956 540 Quod
1003 479 1182 528 autem
1230 485 1420 528 omnes
1471 473 1915 545 cpngregationes

335 577 587 633 aquarum
616 562 889 635 Scriptum
911 573 1096 620 sancta
1135 579 1284 621 mare
1311 572 1498 634 vocet,
1527 565 1670 621 nulla
1705 566 1918 620 dubita-

332 652 405 707 tio
429 660 530 707 est.
560 651 686 709 Herc
707 652 909 709 Mansio
936 655 989 709 in
1011 654 1199 709 Exodo
1224 671 1332 710 non
1362 656 1590 711 habetur
1614 673 1627 710 :
1660 656 1756 712 sed
1783 656 1916 710 scri-

330 753 479 813 ptum
507 751 587 797 est
625 758 722 812 pro
747 759 831 810 ea,
863 744 1007 816 quod
1051 745 1120 801 de
1159 746 1294 800 mari
1348 746 1532 801 Rubro
1571 746 1819 803 venerint
1845 746 1914 800 ad

329 834 576 889 desertum
599 835 717 903 Sin,
749 836 887 906 quod
913 846 985 892 est
1010 838 1143 893 inter
1172 837 1311 892 Elim
1338 846 1390 892 et
1423 838 1593 904 Sinni,
1616 839 1793 909 quinta
1818 837 1911 891 de-

326 927 456 980 cima
481 926 562 981 die
596 929 780 983 mensis
808 929 1020 983 secundi
1045 930 1346 1001 egressionis
1374 947 1555 985 eorum
1586 946 1651 985 ea:
1667 928 1906 1001 Egypto

326 1017 524 1088 (Exod.
580 1019 668 1074 I6.
722 1018 800 1089 1),
851 1020 905 1076 id
932 1030 1054 1089 est,
1103 1021 1376 1078 tricesima
1424 1022 1595 1095 prima
1628 1031 1909 1093 postquam

324 1109 525 1180 egressi
550 1118 676 1165 sunt
705 1110 772 1166 de
798 1111 1077 1167 Ramesse.

913 1200 1043 1256 VIII.
1085 1201 1310 1259 Mmsxo.

393 1289 461 1343 Et
480 1292 694 1362 profecti
722 1293 784 1346 de
813 1292 944 1346 mari
969 1292 1145 1347 Rubro
1166 1336 1181 1358 ,
1209 1302 1381 1348 castra
1407 1294 1579 1348 metati
1602 1302 1719 1348 sunt
1744 1295 1797 1346 in
1822 1308 1908 1346 so-

325 1379 540 1434 litudine
564 1379 660 1434 Sin
704 1381 896 1451 (Nunt.
937 1382 1028 1437 55.
1062 1381 1172 1455 il).

392 1468 591 1525 Octava
631 1471 834 1526 Mansio
853 1513 867 1535 ,
902 1472 1029 1527 licet
1049 1470 1202 1541 juxta
1222 1471 1463 1528 ordinem
1489 1472 1659 1528 Exodi
1678 1470 1902 1542 septima

322 1561 410 1617 sit.
461 1561 565 1619 Sed
609 1563 922 1629 sciendum,
968 1564 1110 1633 quod
1154 1564 1331 1619 omnis
1360 1578 1529 1634 usque
1558 1563 1625 1618 ad
1665 1572 1902 1618 montem

322 1655 461 1712 Sinai
487 1671 699 1711 eremus
719 1655 815 1711 Sin
842 1666 1083 1723 vocetur,
1111 1665 1167 1711 et
1192 1672 1258 1711 ex
1289 1664 1398 1710 tota
1431 1655 1710 1724 provincia
1739 1654 1899 1710 etiam

322 1751 467 1805 locus
507 1750 663 1803 unius
704 1748 996 1804 Mansionis
1043 1763 1240 1803 nomen
1286 1747 1558 1817 acceperit
1597 1763 1613 1800 :
1663 1746 1801 1802 sicut
1847 1754 1903 1801 et

322 1840 469 1895 Moab
497 1848 603 1894 tam
633 1839 778 1895 urbis
802 1855 963 1911 quam
1011 1838 1298 1909 provinciae
1330 1853 1528 1893 nomen
1569 1848 1671 1893 est.
1701 1836 1760 1892 ln
1799 1837 1902 1893 hac

321 1929 605 1985 solitudine
631 1929 866 1999 quinque
907 1930 1210 1984 Mansiones
1248 1937 1373 1983 sunt
1405 1946 1419 1983 :
1466 1928 1588 1984 Jam
1612 1926 1764 1998 supb
1789 1970 1804 1996 ,
1832 1928 1901 1983 de

320 2036 422 2089 qua
445 2035 603 2090 supra
631 2019 889 2085 diximus,
920 2030 977 2074 et
999 2033 1213 2075 eremus
1236 2019 1329 2075 Sin
1351 2060 1366 2085 ,
1396 2028 1452 2074 et
1477 2017 1553 2092 (a)
1584 2018 1815 2089 Dephca,
1846 2028 1898 2074 ct

323 2110 450 2164 Alus
471 2151 487 2176 ,
520 2122 575 2165 et
602 2110 887 2179 Rapbidim
907 2150 923 2176 ,
968 2107 1034 2164 de
1060 2108 1254 2178 quibus
1284 2108 1563 2178 loquemur
1608 2107 1661 2162 in
1705 2094 1897 2162 conse-

320 2201 624 2270 quentibus.
651 2200 744 2256 SIN
764 2209 968 2265 autem,
993 2200 1375 2269 interpretatur
1395 2200 1569 2264 rubus,
1594 2197 1677 2252 vel
1692 2197 1894 2263 odium,

319 2306 541 2385 quoran
588 2300 876 2362 utrumque
896 2288 1025 2344 facit
1045 2288 1113 2343 ad
1133 2289 1389 2359 mysticos
1410 2288 1732 2354 intellectus,
1755 2288 1899 2357 quod

319 2381 600 2452 postquam
628 2383 935 2438 venerimus
960 2381 1029 2437 ad
1054 2397 1179 2436 eum
1207 2381 1404 2447 locum,
1433 2381 1501 2437 de
1524 2397 1630 2453 quo
1656 2382 1725 2435 sit
1744 2381 1900 2437 nobis

318 2472 576 2527 Dominus
599 2474 877 2528 locuturus
908 2471 1006 2543 [al.
1050 2470 1287 2543 locutus],
1310 2471 1525 2542 grande
1563 2471 1746 2526 odium
1788 2487 1900 2525 me-

315 2577 533 2617 reamur
572 2563 792 2617 inimici.
822 2561 975 2616 Tunc
1003 2562 1300 2617 videbimus
1341 2562 1532 2639 ardere
1570 2560 1803 2628 rubum,
1845 2572 1900 2617 et

317 2672 424 2711 non
472 2655 715 2710 comburi
760 2672 774 2708 :
825 2653 1143 2709 inﬂammari
1190 2655 1482 2709 Ecelesiam
1514 2655 1899 2723 persecutioni-

316 2748 438 2815 bus,
471 2757 524 2803 et
554 2763 693 2814 eam,
721 2747 971 2818 loquente
998 2746 1052 2800 in
1082 2747 1170 2800 illa
1195 2746 1443 2814 Domino,
1473 2762 1579 2801 non
1602 2746 1799 2817 perire.
1832 2745 1897 2799 Et

315 2847 475 2906 nota,
523 2838 662 2909 quod
692 2839 745 2893 in
774 2847 960 2894 octava
1009 2837 1320 2903 Mansione,
1371 2838 1424 2890 in
1466 2852 1568 2908 qua
1615 2836 1896 2891 toreularia

315 2938 497 2986 nostra
542 2937 696 2994 sunt,
746 2927 889 2984 unde
916 2936 971 2983 et
1017 2936 1237 2982 octavus
1278 2926 1556 2992 Psalmus,
1602 2926 1700 2980 hoc
1744 2926 1896 2981 titulo

315 3028 660 3087 praenotatur,
691 3018 962 3074 desertum
991 3018 1233 3086 capimus
1264 3016 1419 3071 rubi:
1448 3018 1569 3088 quia
1600 3019 1768 3088 plures
1794 3016 1895 3087 lilii

314 3113 520 3167 deserta:
542 3112 731 3182 magis,
773 3125 924 3180 quam
949 3108 1059 3179 ejus
1087 3122 1201 3178 quia
1229 3107 1376 3162 habet
1397 3108 1560 3163 virum
1594 3105 1746 3179 (Isai.
1773 3109 1890 3181 54).

928 3243 1020 3299 IX.
1044 3241 1270 3299 MANSIO.

380 3359 449 3414 Et
488 3361 698 3433 profecti
738 3360 803 3415 de
843 3361 1036 3417 deserto
1084 3362 1218 3431 Sin,
1269 3370 1435 3416 castra
1474 3361 1645 3414 metati
1682 3368 1799 3414 sunt
1840 3360 1892 3413 in

311 3449 519 3521 Dephca
544 3449 731 3520 (Num.
765 3452 855 3508 '53.
882 3452 996 3524 I2).

380 3583 458 3654 (ὁ)
474 3581 620 3638 Nona
644 3582 869 3638 Mansio.
891 3583 1003 3639 IIoc
1031 3598 1226 3639 nomen
1249 3582 1386 3652 apud
1405 3582 1659 3637 Hebraeos
1730 3582 1894 3655 4⁵16

309 3682 509 3747 κροῦμα,
541 3675 591 3728 id
615 3686 714 3736 est.
747 3676 966 3744 pulsatio
997 3674 1197 3729 dicitur
1229 3690 1245 3728 :
1267 3674 1420 3743 juxta
1451 3673 1592 3743 quod
1623 3682 1678 3727 et
1712 3673 1892 3727 Domi-

310 3780 409 3818 nus
438 3765 510 3817 ait
539 3781 552 3818 :
581 3763 790 3819 Pulsate
821 3774 869 3817 et
899 3766 1158 3831 aperietur
1184 3763 1321 3817 vobis
1347 3762 1646 3836 (Mattlt.'i).
1671 3764 1728 3818 In
1756 3764 1892 3817 libro

308 3863 482 3909 autem
525 3854 905 3911 llebiaicorum
952 3853 1240 3909 Nominum
1271 3854 1343 3925 (ο)
1370 3894 1386 3920 ,
1414 3854 1773 3919 adhesionem,
1806 3872 1888 3908 re-

307 3947 687 4016 missionemque
727 3946 1131 4010 transtulimus,
1176 3944 1320 4016 quod
1369 3945 1621 3999 lectorem
1672 3946 1886 4000 turbare

308 4056 411 4095 non
447 4041 620 4097 debet.
656 4040 765 4096 Nec
808 4049 957 4111 putet
996 4054 1096 4093 nos
1133 4038 1459 4094 dissonantia
1503 4038 1774 4103 scribere;
1817 4039 1887 4093 ibi

305 4134 445 4188 enim
476 4133 632 4204 juxta
660 4133 710 4187 id
737 4130 878 4202 quod
905 4133 1062 4200 vulgo
1089 4130 1316 4185 habetur
1337 4171 1354 4197 ,
1393 4128 1656 4184 edidimus
1681 4169 1697 4194 ,
1733 4129 1813 4201 (τι)
1844 4132 1887 4185 si

307 4224 537 4280 medium
563 4223 782 4278 verbum
802 4223 1067 4301 scribatur
1089 4238 1184 4292 per
1204 4237 1340 4277 nam
1370 4222 1602 4276 litteram
1632 4240 1646 4276 :
1671 4221 1759 4293 hic
1786 4238 1885 4278 au-

307 4325 411 4372 tem
449 4319 501 4373 in
531 4317 794 4374 Hebraico
820 4317 1092 4372 volumine
1121 4318 1377 4387 scriptum
1419 4319 1593 4388 reperi
1626 4333 1720 4388 per
1759 4333 1881 4386 rus,

304 4407 443 4478 quod
474 4409 799 4465 elementum
834 4412 1002 4480 magis
1029 4409 1406 4480 pulsationem,
1439 4425 1597 4481 quam
1627 4410 1884 4481 glutinum

304 4510 457 4556 sonat
481 4518 494 4555 :
525 4517 821 4572 sensusque
846 4511 930 4557 est
957 4501 1275 4557 manifestus
1301 4520 1315 4557 :
1347 4510 1468 4572 post
1492 4516 1752 4571 reSponsa
1781 4502 1888 4555 Do-

304 4595 456 4662 mini,
490 4604 610 4665 post
634 4605 878 4650 octavum
920 4610 1199 4649 numerum
1229 4595 1655 4662 resurrectionis,
1685 4594 1883 4651 Chrisﬁ

303 4687 586 4755 incipimus
610 4694 940 4740 sacramenta
966 4684 1196 4752 pulsare.
1223 4686 1544 4741 Prudentem
1570 4687 1887 4741 studiosum-

302 4793 407 4847 que
428 4775 683 4829 lectorem
710 4783 951 4842 rogatum
972 4774 1151 4841 velim,
1180 4783 1237 4829 ut
1262 4777 1396 4830 sciat
1421 4792 1506 4831 me
1536 4786 1742 4834 vertere
1782 4794 1881 4833 no-

367 4927 597 5002 ga)q_He_ic
619 4929 769 5002 atque
789 4922 913 4974 infra
935 4929 1216 4974 constanter
1235 4923 1351 4974 Mss.
1376 4923 1578 4988 aliquot,
1604 4934 1707 4976 tum
1732 4930 1880 4980 etiam

304 4988 781 5117 vulgatioligggaéu
817 5047 1046 5110 plendum
1068 5054 1146 5097 est
1168 5048 1346 5097 iterum
1368 5060 1545 5097 nomen
1567 5047 1779 5113 Deplica,
1803 5057 1878 5102 at-

304 5130 400 5164 oue
421 5054 687 5164 legendum
712 5112 762 5160 iu
785 5063 913 5160 guno
935 5109 1156 5164 modum,
1194 5109 1390 5164 Dephca
1423 5122 1549 5160 ηοηα
1583 5111 1767 5162 Mam
1788 5119 1877 5163 εει,

304 5109 400 5179 que
422 5109 687 5176 legendum
712 5112 762 5160 iu
786 5109 913 5160 hunc
935 5109 1156 5167 modum,
1194 5109 1390 5174 Dephca
1423 5122 1549 5160 nona
1583 5109 1773 5162 mansio
1788 5119 1877 5163 est.

304 5186 405 5227 HOC
426 5186 614 5227 nomen.
642 5180 740 5223 etc.

304 5190 405 5228 Hoc
426 5190 614 5235 nomen,
642 5190 740 5223 8w.
1737 5195 1741 5200 ·

288 5264 328 5306 -_
371 5240 433 5306 (ε)
470 5237 687 5286 Veteres
707 5233 829 5284 editi
864 5230 1646 5306 adha'sionem,1:et_entionemque,
1688 5235 1878 5306 meliori

292 5294 430 5351 forié
453 5311 621 5358 sensu,
644 5309 701 5346 ac
723 5308 858 5360 voce,
885 5306 994 5360 quae
1016 5298 1168 5356 magis
1205 5294 1447 5360 glutinum
1459 5294 1641 5360 sonat,
1679 5302 1743 5360 ut,
1771 5299 1879 5360 ipse

304 5363 425 5411 infra
461 5355 629 5411 auctor
664 5358 862 5422 sentit_;_
888 5355 1397 5422 Sedrepugnantibus
1433 5356 1546 5407 Mss.
1589 5364 1689 5407 tum
1734 5355 1880 5422 hujus

307 5424 523 5487 epistolae
546 5428 650 5471 tum
673 5418 784 5487 libri
815 5417 1165 5487 Hebraicorum
1202 5418 1447 5487 nominum
1463 5455 1477 5480 ,
1504 5432 1533 5468 e
1556 5424 1734 5487 quibus
1754 5417 1880 5487 unus

304 5477 539 5548 perquam
563 5479 852 5548 emendatus
872 5477 1179 5548 bibliotheca:
1199 5485 1395 5548 nostra),
1409 5477 1555 5548 quem
1572 5477 1675 5548 'non
1698 5485 1762 5532 ita
1784 5484 1881 5544 pri-

303 5542 425 5596 item
455 5545 621 5607 adepti
659 5555 853 5602 sumus,
894 5548 947 5590 et
990 5542 1127 5602 Cujus
1159 5542 1358 5602 posthac
1392 5546 1669 5594 testimonio
1700 5542 1879 5608 smpius

305 5616 515 5658 utemur.

366 5669 443 5731 (ά)
476 5667 674 5731 Scilicet
693 5668 737 5717 si
762 5678 847 5731 pro
872 5662 1065 5731 nephca
1097 5663 1559 5731 scribaturpebca,
1598 5674 1656 5718 ut
1692 5668 1877 5731 legisse

303 5724 504 5791 apparet
519 5724 778 5780 Auctorem
797 5728 907 5779 libri
924 5724 1171 5776 nominum
1182 5724 1555 5790 Hebraieorum,
1572 5742 1718 5791 quem
1732 5724 1873 5781 Hier.

306 5791 477 5841 latine
502 5791 663 5842 vertit.

1648 356 1983 417 EPISTOLA
2021 350 2315 423 LXXVII}.

3485 365 3587 427 706

2018 472 2159 527 mina
2177 473 2326 545 juxta
2357 475 2673 533 Ilebraicam
2700 480 3014 543 Veritatem.
3044 487 3293 561 Alioquin
3316 490 3371 548 in
3396 492 3600 551 Gracia

2016 570 2069 616 et
2098 561 2300 656 Latinis
2327 565 2597 622 codicibus
2643 580 2837 639 praater
2878 590 3075 645 pauca,
3123 582 3302 636 omnia
3344 566 3597 656 corrupta

2013 654 2313 724 reperimus
2341 674 2355 710 :
2404 667 2458 713 et
2486 658 2654 715 miror
2680 664 2938 732 quosdam
2972 669 3208 727 eruditos
3237 681 3292 728 et
3328 654 3597 735 Ecclesia-

2014 745 2177 800 sticos
2204 746 2350 803 viros
2373 762 2434 804 ea
2470 749 2703 806 voluisse
2746 754 3055 825 transferre,
3094 776 3214 832 quae
3239 763 3299 831 in.
3332 765 3595 825 Hebraico

2013 848 2119 928 non
2152 835 2433 906 habentur,
2464 848 2517 895 et
2555 840 2622 897 de
2651 842 2791 898 male
2816 843 3197 918 interpretatis,
3229 852 3377 910 ﬁctas
3407 859 3593 928 expla-

2012 926 2255 1023 nationes
2277 947 2517 1023 quierere
2536 974 2551 998 ,
2579 942 2636 988 ut
2658 934 2710 989 in
2740 941 2989 1006 praesenti
3017 957 3114 1009 pro
3143 943 3352 1014 Deplica
3382 926 3591 1023 (e),vle-

2007 1026 2134 1085 gant
2162 1016 2371 1090 Replica
2394 1062 2409 1086 ,
2454 1022 2683 1079 litteram
2714 1037 2973 1097 ponentes
3002 1034 3294 1100 prolittera
3316 1080 3331 1106 ,
3356 1016 3591 1112 eo'quod

2009 1121 2106 1161 nas
2143 1118 2197 1163 et
2217 1126 2429 1166 nus-ru
2468 1128 2629 1183 parvo
2663 1117 2815 1187 apice
2838 1161 2854 1186 ,
2884 1120 3307 1195 distinguantur,
3349 1141 3405 1185 et
3424 1130 3593 1189 inter-

2008 1206 2285 1292 pretantur
2312 1203 2620 1259 curationem
2651 1223 2671 1261 :
2709 1217 2870 1281 atque
2904 1213 3098 1271 exinde
3136 1218 3486 1292 tropologiam
3522 1225 3596 1279 si-

2007 1286 2187 1341 milem
2216 1303 2626 1362 prosequuntur.

2620 1409 2687 1464 X.
2728 1410 2948 1471 MANSIO.

2075 1507 2301 1581 Profecti
2346 1514 2409 1569 de
2466 1516 2707 1589 Depltca,
2763 1536 2930 1580 castra
2977 1532 3150 1585 metati
3193 1545 3310 1590 sunt
3360 1537 3413 1592 in
3458 1537 3586 1593 Alus

2005 1595 2192 1669 (Nam.
2224 1602 2313 1658 εδ.
2338 1602 2450 1676 is).

2076 1712 2287 1809 I_)ecima
2317 1716 2521 1774 Mansio
2543 1721 2597 1775 in
2626 1722 2812 1780 Exodo
2835 1740 2940 1782 non
2968 1729 3209 1799 habetur,
3237 1737 3581 1809 crediturquc

2001 1803 2054 1899 in
2081 1806 2171 1861 Sin
2211 1815 2704 1899 eremo.coutineri,
2734 1821 2921 1877 eodem
2962 1838 3212 1883 narrante
3250 1831 3406 1886 libro.
3444 1803 3581 1889 Pro-

2001 1897 2131 1966 [ecta
2160 1909 2233 1953 est
2259 1897 2421 1955 omnis
2454 1906 2725 1963 multitudo
2751 1912 2977 1980 ﬁliorum
3016 1916 3183 1972 Israel
3201 1920 3264 1975 de
3291 1938 3455 1978 eremo
3483 1926 3580 1980 Sin

2001 2003 2090 2056 per
2117 1988 2412 2049 Mansiones
2449 2013 2570 2052 suas
2600 2001 2759 2069 juxta
2788 2020 2844 2058 os
2872 2003 3099 2073 Domini,
3131 2020 3178 2063 et
3202 2023 3441 2068 venerunt
3471 2016 3579 2071 Ra-

2000 2077 2215 2181 pliidim.
2246 2081 2328 2181 Ex
2372 2100 2477 2181 quo
2520 2086 2869 2181 perspicuum
2900 2105 2983 2150 est
3026 2100 3205 2167 plures
3242 2102 3575 2173 Mansiones,

2000 2173 2155 2223 unius
2183 2173 2415 2242 regionis
2443 2180 2700 2236 vocabulo
2729 2182 3109 2243 demonstrari.
3159 2192 3577 2264 Interpretatur-

1999 2275 2103 2364 que
2127 2274 2277 2364 Aws,
2302 2266 2605 2335 fermentum
2631 2288 2651 2325 :
2678 2276 2820 2345 quod
2847 2278 3026 2335 tollens
3050 2284 3252 2350 mulier,
3278 2286 3473 2341 miscuit
3499 2291 3578 2360 fa—

2150 2358 2285 2451 selis
2333 2360 2513 2451 tribus,
2560 2363 2718 2419 donec
2745 2368 3133 2436 fermentaretur
3173 2384 3328 2430 totum
3361 2358 3572 2451 (Matth.

2001 2445 2090 2543 l5.
2113 2446 2226 2520 '53).
2255 2448 2310 2503 In
2340 2450 2443 2508 hac
2463 2456 2753 2514 solitudine
2780 2477 3074 2521 murmurat
3104 2470 3334 2540 populus
3363 2445 3579 2543 propter

1999 2536 2215 2634 famem,
2244 2551 2298 2597 et
2318 2559 2610 2603 conversus
2639 2552 2856 2621 respicit
2888 2558 3074 2623 procul
3106 2560 3159 2613 in
3178 2536 3326 2617 nube
3353 2536 3576 2634 éloriam

1998 2626 2128 2693 Dei;
2169 2633 2478 2703 accepitque
2506 2652 2730 2707 vespere
2765 2647 3093 2702 coturnicem
3114 2689 3128 2714 ,
3161 2659 3216 2704 et
3241 2626 3397 2707 mane
3436 2655 3577 2709 alte-

1997 2720 2107 2775 rius
2132 2721 2237 2778 diei
2269 2740 2459 2781 manna
2490 2727 2673 2799 (Num.
2704 2731 2815 2803 II).

2066 2811 2228 2885 477
2300 2817 2365 2871 Et
2392 2828 2519 2875 nota
2568 2822 2620 2876 in
2674 2822 2950 2885 Mansione
2996 2830 3203 2888 decima
3257 2835 3574 2895 fermentum

1995 2903 2145 2999 poni,
2171 2914 2368 2999 etpost
2396 2925 2546 2967 esum
2572 2916 2812 2971 carnium
2833 2959 2847 2982 ,
2892 2935 3083 2977 manna
3118 2926 3296 2993 tribui,
3341 2929 3577 2999 impleri-

1995 2996 2446 3162 21:0870;iptg;am
2476 3020 2490 3057 :
2522 3002 2717 3061 Panem
2743 3009 3053 3082 Angelorum
3075 3019 3396 3073 manducavit
3418 2996 3570 3078 nomo

2072 3103 2117 3142 s.
2216 3128 2227 3141 .
2260 3090 2293 3145 5
2319 3092 2327 3100 ’
2358 3129 2371 3142 .

2072 3103 2117 3142 s.
2141 3090 2227 3141 77.
2260 3090 2371 3145 55L

2605 3208 2696 3265 XI.
2736 3211 2957 3271 MANSIO.

2063 3312 2295 3384 Profecti
2337 3317 2402 3372 de
2429 3319 2573 3386 Alus,
2600 3333 2770 3377 castra
2798 3328 2972 3380 metui
3013 3338 3129 3384 sunt
3166 3335 3219 3385 iu
3246 3331 3526 3405 Rapliidim
3556 3355 3577 3394 :

1991 3412 2039 3458 et
2065 3422 2166 3461 non
2190 3418 2302 3463 erat
2325 3410 2395 3463 ibi
2422 3427 2556 3481 aqua
2579 3414 2769 3485 papula
2790 3417 2977 3488 (Nam.
2997 3420 3220 3494 33.14).

2065 3519 2355 3577 Undecima
2385 3524 2587 3581 Mansio
2615 3537 2728 3592 est,
2760 3545 2918 3599 quam
2950 3533 3211 3590 violenter
3249 3537 3573 3608 interpreta-

1992 3620 2098 3666 tam
2126 3612 2181 3667 in
2211 3615 2347 3669 libro
2374 3615 2756 3675 Hebraicorum
2798 3622 3082 3680 Nominnm
3129 3631 3336 3697 reperi,
3369 3634 3492 3684 vidit
3519 3650 3575 3687 os

1991 3703 2252 3772 sufﬁciens
2273 3705 2345 3759 eis
2362 3745 2379 3771 ,
2409 3718 2498 3761 aut
2529 3721 2696 3776 certe,
2724 3714 2847 3766 visio
2872 3715 2976 3767 oris
3001 3716 3210 3785 fortium
3234 3734 3253 3772 :
3274 3721 3572 3790 meliusque

1992 3793 2346 3862 transfertur,
2375 3797 2640 3853 dissolutio
2687 3802 2924 3869 fortium,
2966 3805 3051 3859 vel
3094 3809 3285 3861 sanitas
3330 3813 3572 3879 fortium,

1990 3884 2103 3939 sive
2144 3885 2290 3955 juxta
2334 3889 2711 3958 proprietatem
2756 3893 2946 3962 lingua:
2985 3895 3165 3966 Syrte,
3209 3900 3436 3955 remissio
3465 3918 3576 3956 ma-

1991 3992 2166 4032 nuum.
2194 3978 2320 4034 Hme
2344 3988 2399 4034 et
2423 3981 2475 4033 in
2498 3981 2682 4035 Exodo
2708 3982 2899 4053 legitur
2919 3986 3071 4056 (Cap.
3104 3988 3190 4042 l7.
3220 3989 3276 4060 l)
3307 4002 3421 4058 post
3452 4004 3576 4061 pro-

1991 4067 2273 4125 lectionem
2315 4070 2385 4126 de
2410 4085 2595 4127 eremo
2624 4071 2740 4128 Sin.
2769 4074 3035 4140 Queriturr
3062 4078 3114 4132 in
3155 4094 3215 4133 ea
3247 4081 3474 4150 populus
3504 4084 3574 4137 ob

1990 4161 2236 4218 ardorem
2261 4164 2380 4219 sitis
2406 4182 2421 4218 :
2458 4163 2577 4219 fons
2600 4165 2670 4222 de
2712 4154 2859 4237 petra
2885 4167 3028 4238 Oreb
3057 4173 3323 4241 erumpit,
3367 4182 3421 4228 et
3451 4190 3575 4244 pro-

1989 4251 2102 4307 ﬂuit
2134 4267 2148 4312 :
2175 4262 2230 4309 et
2270 4254 2392 4324 quia
2436 4263 2775 4313 tentaverunt
2819 4259 3020 4322 Deum,
3065 4261 3212 4316 locus
3253 4262 3568 4333 Bapliidim,

1988 4346 2276 4401 tentationis
2313 4362 2524 4418 quoque
2546 4390 2561 4416 ,
2589 4349 2641 4405 id
2671 4359 2773 4415 est,
2802 4366 2967 4405 nesse
3003 4350 3094 4424 [al.
3130 4352 3319 4426 Maso],
3347 4357 3573 4411 sortitus

1986 4443 2071 4491 est
2089 4452 2304 4493 nomen.
2332 4438 2542 4510 Moyses
2565 4441 2805 4495 ascendit
2826 4441 2877 4495 in
2901 4452 3134 4497 montem
3164 4462 3178 4497 :
3205 4443 3362 4499 Iesus
3381 4455 3570 4500 contra

1990 4531 2207 4587 Amalec
2248 4532 2440 4586 militat
2468 4548 2481 4586 :
2509 4532 2575 4586 ad
2619 4533 2796 4587 crucis
2838 4534 3047 4603 signum
3084 4544 3366 4603 superatur
3391 4536 3570 4590 inimi-

1986 4635 2083 4676 cus
2117 4640 2130 4676 :
2160 4622 2399 4677 remissis
2419 4623 2620 4677 orantis
2643 4622 2908 4687 manibus,
2938 4622 3109 4678 hostis
3134 4626 3304 4679 victor
3329 4624 3568 4696 insequi-

1988 4721 2095 4768 tur.
2120 4713 2284 4768 Sedet
2311 4713 2518 4783 Moyses
2557 4727 2721 4781 super
2750 4711 2979 4781 lapidem
3014 4713 3213 4769 dictum
3238 4728 3269 4769 a
3287 4700 3290 4703 ⁷
3309 4714 3571 4773 Zacharias

1981 4803 2140 4878 (Cap.
2179 4804 2237 4857 2.
2276 4819 2324 4856 v.
2363 4804 2454 4875 5),
2494 4804 2583 4873 qui
2628 4813 2834 4873 septem
2867 4804 3092 4859 habebat
3131 4806 3316 4862 oculos
3348 4824 3363 4861 :
3409 4817 3464 4862 et
3510 4809 3563 4864 in

1986 4895 2253 4952 Samuelis
2300 4894 2565 4949 volumine
2611 4896 2908 4964 appellatur
2952 4913 3087 4952 sum
3134 4914 3297 4963 una.
3351 4899 3406 4954 id
3441 4910 3565 4968 est,

1985 4988 2117 5058 lapis
2157 4986 2403 5057 adjutorii
2432 4986 2508 5058 (ι.
2541 4984 2669 5057 Reg.
2717 4987 2772 5041 4.
2805 4986 2857 5058 l)
2888 5005 2902 5041 :
2945 4998 2998 5043 et
3039 4997 3320 5060 utramque
3349 5005 3568 5046 manum

1984 5079 2100 5150 ejus
2125 5081 2324 5142 Aaron,
2352 5087 2405 5133 et
2446 5076 2541 5142 Ur,
2586 5078 2640 5134 id
2682 5087 2762 5134 est
2780 5120 2795 5145 ,
2825 5090 3125 5147 montanus,
3155 5080 3449 5153 lucidusque
3475 5098 3567 5137 su—

1984 5179 2202 5226 stentat.
2233 5170 2449 5224 Devicto
2473 5167 2781 5225 adversario
2807 5172 3119 5240 supervenit
3146 5171 3355 5237 Jethro,
3386 5172 3566 5227 educit

1983 5262 2307 5336 Zeplioram,
2333 5272 2387 5320 et
2407 5274 2689 5336 utrumque
2715 5264 2878 5319 lilium
2900 5282 2915 5331 ;
2938 5265 3030 5320 dat
3051 5266 3333 5321 concilium
3356 5275 3566 5336 septum

1978 5357 2124 5429 ginta
2148 5357 2431 5414 Seniorum
2466 5377 2480 5413 :
2520 5366 2577 5413 et
2604 5358 2657 5413 in
2685 5366 2867 5429 typum
2908 5358 3168 5413 Ecclesiae
3208 5357 3275 5411 de
3313 5355 3566 5426 gentibus

1980 5460 2335 5523 congregatae,
2383 5450 2539 5523 Legis
2565 5450 2636 5524 (ί)
2669 5450 2969 5506 immunitio
2991 5491 3006 5515 ,
3043 5447 3333 5518 Evangelio
3367 5459 3561 5515 sugge-

2043 5609 2112 5672 (e)
2143 5607 2353 5671 Sugillat
2375 5607 2739 5672 lectionem“...
2759 5604 2902 5654 LXX.
2929 5606 3011 5666 qui
3032 5605 3219 5672 fagus,
3250 5599 3346 5672 vel
3393 5599 3563 5662 ῥιμιαδ

1979 5667 2284 5735 Ιθξζιξήρῇεδ
2309 5683 2395 5735 pro
2425 5668 2591 5735 naleth
2612 5670 2754 5718 obvio
2778 5667 3344 5735 errorembstituentes.

2046 5725 2112 5794 (Γ)
2146 5725 2390 5781 Victorius
2410 5745 2471 5781 ex
2500 5731 2614 5780 Mss.
2638 5729 2927 5794 auctoritate
2953 5725 3387 5794 legitinuninutio,
3429 5732 3557 5768 sum-

1981 5782 2082 5856 (ιυὲ
2093 5782 2305 5844 lectioni
2323 5807 2385 5842 ex
2406 5797 2671 5842 contextus
2687 5789 2817 5839 serie
2841 5782 2986 5837 ﬁdem
3000 5782 3363 5845 adstruit,un
3381 5795 3511 5843 nem;
3529 5794 3560 5830 e
