4106 6340
539 389 645 448 707

544 513 720 568 rente,
750 499 1068 572 completur.
1102 496 1331 552 Pulchre
1358 504 1538 552 autem
1566 495 1831 551 dissolutio
1854 536 1870 562 ,
1900 511 1964 552 ac
1986 496 2124 549 sani-

542 605 620 649 tas
645 592 876 665 fortium,
907 603 1156 645 sumunt
1185 587 1402 654 dicitur,
1452 587 1537 644 vel
1565 595 1787 659 propter
1809 586 2124 656 dissipatum

544 684 915 753 Amalec,vvel
948 694 1167 753 propter
1210 691 1455 738 sanatum
1487 680 1669 736 Israel.
1703 679 1795 736 Sin
1843 689 2020 734 autem
2049 676 2124 748 (a)

540 769 888 833 remissionem
919 791 1160 828 manuum
1184 774 1337 844 juxta
1368 773 1534 844 Syros
1561 787 1809 826 MPBIDII
1840 780 2015 831 sonat,
2044 767 2124 822 di.

543 883 729 924 cemus
748 907 764 932 ,
798 875 1016 936 pr0pter
1040 864 1298 919 olfensam
1331 863 1510 933 populi
1543 879 1556 916 :
1586 864 1709 931 quia
1733 871 1917 916 contra
1948 858 2128 912 Domi-

541 975 671 1014 num
701 957 1074 1022 murmuravit,
1099 954 1241 1010 istud
1271 957 1386 1008 loco
1417 968 1608 1007 nomen
1638 951 1964 1020 impositum.
1999 948 2128 1002 Haec

541 1054 808 1122 tangimus
837 1051 1011 1119 potius
1040 1064 1199 1118 quam
1227 1046 1566 1116 exponimus,
1599 1045 1832 1098 breviter
1861 1041 2126 1096 indicasse

540 1143 810 1211 contenti,
853 1141 994 1213 quod
1046 1149 1165 1210 post
1215 1139 1533 1193 fermentum
1586 1136 1742 1199 Alus,
1793 1141 1848 1189 et
1897 1132 2124 1187 Messam

541 1237 832 1303 Ecclesiae,
881 1235 1087 1289 soleant
1133 1231 1444 1300 multiplicia
1489 1229 1793 1285 daemonum
1841 1225 2123 1280 adversum

541 1343 644 1384 nos
673 1330 998 1383 te‘ntameuta
1024 1337 1370 1394 consurgere.

1031 1480 1194 1553 473
1247 1479 1365 1535 xu.
1407 1479 1626 1533 MANSIO.

615 1616 682 1673 Et
711 1615 924 1689 profecti
957 1615 1020 1669 de
1049 1611 1326 1684 Raphidint
1346 1653 1363 1678 ,
1408 1620 1579 1665 castra
1612 1609 1785 1664 metati
1809 1616 1925 1663 sunt
1953 1609 2007 1663 in
2041 1623 2126 1663 so-

540 1710 755 1767 liludine
778 1709 927 1764 Sinai
953 1706 1143 1779 (Nunt.
1180 1705 1271 1760 33.
1304 1703 1418 1774 I5).

612 1843 936 1900 Duodecima
968 1840 1170 1895 Mansio
1195 1847 1298 1893 est.
1328 1835 1522 1892 Statim
1552 1834 1646 1890 tibi
1678 1834 1852 1890 veniat
1897 1833 1950 1888 in
1977 1848 2128 1888 men-

539 1945 647 1992 tem
698 1934 1079 2005 Apostolorum
1122 1945 1401 1986 numerus.
1431 1927 1548 1985 Una
1593 1927 1661 1981 de
1707 1927 1987 1998 pluribus,
2029 1922 2127 1979 sed

538 2028 711 2096 major
741 2025 814 2099 (ὁ)
842 2025 1112 2086 omnibus,
1137 2037 1243 2078 non
1265 2030 1543 2091 separatur
1567 2019 1617 2072 in
1647 2017 1836 2072 ordine
1869 2036 1882 2070 :
1913 2027 1966 2070 et
1994 2030 2130 2085 pra:-

538 2121 687 2176 cellit
709 2120 762 2174 in
786 2120 998 2174 merito.
1018 2117 1098 2172 Ad
1119 2120 1257 2169 hunc
1282 2115 1455 2169 locum
1480 2111 1881 2182 quadragesima
1903 2112 2127 2179 septima

539 2211 626 2268 die
669 2213 1028 2283 perveniunt,
1067 2209 1342 2278 Scriptura
1391 2207 1602 2261 dicente
1635 2221 1647 2258 :
1695 2223 1713 2255 ι
1749 2203 1928 2258 Mense
1968 2201 2128 2255 tertio

538 2304 860 2374 egressionis
911 2303 1141 2357 ﬁliorum
1189 2300 1351 2356 Israel
1396 2299 1463 2354 de
1507 2297 1776 2369 Egypto,
1807 2297 1856 2350 in
1903 2296 1988 2350 die
2030 2295 2130 2348 hac

538 2397 866 2450 transierunt
894 2396 946 2450 in
978 2394 1265 2450 solitudine
1288 2393 1457 2454 Sinai,
1482 2389 1813 2460 profectique
1837 2389 1905 2443 de
1932 2386 2131 2458 Raphi-

539 2486 650 2541 dim
677 2529 691 2552 ,
723 2496 983 2541 venerunt
1027 2487 1080 2540 in
1113 2485 1384 2541 desertum
1415 2483 1560 2538 Sinai
1583 2524 1600 2550 ,
1645 2491 1699 2536 et
1738 2491 1914 2536 castra
1947 2480 2128 2533 metati

542 2585 670 2630 sunt
695 2576 747 2630 in
775 2591 977 2640 eremo,
1015 2575 1260 2645 seditque
1283 2574 1356 2628 ibi
1385 2573 1545 2628 Israel
1570 2587 1602 2627 e
1636 2573 1853 2641 regione
1892 2570 2124 2632 montis;

540 2677 597 2722 et
618 2668 827 2738 Moyses
852 2666 1092 2722 ascendit
1115 2665 1183 2720 ad
1217 2667 1382 2720 Deum
1419 2683 1433 2720 :
1461 2665 1776 2733 vocavitquc
1798 2677 1920 2717 eum
1955 2661 2133 2715 Domi-

543 2776 648 2816 nus
676 2759 744 2815 de
787 2769 969 2814 monte
1014 2760 1199 2815 dicens
1235 2779 1254 2811 ι
1293 2758 1489 2828 (Exod.
1541 2759 1626 2814 l9.
1663 2761 1716 2812 l.
1752 2769 1798 2811 ct
1831 2756 1994 2828 seqq.)
2032 2772 2047 2810 :
2079 2765 2134 2810 et

542 2853 774 2921 reliqua.
818 2853 885 2908 Et
912 2867 1125 2907 rursum
1151 2869 1166 2906 :
1202 2867 1222 2902 t
1251 2850 1419 2916 Vade,
1452 2850 1641 2921 inquit,
1673 2849 1741 2902 ad
1771 2847 2046 2919 populum,
2078 2855 2134 2902 et

541 2943 816 3000 sanctifica
844 2958 939 3000 eos
964 2943 1123 2998 hodie
1144 2951 1199 2998 et
1217 2957 1337 2997 cras
1357 2961 1372 2996 :
1395 2951 1450 2997 et
1476 2941 1656 2996 lavent
1675 2939 1991 2995 vestimenta
2012 2951 2129 3003 sua,

547 3036 764 3106 sintque
793 3035 963 3105 parati
993 3035 1046 3089 in
1075 3033 1217 3088 diem
1261 3033 1474 3088 tertium
1517 3049 1530 3085 :
1563 3032 1685 3101 quia
1727 3030 1882 3084 tertia
1925 3028 2012 3083 die
2039 3027 2134 3082 de-

551 3127 775 3184 scendet
803 3127 1098 3192 Dominus,
1129 3125 1345 3180 vidente
1390 3124 1648 3179 universo
1691 3122 1926 3193 populo,
1971 3135 2135 3190 super

542 3229 782 3274 montem
813 3218 959 3274 Sinai
996 3236 1016 3270 ι
1048 3215 1210 3284 (Ibid.
1241 3216 1353 3285 10).
1385 3215 1540 3282 Quod
1569 3225 1624 3269 et
1659 3213 1858 3268 factum
1886 3221 1989 3267 est.
2031 3212 2132 3266 La-

543 3321 848 3380 veruntque
875 3310 1194 3365 vestimenta
1219 3323 1313 3362 sua
1333 3350 1349 3374 ,
1376 3316 1432 3363 et
1459 3307 1528 3362 ab
1561 3321 1786 3361 uxorum
1811 3307 1952 3360 coitu
1979 3320 2134 3376 sepa-

543 3401 699 3468 ratis,
727 3401 816 3457 die
844 3401 1003 3456 tertio
1031 3398 1312 3455 descendit
1346 3399 1602 3454 Dominus
1630 3398 1683 3453 in
1711 3406 1946 3453 montem
1983 3413 1997 3451 :
2025 3412 2131 3466 quo

544 3492 807 3560 fumante,
840 3501 896 3550 et
922 3492 1152 3564 fulgore,
1183 3493 1440 3556 tonitruo,
1469 3491 1701 3562 caligine
1721 3532 1737 3558 ,
1768 3505 1932 3556 voce,
1967 3488 2089 3544 tuba
2112 3531 2127 3554 ,

544 3587 852 3642 mortalium
875 3586 1039 3642 corda
1079 3584 1432 3650 terrentibus,
1462 3583 1671 3656 Moyses
1693 3583 2008 3652 loquebatur
2028 3621 2044 3648 ,
2078 3591 2133 3637 et

545 3677 807 3734 Dominus
835 3676 1195 3748 respondebat
1231 3676 1302 3730 ei.
1330 3674 1687 3744 Supputemus
1725 3688 2037 3740 numerum,
2079 3681 2132 3727 et

545 3769 882 3826 inveniemus
921 3767 1363 3840 quinquagesimo
1401 3766 1488 3820 die
1513 3766 1835 3836 egressionis
1872 3765 2038 3820 Israel
2065 3779 2132 3818 ex

544 3864 777 3937 Egypto
803 3866 854 3920 in
895 3865 1094 3919 vertice
1135 3862 1334 3918 montis
1365 3861 1510 3917 Sinai
1542 3875 1711 3929 legem
1739 3860 1938 3915 datam.
1977 3857 2132 3914 Unde

545 3964 602 4012 et
627 3957 969 4011 Pentecostes
993 3954 1297 4010 celebratur
1313 3952 1645 4015 solemnitas,
1666 3961 1722 4005 et
1749 3960 1930 4020 postea
1957 3948 2130 4002 Evan-

543 4045 670 4117 gelii
700 4056 1091 4101 sacramentum
1127 4044 1358 4113 Spiritus
1394 4042 1564 4097 sancti
1600 4040 1953 4097 descensione
1981 4055 2132 4094 com-

548 4138 724 4207 pletur
753 4153 768 4192 :
799 4147 856 4192 ut
899 4139 1038 4192 sicut
1081 4135 1243 4205 priori
1289 4134 1486 4204 pdpulo
1523 4133 1963 4202 quinquagesimo
2005 4131 2093 4186 die
2118 4172 2132 4194 .

549 4242 680 4282 vero
720 4227 978 4292 Jubilaeo,
1020 4235 1075 4280 et
1105 4240 1234 4280 vero
1270 4240 1412 4278 anno
1461 4223 1846 4289 Reinissionis,
1896 4231 1952 4277 et
1995 4223 2136 4276 veris

550 4318 931 4388 quinquaginta
961 4328 1016 4371 et
1044 4317 1350 4386 quingentis
1376 4315 1643 4379 denariis,
1674 4315 1764 4384 qui
1805 4314 2133 4370 debitoribus

555 4409 916 4476 dimittuntur,
965 4407 1049 4462 lex
1091 4405 1212 4461 data
1242 4417 1323 4462 est
1363 4405 1438 4476 (ε)
1469 4423 1483 4460 :
1513 4405 1784 4474 Apostolis
1813 4420 2058 4475 quoque,
2085 4417 2139 4460 et

550 4587 682 4649 Lex,
706 4598 928 4651 quaeper
949 4585 1165 4651 Moysem
1205 4580 1725 4651 signiﬁcatugdebilis
1748 4588 1865 4651 erat_
1879 4569 2029 4645 atque
2050 4583 2140 4651 im-

553 4601 682 4649 Lex,
706 4601 815 4651 qua:
853 4601 928 4634 .er
952 4601 1165 4648 ltoysem
1205 4601 1243 4633 SI
1284 4601 1522 4642 uincatur,
1544 4601 1725 4631 uentus
1748 4601 1865 4656 erat.
1879 4601 2028 4645 atque
2050 4601 2139 4633 un-

548 4653 752 4716 minuta,
782 4601 904 4716 nillil
929 4648 1138 4716 enimad
1164 4601 1437 4716 perlectum
1454 4644 1656 4716 adduxit
1679 4643 1802 4716 Lex,
1821 4645 2139 4716 gusquede-

550 4711 712 4780 fectus
733 4722 797 4758 ex
821 4707 1280 4780 bigangeliidivitiis
1296 4707 1587 4780 suppletur;
1605 4707 1797 4780 nam'ad
1820 4707 2138 4780 Evangelium

551 4773 808 4835 pertinere
845 4771 939 4835 70._
960 4767 1226 4835 seniorum
1269 4767 1548 4829 concilium,
1574 4769 1681 4835 ipse
1705 4767 2034 4835 Hieronymus
2055 4771 2137 4835 do-

552 4830 653 4882 cet.
696 4831 795 4880 Sed
843 4832 1042 4891 proinde
1085 4833 1336 4880 immutare
1368 4843 1464 4879 non
1487 4830 1763 4891 Oportebat,
1790 4830 1978 4880 meliori
2005 4833 2137 4882 enim

550 4906 704 4944 sensu
725 4890 992 4954 immunitio
1012 4895 1242 4954 accipitur
1266 4905 1353 4954 pro
1376 4890 1677 4954 immunitate
1698 4894 1760 4941 ab
1781 4906 1954 4946 onere.
1979 4903 2030 4942 et
2056 4908 2138 4942 va-

551 4957 746 5004 catione
769 4955 832 5000 ab
853 4952 1025 5012 oﬂicio,
1049 4952 1144 5015 qua
1186 4952 1394 5016 Moyses.
1418 4955 1503 5015 qui
1526 4955 1620 5003 sub
1642 4953 1793 5016 Degis
1823 4957 2019 5004 nomine
2064 4957 2136 5004 in-

556 5015 816 5076 telligitur,
840 5019 957 5076 tunc
980 5014 1212 5074 temporis
1235 5014 1506 5075 fruebatur,
1527 5029 1636 5063 cum
1661 5015 1801 5064 LXX.
1827 5016 2061 5066 Seniores
2079 5018 2139 5067 ad

558 5075 972 5141 populiregimen
994 5077 1160 5141 adsciti
1193 5083 1325 5125 sunt.

621 5135 694 5200 (a)
733 5135 934 5200 Proprie
959 5139 1162 5200 nominis
1187 5135 1494 5199 etymologia,
1517 5137 1647 5199 quod
1671 5139 1865 5188 tandem
1890 5139 2035 5189 liceat
2057 5140 2140 5190 ati-

551 5198 742 5255 notare,
767 5198 1052 5247 deducenda
1077 5208 1152 5248 est
1173 5214 1199 5247 a
1220 5198 1341 5257 ὋΞΠ
1372 5198 1548 5248 minori
1573 5213 1803 5260 numero,
1841 5202 2038 5263 vimque
2061 5204 2138 5251 sui

552 5273 760 5323 nominis
780 5285 808 5321 a
831 5273 1014 5329 M1,
1041 5270 1167 5331 quod
1193 5276 1270 5318 est
1291 5276 1510 5329 stratum,
1547 5271 1766 5330 obtinet,
1809 5273 1942 5320 unde
1985 5280 2139 5322 strata

550 5351 644 5389 seu
686 5351 866 5393 castra.
908 5340 1006 5389 Sed
1040 5339 1429 5404 Hieronymianm
1474 5343 1712 5391 subnexze
1743 5345 2137 5403 interpretationi

551 5413 784 5454 consonat
805 5419 916 5456 eum
941 5403 1107 5463 primis
1129 5401 1245 5451 illud
1261 5402 1495 5452 'I‘balmud
1521 5403 1826 5452 Becboroth:
1863 5401 2020 5463 Quare
2061 5418 2138 5452 ro-

549 5471 684 5515 catus
728 5474 797 5517 est
840 5467 973 5518 locus
1015 5465 1104 5514 iste
1149 5463 1484 5526 Rheplu'aim?
1528 5466 1662 5523 Quod
1710 5465 1937 5512 nimirum
1998 5470 2140 5524 ἰε-πῃ

550 5529 726 5596 ΒΠἺἫ,
781 5545 1163 5588 REMISERUNT
1197 5534 1264 5584 ibi
1303 5543 1688 5597 ΜΑΝσδνσηαιςίᾳ
1713 5535 1868 5584 verbis
1891 5536 2040 5597 Legis.

617 5597 687 5667 (b_)
731 5597 917 5667 Vitiose
941 5597 1347 5667 anteamajorpb
1367 5596 1601 5667 cautibus.
1642 5596 1746 5644 Hoc
1785 5596 1965 5667 autem"
1987 5611 2138 5647 sensu

551 5661 764 5706 omnium
789 5657 1223 5711 celebratissimum
1247 5659 1548 5708 Mausionem
1567 5657 1692 5705 hanc
1715 5664 1854 5705 vocat
1876 5660 2024 5706 etiam
2050 5674 2138 5709 ve-

553 5723 632 5779 tur
654 5721 837 5770 Auctor
881 5723 1150 5779 hujusniodi
1189 5728 1424 5769 tractatus
1448 5720 1495 5766 in
1520 5718 1802 5779 Appendice
1840 5717 2058 5779 Operum
2083 5721 2134 5770 S.

552 5777 811 5845 Ambrosii,
832 5785 922 5845 qui
942 5777 1290 5845 Hieronymum
1310 5789 1526 5830 nostrum
1551 5777 2070 5845 interdumexscribit.

615 5841 685 5904 (ι’)
719 5842 798 5892 ΑΙ.
823 5839 874 5895 in
897 5839 1155 5908 apostolos,
1185 5849 1236 5892 et
1259 5855 1371 5892 mox
1398 5841 1649 5894 milesimo
1672 5839 1910 5895 vicesinw.

1836 379 2079 439 SANCTI
2117 376 2503 438 lllERONYIlI
2551 348 2556 353 ’

3703 386 3804 446 708

2233 495 2466 562 quicum
2495 495 2574 551 eis
2598 504 2784 565 crant,
2828 497 2882 554 in
2903 507 3116 556 centum
3145 498 3329 572 viginti
3366 499 3613 558 ﬂosaicaa
3642 503 3813 561 aetatis

2232 603 2458 643 numero
2486 589 2818 659 constitutis,
2860 591 3199 649 descenderit
3223 593 3452 664 Spiritus
3480 603 3699 650 sanctus
3718 636 3734 662 ,
3760 605 3814 652 et

2229 677 2415 733 divisis
2436 678 2628 748 linguis
2653 681 3004 748 credentium,
3030 693 3174 738 totus
3209 683 3527 754 Evangelica
3557 685 3812 756 praedica-

2233 768 2378 824 tione
2409 769 2640 825 mundus
2667 771 2911 839 expletus
2952 775 3040 828 sit.
3073 773 3310 843 Longum
3357 785 3440 829 est
3481 777 3525 830 si
3553 773 3814 846 replicare

2231 847 2387 913 velim
2409 901 2425 926 ,
2453 861 2595 930 quod
2627 861 2681 915 in
2709 863 2826 932 lege
2855 874 3177 933 prmeeptum
3205 864 3275 919 sit
3304 882 3318 920 :
3357 867 3625 935 quomodo
3653 867 3814 924 fabri-

2229 957 2404 1003 catum
2434 951 2835 1007 tabernaculum
2859 995 2873 1018 ,
2905 969 3024 1024 qua:
3073 955 3309 1010 varietas
3339 956 3634 1012 hostiarum
3653 1001 3667 1020 ,
3698 976 3815 1030 qua:

2232 1054 2479 1094 vasorum
2509 1041 2812 1111 diversitas,
2830 1060 2950 1114 quae
2974 1045 3278 1102 indumenta
3295 1047 3564 1104 Pontificis
3583 1091 3598 1114 ,
3657 1048 3818 1124 479

2229 1146 2349 1199 quae
2393 1130 2742 1188 Sacerdotum
2775 1176 2791 1202 ,
2823 1145 2877 1190 et
2932 1135 3236 1192 Levitarum
3289 1139 3663 1207 caeremonias,
3691 1144 3814 1212 quid

2231 1223 2438 1289 egerint
2468 1242 2481 1278 :
2510 1225 2780 1292 quomodo
2808 1225 3036 1295 pepulus
3076 1240 3388 1284 numeratus
3429 1232 3517 1285 sit.
3553 1231 3666 1286 Hoc
3703 1241 3817 1286 tan-

2231 1322 2341 1367 tum
2368 1315 2572 1382 dicam,
2615 1316 2754 1384 quod
2797 1318 2969 1372 media
3000 1333 3119 1388 pars
3144 1319 3338 1388 Exodi,
3369 1330 3422 1376 et
3448 1331 3591 1378 totus
3620 1323 3818 1378 Leviti-

2229 1418 2322 1458 cus
2350 1404 2506 1470 liber,
2547 1418 2601 1460 et
2638 1406 2997 1462 Numerorum
3029 1420 3291 1479 przecepta
3338 1426 3443 1466 non
3485 1412 3727 1477 modica,
3763 1424 3816 1468 et

2231 1510 2327 1562 per
2363 1495 2600 1566 singulas
2638 1496 2823 1566 pepuli
2857 1499 3025 1553 tribus
3051 1498 3386 1568 distributio,
3431 1510 3488 1556 et
3520 1503 3816 1565 oblationes

2231 1587 2531 1656 principum
2578 1589 2632 1642 in
2666 1589 2765 1644 bac
2808 1590 3085 1646 Mansione
3128 1592 3409 1662 descripta:
3449 1595 3592 1663 sint,
3625 1597 3816 1651 multo-

2229 1692 2455 1747 rumque
2485 1680 2814 1734 voluminum
2845 1680 3136 1750 disputatio
3161 1682 3282 1738 huic
3313 1685 3428 1738 loco
3449 1685 3700 1742 sullicere
3724 1688 3815 1743 vix

2231 1771 2419 1839 possit.
2468 1771 2855 1840 Interpretatur
2879 1783 3059 1828 autem
3090 1789 3224 1828 sum
3267 1777 3414 1841 rubi;
3445 1792 3550 1831 non
3602 1794 3736 1832 unus
3763 1790 3817 1834 ut

2231 1873 2390 1927 supra
2421 1860 2474 1913 in
2514 1861 2804 1915 solitudine
2835 1863 2970 1929 Sin,
3004 1863 3097 1917 sed
3129 1865 3314 1934 plures
3342 1882 3354 1918 :
3403 1876 3460 1920 ut
3509 1867 3579 1920 ibi
3621 1868 3816 1936 princi-

2234 1949 2376 2018 pium
2406 1951 2510 2014 sit,
2545 1952 2630 2006 hic
2657 1952 2944 2022 perfectio;
2999 1953 3068 2007 ibi
3114 1956 3416 2024 solitarius,
3452 1973 3706 2014 numerus
3733 1959 3818 2016 hic

2234 2042 2535 2112 multiplex.
2570 2043 2727 2098 Aliud
2756 2054 2840 2100 est
2861 2046 3004 2100 enim
3033 2062 3216 2113 uuam,
3247 2059 3300 2103 et
3323 2049 3468 2105 aliud
3495 2066 3683 2107 omnes
3707 2065 3817 2122 gra-

2234 2133 2332 2188 tias
2355 2133 2651 2203 possidere.

2824 2269 2958 2324 XIII.
2997 2270 3220 2328 MANSIO.
3300 2249 3308 2260 ’
3624 2327 3658 2367 ⁸

2305 2377 2375 2433 Et
2402 2381 2616 2451 profecti
2655 2382 2719 2436 de
2742 2383 3014 2438 solitudine
3055 2385 3205 2440 Sinai
3226 2426 3242 2452 ,
3287 2396 3452 2441 castra
3493 2389 3666 2443 metati
3701 2400 3815 2445 sunt

2233 2472 2290 2526 in
2339 2473 2582 2541 sepulcris
2611 2477 3030 2547 concupiscentia
3061 2477 3250 2550 (Nunt.
3279 2479 3370 2534 55.
3402 2480 3518 2551 Ili).

2305 2584 2486 2640 Tertia
2514 2586 2719 2642 decima
2745 2587 2979 2655 Mansio,
3011 2591 3164 2661 cujus
3207 2608 3402 2648 nomen
3438 2592 3515 2664 (Δ)
3559 2609 3624 2649 ex
3656 2594 3817 2650 inter-

2237 2677 2536 2746 pretatione
2560 2680 2760 2734 editum
2792 2691 2894 2748 est,
2927 2683 3066 2751 apud
3096 2684 3348 2740 llebrmos
3387 2686 3699 2756 appellatur
3722 2703 3816 2743 cs-

2238 2780 2448 2820 snoau
2479 2769 2548 2838 (ε)
2579 2785 2847 2825 ΑττιιΑνΑ.
2894 2772 2989 2826 Est
3017 2783 3197 2829 autem
3223 2791 3410 2831 sensus
3442 2777 3529 2832 ille
3553 2778 3620 2832 de
3647 2777 3821 2833 Evan-

2235 2858 2395 2926 gelio,
2423 2859 2565 2929 quod
2593 2860 2748 2917 Iesus
2779 2863 3080 2933 baptizatus
3122 2867 3302 2921 statim
3333 2883 3362 2922 a
3403 2867 3602 2939 Spiritu
3629 2869 3819 2926 ductus

2237 2963 2322 3009 est
2350 2955 2404 3009 in
2430 2955 2724 3024 desertum,
2755 2969 2809 3014 et
2831 2970 3062 3015 tentatus
3083 2960 3177 3035 [ιιι.
3208 2963 3508 3037 laniabatur]
3534 2981 3564 3020 a
3587 2965 3817 3022 diabolo.

2238 3044 2421 3116 Itaque
2441 3056 2496 3101 et
2523 3048 2684 3104 Israel
2711 3062 2832 3120 post
2858 3051 3178 3109 familiarem
3203 3069 3323 3108 cum
3361 3055 3588 3110 Domino
3613 3070 3820 3112 sermo-

2239 3153 2385 3205 nem,
2418 3152 2695 3212 postquam
2725 3144 2868 3213 juxta
2897 3155 3134 3202 montem
3175 3147 3321 3202 Sinai
3355 3158 3717 3207 commoratus
3741 3158 3822 3206 est

2237 3244 2380 3284 anno
2415 3247 2520 3286 uno
2560 3243 2611 3287 et
2647 3234 2838 3289 diebus
2884 3247 3116 3305 quatuor
3138 3278 3155 3306 ,
3183 3239 3316 3292 mira
3346 3240 3706 3311 dispositione
3731 3257 3823 3300 ca-

2237 3329 2468 3374 Strorum
2497 3336 2755 3391 egressus
2784 3326 2835 3378 in
2860 3326 3202 3383 solitudinem
3235 3327 3306 3400 (ί)
3336 3345 3563 3397 “MBAN,
3595 3349 3717 3402 quae
3743 3335 3825 3390 in-

2239 3418 2581 3480 terpretatur,
2609 3429 2820 3484 onager,
2850 3425 2943 3470 aut
2967 3418 3164 3486 feritas,
3193 3419 3371 3489 ibique
3399 3423 3694 3476 succumbit
3720 3439 3824 3478 ma-

2236 3500 2302 3556 la:
2327 3503 2511 3557 bestiae
2530 3544 2548 3571 ,
2579 3505 2856 3561 fastidiens
2884 3510 3158 3564 cmlestem
3187 3526 3411 3580 panem,
3458 3523 3510 3567 et
3538 3512 3823 3584 Egyptia-

2238 3609 2356 3650 rum
2424 3611 2615 3651 carnes
2664 3599 3015 3666 desiderans,
3066 3603 3278 3672 quando
3328 3606 3521 3659 multos
3585 3608 3820 3662 subitum

2239 3687 2444 3740 voravit
2471 3688 2806 3755 incendium;
2835 3701 2890 3746 et
2921 3692 3280 3750 intercedente
3304 3695 3486 3768 Moyse
3513 3697 3698 3771 (Nam.
3732 3701 3824 3758 II.

2241 3781 2292 3835 l.
2319 3789 2368 3835 et
2395 3779 2471 3854 2),
2494 3782 2712 3837 humum
2755 3799 2917 3860 vorax
2947 3785 3160 3842 ﬂamma
3192 3791 3710 3860 consumpsil.Tunc
3734 3809 3825 3848 ac-

2237 3872 2439 3941 cipiunt
2464 3857 2795 3940 coturnices,
2823 3884 2877 3929 et
2907 3892 3074 3947 usque
3099 3879 3164 3932 ad
3198 3895 3448 3935 nauseam
3482 3897 3545 3936 ac
3569 3887 3822 3938 vomitum

2239 3963 2521 4017 devorant.
2568 3964 2846 4035 Eliguntur
2889 3970 3219 4039 septuaginta
3249 3971 3591 4044 Presbyteri;
3628 3977 3827 4031 vadunt

2239 4054 2304 4108 ad
2343 4055 2540 4110 ostium
2567 4058 2915 4124 tabernaculi,
2947 4061 3052 4115 duo
3079 4073 3376 4130 remanent,
3408 4066 3612 4120 Ileldad
3653 4078 3707 4123 et
3727 4068 3826 4124 Me-

2238 4144 2380 4210 dad,
2414 4162 2518 4201 non
2561 4149 2767 4218 imperii
2815 4152 3182 4223 negligentes,
3215 4155 3308 4210 sed
3353 4156 3653 4213 humilitate
3698 4161 3824 4215 sub-

2243 4239 2414 4307 missi,
2443 4240 2572 4295 dum
2602 4255 2660 4296 se
2696 4242 2902 4300 honore
2931 4247 3260 4302 arbitrantur
3295 4250 3556 4320 indignos.
3592 4250 3746 4307 Unde
3775 4262 3827 4306 et

2243 4331 2497 4385 absentes
2525 4333 2880 4404 prophetam;
2911 4346 3254 4410 saturataque
3277 4343 3496 4411 populo,
3518 4343 3638 4395 dum
3660 4344 3828 4396 adhuc

2242 4439 2370 4478 escae
2411 4436 2574 4479 essent
2600 4427 2653 4480 in
2697 4443 2785 4482 ore
2812 4445 2983 4483 eorum
3005 4471 3020 4494 ,
3052 4433 3130 4485 ira
3161 4433 3255 4486 Dei
3294 4435 3517 4488 ascendit
3547 4451 3696 4504 super
3722 4452 3823 4498 eos,

2241 4527 2288 4570 et
2311 4517 2492 4570 occidit
2538 4518 2750 4590 pingues
2785 4537 2989 4586 eorum,
3021 4535 3066 4578 et
3113 4525 3293 4580 electos
3322 4523 3490 4579 Israel
3535 4526 3827 4596 prtvpedieit

2245 4606 2361 4678 (Ps.
2389 4607 2479 4662 '17.
2503 4609 2559 4680 5)
2596 4627 2608 4664 :
2634 4625 2703 4666 ne
2725 4611 2791 4667 ad
2822 4613 3019 4668 malum
3049 4617 3307 4671 velociter
3331 4628 3650 4673 currerent:
3691 4619 3828 4674 unde

2243 4713 2298 4757 et
2320 4703 2621 4772 appellatus
2649 4714 2734 4760 est
2756 4706 2934 4776 locus,
2963 4709 3195 4779 sepulcra
3220 4712 3644 4778 concupiscentia:
3667 4728 3686 4775 ;
3721 4713 3829 4766 sive

2243 4803 2302 4850 ut
2373 4793 2538 4868 480
2615 4797 2667 4852 in
2699 4797 3041 4870 Septuaginta
3070 4800 3312 4870 legimus,
3347 4803 3590 4856 memoria
3616 4802 3819 4854 deside-

2243 4889 2330 4942 rii.
2355 4893 2431 4960 (g)
2462 4891 2539 4945 Ex
2570 4892 2764 4961 quibus
2794 4893 3043 4948 omnibus
3072 4907 3171 4947 nos
3197 4908 3387 4948 omnes
3412 4893 3674 4948 docemur
3694 4935 3710 4959 ,
3744 4895 3830 4962 qui

2243 5022 2384 5134 “((13)
2417 5022 2720 5134 srecte
2745 5024 2946 5089 vulgati,
2971 5039 3084 5078 cum
3105 5026 3531 5092 interpretatione;
3564 5028 3831 5078 emendan-

2267 5100 2286 5133 ι
2399 5099 2449 5132 SC
2499 5101 2527 5134 D
2553 5101 2564 5133 I
2599 5123 2608 5133 .

2267 5099 2325 5148 ur
2349 5099 2377 5133 a
2399 5099 2608 5148 scriptis.

2307 5147 2375 5221 (ε)
2411 5146 2734 5221 Mssaliquot
2769 5164 2882 5221 cum
2915 5152 3264 5221 vetustioribus
3300 5150 3449 5221 editis
3492 5157 3640 5221 Atatfa
3655 5164 3683 5221 ί.
3705 5149 3831 5221 male

2245 5215 2412 5256 autem
2435 5209 2814 5274 p9st_Erasmum
2828 5213 3070 5262 Victorius
3089 5212 3287 5274 aliunde
3305 5215 3568 5263 induxerat
3588 5209 3832 5274 (cibarotlt
3867 5217 3878 5232 ’

2245 5275 2436 5335 A‘Qﬂ_!‘¢-
2463 5267 2570 5335 Sed
2581 5285 2730 5335 quant
2755 5276 2801 5322 in
2828 5275 3053 5335 legendis
3097 5273 3324 5322 Hebrzeis
3359 5267 3611 5323 vocabulis
3651 5274 3830 5323 Masso-

2243 5331 2478 5398 retbicam
2524 5330 2614 5378 illi‘
2636 5330 2910 5396 sequuntur
2947 5337 3218 5395 rationem,
3255 5336 3403 5385 tertio
3438 5348 3640 5398 quoque
3683 5337 3834 5386 verbo

2244 5393 2602 5460 ws_t_i_ga_r_e_non
2629 5393 2782 5452 vacat.
2803 5407 2859 5460 et
2882 5400 3035 5460 piget.

2307 5453 2381 5516 (Γ)
2417 5453 2698 5536 ntalejmg
2718 5453 2978 5536 scripserat
3001 5459 3308 5536 Martianaaus
3331 5471 3418 5520 pro
3445 5459 3831 5536 pup;_nisi_sit,

2244 5531 2300 5572 ut
2321 5525 2514 5585 propius
2536 5525 2836 5590 (Iesignaret,
2861 5530 2993 5578 unde
3018 5529 3223 5578 nominis
3246 5525 3588 5590 interpretatio
3613 5530 3834 5577 haurire-

2245 5594 2340 5645 tur,
2365 5598 2542 5634 nomen
2568 5589 2684 5637 illud
2709 5590 2966 5652 conﬁnxit;
3011 5599 3088 5640 est
3112 5591 3244 5640 enim
3269 5604 3294 5638 a
3319 5596 3429 5650 819
3446 5628 3459 5646 ,
3500 5602 3704 5652 onager,
3745 5600 3833 5638 DC-

2242 5669 2356 5737 men
2555 5658 2656 5708 Sed
2680 5661 2972 5737 quandoque
2995 5674 3166 5735 sonum
3189 5661 3336 5737 vocis,
3351 5673 3445 5731 non
3463 5659 3834 5737 littemsettgu'

2245 5719 2749 5784 disse'Hiei-onymum
2775 5723 2824 5771 in
2846 5719 3106 5773 Hebraicis
3125 5721 3404 5771 nominibus
3427 5720 3831 5783 interpretandis,

2242 5789 2448 5834 constat.

2313 5846 2388 5911 (q)
2422 5847 2579 5911 Supra
2601 5841 2824 5896 laudatus
2861 5844 3040 5900 Auctor
3061 5847 3113 5898 in
3134 5842 3358 5910 Append.
3383 5842 3606 5909 Operum
3638 5843 3693 5895 S.
3718 5842 3831 5894 Αωο
