4106 6340
381 395 488 478 iis

382 547 596 604 stupore
619 541 672 586 et
697 525 950 584 miraculo
966 522 1172 580 Christi
1190 517 1604 592 magnitudinem
1625 517 1895 574 confiteris
1921 534 1936 569 :

383 624 540 678 vides
566 620 656 675 ibi
673 619 869 673 multos
898 613 1110 670 virtutis
1139 623 1240 666 tua:
1264 611 1440 666 socios
1466 628 1479 664 :
1507 607 1615 664 noli
1661 608 1825 661 altum
1853 617 1937 659 sa-

381 729 528 785 pere.
557 711 649 766 sed
674 711 819 765 time.
854 707 1109 762 Duminus
1136 704 1277 758 enim
1313 700 1555 772 superbis
1581 698 1808 765 resistit,
1840 695 1939 749 hu-

382 783 595 861 milibus
621 809 799 856 autem
829 799 920 854 dat
968 792 1191 868 gratiam
1225 794 1362 866 (Jac.
1397 793 1475 864 4).
1506 791 1574 845 Ει
1597 791 1684 860 qui
1713 801 1772 844 se
1801 783 1948 842 exal-

384 907 476 959 tat,
503 895 681 949 videat
720 906 786 946 ue
829 888 984 945 cadat
1029 889 1107 958 (l.
1138 887 1258 942 Cor.
1291 886 1402 954 l0).
1440 884 1678 938 Potentes
1719 887 1943 952 potenter

383 991 625 1041 tormenta
673 983 926 1053 patientur
955 979 1112 1050 (Sap.
1141 977 1196 1032 6.
1229 979 1304 1047 7).
1335 974 1507 1030 Triton
1543 985 1815 1028 Vttt'w'run
1843 985 1941 1024 cu-

382 1086 493 1131 stos
521 1083 644 1129 est:
691 1071 952 1126 securitas
1005 1069 1070 1122 ad
1119 1068 1325 1136 lapsum
1375 1064 1562 1119 facilis.
1594 1061 1744 1118 Unde
1787 1069 1841 1114 et
1887 1059 1941 1112 in

379 1166 614 1238 quodam
666 1163 899 1224 Psalmo,
929 1169 1207 1230 postquam
1255 1156 1511 1226 propheta
1560 1154 1802 1208 dixerat:
1834 1147 1944 1202 Do-

381 1259 544 1311 i‘m‘nus
565 1255 691 1324 regit
716 1268 810 1317 me,
831 1250 1022 1305 etnihit
1044 1251 1166 1302 mihi
1174 1249 1356 1312 'decrit,
1376 1247 1428 1299 in
1444 1247 1554 1299 loco
1572 1253 1774 1314 pascuae
1788 1240 1855 1293 ibi
1869 1255 1947 1292 me

379 1347 640 1403 collocavit
665 1343 786 1414 (Ps.
812 1328 904 1396 ‘29..
936 1340 997 1411 ἢ)
1021 1359 1034 1396 :
1061 1341 1235 1410 jungit
1261 1330 1632 1405 timorem,qui
1657 1342 1839 1386 custos
1863 1338 1944 1383 εει

380 1441 747 1503 beatitudinis,
770 1446 824 1494 et
846 1438 1006 1492 infert
1031 1453 1045 1491 :
1085 1435 1241 1505 Virga
1263 1442 1347 1486 tua
1368 1439 1414 1484 et
1435 1427 1642 1482 baculus
1666 1434 1800 1486 tuus,
1829 1423 1944 1490 ipsa

381 1549 459 1588 me
485 1533 744 1588 consolata
769 1539 886 1584 sunt
911 1529 1074 1602 (Ibid.
1106 1527 1185 1596 4).
1217 1526 1281 1580 Ει
1306 1533 1388 1577 est
1417 1533 1606 1574 sensus
1635 1533 1649 1568 :
1682 1514 1806 1568 dum
1835 1521 1944 1566 tor-

380 1632 560 1681 menta
599 1621 854 1689 formido,
887 1617 1094 1676 servavi
1137 1615 1380 1686 gratiam,
1407 1613 1567 1681 quam
1609 1615 1940 1674 acceperam.

935 1724 1124 1781 XXIV.
1166 1723 1386 1778 Massa).

456 1844 519 1899 Et
547 1843 757 1916 profecti
786 1841 848 1895 de
885 1823 1108 1906 Thaath,
1136 1843 1300 1891 castra
1339 1829 1510 1888 luctati
1537 1838 1654 1884 sunt
1682 1829 1733 1882 in
1783 1823 1944 1880 There

381 1935 567 2008 (Nam.
600 1936 686 1991 ss.
715 1934 833 2002 27).

453 2044 713 2101 Vicesima
739 2051 930 2113 quarta
973 2038 1214 2104 Mansio,
1260 2042 1417 2113 quam
1465 2029 1704 2087 nonnulli
1777 2025 1939 2099 535

381 2147 592 2190 vertunt
624 2135 678 2188 in
729 2110 997 2195 malitiam,
1027 2129 1113 2183 vel
1146 2110 1430 2198 periuram,
1471 2136 1570 2176 nec
1613 2132 1859 2175 errarent
1901 2117 1946 2170 si

381 2239 476 2296 per
507 2225 570 2277 Ai
612 2224 840 2277 litteram
899 2219 1242 2281 scriberetur,
1288 2226 1432 2268 nunc
1472 2225 1600 2266 vero
1641 2223 1764 2263 cum
1810 2207 1950 2276 aspi-

383 2315 520 2369 ratio
563 2312 758 2382 duplex
807 2310 860 2363 in
905 2317 1144 2363 extrema
1188 2305 1260 2358 sit
1297 2299 1524 2373 syllaba,
1564 2299 1765 2354 erroris
1791 2309 1949 2350 causa

380 2404 664 2459 manifesta
689 2409 792 2456 est.
823 2399 936 2453 Hoc
959 2396 1154 2452 eodem
1183 2392 1444 2450 vocabulo
1470 2398 1525 2446 et
1544 2388 1731 2444 iisdem
1760 2385 1952 2441 litteris

381 2498 639 2567 Scriptum
690 2492 904 2547 invenio
951 2498 1159 2558 patrem
1209 2483 1499 2548 Abraham,
1525 2481 1619 2552 qui
1667 2482 1719 2535 in
1751 2479 1828 2551 (a)
1856 2494 1950 2534 sn-

383 2587 628 2657 pradicto
659 2583 967 2652 apocrypbo
994 2579 1269 2635 Geneseos
1293 2575 1581 2639 volumine,
1603 2573 1807 2626 abactis
1831 2585 1953 2627 cor-

385 2677 490 2740 vis,
519 2675 609 2750 qui
644 2673 917 2727 hominum
946 2670 1209 2724 frumenta
1240 2667 1542 2732 vastabant,
1573 2663 1839 2729 abactoris,
1868 2662 1953 2717 vel

385 2766 672 2836 depulsoria
700 2764 921 2818 sortitus
969 2770 1052 2817 est
1081 2774 1295 2814 nomen.
1328 2756 1508 2825 Itaque
1549 2763 1602 2809 et
1639 2767 1737 2808 nos
1778 2753 1952 2806 imite-

384 2874 506 2914 mur
533 2857 741 2912 Tbare:
784 2866 838 2912 et
866 2855 1107 2910 volucres
1136 2854 1255 2909 caeli
1283 2867 1401 2922 qum
1429 2851 1577 2920 juxta
1601 2849 1740 2902 viam
1780 2855 1951 2901 satum

387 2950 622 3004 triticum
667 2947 930 3002 devorare
973 2945 1250 3010 feStinant,
1293 2940 1508 2997 solliciti
1553 2939 1948 3008 prohibeamus.

385 3041 516 3100 Nam
547 3051 603 3098 et
631 3039 900 3095 Abraham
930 3036 1237 3092 Patriarcba
1260 3037 1310 3088 in
1344 3045 1468 3105 typo
1497 3031 1725 3093 lsraelis,
1754 3029 1826 3100 (ὁ)
1859 3028 1955 3082 ho-

387 3136 610 3190 stiarum
642 3133 826 3187 divisit
874 3129 1112 3186 membra
1149 3126 1418 3188 sacrificii,
1449 3138 1568 3194 qua:
1593 3137 1626 3176 a
1651 3120 1956 3176 volucribus

389 3243 495 3284 non
523 3225 650 3281 sinit
676 3221 922 3279 devorari
951 3219 1104 3291 (Gen.
1139 3219 1225 3275 15.
1263 3217 1380 3287 11);
1427 3224 1483 3270 et.
1514 3213 1586 3284 (c)
1619 3219 1954 3280 contempto-

390 3331 502 3374 rem
525 3315 737 3371 oculum
758 3313 1014 3368 eli‘odiunt
1042 3310 1186 3365 corvi
1215 3307 1280 3363 de
1299 3305 1667 3370 convallibus;
1695 3309 1957 3370 verusque

392 3408 604 3481 Moyses
636 3407 782 3461 ducit
811 3403 1231 3473 Ethiopissam;
1261 3408 1314 3454 et
1339 3398 1485 3452 Elias
1519 3410 1549 3449 a
1578 3395 1756 3450 corvis
1783 3392 1956 3462 pasci-

384 3510 497 3576 tur.
523 3500 578 3554 Si
603 3496 850 3552 habueris
880 3507 1154 3564 pavorem,
1179 3489 1439 3546 sollicitus
1460 3486 1602 3542 eris;
1628 3485 1674 3540 si
1701 3482 1959 3540 sollicitus

393 3591 579 3657 fueris,
611 3591 697 3644 leo
721 3589 774 3643 in
797 3586 981 3642 caulas
1008 3584 1189 3639 ovium
1221 3592 1430 3637 tuarum
1466 3576 1686 3632 introire
1715 3588 1820 3630 non
1861 3587 1958 3643 po-

397 3687 520 3738 terit
552 3700 564 3735 :
595 3681 735 3751 quod
764 3679 848 3734 vel
889 3678 956 3732 ad
987 3674 1305 3747 praepositos
1348 3669 1729 3732 Ecclesiarum,
1761 3668 1843 3722 vel
1892 3665 1960 3721 ad

346 3763 354 3768 ’
394 3773 688 3830 custodiam
719 3773 858 3827 refer
903 3770 1096 3824 animae
1144 3778 1282 3829 tuas,
1311 3762 1379 3819 ad
1421 3775 1579 3832 quam
1623 3759 1727 3825 leo,
1772 3758 1960 3813 diabo-

393 3866 494 3929 lus,
529 3879 620 3934 per
660 3861 872 3918 diversa
917 3859 1169 3915 vitiorum
1216 3852 1479 3909 foramina
1523 3848 1731 3921 ingredi
1775 3847 1961 3904 nititur

394 3957 471 4026 (l.
497 3953 636 4009 Petr.
660 3954 735 4026 5).
1211 4025 1223 4034 _

965 4057 1128 4115 XXV.
1167 4055 1389 4116 Mansto.

468 4194 536 4248 Et
580 4192 789 4264 profecti
836 4189 898 4244 de
933 4187 1134 4253 Titare,
1173 4192 1340 4239 castra
1377 4179 1548 4235 ηιωωὶ
1589 4187 1705 4234 sunt
1744 4179 1799 4231 in
1847 4175 1962 4230 Me-

399 4285 514 4339 tltca
535 4283 719 4355 (Num.
751 4283 840 4338 55.
867 4279 980 4350 28).

472 4397 732 4452 Vicesima
752 4394 931 4466 quinta
954 4391 1155 4448 Mansio
1177 4387 1399 4444 vertitur
1420 4386 1473 4441 iu
1503 4399 1520 4436 α
1551 4382 1906 4439 dulcedinem.
1935 4396 1955 4433 ο

401 4487 701 4544 Ascendiin
735 4487 787 4539 in
817 4485 1108 4546 excelsum,
1137 4479 1426 4534 admiratus
1450 4491 1508 4530 es
1546 4475 1798 4528 virtutum
1836 4472 1964 4526 cbo-

402 4594 493 4634 ros
513 4620 525 4642 ,
556 4575 777 4630 timuisti
802 4576 1034 4639 ruinam,
1064 4569 1286 4640 abegisti
1329 4565 1690 4628 insidiatores,
1715 4561 1886 4617 dulcis
1912 4572 1964 4616 te

403 4668 645 4738 protinus
672 4663 872 4717 fructus
894 4661 1092 4714 laboris
1118 4657 1414 4727 insequitur
1443 4655 1606 4710 :etin
1637 4667 1840 4707 morem
1870 4651 1963 4704 lit-

405 4767 664 4816 terarum,
694 4751 931 4805 radicum
977 4746 1400 4811 amaritudinem,
1426 4759 1705 4814 pomorum
1734 4742 1964 4798 suavitas

407 4841 790 4914 compensabit,
812 4849 866 4895 et
891 4838 1038 4893 dices
1070 4858 1083 4892 :
1116 4854 1135 4887 ι
1162 4837 1330 4902 Quam
1358 4835 1530 4890 dulcia
1561 4834 1801 4888 faucibus
1831 4832 1963 4886 meis

407 4936 618 5006 eloquia
655 4943 765 5000 tua,
813 4945 978 5001 super
1020 4929 1125 4984 mel
1171 4928 1253 4982 ori
1297 4941 1417 4981 meo
1443 4940 1462 4977 ›
1509 4925 1629 4995 (Ps.
1661 4926 1784 4980 111.
1819 4921 1964 4992 105).

408 5031 780 5101 Sponsumque
817 5025 912 5081 tibi
950 5022 1136 5078 audies
1172 5019 1538 5075 conciuentem
1568 5035 1582 5072 :
1616 5035 1637 5069 ι
1664 5015 1764 5070 Mel
1797 5015 1968 5090 distil-

474 5162 542 5224 χα)
558 5159 727 5224 ,Parva
750 5157 988 5224 Genesis,
1011 5164 1103 5204 seu
1123 5165 1236 5213 λητή
1257 5166 1406 5224 τινιεις.
1431 5148 1618 5221 Caetera
1652 5147 1817 5198 confer
1857 5160 1967 5196 cum

428 5212 538 5272 ib‘ro'
557 5221 808 5270 Neminem
826 5218 883 5267 ad
907 5212 1029 5266 banc
1049 5212 1301 5265 vocem'e'x
1325 5212 1558 5261 Numeris.

472 5270 542 5344 (lt)
577 5282 673 5330 Pro
695 5279 956 5344 hostiarum
978 5289 1230 5338 perperam
1256 5276 1302 5323 in
1323 5275 1582 5344 hucusque
1593 5270 1800 5344 vulgatis
1821 5270 1972 5344 omni-

408 5331 502 5393 bus
525 5331 632 5392 erat
653 5347 698 5390 et
720 5340 925 5390 hostium
943 5375 956 5396 ,
978 5331 1184 5398 "quorum
1207 5344 1371 5398 typus,
1402 5331 1539 5383 sicuti
1570 5331 1791 5398 Israe‘Iis,
1817 5331 1971 5398 Abra-

412 5391 728 5465 hamsupino
763 5391 955 5465 errore
968 5391 1401 5465 dicebaturi'fl‘nm
1438 5403 1614 5465 caetera
1640 5391 1787 5444 etiam
1818 5395 1976 5465 minus

412 5454 738 5514 cohaerebant.
763 5461 860 5511 Nos
883 5473 946 5510 ex
968 5459 1180 5512 Rabauo,
1206 5458 1286 5519 qui
1312 5457 1465 5519 locum
1489 5455 1613 5506 hunc
1633 5463 1890 5519 antequam
1907 5454 1977 5519 ab

415 5513 650 5588 imperitis
671 5523 881 5594 librariis
897 5522 1166 5576 vitiaretor,
1187 5513 1442 5579 eiscripsit
1460 5552 1473 5578 ,
1495 5513 1782 5575 germanam
1805 5513 1974 5565 lectio-

413 5600 527 5635 nem
552 5600 611 5636 0X
619 5597 899 5636 nressnnus.

477 5648 546 5709 (c)
566 5635 760 5695 ’AIludit
783 5644 897 5694 illud
909 5641 1151 5709 _Prove_rb.
1174 5637 1356 5709 50.‘I7.
1387 5654 1410 5683 α
1434 5635 1653 5709 Oculum,
1670 5638 1753 5701 qui

416 5698 497 5756 nai
519 5698 706 5771 patrem
724 5744 738 5771 ,
766 5715 818 5755 et
838 5706 921 5768 qui
943 5702 1151 5771 despicit
1165 5706 1358 5771 partum
1378 5698 1544 5746 matris
1565 5713 1666 5749 sua:
1679 5698 1980 5771 ,Zsuﬂ'odient

553 5772 681 5819 corvi
705 5758 1100 5818 deterrentibus.
1122 5758 1263 5811 LXX.
1291 5773 1326 5808 at
1351 5777 1419 5809 τῶν
1453 5772 1660 5823 φράττων,
1680 5758 1746 5811 de
1785 5758 1976 5811 conval-

439 5842 449 5874 I
471 5843 560 5875 )US.

439 5842 560 5878 IDUS.

1676 378 1998 461 EPISTOLA
2038 374 2313 456 mm.

3505 397 3611 453 7M

2057 513 2168 567 lant
2221 512 2356 566 labia
2408 520 2515 577 tua,
2563 502 2716 565 scror
2765 525 2880 565 mea
2929 507 3123 582 spensa
3155 510 3172 564 ὃ
3209 492 3378 583 (Cant.
3412 513 3464 567 ι.
3499 515 3611 582 tt)“.

2053 605 2188 672 QUID
2210 605 2335 658 erant
2364 606 2540 657 suavis
2564 602 2840 672 disciplina
2862 603 2886 656 τ’
2907 605 3032 674 quid
3057 605 3355 660 eruditione
3386 606 3615 660 melius?

2054 695 2179 766 quid
2209 695 2414 749 dulcius
2440 693 2713 748 Domino?
2744 709 2764 746 ι
2795 692 3032 761 Gustate,
3061 705 3115 750 et
3139 696 3333 759 videte,
3363 690 3615 765 quatiant

2055 789 2233 844 Suavis
2269 798 2352 842 est
2391 784 2644 842 Dominus
2677 803 2696 840 ι
2733 782 2850 855 (Ps.
2883 785 2970 841 3'5.
3005 787 3083 857 9).
3114 785 3268 844 Unde
3307 799 3361 843 et
3391 790 3616 843 Samson

2053 881 2144 950 qui
2181 878 2431 949 abegerat
2466 894 2496 934 a
2539 876 2798 932 fructibus
2840 877 2950 931 suis
2993 891 3138 942 aves,
3171 885 3221 932 et
3249 881 3452 947 vulpes,
3499 892 3618 948 qua:

2054 971 2413 1024 exterminant
2432 973 2635 1035 vineas,
2667 967 3028 1038 colligaverat,
3061 965 3374 1037 leonemque
3395 968 3618 1023 interfe-

2053 1071 2200 1115 cerat
2261 1061 2595 1130 rugientem,
2653 1057 2829 1114 favum
2889 1057 3093 1112 invenit
3141 1057 3193 1111 in
3257 1072 3350 1112 ore
3423 1059 3618 1112 mortui

2053 1150 2199 1224 (Iud.
2236 1151 2343 1223 ιι).

2610 1257 2797 1316 XXVI.
2838 1261 3054 1318 Mansto.

2123 1369 2190 1422 Et
2248 1370 2460 1441 profecti
2513 1371 2574 1424 de
2633 1370 2838 1424 Met/cca
2866 1411 2880 1434 ,
2948 1382 3113 1424 castra
3173 1370 3344 1444 uytati
3396 1379 3512 1424 sunt
3566 1371 3618 1442 in

2052 1459 2292 1532 Asntona)
2324 1460 2481 1514 Num.
2510 1463 2601 1516 53.
2625 1460 2738 1532 99).

2119 1571 2284 1642 486
2356 1570 2619 1627 Vicesima
2649 1580 2798 1626 sexta
2826 1571 3029 1626 Mansio
3047 1571 3288 1642 inlingua
3305 1581 3483 1627 nostra
3504 1591 3523 1625 α
3544 1571 3619 1627 fe-

2054 1663 2397 1714 stinationem
2429 1678 2448 1711 ι
2480 1668 2637 1714 sonat
2662 1677 2676 1712 :
2699 1660 2992 1729 juxtaillud
3019 1660 3158 1730 quod
3185 1661 3460 1716 inPsahno
3487 1663 3620 1715 serie

2053 1751 2212 1815 bitur,
2247 1769 2264 1802 ι
2296 1751 2522 1807 Venient
2550 1751 2707 1821 legati
2727 1766 2791 1806 ex
2817 1750 3050 1821 Egypto
3075 1769 3094 1802 ι
3123 1750 3236 1820 (Ps.
3257 1751 3342 1806 67.
3364 1751 3487 1820 5‘2).
3515 1752 3620 1806 Pro

2059 1859 2078 1892 ι
2111 1841 2295 1909 legatis
2329 1854 2348 1893 ι
2375 1841 2429 1895 in
2479 1840 2703 1896 Hebraeo
2731 1881 2746 1908 ,
2779 1858 2798 1892 ‹
2841 1840 3146 1895 festinantes
3180 1854 3198 1892 ι
3254 1840 3476 1910 legimus
3511 1858 3525 1893 :
3564 1849 3622 1895 ut

2058 1941 2334 2002 postquam
2362 1932 2544 1987 dulces
2581 1930 2784 1986 fructus
2829 1931 3024 1985 laboris
3069 1930 3470 1994 messuerimus,
3511 1946 3644 1983 noni

2055 2023 2218 2077 simus
2248 2024 2425 2092 quiete
2453 2022 2688 2078 contenti
2732 2031 2786 2077 et
2830 2021 2980 2087 otio;
3008 2021 3100 2076 Sed
3143 2033 3352 2074 rursum
3392 2019 3458 2074 ad
3486 2019 3621 2074 ulte-

2054 2114 2192 2167 riora
2223 2123 2589 2183 properantes,
2635 2112 3012 2168 obliviscamur
3043 2111 3451 2182 pra‘teritorum,
3483 2120 3538 2167 et
3568 2113 3620 2167 in

2054 2202 2228 2258 futura
2259 2215 2356 2258 nos
2378 2202 2750 2258 extendamus.

2604 2313 2816 2368 XXVII.
2857 2311 3075 2369 masne.

2130 2428 2196 2482 Et
2242 2429 2452 2499 profecti
2494 2429 2555 2483 de
2601 2429 2843 2494 Asmona,
2885 2440 3050 2482 castra
3078 2428 3157 2501 (ά)
3201 2429 3374 2482 metati
3419 2439 3532 2482 sunt
3570 2429 3622 2482 in

2059 2518 2313 2573 Hoserotlt
2339 2519 2520 2590 (Num.
2557 2520 2644 2574 55.
2675 2521 2788 2589 50).
3604 2505 3607 2510 Α

2128 2629 2394 2684 V'icesima
2423 2631 2645 2699 septima
2671 2630 2873 2695 Mansit)
2902 2647 2921 2682 ι
2950 2630 3181 2697 vincula,
3214 2649 3234 2686 υ
3265 2630 3377 2686 sive
3410 2649 3428 2681 ‹
3457 2631 3619 2686 disci-

2057 2719 2277 2789 plinas)
2309 2727 2488 2784 sonat,
2536 2730 2590 2773 ut
2621 2720 2816 2775 festino
2853 2719 3018 2790 gradu
3053 2735 3334 2790 pergamus
3359 2721 3425 2774 ad
3452 2721 3622 2790 mugi-

2058 2820 2217 2874 stros,
2243 2818 2295 2863 et
2315 2823 2498 2864 eorum
2530 2817 2762 2864 teramus
2783 2811 2983 2875 limina,
3015 2825 3084 2865 ετ
3123 2825 3408 2866 ΡηεῦερτΑ
3435 2825 3622 2868 vium-.-

2060 2915 2190 2967 ron,
2243 2914 2306 2954 ac
2354 2900 2608 2971 mysteria
2659 2899 3074 2970 Scripturarum,
3124 2901 3334 2956 vincula
3379 2911 3625 2970 putemus

2060 3000 2254 3046 {eterna
2285 3009 2300 3048 :
2320 2992 2471 3060 juxta
2507 2991 2635 3047 illud
2677 2992 2819 3062 quod
2856 2992 2910 3046 in
2936 2993 3072 3046 Isaia
3107 2991 3340 3048 dicitur:
3379 3011 3400 3046 ι
3433 2992 3500 3048 Ει
3530 2993 3628 3048 Sa-

2062 3082 2200 3137 baitn
2233 3083 2328 3137 viri
2359 3083 2614 3138 sublimes
2653 3082 2718 3138 ad
2766 3091 2817 3138 te
2857 3084 3181 3149 transibunt,
3231 3091 3286 3139 et
3330 3084 3404 3139 tui
3434 3094 3625 3151 erunt;

2061 3181 2180 3242 post
2225 3182 2274 3226 te
2318 3172 2663 3228 ambulabunt
2703 3173 2865 3228 vincti
2905 3172 3128 3227 manicis
3157 3191 3176 3226 ι
3206 3173 3360 3244 (Iani.
3389 3175 3480 3231 45.
3515 3174 3627 3247 11).

2061 3263 2129 3318 Ει
2174 3281 2192 3312 ι
2223 3262 2435 3329 Paulus,
2483 3263 2694 3317 vinctus
2743 3262 2868 3318 Jcsu
2915 3263 3108 3318 Christi
3139 3280 3158 3315 ι
3199 3264 3412 3337 (Ep/tes.
3459 3266 3511 3321 3.
3547 3265 3627 3337 4),

2062 3353 2298 3422 Duplicia
2339 3363 2462 3408 sunt
2491 3354 2543 3407 in
2580 3353 2870 3422 Scripturis
2898 3355 3102 3408 vincula
3136 3356 3206 3426 (ε)
3234 3373 3351 3427 quae
3378 3358 3626 3427 quamdiu

2063 3447 2204 3516 rupit
2241 3445 2485 3512 Samson,
2515 3447 2638 3501 vicit
2667 3447 2932 3520 inimicos.
2964 3447 3031 3501 Et
3067 3447 3133 3502 de
3180 3452 3458 3505 meretrice
3504 3452 3631 3520 legi-

2063 3551 2202 3603 mus,
2234 3553 2254 3588 ‹
2280 3536 2548 3591 vinculum
2577 3537 2630 3590 in
2662 3536 2905 3590 manibus
2931 3536 3046 3605 ejus
3081 3555 3099 3587 ι
3133 3536 3300 3608 (Eccl.
3334 3539 3386 3593 7.
3414 3538 3528 3611 εγ).
3565 3541 3630 3596 Ει

2065 3640 2130 3682 ex
2157 3638 2381 3696 persona
2422 3625 2633 3680 Domini
2663 3626 2910 3692 dicentis,
2950 3643 2968 3676 ι
3005 3625 3376 3695 Dirnmpamus
3408 3629 3628 3687 Vincula

2066 3733 2271 3782 eorum,
2324 3725 2379 3772 et
2430 3717 2770 3785 projiciamus
2821 3730 2852 3769 a
2902 3714 3059 3768 nobis
3106 3715 3288 3784 jngnm
3340 3719 3571 3788 ipsorum
3604 3739 3625 3772 ι

2070 3806 2238 3878 (Prol.
2266 3805 2320 3860 2.
2349 3807 2428 3874 5).
2455 3806 2523 3860 Et
2550 3805 2698 3871 alibi,
2732 3823 2750 3858 ι
2777 3805 3024 3874 Laqueus
3041 3808 3301 3859 contritus
3323 3817 3425 3870 est.
3455 3819 3508 3862 et
3534 3827 3631 3864 nos

2069 3897 2278 3951 liberati
2320 3909 2501 3950 sumus
2527 3911 2546 3947 ι
2585 3893 2754 3964 (I’sal.
2800 3893 2922 3948 125.
2956 3895 3033 3963 7).
3062 3893 3277 3950 Cuntsrt
3306 3912 3482 3950 Αυτειι
3515 3901 3630 3956 \‘in-

2070 3989 2187 4044 cula
2218 3987 2511 4042 voluntaria
2535 3993 2678 4052 sunt,
2704 3993 2759 4041 et
2785 3992 3059 4039 vertuntur
3099 3986 3152 4040 in
3180 3988 3473 4056 amplexus.
3507 3991 3633 4056 Qui-

2069 4092 2295 4147 cumque
2344 4076 2428 4131 his
2480 4075 2633 4130 fuerit
2671 4075 2969 4144 colligatus,
3000 4075 3162 4140 dicet,
3198 4094 3217 4129 ‹
3251 4076 3475 4132 Sinistra
3518 4081 3634 4150 ejus

2070 4169 2170 4224 sub
2196 4169 2368 4238 capite
2398 4180 2545 4233 meo;
2592 4175 2647 4220 et
2675 4163 2862 4220 dextra
2907 4164 3025 4234 ejus
3067 4167 3454 4236 complectetur
3491 4183 3575 4223 me
3607 4187 3625 4220 ι

2071 4259 2239 4332 (Cant.
2270 4259 2325 4313 ε.
2359 4259 2437 4329 6).

2607 4370 2839 4427 XXVIII.
2879 4370 3104 4427 MANSIO.

2143 4482 2210 4543 Et
2237 4488 2448 4559 profecti
2480 4486 2542 4540 de
2593 4485 2872 4550 Moseroth,
2904 4493 3070 4538 castra
3101 4484 3271 4538 metati
3299 4486 3494 4547 suntin
3529 4482 3636 4541 Ba-

2072 4581 2283 4651 nejacan
2313 4576 2496 4648 (Num.
2524 4576 2612 4631 35.
2641 4575 2750 4643 51).

2145 4690 2405 4746 Vicesima
2440 4693 2624 4741 octava
2654 4683 2854 4738 Mansio
2884 4681 3197 4739 transfertur
3240 4683 3293 4740 in
3327 4701 3346 4736 ι
3380 4683 3518 4742 ﬁlios
3544 4702 3638 4743 ne.

2074 4779 2359 4842 ccssitatis,
2391 4795 2410 4828 ι
2440 4790 2536 4831 seu
2562 4792 2581 4827 ‹
2614 4772 2880 4829 stridoris.
2912 4789 2930 4823 ι
2966 4772 3020 4829 Si
3055 4771 3125 4828 ab
3154 4787 3260 4830 uno
3291 4773 3515 4845 incipias
3541 4792 3639 4832 utr»

2076 4883 2246 4933 mero,
2275 4878 2328 4922 et
2350 4866 2598 4937 paulatim
2623 4863 2824 4919 addens
2855 4863 2920 4918 ad
2947 4864 3235 4934 septimum
3263 4881 3428 4937 usque
3452 4881 3642 4937 perve-

2078 4962 2213 5026 nias,
2257 4957 2537 5012 vicesimus
2565 4963 2785 5010 octavus
2827 4953 3056 5009 efficitur
3082 4969 3356 5012 numerus.
3391 4955 3490 5024 Qui
3534 4957 3643 5014 sint

2079 5052 2164 5106 isti
2193 5049 2282 5104 lilii
2325 5047 2676 5111 necessitatis,
2702 5045 2946 5100 Psalmus
2975 5046 3087 5115 ipse
3112 5061 3210 5101 nos
3239 5046 3428 5102 doceat
3454 5065 3468 5100 :
3497 5065 3516 5098 ι
3545 5047 3641 5101 Ai-

2079 5140 2212 5196 ferte
2241 5141 2462 5194 Domino
2489 5135 2579 5191 illii
2602 5137 2714 5200 Dei,
2737 5135 2923 5190 afferte
2948 5135 3173 5190 Domino
3199 5135 3335 5191 filios
3363 5137 3587 5191 arietum
3616 5156 3634 5189 ι

2079 5230 2197 5302 (Pr.
2215 5229 2304 5285 28.
2333 5227 2408 5299 1).
2440 5228 2568 5295 Quae
2593 5236 2676 5282 est
2703 5233 2842 5279 tanta
2863 5225 3172 5290 necessitas,
3195 5241 3314 5296 qua:
3339 5225 3641 5280 nolentibus

2080 5319 2422 5392 imponatur?
2457 5317 2591 5373 Cum
2636 5315 2830 5372 divinis
2877 5315 3171 5384 Scripturis
3195 5316 3360 5371 fueris
3382 5315 3642 5378 eruditus,

2080 5424 2136 5471 et
2160 5414 2303 5485 leges
2331 5422 2513 5466 earum
2553 5423 2616 5463 ac
2647 5407 2943 5463 testimonia
2971 5406 3182 5461 vincula
3224 5405 3410 5461 scieris
3450 5402 3647 5456 verita-

2082 5508 2151 5563 tis
2175 5522 2194 5570 ;
2219 5502 2510 5560 contendes
2533 5516 2654 5557 cum
2671 5499 3010 5564 adversariis,
3026 5497 3214 5565 ligabis
3234 5509 3348 5558 eos.
3364 5502 3418 5547 et
3446 5494 3648 5548 vinctos

2083 5593 2248 5654 duces
2297 5597 2348 5650 in
2379 5592 2772 5664 captivitatem;
2804 5589 2950 5643 etde
2980 5586 3220 5639 hostibus
3262 5582 3526 5664 quondam
3577 5582 3646 5653 (ἐ)

2148 5754 2227 5814 (ά)
2259 5749 2396 5814 Apusi
2412 5747 2810 5814 Babanum~..aew
2834 5736 3369 5814 direpﬁieczéa'ﬁi‘i:

2150 5795 2225 5876 (5),
2255 5795 2580 5874 Inrpleriﬁue
2603 5795 2846 5856 codicibus
2871 5795 2961 5850 vos
2985 5795 3170 5848 miseris
3192 5795 3511 5847 desideratur.
