4106 6340
526 358 634 414 3:5

525 470 738 527 miseris
775 476 935 538 atque
959 465 1200 538 captivis,
1275 463 1435 536 487
1509 463 1708 520 liberos
1752 464 1846 520 Dei
1909 465 2093 531 facies,

527 574 582 617 ut
603 569 824 632 repente
843 559 987 614 dicas
1017 573 1139 612 cum
1168 557 1298 612 Sion
1332 574 1345 610 :
1380 575 1400 609 ι
1430 555 1544 626 Ego
1571 556 1770 612 sterilis
1795 565 1849 610 et
1877 571 1982 610 non
2009 571 2102 626 pa-

525 654 689 718 riens,
716 651 1086 721 transmigrata
1110 657 1163 704 et
1183 649 1412 719 captiva,
1435 660 1490 703 et
1511 650 1640 704 istos
1665 648 1786 719 quis
1807 647 2100 703 enutrivit?

528 746 637 815 Ego
667 743 922 798 destituta
960 751 1016 796 et
1043 740 1180 806 sola,
1211 749 1266 796 et
1303 740 1392 795 isti
1417 741 1504 795 ubi
1531 739 1729 795 erant?
1761 758 1781 792 ι
1817 738 1970 810 (Ιεαί.
1999 738 2094 795 49.

525 838 620 906 21)
649 835 857 890 Miraris
885 835 1072 888 Isaiam
1105 851 1118 885 :
1145 832 1385 904 ejusdem
1416 832 1613 888 Psalmi
1650 840 1984 888 sacramenta
2009 845 2102 886 co-

512 945 740 1002 gnosce.
778 946 796 979 ι
831 925 949 982 Vox
974 926 1182 980 Domini
1210 927 1260 979 in
1284 925 1499 990 virtute,
1532 939 1631 978 vox
1653 922 1867 978 Domini
1896 923 1947 976 in
1986 937 2102 978 ma-

515 1021 847 1094 gnificentia,
865 1035 966 1073 vox
991 1019 1198 1100 Domini
1221 1017 1604 1107 conn-ingentis
1616 1015 1806 1071 cedros
1830 1033 1848 1067 ι
1867 1013 1986 1085 (Ps.

519 1109 600 1181 4),
634 1115 691 1161 ut
715 1115 998 1177 postquam
1028 1098 1364 1156 adversarius
1405 1100 1642 1170 fregerit,
1669 1109 1725 1153 et
1766 1098 2100 1153 concusserit

517 1201 765 1254 desertos
804 1195 954 1266 prius
983 1191 1220 1263 gentium
1255 1191 1512 1261 populos,
1544 1200 1913 1259 praeparentur
1952 1186 2099 1241 cervi

520 1292 574 1344 in
602 1285 894 1353 montibus,
926 1295 981 1340 et
1022 1284 1092 1338 sit
1119 1276 1346 1338 dilectus
1391 1283 1530 1337 sicut
1558 1283 1696 1336 ﬁlius
1739 1281 2097 1348 unicornium,

517 1380 572 1433 in
597 1377 902 1449 temploque
923 1375 1040 1445 ejus
1066 1387 1256 1428 omnes
1275 1371 1456 1426 dicant
1480 1371 1732 1442 gloriam.
1764 1371 1932 1425 Porro
1955 1368 2098 1439 quod

523 1472 804 1533 vertimus,
837 1486 856 1520 ι
885 1467 1022 1522 ﬁlios
1052 1464 1323 1531 stridoris,
1354 1483 1374 1516 ι
1408 1463 1474 1518 ad
1503 1465 1649 1517 illum
1680 1477 1896 1518 sensum
1931 1460 2096 1528 refer,

519 1563 663 1634 quod
695 1562 885 1616 timore
917 1556 1172 1630 supplicii
1214 1563 1268 1611 et
1309 1555 1426 1626 ejus
1453 1554 1555 1609 loci
1585 1554 1673 1609 ubi
1702 1571 1721 1606 ι
1750 1564 1835 1608 est
1860 1551 2015 1608 ﬁetus
2043 1559 2100 1607 et

473 1648 494 1664 ’
519 1653 721 1709 stridor
740 1651 981 1707 dentium
1003 1668 1028 1702 τ
1055 1646 1206 1721 (Luc.
1230 1648 1343 1717 I3),
1365 1646 1624 1701 deserens
1649 1643 1847 1699 diaboli
1865 1643 2096 1709 vincula,

515 1743 732 1801 Christo
755 1743 986 1798 Domino
1021 1739 1350 1796 credentium
1381 1738 1532 1792 turba
1559 1737 1697 1792 colla
1727 1735 2023 1791 submittat.

1073 1852 1264 1910 XXIX.
1304 1852 1526 1908 MANSIO.

586 1973 654 2028 Et
677 1971 895 2045 profecti
937 1971 1000 2024 de
1034 1967 1175 2022 Bone
1218 1969 1390 2033 iacan,
1437 1977 1607 2020 castra
1656 1965 1828 2020 metati
1869 1975 1986 2020 sunt
2035 1965 2089 2019 in

518 2073 691 2119 monte
720 2059 936 2133 Gadgad
961 2057 1148 2131 (Nunt.
1173 2059 1261 2113 53.
1290 2055 1407 2128 52).

587 2174 854 2230 Vicesima
894 2185 1034 2227 nona
1076 2168 1281 2226 Mansio
1314 2169 1696 2240 interpretatur
1741 2185 1762 2220 ι
1793 2167 2033 2235 nuntius,
2068 2184 2088 2220 ι

514 2268 628 2322 sive
677 2285 696 2320 ι
722 2263 1032 2336 expeditio,
1065 2281 1085 2316 ι
1130 2271 1185 2318 et
1231 2279 1250 2314 ι
1277 2260 1536 2317 accinctio
1565 2279 1584 2314 ι
1635 2259 1716 2315 vel
1757 2271 1903 2315 certe
1931 2258 2095 2330 (quod

513 2375 612 2416 nos
637 2360 815 2416 verius
840 2354 1180 2428 arbitramur)
1209 2367 1482 2419 κατακοπὴ,
1509 2353 1562 2408 id
1592 2362 1695 2419 est,
1736 2370 1756 2404 ι
1781 2353 2036 2407 concisio.
2068 2368 2087 2404 ι

515 2449 666 2506 IIaud
713 2450 870 2505 aliter
892 2462 1175 2520 possumus
1221 2446 1458 2517 magistri
1504 2445 1885 2516 discipulorum
1935 2453 2095 2514 atque

517 2541 850 2595 credentium
877 2554 972 2594 eos
1001 2538 1176 2594 facere
1203 2537 1342 2594 ﬁlios
1368 2537 1730 2602 necessitatis,
1761 2536 1862 2591 nisi
1892 2551 2093 2607 przecc-

517 2643 697 2702 ptorcs
735 2643 920 2686 eorum
945 2631 1390 2684 iuterfecerimus.
1417 2627 1676 2684 Crudeles
1712 2630 1881 2684 simus
1909 2630 1962 2682 in
2003 2643 2097 2684 oc-

515 2722 721 2778 cisione
757 2735 941 2776 eorum
971 2736 985 2772 :
1020 2735 1125 2773 non
1166 2729 1344 2788 parcat
1385 2733 1576 2774 manus
1613 2729 1814 2784 nostra,
1862 2734 2093 2785 armum,

515 2819 609 2865 aut
657 2818 958 2865 extremum
1005 2808 1260 2862 auricula:
1309 2807 1377 2863 de
1426 2821 1521 2863 ore
1560 2807 1736 2864 leonis
1788 2808 2092 2863 extrahere.

520 2917 542 2953 ι
572 2898 884 2955 Maledictus
912 2899 1002 2970 qui
1045 2896 1172 2953 facit
1217 2909 1354 2968 opus
1383 2896 1594 2953 Domini
1642 2899 1998 2969 negligenter,
2042 2909 2097 2955 et

512 2994 605 3064 qui
651 2992 900 3064 prohibet
948 2991 1181 3062 gladium
1229 3006 1383 3046 suum
1418 3005 1448 3045 a
1503 2992 1760 3063 sanguine
1789 3011 1808 3044 ι
1841 2991 1973 3065 (Jer.
2002 2993 2092 3048 i8.

514 3087 627 3157 10).
662 3084 815 3142 Unde
853 3093 908 3141 et
935 3083 1137 3139 David:
1173 3100 1192 3135 ι
1223 3083 1280 3138 In
1325 3084 1605 3146 matutino,
1656 3084 1842 3153 inquit,
1892 3082 2095 3138 interﬁ-

512 3177 720 3232 cieham
745 3191 934 3232 omnes
961 3181 1272 3247 peccatores
1297 3183 1455 3230 teme
1488 3191 1508 3226 ι
1544 3171 1718 3243 (Ρωι.
1752 3174 1873 3230 100.
1909 3174 1986 3238 8).
2018 3174 2094 3230 De

513 3271 702 3325 nuntio
727 3279 930 3336 autem,
963 3277 1018 3324 et
1041 3269 1374 3323 accinctione
1404 3267 1520 3323 haec
1545 3267 1778 3323 breviter
1808 3282 2093 3337 possumus

509 3362 714 3426 dicere,
742 3359 884 3431 quod
926 3359 1047 3414 ﬁliis
1087 3359 1424 3414 necessitatis
1481 3358 1713 3429 grandes
1740 3358 1807 3412 ad
1838 3359 2090 3414 virtutem

512 3450 761 3506 stimulos
786 3462 1155 3520 suggeramus,
1200 3464 1324 3504 eum
1378 3449 1459 3505 eis
1501 3451 1922 3505 nuntiaverimus
1951 3467 2091 3521 pra:-

513 3543 618 3598 mia
647 3543 970 3610 futurorum,
1001 3550 1054 3596 et
1078 3542 1346 3597 accinctos
1375 3541 1512 3598 inire
1549 3542 1688 3598 bella
1726 3542 2089 3600 docuerimus.

512 3635 713 3691 IIornm
759 3634 918 3690 trium
959 3633 1213 3706 quidquid
1255 3635 1510 3706 magister
1546 3635 1756 3704 fecerit,
1804 3637 1856 3693 in
1908 3649 2091 3695 monte

509 3725 772 3783 consistit.

1078 3817 1248 3874 XXX.
1290 3819 1514 3875 hiansm.

580 3934 649 3990 Et
670 3935 881 4007 profecti
900 3934 964 3990 a'e
991 3943 1157 3989 monte
1195 3933 1432 4006 Gudgad,
1471 3943 1639 3990 castra
1680 3936 1851 3991 melati
1884 3946 1998 3991 sunt
2033 3938 2085 3992 in

504 4027 772 4084 Jetabatlia
794 4025 982 4098 (Num.
1014 4027 1104 4082 53.
1127 4025 1240 4098 35).

577 4140 873 4196 Tricesima
921 4139 1127 4195 Mansio
1175 4158 1194 4191 ι
1229 4140 1438 4207 bonitas
1475 4159 1495 4194 ι
1548 4143 1972 4213 interpretatur,
2028 4155 2089 4202 ut

509 4247 636 4289 cum
676 4233 1080 4302 pervenerimus
1117 4231 1184 4287 ad
1227 4232 1520 4302 perfectum
1571 4235 1765 4301 virum,
1812 4238 1863 4290 in
1906 4253 2088 4292 sacer-

507 4325 741 4381 dotalem
776 4323 1024 4396 gradum,
1061 4333 1117 4380 et
1155 4325 1206 4379 in
1245 4335 1458 4380 :ctatem
1501 4326 1848 4395 plenitudinis
1887 4329 2084 4386 Christi

509 4415 722 4489 (Ephes.
768 4415 848 4484 ι),
890 4415 943 4471 in
986 4429 1089 4486 qua
1137 4424 1191 4470 et
1235 4415 1478 4470 Ezechiel
1527 4425 1641 4470 erat
1667 4417 1814 4486 juxta
1867 4420 2085 4477 fluvium

498 4508 721 4574 Qhobar
759 4505 972 4580 (Ezech.
1004 4507 1055 4562 1.
1082 4505 1160 4577 1),
1233 4504 1399 4579 488
1471 4507 1738 4577 possimus
1757 4525 1877 4565 cum
1923 4513 2086 4569 David

506 4593 563 4646 in
595 4591 866 4646 tricesimo
893 4590 1105 4646 Psalmo
1126 4605 1370 4645 cancrcu
1401 4588 1458 4644 In
1496 4600 1564 4656 te,
1587 4591 1829 4661 Domine,
1849 4591 2084 4665 Speravi,

444 4712 445 4715 η
508 4695 617 4735 non
659 4678 957 4735 confundar
994 4680 1048 4735 in
1093 4689 1368 4734 :eternum.
1404 4680 1591 4736 Pastor
1623 4701 1642 4734 ι
1688 4683 1830 4738 enim
1865 4703 1885 4737 ι
1915 4687 2086 4745 bonus

510 4770 660 4838 ponit
685 4769 917 4824 animam
943 4782 1094 4825 suam
1123 4785 1218 4839 pro
1241 4772 1431 4826 ovibus
1461 4773 1572 4828 suis
1605 4792 1623 4826 ι
1651 4774 1834 4845 (Joan.
1863 4779 1974 4850 10).

1075 4875 1271 4934 XXXI.
1313 4881 1532 4937 Masso.

580 4991 646 5047 Et
675 4992 888 5062 profecti
915 4992 978 5046 de
1005 4989 1298 5060 hiabat/ia,
1331 5007 1502 5050 castra
1543 5002 1715 5054 mctati
1741 5015 1858 5059 sunt
1897 5008 1948 5062 in
1980 5008 2088 5064 Ile-

507 5087 665 5140 brona
692 5082 878 5154 (Nam.
912 5084 1002 5138 33.
1025 5084 1139 5154 54).

579 5195 872 5252 Tricesima
905 5195 1075 5267 prima
1101 5195 1306 5251 Mansio
1349 5198 1732 5270 interpretatur
1760 5208 2087 5284 (a)1;¢‘;§;_w.

569 5311 660 5389 (α’).
677 5308 843 5389 multis
859 5308 1110 5389 contendit
1120 5307 1358 5389 beatioris
1367 5309 1632 5375 Episcopus
1649 5314 1911 5378 legendum
1933 5341 2088 5389 «ma.-

687 5379 763 5445 ςει.
1039 5371 1146 5419 sive
1447 5369 1554 5435 ρΙῸ-
1570 5369 1801 5445 rapuerant“

503 5448 612 5483 cem
636 5434 873 5510 subnexze
894 5431 1696 5510 Hieronymian-a:Biterprctatiinn
1716 5431 2018 5510 repugiiﬁe,‘
2032 5431 2086 5502 ξι

502 5503 677 5565 suapte
700 5501 870 5544 natura
895 5495 1055 5565 potius
1077 5493 1365 5565 adventum,
1383 5493 1473 5565 seu
1497 5505 1677 5565 meter
1698 5493 1958 5565 adveniunt
1970 5493 2084 5565 ῖιιῖί

501 5553 775 5625 simillime
795 5553 942 5625 quinia
965 5555 1241 5625 ιιεθηρίιυιξιο
1385 5553 1738 5625 τετίῗίθπὲάωη
1764 5564 1811 5612 ί¹⁸
1830 5553 2083 5625 “ausam;

503 5586 774 5618 Nau'““"'5
795 5586 942 5619 quam
965 5586 1000 5604 ιι
1011 5586 1241 5602 amuli-luo
1265 5586 1362 5603 uva
1385 5586 1489 5606 ιυιῠ
1515 5586 1738 5609 can-uc"!
1764 5586 1811 5612 lu
1830 5586 1956 5618 υιῐΊυ
2020 5586 2080 5625 ue

503 5619 636 5666 vocis
658 5618 1026 5686 compositique,
1054 5614 1595 5686 GraecisScriptoribus
1611 5621 1772 5681 ignota
1788 5663 1802 5686 ,
1827 5586 2080 5686 diﬁicfllta-

503 5685 606 5748 tem
627 5678 896 5759 sentit—nni;
924 5680 1210 5751 impressam
1233 5678 1727 5759 tamgn‘reliquinius,
1753 5678 1881 5759 quod
1907 5678 2079 5759 inpia-

504 5741 675 5817 visque
713 5737 959 5789 codicibus
993 5737 1436 5817 inveniaturnlirit
1475 5737 1680 5794 fortasse
1703 5737 1784 5798 cui
1817 5737 2080 5817 rogitabit.

501 5799 720 5853 rideatur
743 5813 949 5866 τιμεςοκ
969 5802 1208 5866 propriori
1232 5801 1488 5870 vocabulo,
1515 5818 1571 5859 ac
1593 5818 1762 5858 sensu.

1799 350 2031 408 StNCTI
2074 351 2324 408 lllERON
2338 354 2448 408 YMI

3659 359 3777 420 ’716

2203 491 2294 534 σις,
2329 467 2381 522 id
2419 475 2523 537 est,
2558 485 2577 522 ι
2607 472 2882 542 transitus,
2914 491 2933 526 ι
2983 474 3095 530 sive
3125 491 3143 525 ι
3176 474 3442 531 transitio.
3475 492 3496 527 ι
3530 476 3610 533 Ad
3639 479 3775 535 hanc

2205 561 2352 615 venit
2389 575 2551 618 verus
2585 563 2863 632 Hebraeus,
2898 567 2952 622 id
2991 575 3093 635 est,
3132 572 3355 640 περάτης,
3392 569 3506 626 sive
3535 589 3556 624 ι
3582 573 3780 628 transi-

2208 657 2291 705 tor
2322 669 2342 704 ι
2372 652 2462 722 qui
2485 651 2664 710 dicere
2686 663 2862 725 potest
2893 675 2906 711 :
2942 676 2961 710 ι
2989 657 3280 714 Transiens
3306 658 3498 716 videbo
3519 662 3777 719 visionem

2206 742 2347 798 hanc
2389 760 2634 815 magnam
2664 766 2685 800 ι
2721 747 2911 818 (Exod.
2945 751 2999 805 5.
3043 751 3134 821 5);
3165 752 3232 808 de
3275 767 3377 822 qua
3419 764 3474 808 et
3500 754 3790 812 Psalmista

2204 836 2388 890 canit:
2426 856 2445 890 ι
2479 838 2542 892 Et
2576 854 2681 896 non
2707 840 3061 912 dixeruntqui
3090 846 3456 914 prwteribant,
3484 847 3792 905 benedictio

2206 926 2414 982 Domini
2437 944 2598 1000 super
2617 945 2713 987 vos
2736 952 2754 984 ι
2775 931 2900 1006 (Ps.
2930 934 3050 990 128.
3075 937 3153 1006 8).
3181 937 3424 994 Praeterit
3443 940 3589 996 enim
3617 942 3791 1013 ﬁgura

2205 1015 2365 1087 hujus
2390 1021 2572 1076 mundi
2603 1023 2678 1094 (I.
2711 1022 2829 1078 Cor.
2853 1025 2934 1094 7),
2967 1036 3020 1081 et
3047 1038 3332 1099 propterea
3361 1033 3528 1086 sancti
3559 1035 3787 1103 cupiunt

2204 1109 2271 1163 ad
2305 1111 2526 1166 meliora
2556 1115 2807 1183 transire,
2840 1131 2940 1172 nec
2969 1119 3218 1188 praesenti
3245 1129 3386 1176 statu
3416 1125 3675 1191 contenti,
3703 1125 3777 1180 in.

2202 1204 2502 1273 gemiseunt
2531 1206 2787 1274 quotidie.
2817 1227 2835 1260 ι
2869 1209 2992 1264 llaec
3024 1212 3336 1270 recordatus
3370 1230 3513 1283 sum,
3537 1226 3592 1272 et
3619 1216 3780 1274 eﬁ'udi

2205 1294 2257 1348 in
2312 1310 2400 1351 me
2452 1296 2684 1353 animam
2731 1316 2944 1366 meam,
2996 1305 3247 1373 quoniam
3295 1309 3536 1364 transibo
3589 1311 3642 1365 in
3697 1311 3781 1366 lo-

2201 1398 2324 1438 cum
2356 1385 2683 1442 tabernaculi
2725 1389 3060 1448 admirabilis
3089 1409 3258 1466 usque
3293 1397 3358 1452 ad
3385 1397 3605 1454 domum
3637 1401 3729 1456 Dei
3751 1420 3772 1454 ι

2204 1475 2322 1546 (Ps.
2347 1479 2439 1532 41.
2466 1477 2545 1550 5).
2592 1480 2815 1537 Multum
2859 1493 2962 1550 est,
3009 1488 3054 1540 si
3092 1488 3162 1544 de
3197 1490 3446 1546 omnibus
3493 1492 3778 1564 Scripturis

2201 1583 2364 1640 super
2395 1570 2560 1626 verbo
2607 1573 2940 1631 transitionis
2973 1578 3136 1634 velim
3173 1583 3418 1652 exempla
3463 1599 3773 1651 congerere.

2752 1677 2966 1736 XXXII.
3007 1683 3209 1741 Mausno

2274 1788 2342 1843 Et
2369 1791 2582 1862 profecti
2606 1791 2669 1847 de
2696 1792 2959 1862 Hebrona,
2982 1808 3151 1854 castra
3179 1801 3352 1856 niuali
3377 1813 3494 1857 sunt
3519 1804 3573 1858 in
3597 1805 3779 1860 Asian-

2203 1879 2369 1936 Guber
2397 1883 2582 1948 (Num.
2615 1885 2704 1940 55.
2738 1887 2853 1959 35).

2269 1997 2562 2056 Tricesima
2609 2003 2842 2060 secunda
2884 2005 3089 2062 Mansio
3131 2009 3448 2065 transfertur
3486 2010 3541 2066 in
3590 2030 3609 2064 ι
3639 2013 3776 2084 ligna

2200 2091 2321 2157 viri,
2358 2111 2378 2144 ι
2403 2093 2521 2149 sive
2551 2095 2627 2166 (b)
2659 2113 2679 2147 ι
2704 2085 3002 2154 delationes
3043 2099 3295 2168 hominis,
3326 2120 3344 2155 ι
3375 2103 3515 2174 quod
3562 2105 3778 2174 signiﬁ-

2199 2184 2406 2239 cantius
2453 2182 2638 2241 Grmce
2679 2186 2874 2244 dicitur
2929 2200 3196 2260 ευλσκιςμοι
3237 2197 3436 2265 ἀνδρὸς,
3500 2195 3777 2252 scribitur-

2199 2290 2304 2346 que
2333 2291 2428 2346 per
2458 2295 2478 2328 ι
2508 2278 2570 2332 Ai
2601 2296 2620 2331 ι
2657 2279 2909 2346 litteram,
2937 2297 3063 2348 non,
3107 2293 3164 2338 ut
3197 2283 3370 2340 Graeci
3399 2295 3453 2341 et
3480 2287 3656 2342 Latini
3689 2304 3777 2344 er-

2201 2377 2342 2436 rant,
2367 2385 2462 2439 per
2513 2390 2532 2422 ι
2563 2370 2758 2428 Gimel.
2795 2391 2817 2426 ι
2867 2373 3024 2432 Unde
3064 2376 3117 2431 in
3159 2377 3450 2434 solitudine
3495 2379 3779 2436 multitudo

2201 2461 2484 2533 lignorum,
2512 2466 2615 2521 nisi
2655 2466 2797 2538 quod
2833 2467 3003 2524 seduli
3047 2479 3104 2525 et
3129 2470 3400 2543 diligentis
3427 2474 3666 2545 magistri
3695 2475 3777 2530 di-

2200 2554 2422 2624 sciplina
2462 2565 2811 2626 monstratur,
2839 2559 3099 2616 caedentis
3120 2562 3262 2633 ligna
3291 2562 3562 2635 informia,
3603 2577 3656 2624 et
3684 2567 3779 2622 do-

2202 2644 2360 2700 lantis
2393 2646 2740 2720 facientisque
2765 2666 2887 2705 vasa
2911 2653 3145 2722 diversa,
3173 2671 3292 2725 qua:
3323 2656 3374 2711 in
3403 2658 3562 2712 domo
3591 2676 3776 2730 magna

2200 2739 2500 2793 necessaria
2545 2742 2709 2794 sunt?
2747 2741 2824 2811 (2.
2856 2741 2992 2797 Tim.
3025 2745 3081 2815 2)
3131 2747 3360 2802 Possunt
3406 2767 3426 2800 ι
3461 2749 3776 2820 lignationes

2199 2830 2319 2896 viri,
2354 2849 2372 2882 ι
2405 2833 2636 2888 saltuum
2682 2846 2739 2890 et
2776 2837 3011 2892 omnium
3043 2839 3294 2895 arborum
3333 2856 3552 2912 genera,
3582 2859 3647 2899 ac
3684 2861 3778 2915 per

2201 2919 2303 2974 hoc
2338 2922 2669 2979 credentium
2710 2927 3103 2984 multitudinem
3138 2929 3384 3001 ﬁgurare,
3424 2932 3638 2990 dicente
3680 2936 3779 2989 Da-

2200 3011 2286 3066 vid
2314 3031 2326 3068 :
2363 3033 2382 3066 ι
2417 3013 2718 3072 Invenimus
2746 3033 2864 3074 eam
2906 3021 2959 3075 in
3003 3023 3206 3093 campis
3249 3023 3396 3079 silva:
3425 3045 3444 3078 ι
3476 3025 3596 3094 (Ps.
3629 3029 3773 3100 151).

2200 3105 2488 3178 ﬂuensque
2534 3109 2765 3165 solitudo
2804 3111 3012 3167 Pharao
3044 3113 3230 3170 decem
3278 3124 3336 3172 et
3377 3128 3498 3173 octo
3538 3121 3776 3176 continet

2199 3197 2525 3266 Mansiones,
2556 3217 2677 3272 quze
2703 3203 2986 3275 descripta:
3027 3205 3080 3261 in
3124 3208 3389 3280 catalogo,
3421 3209 3472 3265 in
3511 3210 3774 3282 superiori

2199 3291 2388 3349 itinere
2419 3311 2522 3351 non
2551 3306 2839 3367 ponuntur.

2736 3392 2976 3448 XXXIII.
3017 3393 3237 3451 Musio.

2267 3499 2333 3554 Et
2360 3501 2574 3572 profecti
2613 3504 2676 3556 de
2720 3503 3108 3571 Asion-ancr,
3150 3517 3316 3559 castra
3363 3509 3533 3561 nn’lari
3572 3518 3686 3563 sunt
3721 3510 3774 3564 in

2196 3590 2389 3646 deserto
2412 3592 2506 3647 Sin
2537 3610 2555 3646 :
2581 3592 2709 3647 Htrc
2739 3607 2812 3649 est
2839 3593 3000 3650 Gades
3027 3595 3216 3665 (Nunt.
3255 3597 3345 3653 55.
3375 3598 3488 3670 56).

2267 3703 2536 3773 Quaeritur
2569 3721 2666 3761 cur
2693 3717 2880 3762 octava
2918 3706 3123 3765 Mansio
3155 3726 3293 3765 nunc
3322 3713 3582 3766 tricesima
3614 3715 3767 3768 tertia

2196 3811 2316 3852 eSse
2335 3799 2558 3853 dicatur.
2581 3799 2686 3854 Sed
2709 3801 2981 3856 sciendum
3001 3804 3140 3872 quod
3167 3805 3310 3874 prior
3325 3819 3419 3873 per
3447 3824 3465 3856 ι
3496 3799 3722 3861 Samcch
3745 3824 3763 3857 ο

2195 3885 2426 3950 litteram
2463 3890 2746 3960 scribitur,
2779 3893 3264 3967 interpretznurquc
3313 3916 3331 3948 ι
3362 3897 3524 3952 ruhus
3553 3939 3569 3966 ,
3600 3917 3620 3950 ι
3655 3888 3772 3953 sive

2201 3999 2220 4032 ι
2268 3981 2448 4035 odium
2483 4000 2496 4035 :
2535 4002 2555 4036 ι
2631 3980 2801 4056 489
2873 3988 2987 4041 lucc
3035 3999 3211 4044 autem
3237 4004 3331 4060 per
3363 4009 3381 4042 ι
3425 3991 3563 4046 Sade
3590 4031 3606 4056 ,
3637 4009 3656 4043 ι
3716 3991 3772 4039 ει

2196 4073 2266 4144 (c)
2291 4075 2511 4130 vertitur
2557 4076 2609 4130 in
2660 4095 2680 4127 ‹
2713 4075 3041 4133 mandatum.
3079 4101 3100 4133 ι
3157 4081 3394 4152 illudque
3423 4083 3565 4154 quod
3591 4084 3768 4154 jungi-

2197 4171 2300 4227 tur,
2335 4182 2356 4217 ι
2387 4163 2584 4231 Cades,
2619 4184 2640 4219 ι
2676 4183 2780 4222 non
2814 4178 2871 4223 ut
2897 4170 3140 4241 plerique
3168 4172 3453 4239 arstimanl,
3486 4192 3504 4226 ι
3529 4185 3709 4228 sancta
3744 4194 3762 4226 ι

2194 4257 2389 4312 dicitur
2420 4274 2434 4312 :
2461 4258 2553 4313 sed
2601 4276 2620 4310 ι
2654 4270 2873 4327 mutata,
2912 4282 2930 4313 ›
2957 4264 3077 4319 sive
3110 4283 3127 4316 ι
3162 4266 3436 4319 translata.
3471 4284 3490 4318 ›
3521 4264 3770 4335 Legimus

2195 4350 2250 4404 in
2276 4348 2472 4406 Genesi
2503 4349 2653 4421 (Cap.
2693 4351 2784 4406 28.
2813 4367 2860 4406 v.
2901 4353 2996 4423 21)
3032 4355 3180 4424 juxta
3224 4357 3533 4411 Ilebraicam
3569 4357 3770 4413 Verita-

2199 4448 2328 4505 tem,
2375 4440 2466 4494 ubi
2501 4439 2668 4494 .Iudas
2714 4444 3052 4500 meretricem
3094 4455 3286 4516 putans
3334 4448 3586 4514 Thamar,
3629 4447 3771 4503 dona

2198 4532 2530 4587 transmisit:
2558 4541 2613 4586 et
2646 4543 2923 4602 sequester
2951 4551 3231 4592 munerum
3276 4540 3589 4612 interrogat,
3628 4560 3647 4593 ι
3685 4541 3770 4596 υΙή

2195 4636 2278 4678 est
2305 4621 2518 4689 cadesa,
2555 4641 2575 4675 ι
2611 4622 2713 4678 hoc
2755 4633 2860 4690 est,
2907 4643 2926 4677 ι
2955 4637 3210 4694 scortum,
3244 4646 3264 4680 ι
3309 4631 3460 4700 cujus
3502 4631 3714 4686 habitus
3741 4647 3771 4686 a

2197 4718 2408 4770 czcteris
2438 4713 2649 4770 feminis
2680 4715 2991 4774 immutatus
3015 4731 3120 4776 est.
3150 4722 3205 4775 in
3245 4723 3424 4778 multis
3449 4739 3662 4795 quoque
3688 4726 3772 4781 lo-

2194 4812 2273 4865 cis
2301 4810 2404 4866 hoc
2433 4809 2574 4866 idem
2601 4811 2918 4882 reperimus.
2949 4813 3041 4869 Sin
3079 4823 3256 4871 autem
3290 4835 3310 4868 ι
3342 4827 3522 4873 sancta
3552 4836 3573 4872 ι
3606 4819 3772 4874 inter-

2199 4913 2470 4974 pretatur,
2520 4913 2646 4960 κατά
2698 4909 2969 4980 amem”
3025 4919 3108 4964 est
3147 4910 3548 4982 intelligendum
3591 4931 3607 4968 :
3645 4928 3774 4984 quo-

2197 4997 2356 5052 modo
2381 4998 2560 5053 Parca:
2598 4999 2848 5054 dicuntur
2889 5001 2958 5055 ah
2988 5016 3054 5055 eo
3094 5002 3235 5072 quod
3285 5004 3506 5060 minime
3535 5015 3773 5074 parcant,

2197 5097 2251 5144 et
2293 5089 2512 5157 bellum,
2562 5090 2702 5160 quod
2749 5105 3080 5162 nequaquam
3123 5093 3322 5148 bellum
3367 5095 3458 5164 sit,
3510 5105 3566 5152 et
3604 5097 3773 5164 lucus,

2263 5267 2336 5330 (b)
2371 5268 2498 5318 Olim
2524 5269 2850 5320 dedolationes
2879 5283 2896 5320 :
2921 5271 3368 5338 deindeVictorius
3392 5288 3650 5338 perperam
3672 5288 3776 5332 ξυλι-

2195 5344 2410 5402 ιισμῗῖόρος
2445 5344 2539 5402 ιιι)¹
2553 5342 2766 5402 estsemper
2793 5342 2922 5396 ἀνδρὸς
2941 5371 2954 5391 ,
2992 5333 3121 5402 quod
3159 5336 3354 5402 codices
3386 5333 3589 5402 Quoque
3628 5340 3774 5388 nostri

2197 5393 2496 5468 confirmant:
2523 5393 2727 5468 Inuitum
2753 5393 3060 5468 Ioco'uomen
3086 5393 3284 5456 lignatio
3305 5393 3418 5468 uiri,
3436 5393 3579 5448 ali-e0
3600 5414 3776 5468 nempe

2195 5453 2278 5521 qui
2302 5452 2547 5521 ξρὺζιριιιο
2572 5454 2702 5521 ligna
2725 5455 2953 5518 collegit,
2980 5461 3044 5521 et_
3056 5452 3214 5521 morte
3237 5452 3468 5510 multatus
3491 5468 3594 5521 est,
3632 5452 3775 5510 Num.

2300 5514 2379 5561 32.
2407 5513 2558 5584 Porro
2579 5513 2638 5565 Ai
2658 5513 2881 5586 litteram
2904 5513 2992 5586 pro
3012 5516 3172 5566 Gimel
3195 5521 3256 5567 ab
3279 5521 3491 5586 antiquis
3531 5513 3777 5586 interpre-

2197 5575 2325 5642 tibus
2348 5578 2526 5642 s_:epi_us
2547 5579 2688 5635 sumi,
2719 5579 2869 5629 multa
2893 5575 3098 5642 probant
3132 5575 3467 5642 exempiafut
3488 5597 3584 5632 non
3608 5575 3778 5634 de'fue-

2194 5636 2276 5692 rit,
2302 5638 2383 5697 qui
2409 5638 2668 5705 arbitratus
2707 5641 2802 5697 sit,
2844 5636 3086 5703 duplicem
3126 5640 3240 5689 olim
3265 5636 3418 5693 fuisse
3453 5644 3563 5705 ejus
3601 5646 3778 5697 littera

2199 5699 2659 5767 pronuntiationem,
2685 5715 2889 5767 quarum
2912 5699 3230 5767 alteraquasi
3251 5705 3368 5767 gain
3389 5699 3662 5758 diceretur.

2257 5758 2328 5819 (ε)
2363 5759 2483 5808 Puta
2505 5767 2604 5816 ΠΊῖ
2627 5758 2875 5826 ρνὼρερίι,
2901 5767 3006 5813 sive
3029 5779 3056 5814 a
3073 5758 3134 5814 ’Β
3151 5758 3777 5834 ργιεῐεριωηωιυηάαιιιηη

2194 5841 2306 5879 oua:
2331 5837 2493 5883 tamen
2517 5834 2635 5885 satis
2669 5835 2880 5888 violenta
2908 5837 3054 5902 inter;
3072 5841 3247 5890 relatio
3273 5847 3345 5890 est
3370 5842 3528 5891 uehis.
