4106 6340
329 450 441 506 7η

325 563 472 634 quod
502 561 720 618 minime
761 561 955 617 luceat.
1003 559 1058 615 lu
1091 559 1187 614 hac
1229 558 1502 615 Mansione
1539 559 1771 616 moritur
1797 557 1903 612 Ma-

323 653 428 718 ria,
472 662 526 708 et
558 652 860 722 sepelitur:
894 659 950 705 et
993 658 1212 720 pr0pter
1255 663 1423 719 aquas
1465 648 1906 704 contradictionis

323 744 536 815 Moyses
561 754 613 798 et
639 744 817 797 Aaron
841 739 1116 797 offendunt
1143 740 1446 804 Dominum,
1474 748 1528 795 et
1555 738 1905 809 prohibentur

322 836 554 891 transire
569 835 879 900 Jordauem,
904 834 1189 903 missisque
1210 834 1407 888 nuntiis
1424 833 1488 887 ad
1508 831 1700 898 Edom,
1726 841 1904 887 trans-

320 929 430 984 itus
467 929 683 998 petitur,
729 940 828 981 nec
855 925 1190 996 impetratur.
1233 924 1364 991 Quis
1391 924 1603 978 timeret
1631 931 1750 993 post
1789 931 1905 976 tan-

319 1029 405 1074 tos
439 1017 710 1089 profectus
741 1031 982 1070 murmttr
1010 1015 1210 1086 populi,
1251 1023 1307 1069 et
1330 1014 1589 1068 olTensam
1618 1014 1901 1080 magistro-

309 1125 474 1175 rum,
520 1117 576 1163 et
612 1109 711 1162 via:
753 1106 1007 1162 transitus
1041 1107 1372 1177 denegatos?
1407 1104 1629 1160 Videtur
1677 1103 1806 1158 mihi
1847 1104 1899 1158 in

314 1200 483 1256 Maria
512 1199 800 1270 Propbetia
840 1200 1048 1253 mortua
1079 1216 1092 1252 :
1121 1199 1172 1253 in
1201 1198 1381 1271 Moyse
1408 1207 1464 1252 et
1490 1198 1666 1252 Aaron
1694 1195 1818 1266 Legi
1847 1206 1900 1251 et

311 1291 628 1349 Sacerdotio
654 1289 964 1346 Judmorum
995 1289 1114 1344 linis
1141 1290 1462 1362 impositus:
1493 1287 1636 1359 quod
1665 1302 1765 1342 nec
1797 1287 1896 1355 ipsi

309 1383 380 1439 ad
405 1392 605 1439 terram
645 1382 1083 1452 repromissionis
1113 1381 1498 1437 transcendere
1524 1379 1754 1444 valeant,
1797 1394 1898 1434 nec

308 1473 622 1530 credentem
663 1473 920 1543 populum
944 1471 1010 1526 de
1036 1471 1324 1526 solitudine
1354 1469 1513 1539 hujus
1541 1469 1725 1524 mundi
1762 1469 1896 1524 edu-

310 1581 459 1622 cere.
492 1565 556 1619 Et
587 1574 708 1618 uota
731 1563 874 1635 quod
902 1573 1020 1634 post
1048 1572 1273 1618 mortem
1294 1562 1615 1632 Propltetite,
1650 1570 1706 1617 et
1729 1576 1894 1632 aquas

306 1657 779 1722 contradictionis;
825 1655 1116 1711 ldumzeutn
1163 1654 1256 1729 [aL
1289 1651 1585 1726 idanttwm]
1634 1668 1890 1710 corneum

305 1757 469 1819 atque
499 1757 772 1804 terrenum
802 1748 1030 1803 transire
1062 1763 1164 1801 non
1197 1745 1403 1817 possint
1432 1763 1446 1800 :
1478 1755 1678 1802 etcum
1709 1745 1892 1800 multis

304 1839 558 1909 precibus
597 1848 651 1894 et
677 1847 873 1894 conatu
902 1838 1041 1891 viam
1084 1853 1190 1891 non
1233 1839 1557 1906 impetrent;
1599 1835 1693 1891 sed
1731 1851 1890 1906 egre-

303 1930 483 1986 diatur
513 1930 682 1986 Edom
723 1929 980 1986 adversus
1026 1944 1120 1985 eos
1163 1930 1215 1984 in
1257 1929 1454 2000 populo
1497 1928 1686 1995 multo,
1740 1938 1796 1984 et
1838 1929 1888 1982 in

303 2038 476 2078 manu.
503 2021 645 2079 forti.
687 2022 1058 2092 lnterpretatio
1098 2037 1309 2092 quoque
1348 2021 1581 2075 nominis
1630 2021 1787 2074 morti
1834 2031 1889 2075 et

300 2113 545 2195 odeum,
572 2123 628 2170 et
652 2122 846 2185 negato
873 2113 1125 2168 transilui
1152 2112 1424 2170 convenit.
1450 2111 1549 2168 Ubi
1572 2114 1714 2167 enim
1739 2128 1887 2168 man,-

299 2203 507 2269 datum,
539 2204 610 2259 ibi
645 2214 700 2261 et
725 2213 999 2275 peccatum
1032 2223 1045 2259 :
1076 2205 1164 2260 ubi
1197 2213 1496 2274 peecatmn,
1529 2205 1601 2259 ibi
1631 2204 1832 2260 ollensa
1867 2223 1882 2258 :

298 2297 388 2351 ubi
418 2295 644 2362 oll’ensa,
677 2296 748 2352 ibi
789 2312 956 2352 mors.
1003 2297 1128 2352 Haec
1153 2309 1238 2352 est
1264 2297 1473 2352 Mansio
1497 2295 1564 2351 de
1590 2311 1697 2366 qua
1728 2297 1881 2352 Psal-

296 2386 458 2444 mista
500 2389 662 2452 canit,
721 2386 1139 2443 cCommovobit
1179 2387 1443 2443 Dominus
1470 2387 1740 2444 desertum
1784 2386 1886 2442 Ca-

293 2475 392 2537 ἀρε
427 2497 446 2532 ο
481 2477 654 2549 (Psal.
681 2477 773 2534 28.
801 2478 857 2548 8)

844 2607 1083 2664 XXXIV.
1125 2609 1349 2666 Maxsm.

366 2737 438 2794 Et
469 2739 682 2808 profecti
703 2739 768 2794 de
788 2738 979 2806 Cades,
998 2749 1167 2794 castra
1194 2740 1365 2795 θηριαιὶ
1379 2750 1495 2795 sunt
1515 2741 1566 2795 in
1594 2740 1666 2794 0r
1690 2751 1873 2810 monte,

290 2833 356 2889 in.
379 2840 605 2886 extremo
631 2841 778 2885 terra;
805 2829 992 2885 Edam.
1016 2831 1350 2902 Ascenditquc
1371 2832 1541 2886 Aaron
1565 2832 1801 2887 sacerdos
1827 2834 1880 2887 in

292 2933 514 2978 montem
543 2922 638 2988 0r,
669 2923 815 2988 iuxta
850 2932 1156 2993 praceptum
1194 2922 1423 2989 Domini,
1463 2933 1509 2977 et
1551 2933 1778 2978 mortuus
1804 2933 1879 2978 est

292 3017 364 3072 ibi
402 3032 539 3070 anno
589 3015 976 3085 quadragesimo
1019 3015 1320 3086 egressionis
1357 3015 1581 3084 ﬁliorum
1606 3013 1772 3070 Israel
1816 3016 1880 3070 de

295 3119 433 3166 terra
458 3107 699 3180 Egypti,
746 3123 916 3162 mense
939 3109 1134 3179 quinto,
1169 3111 1333 3180 ptimo
1377 3109 1458 3164 die
1487 3108 1690 3164 mensis.
1724 3107 1880 3162 Erat-

293 3219 391 3272 que
428 3201 600 3255 Aaron
631 3211 829 3254 centum
855 3201 1030 3273 viginti
1056 3201 1210 3254 trium
1233 3217 1480 3255 annorum
1503 3201 1706 3272 quando
1736 3217 1875 3254 mor-

296 3303 413 3348 tuus
433 3300 503 3346 est
531 3293 586 3346 in
620 3301 789 3346 monte
818 3290 912 3346 ον.
945 3291 1008 3345 Et
1039 3293 1231 3346 audivit
1265 3291 1584 3347 Chanaan
1602 3308 1693 3346 rex
1712 3291 1871 3358 Arad,

293 3386 384 3455 qui
455 3383 620 3456 ιω
691 3384 1036 3439 habitabatur!
1080 3384 1321 3439 Austrum
1347 3387 1400 3438 in
1431 3395 1565 3438 terra
1590 3384 1835 3440 Chanaan
1859 3426 1874 3452 ,

296 3477 430 3547 quod
453 3478 696 3532 venissent
716 3477 812 3546 filii
843 3474 1009 3531 Israel
1040 3474 1232 3547 (Nam.
1263 3477 1352 3532 53.
1389 3477 1454 3531 l7
1483 3485 1529 3530 et
1555 3476 1688 3546 sqq.)

367 3612 662 3684 Trigesima
688 3622 874 3684 quarta
899 3612 1100 3669 Mansio
1123 3613 1412 3681 est,'quam
1439 3612 1679 3683 plerique
1705 3612 1877 3668 inter-

299 3713 574 3772 pretantur
592 3721 612 3756 ι
640 3703 858 3762 lumen':
887 3704 1004 3776 s(a)
1032 3718 1131 3759 nec
1146 3711 1409 3771 errarent,
1435 3703 1480 3759 si
1499 3718 1595 3773 per
1615 3723 1634 3755 ι
1660 3702 1828 3773 Alepb
1852 3721 1873 3755 ι

299 3794 536 3850 litteram
579 3795 926 3851 scriberetur.
949 3795 1052 3850 Alii
1104 3812 1122 3846 ι
1154 3793 1368 3864 pellem,
1403 3813 1427 3846 ›
1470 3803 1524 3850 et
1551 3793 1652 3864 ipsi
1689 3809 1876 3849 verum

299 3888 558 3954 dicereut,
603 3888 647 3943 si
691 3896 834 3944 esset
883 3906 902 3940 ι
931 3887 994 3943 Ai
1025 3905 1045 3940 ι
1091 3887 1345 3957 positum.
1382 3885 1634 3941 Nonnulli
1683 3904 1702 3938 ι
1732 3885 1875 3941 lora-

301 3996 446 4046 men,
477 3999 496 4035 »
528 3981 669 4052 quod
699 3988 879 4053 posset
922 3979 1114 4050 accipi,
1156 3980 1200 4034 si
1235 3996 1253 4030 ι
1284 3977 1418 4034 lietlt
1449 3997 1468 4031 ι
1506 3978 1726 4034 haberet
1767 3977 1878 4034 ele-

301 4082 562 4132 mentum.
601 4072 734 4130 Cum
799 4083 976 4129 autem
1040 4073 1247 4144 legatur
1293 4085 1390 4142 per
1439 4089 1458 4122 ι
1493 4070 1602 4136 He;
1639 4088 1659 4122 ι
1712 4070 1880 4140 magis

308 4185 328 4219 ι
357 4182 510 4224 mons
535 4185 553 4219 ι
595 4165 912 4238 intelligitur
943 4183 957 4220 :
985 4173 1041 4220 et
1067 4164 1170 4235 legi
1199 4172 1394 4235 potest,
1429 4180 1448 4214 α
1479 4161 1736 4218 Ascendit
1769 4162 1876 4215 Aa-

303 4273 400 4313 ron
431 4257 681 4314 sacerdos
725 4257 777 4312 in
822 4256 1018 4311 montis
1058 4263 1316 4321 montem,
1354 4272 1373 4307 ι
1408 4252 1459 4308 id
1488 4260 1590 4320 est,
1633 4252 1686 4306 in
1714 4251 1880 4307 verti-

303 4362 420 4404 cem
465 4347 601 4418 ejus.
651 4347 732 4403 Ex
777 4361 884 4418 quo
930 4345 1405 4402 animadvertimus
1448 4357 1552 4398 non
1599 4343 1652 4398 in
1697 4349 1878 4397 monte

304 4441 641 4513 simpliciter,
692 4439 786 4496 sed
826 4442 879 4496 in
917 4439 1115 4496 montis
1156 4448 1337 4495 monte
1365 4437 1680 4494 Pontiﬁcem
1729 4451 1877 4492 mor-

305 4543 473 4602 tuum,
513 4543 571 4590 ut
610 4535 801 4606 dignus
844 4535 995 4590 locus
1027 4533 1235 4590 meritis
1275 4533 1418 4588 illius
1456 4538 1866 4587 monstraretur.

302 4625 524 4681 Moritur
551 4632 730 4679 autem
773 4638 840 4680 eo
876 4639 1038 4688 anno,
1086 4639 1192 4694 quo
1231 4639 1400 4679 novus
1429 4622 1655 4694 populus
1695 4613 1881 4690 repro-

209 4741 219 4750 -
302 4715 579 4772 missionis
606 4721 806 4766 terram
837 4713 1130 4766 intraturus
1159 4722 1292 4776 erat,
1325 4713 1377 4766 in
1409 4712 1664 4768 extremis
1687 4711 1882 4766 ﬁnibus

303 4819 464 4866 terra:
491 4803 868 4860 ldumteorum.
899 4802 967 4857 Et
993 4818 1296 4873 quanquam
1338 4803 1391 4856 in
1422 4812 1601 4857 monte
1626 4802 1880 4857 sacerdo-

305 4900 436 4954 tium
487 4895 748 4952 Eleazaro
794 4895 906 4951 ﬁlio
949 4894 1314 4964 dereliquerit,
1365 4893 1583 4964 Lexque
1629 4909 1744 4959 eos,
1791 4893 1881 4963 qui

305 5005 424 5046 eam
456 4987 819 5059 impleverim,
857 4986 1112 5058 perducat
1133 4984 1198 5039 ad
1220 5000 1487 5040 summum
1519 5002 1532 5038 :
1567 4995 1740 5038 tamen
1771 4985 1882 5053 ipsa

305 5080 606 5136 sublimitas
633 5093 742 5134 non
772 5087 855 5134 est
881 5088 1027 5134 trans
1055 5076 1250 5132 ﬂuenta
1275 5075 1547 5142 lordanis,
1580 5076 1674 5132 sed
1703 5074 1756 5130 in
1785 5090 1882 5129 ex.

305 5171 491 5228 tremis
520 5178 852 5227 terrenorum
895 5183 1120 5240 operum
1157 5168 1350 5224 ﬁnibus
1385 5186 1397 5222 :
1428 5177 1482 5224 et
1516 5168 1716 5240 plangit
1759 5182 1881 5224 cum

366 5354 439 5417 (α)
457 5353 710 5417 γΗοιπδίω
735 5353 924 5404 nomina
949 5351 1078 5417 heie,
1101 5358 1249 5416 atque
1265 5351 1378 5403 alibi
1399 5366 1534 5417 saepe
1552 5367 1642 5404 nos
1661 5353 1884 5417 adposui-

306 5414 430 5488 mus;
452 5414 718 5488 lllud‘vero
736 5414 1130 5488 praetereundum
1267 5423 1360 5474 est,
1377 5414 1504 5478 quod
1525 5415 1642 5488 licet
1665 5414 1876 5488 Moyses,

307 5479 562 5550 omnisque
583 5474 794 5550 historia
820 5478 878 5550 in.
895 5474 962 5550 Or
985 5485 1171 5550 monte,
1186 5477 1353 5550 Aaron
1367 5474 1687 5550 sacerdotem
1721 5474 1879 5550 tradat

307 5536 625 5597 occubuisse,
667 5538 716 5587 in
755 5536 1026 5588 Deuteron.
1053 5543 1217 5586 tamen
1249 5550 1294 5586 c.
1335 5538 1413 5587 10.
1439 5553 1483 5588 v.
1522 5540 1570 5588 6.
1611 5547 1689 5589 est
1717 5556 1740 5584 ι
1762 5537 1878 5588 Filii

308 5595 744 5672 lsrael..m_overunt
765 5605 921 5672 castra
944 5612 1008 5648 ex
1031 5597 1217 5672 Berpth
1245 5597 1451 5672 filiorum
1472 5598 1626 5672 Jacan
1644 5602 1693 5649 in
1716 5600 1878 5672 nose-

308 5669 380 5719 ra,
403 5661 492 5715 ubi,
509 5660 668 5711 Aaron
687 5666 904 5711 mortuus
923 5673 981 5709 ae
1001 5658 1224 5721 sepultus
1247 5666 1342 5718 est,
1367 5673 1454 5732 pro
1474 5675 1574 5734 quo
1595 5661 1879 5713 Sacerdotio

309 5716 501 5782 fundus
524 5729 602 5772 est
622 5721 838 5779 Eleazar,
861 5737 885 5766 ι
916 5728 1037 5779 etc.,
1061 5733 1211 5782 quam
1223 5720 1655 5782 contradictionem
1677 5725 1742 5772 ob
1761 5736 1878 5771 con-

310 5755 607 5856 ἒιῖιὶῖιῖἱῗιιιῖὲ
624 5755 852 5856 tam
863 5755 1876 5856 ῖβῐῖιέίὲἒιῗὲἔῖῖ-Ἳὶθῖίῐῗοῖᾙὲῖ

314 5851 442 5915 esse
457 5842 648 5915 quidam
669 5845 984 5915 arbitrantur,
1007 5843 1085 5915 alii
1110 5842 1355 5908 explicant
1393 5843 1706 5908 probabilius.
1733 5845 1877 5896 Adito

313 5902 354 5952 si
379 5901 517 5956 lubet
542 5905 647 5968 ejus
670 5904 760 5957 loci
785 5901 1100 5970 interpretes.

1638 445 1968 502 El'lS'l'OLA
2010 444 2319 518 LXXVIII,

3486 469 3592 526 7l8

2019 562 2246 632 populus
2292 564 2500 636 triginta
2540 568 2746 625 diebus.
2791 571 2864 644 (b)
2895 576 3069 633 Aaron
3103 579 3390 652 plangitur.
3437 582 3592 640 Jcsus

2017 670 2123 710 non
2191 657 2475 729 plangitur.
2534 659 2589 715 In
2656 677 2792 719 LEGE
2854 667 3162 727 Dzscansus
3218 673 3285 726 ad
3349 674 3588 741 inferos;

2012 746 2065 801 in
2109 747 2397 820 Evangelio
2441 750 2508 805 ad
2556 754 2857 822 paradisum
2901 763 3323 833 transmigratio.
3371 767 3588 821 Audivit

2010 853 2224 909 quoque
2249 838 2579 896 Chananzeus
2614 844 2754 914 quo-.l
2799 847 3036 903 venisset
3065 850 3250 917 Israel,
3282 863 3336 910 et
3381 855 3432 910 in
3461 857 3583 913 loco

2009 933 2448 1002 exploratorum,
2514 937 2601 992 ubi
2657 939 2925 1008 quondam
2977 941 3265 1002 ollendisse
3325 949 3578 1018 p0pulum

2007 1028 2085 1096 (ε)
2111 1038 2355 1097 noverat,
2385 1031 2546 1088 infert
2575 1034 2908 1102 prmliunt,et
2928 1036 3199 1106 captivum
3224 1039 3368 1095 ducit
3397 1041 3583 1099 Israel.

2005 1118 2344 1192 Rursumque
2386 1123 2438 1177 in
2469 1123 2657 1179 eodem
2684 1124 2801 1180 loco
2823 1136 3086 1197 pugnatur
3113 1147 3127 1183 :
3158 1133 3224 1185 ex
3253 1140 3378 1188 voto
3411 1135 3578 1191 victor

2003 1211 2252 1276 vincitur,
2301 1213 2425 1268 victi
2467 1225 2742 1285 superant,
2781 1218 3185 1288 appellaturque
3236 1237 3432 1278 nomen
3477 1225 3581 1279 loci

2009 1320 2028 1354 ι
2057 1301 2276 1370 Horma,
2311 1323 2331 1356 ι
2385 1305 2439 1359 id
2486 1317 2607 1372 est,
2665 1327 2684 1364 ί
2728 1309 3034 1363 anathema.
3072 1329 3090 1362 ι
3145 1310 3346 1366 Eadem
3398 1314 3580 1369 dicere
3621 1295 3623 1297 1

2001 1393 2133 1448 mihi
2174 1409 2280 1448 non
2328 1405 2410 1449 est
2437 1397 2668 1466 pigrum,
2699 1399 2998 1470 legentibus
3023 1404 3405 1468 necessarium,
3437 1407 3579 1474 quod

1998 1499 2214 1555 semper
2241 1485 2504 1542 luunauus
2529 1497 2700 1543 status
2730 1490 2780 1542 in
2830 1491 2984 1560 hujus
3009 1492 3190 1546 saeculi
3221 1493 3304 1548 via
3333 1493 3576 1561 ﬂuctuet,

1997 1583 2052 1630 et
2086 1575 2222 1629 alius
2249 1576 2300 1630 in
2339 1577 2498 1644 valle,
2547 1579 2683 1632 alius
2713 1582 2764 1634 in
2794 1581 3021 1652 campis,
3052 1583 3190 1639 alius
3228 1585 3491 1641 moriatur
3521 1589 3572 1642 in

1997 1673 2180 1720 monte
2217 1681 2230 1719 :
2264 1680 2364 1720 nec
2410 1667 2461 1720 in
2511 1677 2695 1724 monte
2739 1670 3075 1741 simpliciter,
3129 1673 3220 1728 sed
3277 1675 3328 1729 in
3379 1677 3576 1732 montis

1995 1766 2201 1822 monte,
2236 1756 2290 1811 id
2320 1766 2424 1824 est,
2457 1757 2509 1812 in
2540 1759 2754 1815 excelso
2778 1761 3000 1816 vertice.
3053 1762 3296 1834 Cumque
3343 1781 3441 1819 nos
3481 1766 3574 1821 Dei

1993 1847 2194 1902 auxilio
2219 1847 2503 1903 destitutos
2534 1849 2702 1904 hostis
2738 1851 3358 1924 invaserit,.duxcritque
3399 1858 3570 1926 capti-

1994 1952 2121 2004 vos;
2153 1955 2258 1994 non
2287 1938 2640 2010 desperemus
2668 1942 2916 2008 salutem,
2944 1943 3041 1999 sed
3068 1945 3260 2000 iterum
3301 1962 3578 2002 armentur

1993 2031 2060 2086 ad
2087 2032 2350 2112 prtulium.
2383 2033 2564 2091 Potest
2607 2033 2742 2100 ﬁeri,
2785 2045 2843 2090 ut
2871 2037 3164 2101 vincamus,
3195 2037 3281 2092 ubi
3312 2039 3433 2092 victi
3463 2039 3566 2094 fui-

1992 2139 2132 2189 mus,
2157 2133 2212 2180 et
2234 2124 2285 2179 in
2315 2125 2502 2181 eodem
2528 2127 2644 2182 loco
2666 2128 3079 2198 triumpbemus,
3105 2130 3191 2184 ubi
3225 2129 3296 2185 lui
3321 2146 3428 2186 nus:
3447 2143 3566 2185 ante

1989 2215 2203 2285 Captivi.

2361 2330 2578 2386 XXXV.
2607 2341 2662 2388 et
2689 2331 2927 2388 XXXVI.
2960 2333 3180 2388 MANSIO.

2059 2440 2127 2498 Et
2156 2443 2369 2514 profecti
2397 2444 2459 2498 de
2492 2453 2663 2500 monte
2696 2443 2788 2512 0r,
2816 2453 2983 2500 castra
3023 2446 3196 2500 metati
3219 2455 3338 2501 sunt
3367 2445 3420 2500 in
3448 2445 3565 2500 Scl-

1986 2553 2156 2591 mona.
2204 2535 2527 2607 Profectiqne
2559 2537 2625 2592 de
2675 2536 2940 2604 Selmona,
2990 2549 3226 2593 venerunt
3267 2539 3320 2592 in
3357 2535 3565 2592 Pltinon

1986 2628 2172 2700 (Nam.
2205 2630 2291 2686 ιδ.
2317 2631 2407 2685 tt.
2438 2629 2624 2702 8142).

2054 2742 2215 2816 491
2291 2742 2386 2798 lla:
2404 2743 2522 2800 dua:
2549 2742 2870 2812 Mansiones,
2891 2744 3157 2800 tricesima
3189 2743 3370 2815 quinta
3397 2744 3563 2799 ettri-

1982 2835 2180 2890 cesima
2229 2843 2378 2889 sexta
2426 2834 2480 2890 in
2529 2833 2718 2890 ordine
2761 2833 2998 2889 historias
3046 2851 3152 2890 non
3193 2834 3558 2896 inveniuntur.

1982 2926 2077 2982 sed
2126 2927 2383 2997 scriptum
2415 2935 2500 2981 est
2540 2941 2636 2996 pro
2684 2927 2782 2981 eis.
2825 2945 2842 2978 ι
2873 2926 3084 2997 Egressi
3117 2934 3241 2981 sunt
3268 2925 3335 2981 de
3378 2938 3562 2980 monte

1979 3019 2075 3086 Or,
2106 3034 2204 3090 per
2243 3017 2384 3074 viam
2423 3019 2586 3074 maris
2612 3018 2800 3084 Rubri,
2847 3029 2902 3074 et
2938 3018 3319 3074 circumierunt
3362 3027 3560 3073 terram

1981 3111 2150 3167 Edoni
2177 3129 2196 3164 ι
2233 3108 2420 3182 (Nam.
2449 3110 2540 3166 2|.
2573 3111 2652 3178 4).
2698 3111 2774 3166 Ex
2799 3126 2906 3180 quo
2947 3109 3246 3167 ostenditur
3279 3110 3330 3165 in
3363 3109 3560 3164 finibus

1980 3215 2140 3270 atque
2167 3201 2448 3258 circumitu
2477 3211 2631 3258 terrm
2659 3202 2830 3257 Edom
2855 3216 2946 3256 eas
2973 3201 3190 3270 positas.
3220 3200 3329 3257 Nec
3367 3216 3565 3256 secun-

1980 3294 2106 3350 dum
2135 3308 2338 3350 morem
2369 3294 2560 3364 legitur
2591 3310 2604 3346 ε
2641 3311 2660 3344 ί
2699 3293 2764 3348 Ει
2791 3291 3023 3362 proiecti.
3040 3291 3109 3347 de
3138 3299 3322 3346 monte
3341 3289 3434 3354 Or,
3461 3304 3556 3344 ca-

1981 3397 2091 3442 stra
2131 3388 2314 3443 metati
2358 3397 2482 3441 sunt
2527 3386 2579 3441 iu
2615 3385 2889 3453 Selmona,
2927 3404 2946 3438 ι
2983 3385 3097 3440 sive
3140 3403 3158 3436 ι
3187 3384 3238 3438 in
3267 3382 3497 3447 Pliinon,
3533 3401 3552 3434 ι

1981 3479 2077 3535 sed
2105 3489 2226 3552 post
2253 3479 2510 3533 ambitum
2540 3487 2696 3534 terra:
2725 3477 3075 3532 ldumtuorum
3100 3478 3246 3533 venit
3285 3476 3350 3530 ad
3377 3485 3558 3531 extre—

1981 3586 2148 3634 mum,
2177 3579 2233 3625 et
2259 3570 2353 3636 ait,
2383 3587 2402 3622 ι
2434 3569 2663 3624 Profecti
2693 3568 2785 3623 filii
2817 3567 2976 3623 Israel
3005 3577 3177 3623 castra
3212 3568 3394 3621 metati
3431 3578 3558 3620 sunt

1981 3663 2044 3718 itt
2062 3661 2234 3716 Oboth
2268 3681 2294 3713 ι
2320 3659 2509 3729 (Nunt.
2539 3661 2633 3716 '53.
2676 3660 2790 3726 45).
2831 3659 2940 3714 Nec
2978 3658 3135 3724 dixit,
3167 3657 3388 3728 profecti
3434 3666 3560 3711 sunt

1981 3755 2050 3812 de
2076 3754 2157 3827 (ιι)
2188 3755 2279 3809 illo
2315 3762 2368 3808 et
2396 3753 2488 3807 illo
2514 3753 2655 3818 loco,
2683 3753 2804 3822 quia
2841 3751 2974 3806 duas
3001 3751 3306 3805 Mansioues
3343 3749 3560 3804 silentio

1981 3845 2422 3918 praetermiserat,
2453 3859 2748 3914 quast-um
2787 3843 2840 3898 in
2881 3843 3257 3913 supputatione
3306 3840 3550 3906 tacuerit,

1982 3939 2157 3996 reddit
2197 3937 2250 3992 in
2288 3951 2514 3992 summa.
2551 3935 2722 4000 Prima
2751 3934 2954 3990 Mansio
2983 3951 3002 3985 ς
3036 3933 3308 4000 Selmona,
3341 3951 3359 3986 ι
3393 3932 3558 3986 inter-

1985 4039 2226 4102 pretatur
2260 4045 2280 4080 ι
2315 4027 2666 4097 imaguncula.
2707 4045 2726 4079 ι
2757 4024 3004 4083 Secunda
3049 4043 3067 4076 ι
3102 4025 3332 4088 Pbiuon,
3361 4041 3381 4077 ι
3403 4023 3560 4078 dimi-

1983 4122 2166 4179 nutive
2190 4139 2208 4173 ι
2243 4134 2326 4183 os,
2354 4137 2372 4170 ι
2422 4120 2490 4173 ab
2518 4133 2634 4185 ore,
2675 4134 2782 4173 non
2807 4119 2875 4174 ab
2915 4133 3058 4182 osse,
3103 4117 3356 4188 intellige.
3390 4115 3446 4171 lu
3478 4117 3562 4171 his

1987 4212 2164 4268 Aaron
2196 4220 2431 4273 mortuo,
2461 4220 2794 4264 murmurant
2832 4218 3018 4264 contra
3046 4209 3215 4264 Deum
3239 4216 3294 4262 et
3318 4205 3558 4279 Moysen,

1986 4319 2180 4361 manna
2224 4301 2522 4368 fastidiunt,
2555 4317 2584 4356 a
2628 4301 2971 4372 serpentibus
3004 4301 3372 4365 vulnerantur,
3421 4309 3475 4356 et
3507 4300 3563 4354 in.

1986 4406 2169 4469 typum
2210 4395 2520 4459 Salvatoris,
2568 4394 2659 4465 qui
2689 4409 2873 4449 verum
2909 4393 3294 4464 antiquumque
3336 4405 3564 4458 serpen-

1986 4498 2095 4546 tem
2137 4489 2190 4543 iu
2231 4488 2468 4560 patibulo
2507 4488 2685 4542 crucis
2711 4485 3078 4555 triumphavit,
3118 4482 3328 4538 diaboli.
3361 4496 3566 4536 venena

1985 4593 2323 4652 superantur.
2370 4579 2524 4636 Unde
2567 4589 2622 4634 et
2651 4577 2986 4646 imaguncula
3022 4589 3167 4631 vera:
3190 4587 3567 4643 expressaeque

1987 4674 2232 4744 imaginis
2269 4671 2388 4726 Filii
2420 4671 2535 4734 Dei.
2563 4670 2872 4725 Passioncm
2895 4667 3016 4738 ejus
3037 4666 3562 4722 intuensconservm

1988 4774 2195 4820 turzet
2231 4763 2373 4833 quod
2412 4763 2575 4818 corde
2619 4760 2814 4826 credit,
2864 4775 2958 4815 ore
3003 4758 3332 4830 pronuntiat,
3384 4758 3563 4829 legens

1990 4855 2121 4911 illud
2166 4853 2410 4925 Apostoli
2443 4869 2457 4908 :
2495 4871 2514 4904 ο
2547 4851 2725 4908 Corde
2770 4850 3009 4906 creditur
3049 4850 3117 4904 ad
3141 4850 3431 4920 justitiam,
3465 4865 3561 4904 ore

1987 4955 2164 5001 autem
2208 4943 2477 5000 confessio
2507 4943 2565 4998 lit
2602 4942 2669 4998 ad
2710 4944 2936 4998 salutem
2967 4963 2986 4997 ι
3012 4942 3188 5016 (Rom.
3222 4942 3308 4998 ιο..
3344 4941 3452 5014 10).
3482 4942 3569 4996 Si-

1989 5035 2205 5104 mulque
2244 5043 2366 5089 nota
2388 5074 2403 5099 ,
2427 5033 2567 5104 quod
2599 5044 2824 5104 utraque
2863 5034 3065 5090 Mansio
3090 5033 3160 5109 (e)
3204 5042 3569 5106 ὒποκορτισικῶς

1987 5125 2306 5197 appellatur,
2333 5125 2454 5194 quia
2492 5140 2558 5181 ex
2591 5134 2740 5196 parte
2770 5126 3030 5194 videmus,
3059 5136 3114 5182 et
3152 5141 3221 5182 ex
3255 5135 3404 5196 parte
3441 5141 3565 5196 pro-

1989 5217 2269 5288 pltetamus
2299 5225 2388 5271 :et
2419 5234 2438 5268 ι
2469 5232 2611 5273 nunc
2637 5232 2732 5287 per
2758 5217 3028 5286 speculum
3069 5217 3311 5274 videmus
3351 5219 3401 5272 iu
3441 5217 3574 5272 teni.-

1987 5319 2164 5383 gmate
2197 5330 2216 5362 ι
2249 5309 2326 5384 (l.
2357 5309 2476 5364 Cor.
2503 5309 2617 5382 25).

2163 5445 2192 5498 Ι

2052 5537 2127 5600 (b)
2159 5534 2333 5600 confer
2366 5533 2626 5600 Epistolam
2649 5533 2744 5600 βε).
2772 5532 2831 5583 ad
2866 5531 3066 5600 Paulam
3106 5541 3239 5578 num.
3284 5526 3338 5574 5.
3363 5525 3447 5573 ubi
3483 5537 3572 5585 per

1984 5593 2131 5664 quam
2155 5593 2433 5664 elegantem
2457 5597 2566 5664 ejus
2586 5596 2660 5645 rei
2683 5608 2875 5664 causam
2899 5593 3060 5664 allert.

2054 5661 2125 5723 (ε)
2159 5654 2318 5723 Anien
2342 5654 2504 5707 minus
2526 5659 2788 5723 bene_erat
2813 5655 3024 5716 plurium
3046 5661 3251 5699 numero
3269 5682 3283 5707 ,
3310 5654 3538 5696 noverant
3556 5680 3572 5706 ,

1987 5718 2152 5775 meum
2171 5719 2413 5782 proelium,
2435 5725 2483 5768 et
2506 5731 2615 5782 mox
2631 5718 2853 5782 _r_l_nc_unt._
2963 5773 2974 5782 Ι
3447 5753 3450 5756 .

2077 5783 2132 5846 ά)
2155 5773 2305 5846 ⁸ἑξριιι]
2329 5773 2514 5846 Ilaban.
2530 5778 2602 5846 de
2624 5777 2777 5846 illoin
2800 5774 2938 5846 illum
2957 5773 3134 5846 locum.

2077 5785 2132 5846 ά)
2167 5785 2305 5844 Apud
2330 5785 2514 5829 llaban.
2541 5785 2602 5848 de
2624 5785 2777 5850 illum
2800 5785 2938 5844 tuum
2957 5785 3134 5823 tocunt.

2051 5785 2628 5955 gg)oslg“t‘3:;'€lintinttltv€,
2656 5836 2843 5889 setbcet
2865 5833 3253 5900 tntaguttcnta,.et
3275 5842 3476 5896 parram
3498 5844 3569 5891 os,
3615 5877 3620 5882 .

1994 5905 2354 5957 sive’oscillum.
