  <div class='ocr_page' id='page_1' title='image "/cluster/home/n/w/nwhite01/storage/ocr_20150623/22/hvd.32044015471378/421.png"; bbox 0 0 4106 6340; ppageno 0'>
   <div class='ocr_carea' id='block_1_1' title="bbox 567 387 674 445">
    <p class='ocr_par' dir='ltr' id='par_1_1' title="bbox 567 387 674 445">
     <span class='ocr_line' id='line_1_1' title="bbox 567 387 674 445; baseline 0 -3"><span class='ocrx_word' id='word_1_1' title='bbox 567 387 674 445; x_wconf 68' lang='grc' dir='ltr'><strong>ἠδ</strong></span> 
     </span>
    </p>
   </div>
   <div class='ocr_carea' id='block_1_2' title="bbox 563 491 2130 564">
    <p class='ocr_par' dir='ltr' id='par_1_2' title="bbox 563 491 2130 564">
     <span class='ocr_line' id='line_1_2' title="bbox 563 491 2130 564; baseline -0.008 -5"><span class='ocrx_word' id='word_1_2' title='bbox 563 508 746 559; x_wconf 84' lang='lat' dir='ltr'><strong>saneta</strong></span> <span class='ocrx_word' id='word_1_3' title='bbox 777 497 913 556; x_wconf 85' lang='lat' dir='ltr'><strong>idola</strong></span> <span class='ocrx_word' id='word_1_4' title='bbox 939 497 1206 563; x_wconf 52' lang='lat' dir='ltr'><strong>destruat;</strong></span> <span class='ocrx_word' id='word_1_5' title='bbox 1233 502 1288 551; x_wconf 92' lang='lat' dir='ltr'><strong>et</strong></span> <span class='ocrx_word' id='word_1_6' title='bbox 1316 493 1492 552; x_wconf 90' lang='lat' dir='ltr'><strong>nullus</strong></span> <span class='ocrx_word' id='word_1_7' title='bbox 1515 493 1584 550; x_wconf 86' lang='lat' dir='ltr'><strong>de</strong></span> <span class='ocrx_word' id='word_1_8' title='bbox 1625 491 1786 564; x_wconf 78' lang='lat' dir='ltr'><strong>priori</strong></span> <span class='ocrx_word' id='word_1_9' title='bbox 1827 491 2130 550; x_wconf 67' lang='lat' dir='ltr'><strong>habitatore</strong></span> 
     </span>
    </p>
   </div>
   <div class='ocr_carea' id='block_1_3' title="bbox 556 582 2140 656">
    <p class='ocr_par' dir='ltr' id='par_1_3' title="bbox 556 582 2140 656">
     <span class='ocr_line' id='line_1_3' title="bbox 556 582 2140 656; baseline -0.009 -7"><span class='ocrx_word' id='word_1_10' title='bbox 556 602 825 649; x_wconf 75' lang='lat' dir='ltr'><strong>servetur.</strong></span> <span class='ocrx_word' id='word_1_11' title='bbox 858 589 1184 644; x_wconf 69' lang='lat' dir='ltr'><strong>Describitur</strong></span> <span class='ocrx_word' id='word_1_12' title='bbox 1206 587 1332 642; x_wconf 89' lang='lat' dir='ltr'><strong>olim</strong></span> <span class='ocrx_word' id='word_1_13' title='bbox 1369 587 1542 656; x_wconf 83' lang='lat' dir='ltr'><strong>cupita</strong></span> <span class='ocrx_word' id='word_1_14' title='bbox 1575 585 1879 656; x_wconf 74' lang='lat' dir='ltr'><strong>provincia,</strong></span> <span class='ocrx_word' id='word_1_15' title='bbox 1914 592 1968 638; x_wconf 88' lang='lat' dir='ltr'><strong>et</strong></span> <span class='ocrx_word' id='word_1_16' title='bbox 2003 582 2140 636; x_wconf 89' lang='lat' dir='ltr'><strong>dua-</strong></span> 
     </span>
    </p>
   </div>
   <div class='ocr_carea' id='block_1_4' title="bbox 562 673 2141 747">
    <p class='ocr_par' dir='ltr' id='par_1_4' title="bbox 562 673 2141 747">
     <span class='ocr_line' id='line_1_4' title="bbox 562 673 2141 747; baseline -0.007 -10"><span class='ocrx_word' id='word_1_17' title='bbox 562 697 678 736; x_wconf 79' lang='lat' dir='ltr'><strong>rum</strong></span> <span class='ocrx_word' id='word_1_18' title='bbox 700 681 862 736; x_wconf 86' lang='lat' dir='ltr'><strong>semis</strong></span> <span class='ocrx_word' id='word_1_19' title='bbox 888 679 1118 734; x_wconf 89' lang='lat' dir='ltr'><strong>tribuum</strong></span> <span class='ocrx_word' id='word_1_20' title='bbox 1147 677 1433 734; x_wconf 74' lang='lat' dir='ltr'><strong>luereditas</strong></span> <span class='ocrx_word' id='word_1_21' title='bbox 1457 688 1752 747; x_wconf 83' lang='lat' dir='ltr'><strong>separatur.</strong></span> <span class='ocrx_word' id='word_1_22' title='bbox 1781 673 2141 729; x_wconf 75' lang='lat' dir='ltr'><strong>Numerantur</strong></span> 
     </span>
    </p>
   </div>
   <div class='ocr_carea' id='block_1_5' title="bbox 556 765 2142 842">
    <p class='ocr_par' dir='ltr' id='par_1_5' title="bbox 556 765 2142 842">
     <span class='ocr_line' id='line_1_5' title="bbox 556 765 2142 842; baseline -0.008 -13"><span class='ocrx_word' id='word_1_23' title='bbox 556 773 794 829; x_wconf 87' lang='lat' dir='ltr'><strong>tribuum</strong></span> <span class='ocrx_word' id='word_1_24' title='bbox 820 770 1092 842; x_wconf 89' lang='lat' dir='ltr'><strong>principes</strong></span> <span class='ocrx_word' id='word_1_25' title='bbox 1111 812 1126 835; x_wconf 91' lang='lat'><strong>,</strong></span> <span class='ocrx_word' id='word_1_26' title='bbox 1155 770 1247 841; x_wconf 89' lang='lat' dir='ltr'><strong>qui</strong></span> <span class='ocrx_word' id='word_1_27' title='bbox 1274 769 1495 825; x_wconf 83' lang='lat' dir='ltr'><strong>Terram</strong></span> <span class='ocrx_word' id='word_1_28' title='bbox 1528 778 1767 822; x_wconf 86' lang='lat' dir='ltr'><strong>sanetam</strong></span> <span class='ocrx_word' id='word_1_29' title='bbox 1798 765 2028 820; x_wconf 75' lang='lat' dir='ltr'><strong>debeant</strong></span> <span class='ocrx_word' id='word_1_30' title='bbox 2057 765 2142 818; x_wconf 82' lang='lat' dir='ltr'><strong>iu-</strong></span> 
     </span>
    </p>
   </div>
   <div class='ocr_carea' id='block_1_6' title="bbox 561 855 2142 934">
    <p class='ocr_par' dir='ltr' id='par_1_6' title="bbox 561 855 2142 934">
     <span class='ocr_line' id='line_1_6' title="bbox 561 855 2142 934; baseline -0.007 -14"><span class='ocrx_word' id='word_1_31' title='bbox 561 864 724 920; x_wconf 87' lang='lat' dir='ltr'><strong>troire</strong></span> <span class='ocrx_word' id='word_1_32' title='bbox 757 860 964 934; x_wconf 82' lang='lat' dir='ltr'><strong>(.Num.</strong></span> <span class='ocrx_word' id='word_1_33' title='bbox 991 860 1105 932; x_wconf 66' lang='lat' dir='ltr'><strong>5t).</strong></span> <span class='ocrx_word' id='word_1_34' title='bbox 1136 861 1492 930; x_wconf 78' lang='lat' dir='ltr'><strong>Quadraginta</strong></span> <span class='ocrx_word' id='word_1_35' title='bbox 1521 859 1654 914; x_wconf 86' lang='lat' dir='ltr'><strong>duas</strong></span> <span class='ocrx_word' id='word_1_36' title='bbox 1683 858 1842 913; x_wconf 88' lang='lat' dir='ltr'><strong>urbes</strong></span> <span class='ocrx_word' id='word_1_37' title='bbox 1867 872 1987 912; x_wconf 87' lang='lat' dir='ltr'><strong>cum</strong></span> <span class='ocrx_word' id='word_1_38' title='bbox 2015 855 2142 910; x_wconf 76' lang='lat' dir='ltr'><strong>sub-</strong></span> 
     </span>
    </p>
   </div>
   <div class='ocr_carea' id='block_1_7' title="bbox 559 948 2139 1023">
    <p class='ocr_par' dir='ltr' id='par_1_7' title="bbox 559 948 2139 1023">
     <span class='ocr_line' id='line_1_7' title="bbox 559 948 2139 1023; baseline -0.007 -13"><span class='ocrx_word' id='word_1_39' title='bbox 559 954 791 1012; x_wconf 79' lang='lat' dir='ltr'><strong>urbanis</strong></span> <span class='ocrx_word' id='word_1_40' title='bbox 816 953 928 1011; x_wconf 85' lang='lat' dir='ltr'><strong>suis</strong></span> <span class='ocrx_word' id='word_1_41' title='bbox 971 969 1139 1023; x_wconf 83' lang='lat' dir='ltr'><strong>usque</strong></span> <span class='ocrx_word' id='word_1_42' title='bbox 1178 952 1244 1007; x_wconf 91' lang='lat' dir='ltr'><strong>ad</strong></span> <span class='ocrx_word' id='word_1_43' title='bbox 1285 951 1432 1008; x_wconf 84' lang='lat' dir='ltr'><strong>inille</strong></span> <span class='ocrx_word' id='word_1_44' title='bbox 1464 965 1650 1021; x_wconf 81' lang='lat' dir='ltr'><strong>passus</strong></span> <span class='ocrx_word' id='word_1_45' title='bbox 1692 964 1788 1018; x_wconf 91' lang='lat' dir='ltr'><strong>per</strong></span> <span class='ocrx_word' id='word_1_46' title='bbox 1824 948 2139 1013; x_wconf 85' lang='lat' dir='ltr'><strong>circuitum,</strong></span> 
     </span>
    </p>
   </div>
   <div class='ocr_carea' id='block_1_8' title="bbox 557 1040 2142 1116">
    <p class='ocr_par' dir='ltr' id='par_1_8' title="bbox 557 1040 2142 1116">
     <span class='ocr_line' id='line_1_8' title="bbox 557 1040 2142 1116; baseline -0.006 -13"><span class='ocrx_word' id='word_1_47' title='bbox 557 1046 756 1103; x_wconf 71' lang='lat' dir='ltr'><strong>Levita:</strong></span> <span class='ocrx_word' id='word_1_48' title='bbox 777 1046 1065 1116; x_wconf 86' lang='lat' dir='ltr'><strong>accipiunt,</strong></span> <span class='ocrx_word' id='word_1_49' title='bbox 1097 1053 1172 1100; x_wconf 92' lang='lat' dir='ltr'><strong>tot</strong></span> <span class='ocrx_word' id='word_1_50' title='bbox 1201 1061 1444 1112; x_wconf 88' lang='lat' dir='ltr'><strong>numero,</strong></span> <span class='ocrx_word' id='word_1_51' title='bbox 1473 1053 1602 1113; x_wconf 88' lang='lat' dir='ltr'><strong>quot</strong></span> <span class='ocrx_word' id='word_1_52' title='bbox 1624 1051 1678 1097; x_wconf 91' lang='lat' dir='ltr'><strong>et</strong></span> <span class='ocrx_word' id='word_1_53' title='bbox 1703 1043 1819 1102; x_wconf 78' lang='lat' dir='ltr'><strong>ista:</strong></span> <span class='ocrx_word' id='word_1_54' title='bbox 1843 1050 1964 1096; x_wconf 89' lang='lat' dir='ltr'><strong>sunt</strong></span> <span class='ocrx_word' id='word_1_55' title='bbox 1993 1040 2142 1094; x_wconf 67' lang='lat' dir='ltr'><strong>blan-</strong></span> 
     </span>
    </p>
   </div>
   <div class='ocr_carea' id='block_1_9' title="bbox 556 1133 2138 1205">
    <p class='ocr_par' dir='ltr' id='par_1_9' title="bbox 556 1133 2138 1205">
     <span class='ocr_line' id='line_1_9' title="bbox 556 1133 2138 1205; baseline -0.004 -14"><span class='ocrx_word' id='word_1_56' title='bbox 556 1138 762 1193; x_wconf 61' lang='lat' dir='ltr'><strong>siones.</strong></span> <span class='ocrx_word' id='word_1_57' title='bbox 797 1136 864 1191; x_wconf 87' lang='lat' dir='ltr'><strong>Et</strong></span> <span class='ocrx_word' id='word_1_58' title='bbox 903 1137 1174 1191; x_wconf 91' lang='lat' dir='ltr'><strong>adduntur</strong></span> <span class='ocrx_word' id='word_1_59' title='bbox 1203 1135 1544 1205; x_wconf 75' lang='lat' dir='ltr'><strong>fugitivorum</strong></span> <span class='ocrx_word' id='word_1_60' title='bbox 1573 1149 1666 1190; x_wconf 92' lang='lat' dir='ltr'><strong>sex</strong></span> <span class='ocrx_word' id='word_1_61' title='bbox 1696 1134 1816 1187; x_wconf 76' lang='lat' dir='ltr'><strong>alia:</strong></span> <span class='ocrx_word' id='word_1_62' title='bbox 1855 1133 2100 1192; x_wconf 81' lang='lat' dir='ltr'><strong>civitates</strong></span> <span class='ocrx_word' id='word_1_63' title='bbox 2121 1172 2138 1195; x_wconf 81' lang='lat'><strong>,</strong></span> 
     </span>
    </p>
   </div>
   <div class='ocr_carea' id='block_1_10' title="bbox 558 1223 2144 1297">
    <p class='ocr_par' dir='ltr' id='par_1_10' title="bbox 558 1223 2144 1297">
     <span class='ocr_line' id='line_1_10' title="bbox 558 1223 2144 1297; baseline -0.006 -13"><span class='ocrx_word' id='word_1_64' title='bbox 558 1239 672 1286; x_wconf 90' lang='lat' dir='ltr'><strong>tres</strong></span> <span class='ocrx_word' id='word_1_65' title='bbox 698 1229 834 1285; x_wconf 87' lang='lat' dir='ltr'><strong>intra</strong></span> <span class='ocrx_word' id='word_1_66' title='bbox 865 1228 1150 1284; x_wconf 67' lang='lat' dir='ltr'><strong>Iordanem</strong></span> <span class='ocrx_word' id='word_1_67' title='bbox 1175 1270 1192 1297; x_wconf 91' lang='lat'><strong>,_</strong></span> <span class='ocrx_word' id='word_1_68' title='bbox 1218 1237 1269 1282; x_wconf 93' lang='lat' dir='ltr'><strong>et</strong></span> <span class='ocrx_word' id='word_1_69' title='bbox 1301 1237 1407 1282; x_wconf 90' lang='lat' dir='ltr'><strong>tres</strong></span> <span class='ocrx_word' id='word_1_70' title='bbox 1436 1235 1584 1280; x_wconf 90' lang='lat' dir='ltr'><strong>trans</strong></span> <span class='ocrx_word' id='word_1_71' title='bbox 1607 1223 1916 1288; x_wconf 82' lang='lat' dir='ltr'><strong>Jordanem,</strong></span> <span class='ocrx_word' id='word_1_72' title='bbox 1952 1232 2008 1278; x_wconf 93' lang='lat' dir='ltr'><strong>ut</strong></span> <span class='ocrx_word' id='word_1_73' title='bbox 2035 1223 2144 1276; x_wconf 91' lang='lat' dir='ltr'><strong>sint</strong></span> 
     </span>
    </p>
   </div>
   <div class='ocr_carea' id='block_1_11' title="bbox 557 1315 2140 1393">
    <p class='ocr_par' dir='ltr' id='par_1_11' title="bbox 557 1315 2140 1393">
     <span class='ocr_line' id='line_1_11' title="bbox 557 1315 2140 1393; baseline -0.005 -17"><span class='ocrx_word' id='word_1_74' title='bbox 557 1322 718 1377; x_wconf 85' lang='lat' dir='ltr'><strong>simul</strong></span> <span class='ocrx_word' id='word_1_75' title='bbox 747 1321 1094 1393; x_wconf 78' lang='lat' dir='ltr'><strong>quadraginta</strong></span> <span class='ocrx_word' id='word_1_76' title='bbox 1122 1329 1244 1374; x_wconf 92' lang='lat' dir='ltr'><strong>octo</strong></span> <span class='ocrx_word' id='word_1_77' title='bbox 1272 1317 1456 1386; x_wconf 83' lang='lat' dir='ltr'><strong>(Nunt.</strong></span> <span class='ocrx_word' id='word_1_78' title='bbox 1482 1319 1596 1388; x_wconf 80' lang='grc'><strong>55).</strong></span> <span class='ocrx_word' id='word_1_79' title='bbox 1630 1316 1766 1385; x_wconf 87' lang='lat' dir='ltr'><strong>Quid</strong></span> <span class='ocrx_word' id='word_1_80' title='bbox 1796 1315 2140 1385; x_wconf 78' lang='lat' dir='ltr'><strong>fugitivorum</strong></span> 
     </span>
    </p>
   </div>
   <div class='ocr_carea' id='block_1_12' title="bbox 560 1405 2140 1482">
    <p class='ocr_par' dir='ltr' id='par_1_12' title="bbox 560 1405 2140 1482">
     <span class='ocr_line' id='line_1_12' title="bbox 560 1405 2140 1482; baseline -0.004 -17"><span class='ocrx_word' id='word_1_81' title='bbox 560 1411 796 1482; x_wconf 87' lang='lat' dir='ltr'><strong>suscipi,</strong></span> <span class='ocrx_word' id='word_1_82' title='bbox 827 1413 913 1482; x_wconf 89' lang='lat' dir='ltr'><strong>qui</strong></span> <span class='ocrx_word' id='word_1_83' title='bbox 945 1409 1168 1465; x_wconf 86' lang='lat' dir='ltr'><strong>interfici</strong></span> <span class='ocrx_word' id='word_1_84' title='bbox 1203 1410 1463 1471; x_wconf 83' lang='lat' dir='ltr'><strong>debeant,</strong></span> <span class='ocrx_word' id='word_1_85' title='bbox 1495 1410 1582 1479; x_wconf 88' lang='lat' dir='ltr'><strong>qui</strong></span> <span class='ocrx_word' id='word_1_86' title='bbox 1621 1422 1790 1478; x_wconf 88' lang='lat' dir='ltr'><strong>usque</strong></span> <span class='ocrx_word' id='word_1_87' title='bbox 1821 1405 1890 1460; x_wconf 81' lang='lat' dir='ltr'><strong>ad</strong></span> <span class='ocrx_word' id='word_1_88' title='bbox 1915 1415 2140 1460; x_wconf 88' lang='lat' dir='ltr'><strong>mortem</strong></span> 
     </span>
    </p>
   </div>
   <div class='ocr_carea' id='block_1_13' title="bbox 561 1498 2141 1568">
    <p class='ocr_par' dir='ltr' id='par_1_13' title="bbox 561 1498 2141 1568">
     <span class='ocr_line' id='line_1_13' title="bbox 561 1498 2141 1568; baseline -0.009 -4"><span class='ocrx_word' id='word_1_89' title='bbox 561 1505 836 1566; x_wconf 73' lang='lat' dir='ltr'><strong>Pontificis</strong></span> <span class='ocrx_word' id='word_1_90' title='bbox 859 1503 1077 1568; x_wconf 77' lang='lat' dir='ltr'><strong>maximi</strong></span> <span class='ocrx_word' id='word_1_91' title='bbox 1103 1501 1386 1558; x_wconf 90' lang='lat' dir='ltr'><strong>reservari.</strong></span> <span class='ocrx_word' id='word_1_92' title='bbox 1406 1500 1655 1556; x_wconf 84' lang='lat' dir='ltr'><strong>Succedit</strong></span> <span class='ocrx_word' id='word_1_93' title='bbox 1672 1498 2141 1553; x_wconf 84' lang='lat' dir='ltr'><strong>Deuteronomium</strong></span> 
     </span>
    </p>
   </div>
   <div class='ocr_carea' id='block_1_14' title="bbox 566 1589 2144 1667">
    <p class='ocr_par' dir='ltr' id='par_1_14' title="bbox 566 1589 2144 1667">
     <span class='ocr_line' id='line_1_14' title="bbox 566 1589 2144 1667; baseline -0.006 -15"><span class='ocrx_word' id='word_1_94' title='bbox 566 1596 801 1652; x_wconf 84' lang='lat' dir='ltr'><strong>secunda</strong></span> <span class='ocrx_word' id='word_1_95' title='bbox 849 1595 992 1662; x_wconf 84' lang='lat' dir='ltr'><strong>Lex,</strong></span> <span class='ocrx_word' id='word_1_96' title='bbox 1037 1595 1111 1667; x_wconf 82' lang='grc' dir='ltr'>(α)</span> <span class='ocrx_word' id='word_1_97' title='bbox 1161 1592 1564 1660; x_wconf 84' lang='lat' dir='ltr'><strong>meditatorium</strong></span> <span class='ocrx_word' id='word_1_98' title='bbox 1605 1589 1881 1659; x_wconf 77' lang='lat' dir='ltr'><strong>Evangelii</strong></span> <span class='ocrx_word' id='word_1_99' title='bbox 1917 1605 1930 1640; x_wconf 90' lang='lat'><strong>:</strong></span> <span class='ocrx_word' id='word_1_100' title='bbox 1966 1589 2144 1657; x_wconf 82' lang='lat' dir='ltr'><strong>ibique</strong></span> 
     </span>
    </p>
   </div>
   <div class='ocr_carea' id='block_1_15' title="bbox 563 1678 2146 1756">
    <p class='ocr_par' dir='ltr' id='par_1_15' title="bbox 563 1678 2146 1756">
     <span class='ocr_line' id='line_1_15' title="bbox 563 1678 2146 1756; baseline -0.006 -14"><span class='ocrx_word' id='word_1_101' title='bbox 563 1688 800 1743; x_wconf 87' lang='lat' dir='ltr'><strong>breviter</strong></span> <span class='ocrx_word' id='word_1_102' title='bbox 840 1687 1097 1742; x_wconf 80' lang='lat' dir='ltr'><strong>discimus</strong></span> <span class='ocrx_word' id='word_1_103' title='bbox 1141 1702 1258 1756; x_wconf 80' lang='lat' dir='ltr'><strong>qua:</strong></span> <span class='ocrx_word' id='word_1_104' title='bbox 1301 1685 1439 1738; x_wconf 91' lang='lat' dir='ltr'><strong>inter</strong></span> <span class='ocrx_word' id='word_1_105' title='bbox 1484 1682 1690 1737; x_wconf 82' lang='lat' dir='ltr'><strong>Pharan</strong></span> <span class='ocrx_word' id='word_1_106' title='bbox 1744 1689 1798 1734; x_wconf 87' lang='lat' dir='ltr'><strong>et</strong></span> <span class='ocrx_word' id='word_1_107' title='bbox 1846 1678 2048 1748; x_wconf 76' lang='lat' dir='ltr'><strong>&#39;l‘opltcl</strong></span> <span class='ocrx_word' id='word_1_108' title='bbox 2093 1687 2146 1733; x_wconf 88' lang='lat' dir='ltr'><strong>ct</strong></span> 
     </span>
    </p>
   </div>
   <div class='ocr_carea' id='block_1_16' title="bbox 559 1770 2145 1844">
    <p class='ocr_par' dir='ltr' id='par_1_16' title="bbox 559 1770 2145 1844">
     <span class='ocr_line' id='line_1_16' title="bbox 559 1770 2145 1844; baseline -0.007 -10"><span class='ocrx_word' id='word_1_109' title='bbox 559 1779 738 1834; x_wconf 76' lang='lat' dir='ltr'><strong>Labau</strong></span> <span class='ocrx_word' id='word_1_110' title='bbox 766 1790 819 1834; x_wconf 91' lang='lat' dir='ltr'><strong>et</strong></span> <span class='ocrx_word' id='word_1_111' title='bbox 845 1778 1104 1842; x_wconf 75' lang='lat' dir='ltr'><strong>Azeroth,</strong></span> <span class='ocrx_word' id='word_1_112' title='bbox 1133 1789 1180 1833; x_wconf 90' lang='lat' dir='ltr'><strong>et</strong></span> <span class='ocrx_word' id='word_1_113' title='bbox 1209 1779 1321 1831; x_wconf 86' lang='lat' dir='ltr'><strong>loca</strong></span> <span class='ocrx_word' id='word_1_114' title='bbox 1350 1791 1532 1842; x_wconf 90' lang='lat' dir='ltr'><strong>aurea,</strong></span> <span class='ocrx_word' id='word_1_115' title='bbox 1567 1775 1776 1844; x_wconf 84' lang='lat' dir='ltr'><strong>abjecto</strong></span> <span class='ocrx_word' id='word_1_116' title='bbox 1803 1772 1936 1827; x_wconf 81' lang='lat' dir='ltr'><strong>Juda</strong></span> <span class='ocrx_word' id='word_1_117' title='bbox 1969 1770 2145 1826; x_wconf 83' lang='lat' dir='ltr'><strong>infeli-</strong></span> 
     </span>
    </p>
   </div>
   <div class='ocr_carea' id='block_1_17' title="bbox 558 1864 2142 1936">
    <p class='ocr_par' dir='ltr' id='par_1_17' title="bbox 558 1864 2142 1936">
     <span class='ocr_line' id='line_1_17' title="bbox 558 1864 2142 1936; baseline -0.006 -11"><span class='ocrx_word' id='word_1_118' title='bbox 558 1872 800 1936; x_wconf 85' lang='lat' dir='ltr'><strong>cissimo,</strong></span> <span class='ocrx_word' id='word_1_119' title='bbox 832 1869 1080 1924; x_wconf 84' lang='lat' dir='ltr'><strong>undecim</strong></span> <span class='ocrx_word' id='word_1_120' title='bbox 1112 1871 1322 1924; x_wconf 85' lang='lat' dir='ltr'><strong>dierunt</strong></span> <span class='ocrx_word' id='word_1_121' title='bbox 1355 1869 1437 1922; x_wconf 88' lang='lat' dir='ltr'><strong>via</strong></span> <span class='ocrx_word' id='word_1_122' title='bbox 1480 1868 1546 1921; x_wconf 91' lang='lat' dir='ltr'><strong>de</strong></span> <span class='ocrx_word' id='word_1_123' title='bbox 1584 1867 1831 1930; x_wconf 87' lang='lat' dir='ltr'><strong>Choreb,</strong></span> <span class='ocrx_word' id='word_1_124' title='bbox 1880 1880 1973 1934; x_wconf 91' lang='lat' dir='ltr'><strong>per</strong></span> <span class='ocrx_word' id='word_1_125' title='bbox 2003 1864 2142 1917; x_wconf 88' lang='lat' dir='ltr'><strong>viam</strong></span> 
     </span>
    </p>
   </div>
   <div class='ocr_carea' id='block_1_18' title="bbox 563 1958 2148 2033">
    <p class='ocr_par' dir='ltr' id='par_1_18' title="bbox 563 1958 2148 2033">
     <span class='ocr_line' id='line_1_18' title="bbox 563 1958 2148 2033; baseline -0.005 -15"><span class='ocrx_word' id='word_1_126' title='bbox 563 1966 761 2018; x_wconf 77' lang='lat' dir='ltr'><strong>utentis</strong></span> <span class='ocrx_word' id='word_1_127' title='bbox 787 1962 909 2020; x_wconf 83' lang='lat' dir='ltr'><strong>Seir</strong></span> <span class='ocrx_word' id='word_1_128' title='bbox 937 1978 1105 2033; x_wconf 82' lang='lat' dir='ltr'><strong>usque</strong></span> <span class='ocrx_word' id='word_1_129' title='bbox 1133 1962 1198 2016; x_wconf 86' lang='lat' dir='ltr'><strong>ad</strong></span> <span class='ocrx_word' id='word_1_130' title='bbox 1222 1961 1594 2016; x_wconf 65' lang='lat' dir='ltr'><strong>CadesoBarne</strong></span> <span class='ocrx_word' id='word_1_131' title='bbox 1621 1959 1828 2029; x_wconf 77' lang='lat' dir='ltr'><strong>Moyses</strong></span> <span class='ocrx_word' id='word_1_132' title='bbox 1859 1958 2052 2027; x_wconf 78' lang='lat' dir='ltr'><strong>papula</strong></span> <span class='ocrx_word' id='word_1_133' title='bbox 2079 1962 2148 2010; x_wconf 90' lang='lat' dir='ltr'><strong>sit</strong></span> 
     </span>
    </p>
   </div>
   <div class='ocr_carea' id='block_1_19' title="bbox 561 2047 2143 2120">
    <p class='ocr_par' dir='ltr' id='par_1_19' title="bbox 561 2047 2143 2120">
     <span class='ocr_line' id='line_1_19' title="bbox 561 2047 2143 2120; baseline -0.007 -12"><span class='ocrx_word' id='word_1_134' title='bbox 561 2055 807 2120; x_wconf 75' lang='lat' dir='ltr'><strong>incultis,</strong></span> <span class='ocrx_word' id='word_1_135' title='bbox 854 2066 904 2110; x_wconf 91' lang='lat' dir='ltr'><strong>et</strong></span> <span class='ocrx_word' id='word_1_136' title='bbox 939 2064 1236 2110; x_wconf 74' lang='lat' dir='ltr'><strong>extremum</strong></span> <span class='ocrx_word' id='word_1_137' title='bbox 1267 2062 1424 2106; x_wconf 88' lang='lat' dir='ltr'><strong>canat</strong></span> <span class='ocrx_word' id='word_1_138' title='bbox 1460 2050 1734 2104; x_wconf 77' lang='lat' dir='ltr'><strong>Canticum</strong></span> <span class='ocrx_word' id='word_1_139' title='bbox 1765 2049 1994 2118; x_wconf 81' lang='lat' dir='ltr'><strong>(Denter.</strong></span> <span class='ocrx_word' id='word_1_140' title='bbox 2027 2047 2143 2115; x_wconf 77' lang='grc'>52),</span> 
     </span>
    </p>
   </div>
   <div class='ocr_carea' id='block_1_20' title="bbox 562 2139 2143 2219">
    <p class='ocr_par' dir='ltr' id='par_1_20' title="bbox 562 2139 2143 2219">
     <span class='ocr_line' id='line_1_20' title="bbox 562 2139 2143 2219; baseline -0.007 -16"><span class='ocrx_word' id='word_1_141' title='bbox 562 2151 614 2203; x_wconf 91' lang='lat' dir='ltr'><strong>in</strong></span> <span class='ocrx_word' id='word_1_142' title='bbox 640 2165 746 2219; x_wconf 90' lang='lat' dir='ltr'><strong>quo</strong></span> <span class='ocrx_word' id='word_1_143' title='bbox 785 2147 1122 2218; x_wconf 67' lang='lat' dir='ltr'><strong>apertissime</strong></span> <span class='ocrx_word' id='word_1_144' title='bbox 1162 2145 1440 2217; x_wconf 83' lang='lat' dir='ltr'><strong>Synagoga</strong></span> <span class='ocrx_word' id='word_1_145' title='bbox 1487 2143 1782 2214; x_wconf 74' lang='lat' dir='ltr'><strong>projicitur,</strong></span> <span class='ocrx_word' id='word_1_146' title='bbox 1819 2150 1872 2196; x_wconf 88' lang='lat' dir='ltr'><strong>et</strong></span> <span class='ocrx_word' id='word_1_147' title='bbox 1908 2139 2143 2195; x_wconf 67' lang='lat' dir='ltr'><strong>licclesia</strong></span> 
     </span>
    </p>
   </div>
   <div class='ocr_carea' id='block_1_21' title="bbox 565 2233 2147 2308">
    <p class='ocr_par' dir='ltr' id='par_1_21' title="bbox 565 2233 2147 2308">
     <span class='ocr_line' id='line_1_21' title="bbox 565 2233 2147 2308; baseline -0.007 -14"><span class='ocrx_word' id='word_1_148' title='bbox 565 2241 790 2295; x_wconf 83' lang='lat' dir='ltr'><strong>Domino</strong></span> <span class='ocrx_word' id='word_1_149' title='bbox 817 2239 1120 2308; x_wconf 63' lang='lat' dir='ltr'><strong>somniatur,</strong></span> <span class='ocrx_word' id='word_1_150' title='bbox 1158 2257 1174 2288; x_wconf 90' lang='grc' dir='ltr'><strong>ι</strong></span> <span class='ocrx_word' id='word_1_151' title='bbox 1212 2239 1573 2306; x_wconf 77' lang='lat' dir='ltr'><strong>lmpinguatus</strong></span> <span class='ocrx_word' id='word_1_152' title='bbox 1617 2244 1698 2288; x_wconf 89' lang='lat' dir='ltr'><strong>est</strong></span> <span class='ocrx_word' id='word_1_153' title='bbox 1730 2244 1781 2286; x_wconf 74' lang='lat' dir='ltr'><strong>et</strong></span> <span class='ocrx_word' id='word_1_154' title='bbox 1822 2233 2147 2286; x_wconf 86' lang='lat' dir='ltr'><strong>incrassatus</strong></span> 
     </span>
    </p>
   </div>
   <div class='ocr_carea' id='block_1_22' title="bbox 559 2325 2148 2393">
    <p class='ocr_par' dir='ltr' id='par_1_22' title="bbox 559 2325 2148 2393">
     <span class='ocr_line' id='line_1_22' title="bbox 559 2325 2148 2393; baseline -0.006 -7"><span class='ocrx_word' id='word_1_155' title='bbox 559 2347 623 2386; x_wconf 82' lang='lat' dir='ltr'><strong>ac</strong></span> <span class='ocrx_word' id='word_1_156' title='bbox 664 2331 916 2386; x_wconf 85' lang='lat' dir='ltr'><strong>dilatatus</strong></span> <span class='ocrx_word' id='word_1_157' title='bbox 936 2372 951 2393; x_wconf 89' lang='lat'><strong>,</strong></span> <span class='ocrx_word' id='word_1_158' title='bbox 989 2338 1043 2385; x_wconf 84' lang='lat' dir='ltr'><strong>et</strong></span> <span class='ocrx_word' id='word_1_159' title='bbox 1073 2329 1424 2384; x_wconf 84' lang='lat' dir='ltr'><strong>recalcitravit</strong></span> <span class='ocrx_word' id='word_1_160' title='bbox 1451 2328 1678 2382; x_wconf 88' lang='lat' dir='ltr'><strong>dilectus</strong></span> <span class='ocrx_word' id='word_1_161' title='bbox 1701 2368 1714 2391; x_wconf 91' lang='lat'><strong>,</strong></span> <span class='ocrx_word' id='word_1_162' title='bbox 1757 2335 1809 2379; x_wconf 87' lang='lat' dir='ltr'><strong>ct</strong></span> <span class='ocrx_word' id='word_1_163' title='bbox 1838 2325 2034 2378; x_wconf 90' lang='lat' dir='ltr'><strong>oblitus</strong></span> <span class='ocrx_word' id='word_1_164' title='bbox 2065 2331 2148 2376; x_wconf 84' lang='lat' dir='ltr'><strong>est</strong></span> 
     </span>
    </p>
   </div>
   <div class='ocr_carea' id='block_1_23' title="bbox 563 2412 2146 2482">
    <p class='ocr_par' dir='ltr' id='par_1_23' title="bbox 563 2412 2146 2482">
     <span class='ocr_line' id='line_1_23' title="bbox 563 2412 2146 2482; baseline -0.006 -6"><span class='ocrx_word' id='word_1_165' title='bbox 563 2421 653 2476; x_wconf 89' lang='lat' dir='ltr'><strong>Dei</strong></span> <span class='ocrx_word' id='word_1_166' title='bbox 685 2420 983 2476; x_wconf 83' lang='lat' dir='ltr'><strong>Salvatoris</strong></span> <span class='ocrx_word' id='word_1_167' title='bbox 1021 2419 1126 2474; x_wconf 90' lang='lat' dir='ltr'><strong>sui.</strong></span> <span class='ocrx_word' id='word_1_168' title='bbox 1162 2437 1181 2472; x_wconf 76' lang='grc' dir='ltr'><strong>ι</strong></span> <span class='ocrx_word' id='word_1_169' title='bbox 1223 2419 1290 2473; x_wconf 84' lang='grc' dir='ltr'>Ει</span> <span class='ocrx_word' id='word_1_170' title='bbox 1329 2421 1520 2473; x_wconf 91' lang='lat' dir='ltr'><strong>iterum</strong></span> <span class='ocrx_word' id='word_1_171' title='bbox 1551 2435 1565 2470; x_wconf 88' lang='lat'><strong>:</strong></span> <span class='ocrx_word' id='word_1_172' title='bbox 1604 2436 1622 2468; x_wconf 86' lang='grc' dir='ltr'><strong>ι</strong></span> <span class='ocrx_word' id='word_1_173' title='bbox 1655 2415 1942 2472; x_wconf 86' lang='lat' dir='ltr'><strong>chcratio</strong></span> <span class='ocrx_word' id='word_1_174' title='bbox 1974 2412 2146 2482; x_wconf 79' lang='lat' dir='ltr'><strong>pessi-</strong></span> 
     </span>
    </p>
   </div>
   <div class='ocr_carea' id='block_1_24' title="bbox 563 2508 2146 2580">
    <p class='ocr_par' dir='ltr' id='par_1_24' title="bbox 563 2508 2146 2580">
     <span class='ocr_line' id='line_1_24' title="bbox 563 2508 2146 2580; baseline -0.005 -16"><span class='ocrx_word' id='word_1_175' title='bbox 563 2527 689 2567; x_wconf 87' lang='lat' dir='ltr'><strong>ma:</strong></span> <span class='ocrx_word' id='word_1_176' title='bbox 723 2511 817 2566; x_wconf 80' lang='lat' dir='ltr'><strong>lilii</strong></span> <span class='ocrx_word' id='word_1_177' title='bbox 844 2510 1095 2566; x_wconf 85' lang='lat' dir='ltr'><strong>ineruditi</strong></span> <span class='ocrx_word' id='word_1_178' title='bbox 1123 2527 1137 2564; x_wconf 91' lang='lat'><strong>:</strong></span> <span class='ocrx_word' id='word_1_179' title='bbox 1171 2510 1268 2580; x_wconf 87' lang='lat' dir='ltr'><strong>ipsi</strong></span> <span class='ocrx_word' id='word_1_180' title='bbox 1298 2509 1363 2563; x_wconf 89' lang='lat' dir='ltr'><strong>ad</strong></span> <span class='ocrx_word' id='word_1_181' title='bbox 1393 2508 1788 2563; x_wconf 66' lang='lat' dir='ltr'><strong>inmolationem</strong></span> <span class='ocrx_word' id='word_1_182' title='bbox 1830 2521 1914 2561; x_wconf 90' lang='lat' dir='ltr'><strong>me</strong></span> <span class='ocrx_word' id='word_1_183' title='bbox 1951 2518 2146 2574; x_wconf 55' lang='lat' dir='ltr'><strong>prove.</strong></span> 
     </span>
    </p>
   </div>
   <div class='ocr_carea' id='block_1_25' title="bbox 562 2597 2145 2672">
    <p class='ocr_par' dir='ltr' id='par_1_25' title="bbox 562 2597 2145 2672">
     <span class='ocr_line' id='line_1_25' title="bbox 562 2597 2145 2672; baseline -0.004 -16"><span class='ocrx_word' id='word_1_184' title='bbox 562 2611 820 2657; x_wconf 85' lang='lat' dir='ltr'><strong>caverunt</strong></span> <span class='ocrx_word' id='word_1_185' title='bbox 847 2601 900 2656; x_wconf 93' lang='lat' dir='ltr'><strong>in</strong></span> <span class='ocrx_word' id='word_1_186' title='bbox 929 2617 997 2658; x_wconf 90' lang='lat' dir='ltr'><strong>eo</strong></span> <span class='ocrx_word' id='word_1_187' title='bbox 1024 2603 1114 2672; x_wconf 87' lang='lat' dir='ltr'><strong>qui</strong></span> <span class='ocrx_word' id='word_1_188' title='bbox 1146 2616 1253 2657; x_wconf 90' lang='lat' dir='ltr'><strong>non</strong></span> <span class='ocrx_word' id='word_1_189' title='bbox 1281 2609 1400 2656; x_wconf 90' lang='lat' dir='ltr'><strong>erat</strong></span> <span class='ocrx_word' id='word_1_190' title='bbox 1423 2601 1580 2655; x_wconf 90' lang='lat' dir='ltr'><strong>Deus.</strong></span> <span class='ocrx_word' id='word_1_191' title='bbox 1615 2597 1964 2653; x_wconf 82' lang='lat' dir='ltr'><strong>lrritaverunt</strong></span> <span class='ocrx_word' id='word_1_192' title='bbox 1985 2611 2069 2651; x_wconf 91' lang='lat' dir='ltr'><strong>me</strong></span> <span class='ocrx_word' id='word_1_193' title='bbox 2093 2597 2145 2650; x_wconf 93' lang='lat' dir='ltr'><strong>in</strong></span> 
     </span>
    </p>
   </div>
   <div class='ocr_carea' id='block_1_26' title="bbox 565 2690 2144 2765">
    <p class='ocr_par' dir='ltr' id='par_1_26' title="bbox 565 2690 2144 2765">
     <span class='ocr_line' id='line_1_26' title="bbox 565 2690 2144 2765; baseline -0.006 -15"><span class='ocrx_word' id='word_1_194' title='bbox 565 2695 900 2765; x_wconf 80' lang='lat' dir='ltr'><strong>sculptilibus</strong></span> <span class='ocrx_word' id='word_1_195' title='bbox 921 2694 1033 2750; x_wconf 89' lang='lat' dir='ltr'><strong>suis</strong></span> <span class='ocrx_word' id='word_1_196' title='bbox 1058 2712 1072 2749; x_wconf 84' lang='lat'><strong>:</strong></span> <span class='ocrx_word' id='word_1_197' title='bbox 1102 2703 1158 2749; x_wconf 90' lang='lat' dir='ltr'><strong>et</strong></span> <span class='ocrx_word' id='word_1_198' title='bbox 1183 2709 1282 2763; x_wconf 87' lang='lat' dir='ltr'><strong>ego</strong></span> <span class='ocrx_word' id='word_1_199' title='bbox 1317 2694 1493 2749; x_wconf 69' lang='lat' dir='ltr'><strong>uelare</strong></span> <span class='ocrx_word' id='word_1_200' title='bbox 1522 2692 1620 2747; x_wconf 87' lang='lat' dir='ltr'><strong>hos</strong></span> <span class='ocrx_word' id='word_1_201' title='bbox 1649 2692 1838 2745; x_wconf 81' lang='lat' dir='ltr'><strong>faciam</strong></span> <span class='ocrx_word' id='word_1_202' title='bbox 1866 2690 2108 2744; x_wconf 81' lang='lat' dir='ltr'><strong>natitmes</strong></span> <span class='ocrx_word' id='word_1_203' title='bbox 2128 2729 2144 2753; x_wconf 92' lang='lat'><strong>,</strong></span> 
     </span>
    </p>
   </div>
   <div class='ocr_carea' id='block_1_27' title="bbox 564 2779 2146 2856">
    <p class='ocr_par' dir='ltr' id='par_1_27' title="bbox 564 2779 2146 2856">
     <span class='ocr_line' id='line_1_27' title="bbox 564 2779 2146 2856; baseline -0.004 -15"><span class='ocrx_word' id='word_1_204' title='bbox 564 2796 620 2841; x_wconf 87' lang='lat' dir='ltr'><strong>et</strong></span> <span class='ocrx_word' id='word_1_205' title='bbox 647 2795 836 2842; x_wconf 87' lang='lat' dir='ltr'><strong>contra</strong></span> <span class='ocrx_word' id='word_1_206' title='bbox 865 2795 1080 2856; x_wconf 78' lang='lat' dir='ltr'><strong>gentem</strong></span> <span class='ocrx_word' id='word_1_207' title='bbox 1110 2785 1330 2840; x_wconf 82' lang='lat' dir='ltr'><strong>stultam</strong></span> <span class='ocrx_word' id='word_1_208' title='bbox 1359 2783 1580 2839; x_wconf 87' lang='lat' dir='ltr'><strong>irritabo</strong></span> <span class='ocrx_word' id='word_1_209' title='bbox 1611 2797 1703 2838; x_wconf 89' lang='lat' dir='ltr'><strong>eos</strong></span> <span class='ocrx_word' id='word_1_210' title='bbox 1737 2802 1758 2835; x_wconf 76' lang='grc' dir='ltr'><strong>ι</strong></span> <span class='ocrx_word' id='word_1_211' title='bbox 1797 2779 2023 2852; x_wconf 68' lang='lat' dir='ltr'><strong>(larem.</strong></span> <span class='ocrx_word' id='word_1_212' title='bbox 2067 2782 2146 2847; x_wconf 79' lang='lat'><strong>5).</strong></span> 
     </span>
    </p>
   </div>
   <div class='ocr_carea' id='block_1_28' title="bbox 565 2873 2151 2936">
    <p class='ocr_par' dir='ltr' id='par_1_28' title="bbox 565 2873 2151 2936">
     <span class='ocr_line' id='line_1_28' title="bbox 565 2873 2151 2936; baseline -0.005 0"><span class='ocrx_word' id='word_1_213' title='bbox 565 2879 964 2936; x_wconf 83' lang='lat' dir='ltr'><strong>Benedicuntur</strong></span> <span class='ocrx_word' id='word_1_214' title='bbox 987 2879 1080 2934; x_wconf 88' lang='lat' dir='ltr'><strong>filii</strong></span> <span class='ocrx_word' id='word_1_215' title='bbox 1112 2877 1294 2933; x_wconf 91' lang='lat' dir='ltr'><strong>Israel.</strong></span> <span class='ocrx_word' id='word_1_216' title='bbox 1323 2877 1389 2932; x_wconf 85' lang='lat' dir='ltr'><strong>Et</strong></span> <span class='ocrx_word' id='word_1_217' title='bbox 1415 2892 1603 2932; x_wconf 86' lang='lat' dir='ltr'><strong>rursus</strong></span> <span class='ocrx_word' id='word_1_218' title='bbox 1630 2875 1681 2930; x_wconf 94' lang='lat' dir='ltr'><strong>in</strong></span> <span class='ocrx_word' id='word_1_219' title='bbox 1707 2874 1958 2930; x_wconf 90' lang='lat' dir='ltr'><strong>Simeone</strong></span> <span class='ocrx_word' id='word_1_220' title='bbox 1986 2873 2151 2928; x_wconf 82' lang='lat' dir='ltr'><strong>Judas</strong></span> 
     </span>
    </p>
   </div>
   <div class='ocr_carea' id='block_1_29' title="bbox 563 2968 2147 3040">
    <p class='ocr_par' dir='ltr' id='par_1_29' title="bbox 563 2968 2147 3040">
     <span class='ocr_line' id='line_1_29' title="bbox 563 2968 2147 3040; baseline -0.005 -12"><span class='ocrx_word' id='word_1_221' title='bbox 563 2971 903 3029; x_wconf 85' lang='lat' dir='ltr'><strong>miserandus</strong></span> <span class='ocrx_word' id='word_1_222' title='bbox 927 2971 1253 3029; x_wconf 82' lang='lat' dir='ltr'><strong>excluditur.</strong></span> <span class='ocrx_word' id='word_1_223' title='bbox 1285 2969 1538 3025; x_wconf 79' lang='lat' dir='ltr'><strong>Ascendit</strong></span> <span class='ocrx_word' id='word_1_224' title='bbox 1563 2969 1772 3040; x_wconf 81' lang='lat' dir='ltr'><strong>Moyses</strong></span> <span class='ocrx_word' id='word_1_225' title='bbox 1802 2968 1867 3022; x_wconf 88' lang='lat' dir='ltr'><strong>ad</strong></span> <span class='ocrx_word' id='word_1_226' title='bbox 1913 2976 2147 3022; x_wconf 86' lang='lat' dir='ltr'><strong>montem</strong></span> 
     </span>
    </p>
   </div>
   <div class='ocr_carea' id='block_1_30' title="bbox 565 3057 2144 3132">
    <p class='ocr_par' dir='ltr' id='par_1_30' title="bbox 565 3057 2144 3132">
     <span class='ocr_line' id='line_1_30' title="bbox 565 3057 2144 3132; baseline -0.004 -15"><span class='ocrx_word' id='word_1_227' title='bbox 565 3061 714 3118; x_wconf 83' lang='lat' dir='ltr'><strong>Nabo</strong></span> <span class='ocrx_word' id='word_1_228' title='bbox 735 3106 750 3130; x_wconf 90' lang='lat'><strong>,</strong></span> <span class='ocrx_word' id='word_1_229' title='bbox 794 3065 847 3119; x_wconf 91' lang='lat' dir='ltr'><strong>in</strong></span> <span class='ocrx_word' id='word_1_230' title='bbox 875 3065 1128 3120; x_wconf 86' lang='lat' dir='ltr'><strong>verticem</strong></span> <span class='ocrx_word' id='word_1_231' title='bbox 1159 3063 1400 3132; x_wconf 78' lang='lat' dir='ltr'><strong>Pliasga,</strong></span> <span class='ocrx_word' id='word_1_232' title='bbox 1435 3061 1523 3130; x_wconf 92' lang='lat' dir='ltr'><strong>qui</strong></span> <span class='ocrx_word' id='word_1_233' title='bbox 1555 3069 1638 3116; x_wconf 84' lang='lat' dir='ltr'><strong>est</strong></span> <span class='ocrx_word' id='word_1_234' title='bbox 1666 3069 1850 3114; x_wconf 85' lang='lat' dir='ltr'><strong>contra</strong></span> <span class='ocrx_word' id='word_1_235' title='bbox 1893 3057 2144 3113; x_wconf 86' lang='lat' dir='ltr'><strong>.Ierieho:</strong></span> 
     </span>
    </p>
   </div>
   <div class='ocr_carea' id='block_1_31' title="bbox 565 3149 2150 3219">
    <p class='ocr_par' dir='ltr' id='par_1_31' title="bbox 565 3149 2150 3219">
     <span class='ocr_line' id='line_1_31' title="bbox 565 3149 2150 3219; baseline -0.003 -12"><span class='ocrx_word' id='word_1_236' title='bbox 565 3161 620 3207; x_wconf 91' lang='lat' dir='ltr'><strong>et</strong></span> <span class='ocrx_word' id='word_1_237' title='bbox 645 3155 878 3208; x_wconf 86' lang='lat' dir='ltr'><strong>ostendit</strong></span> <span class='ocrx_word' id='word_1_238' title='bbox 903 3155 952 3210; x_wconf 86' lang='lat' dir='ltr'><strong>ei</strong></span> <span class='ocrx_word' id='word_1_239' title='bbox 979 3154 1232 3208; x_wconf 76' lang='lat' dir='ltr'><strong>Dominus</strong></span> <span class='ocrx_word' id='word_1_240' title='bbox 1261 3168 1474 3207; x_wconf 90' lang='lat' dir='ltr'><strong>omnem</strong></span> <span class='ocrx_word' id='word_1_241' title='bbox 1510 3160 1704 3204; x_wconf 88' lang='lat' dir='ltr'><strong>terram</strong></span> <span class='ocrx_word' id='word_1_242' title='bbox 1745 3149 1945 3205; x_wconf 82' lang='lat' dir='ltr'><strong>Galaad</strong></span> <span class='ocrx_word' id='word_1_243' title='bbox 1982 3163 2150 3219; x_wconf 85' lang='lat' dir='ltr'><strong>usque</strong></span> 
     </span>
    </p>
   </div>
   <div class='ocr_carea' id='block_1_32' title="bbox 567 3239 2144 3314">
    <p class='ocr_par' dir='ltr' id='par_1_32' title="bbox 567 3239 2144 3314">
     <span class='ocr_line' id='line_1_32' title="bbox 567 3239 2144 3314; baseline -0.003 -18"><span class='ocrx_word' id='word_1_244' title='bbox 567 3241 728 3314; x_wconf 59' lang='grc' dir='ltr'><strong>ξω</strong></span> <span class='ocrx_word' id='word_1_245' title='bbox 826 3243 960 3308; x_wconf 90' lang='lat' dir='ltr'><strong>Dan,</strong></span> <span class='ocrx_word' id='word_1_246' title='bbox 989 3252 1042 3296; x_wconf 90' lang='lat' dir='ltr'><strong>et</strong></span> <span class='ocrx_word' id='word_1_247' title='bbox 1062 3241 1400 3312; x_wconf 81' lang='lat' dir='ltr'><strong>Ncphthalim</strong></span> <span class='ocrx_word' id='word_1_248' title='bbox 1423 3251 1476 3294; x_wconf 89' lang='lat' dir='ltr'><strong>et</strong></span> <span class='ocrx_word' id='word_1_249' title='bbox 1497 3240 1752 3310; x_wconf 83' lang='lat' dir='ltr'><strong>Ephraim</strong></span> <span class='ocrx_word' id='word_1_250' title='bbox 1773 3249 1826 3294; x_wconf 92' lang='lat' dir='ltr'><strong>et</strong></span> <span class='ocrx_word' id='word_1_251' title='bbox 1847 3239 2144 3305; x_wconf 80' lang='lat' dir='ltr'><strong>Manassen,</strong></span> 
     </span>
    </p>
   </div>
   <div class='ocr_carea' id='block_1_33' title="bbox 569 3331 2145 3402">
    <p class='ocr_par' dir='ltr' id='par_1_33' title="bbox 569 3331 2145 3402">
     <span class='ocr_line' id='line_1_33' title="bbox 569 3331 2145 3402; baseline 0 -16"><span class='ocrx_word' id='word_1_252' title='bbox 569 3341 626 3386; x_wconf 89' lang='lat' dir='ltr'><strong>et</strong></span> <span class='ocrx_word' id='word_1_253' title='bbox 653 3333 959 3386; x_wconf 84' lang='lat' dir='ltr'><strong>universam</strong></span> <span class='ocrx_word' id='word_1_254' title='bbox 991 3342 1188 3388; x_wconf 84' lang='lat' dir='ltr'><strong>terrain</strong></span> <span class='ocrx_word' id='word_1_255' title='bbox 1216 3333 1350 3387; x_wconf 79' lang='lat' dir='ltr'><strong>.luda</strong></span> <span class='ocrx_word' id='word_1_256' title='bbox 1371 3373 1387 3398; x_wconf 95' lang='lat'><strong>,</strong></span> <span class='ocrx_word' id='word_1_257' title='bbox 1417 3347 1586 3402; x_wconf 78' lang='lat' dir='ltr'><strong>usque</strong></span> <span class='ocrx_word' id='word_1_258' title='bbox 1623 3331 1688 3386; x_wconf 87' lang='lat' dir='ltr'><strong>ad</strong></span> <span class='ocrx_word' id='word_1_259' title='bbox 1722 3349 1868 3387; x_wconf 81' lang='lat' dir='ltr'><strong>mare</strong></span> <span class='ocrx_word' id='word_1_260' title='bbox 1900 3348 2145 3402; x_wconf 88' lang='lat' dir='ltr'><strong>magmun</strong></span> 
     </span>
    </p>
   </div>
   <div class='ocr_carea' id='block_1_34' title="bbox 568 3422 2146 3494">
    <p class='ocr_par' dir='ltr' id='par_1_34' title="bbox 568 3422 2146 3494">
     <span class='ocr_line' id='line_1_34' title="bbox 568 3422 2146 3494; baseline 0 -17"><span class='ocrx_word' id='word_1_261' title='bbox 568 3433 756 3479; x_wconf 90' lang='lat' dir='ltr'><strong>contra</strong></span> <span class='ocrx_word' id='word_1_262' title='bbox 787 3433 1028 3477; x_wconf 86' lang='lat' dir='ltr'><strong>austrum</strong></span> <span class='ocrx_word' id='word_1_263' title='bbox 1052 3464 1066 3485; x_wconf 86' lang='lat'><strong>.</strong></span> <span class='ocrx_word' id='word_1_264' title='bbox 1093 3435 1142 3479; x_wconf 92' lang='lat' dir='ltr'><strong>et</strong></span> <span class='ocrx_word' id='word_1_265' title='bbox 1177 3424 1448 3494; x_wconf 73' lang='lat' dir='ltr'><strong>regionem</strong></span> <span class='ocrx_word' id='word_1_266' title='bbox 1477 3434 1830 3492; x_wconf 88' lang='lat' dir='ltr'><strong>campestrem</strong></span> <span class='ocrx_word' id='word_1_267' title='bbox 1865 3422 2146 3478; x_wconf 79' lang='lat' dir='ltr'><strong>Jerichon-</strong></span> 
     </span>
    </p>
   </div>
   <div class='ocr_carea' id='block_1_35' title="bbox 570 3515 2147 3589">
    <p class='ocr_par' dir='ltr' id='par_1_35' title="bbox 570 3515 2147 3589">
     <span class='ocr_line' id='line_1_35' title="bbox 570 3515 2147 3589; baseline 0.001 -19"><span class='ocrx_word' id='word_1_268' title='bbox 570 3516 659 3581; x_wconf 88' lang='lat' dir='ltr'><strong>tis,</strong></span> <span class='ocrx_word' id='word_1_269' title='bbox 689 3515 918 3571; x_wconf 76' lang='lat' dir='ltr'><strong>civitatis</strong></span> <span class='ocrx_word' id='word_1_270' title='bbox 950 3517 1267 3585; x_wconf 78' lang='lat' dir='ltr'><strong>palmarum,</strong></span> <span class='ocrx_word' id='word_1_271' title='bbox 1293 3531 1460 3586; x_wconf 90' lang='lat' dir='ltr'><strong>usque</strong></span> <span class='ocrx_word' id='word_1_272' title='bbox 1484 3516 1656 3586; x_wconf 86' lang='lat' dir='ltr'><strong>Segor</strong></span> <span class='ocrx_word' id='word_1_273' title='bbox 1680 3515 1854 3587; x_wconf 85' lang='lat' dir='ltr'><strong>(Deut.</strong></span> <span class='ocrx_word' id='word_1_274' title='bbox 1879 3517 1990 3589; x_wconf 74' lang='grc'><strong>54).</strong></span> <span class='ocrx_word' id='word_1_275' title='bbox 2016 3516 2147 3584; x_wconf 88' lang='lat' dir='ltr'><strong>Quis</strong></span> 
     </span>
    </p>
   </div>
   <div class='ocr_carea' id='block_1_36' title="bbox 567 3607 2146 3678">
    <p class='ocr_par' dir='ltr' id='par_1_36' title="bbox 567 3607 2146 3678">
     <span class='ocr_line' id='line_1_36' title="bbox 567 3607 2146 3678; baseline 0.001 -19"><span class='ocrx_word' id='word_1_276' title='bbox 567 3616 745 3675; x_wconf 83' lang='lat' dir='ltr'><strong>potest</strong></span> <span class='ocrx_word' id='word_1_277' title='bbox 790 3616 938 3661; x_wconf 85' lang='lat' dir='ltr'><strong>tanta</strong></span> <span class='ocrx_word' id='word_1_278' title='bbox 984 3621 1140 3662; x_wconf 80' lang='lat' dir='ltr'><strong>nosse</strong></span> <span class='ocrx_word' id='word_1_279' title='bbox 1180 3607 1474 3678; x_wconf 82' lang='lat' dir='ltr'><strong>mysteria?</strong></span> <span class='ocrx_word' id='word_1_280' title='bbox 1518 3608 1594 3678; x_wconf 74' lang='grc' dir='ltr'><strong>(ὁ)</strong></span> <span class='ocrx_word' id='word_1_281' title='bbox 1642 3608 1772 3674; x_wconf 88' lang='lat' dir='ltr'><strong>Quis</strong></span> <span class='ocrx_word' id='word_1_282' title='bbox 1812 3608 1864 3661; x_wconf 92' lang='lat' dir='ltr'><strong>in</strong></span> <span class='ocrx_word' id='word_1_283' title='bbox 1893 3608 2146 3662; x_wconf 82' lang='lat' dir='ltr'><strong>extremis</strong></span> 
     </span>
    </p>
   </div>
   <div class='ocr_carea' id='block_1_37' title="bbox 569 3696 2146 3770">
    <p class='ocr_par' dir='ltr' id='par_1_37' title="bbox 569 3696 2146 3770">
     <span class='ocr_line' id='line_1_37' title="bbox 569 3696 2146 3770; baseline 0.003 -18"><span class='ocrx_word' id='word_1_284' title='bbox 569 3696 756 3769; x_wconf 82' lang='lat' dir='ltr'><strong>chis,</strong></span> <span class='ocrx_word' id='word_1_285' title='bbox 809 3707 864 3754; x_wconf 87' lang='lat' dir='ltr'><strong>et</strong></span> <span class='ocrx_word' id='word_1_286' title='bbox 911 3698 1071 3769; x_wconf 80' lang='lat' dir='ltr'><strong>hujus</strong></span> <span class='ocrx_word' id='word_1_287' title='bbox 1118 3699 1238 3754; x_wconf 65' lang='lat' dir='ltr'><strong>vita:</strong></span> <span class='ocrx_word' id='word_1_288' title='bbox 1291 3699 1486 3755; x_wconf 88' lang='lat' dir='ltr'><strong>finibus</strong></span> <span class='ocrx_word' id='word_1_289' title='bbox 1531 3701 1854 3755; x_wconf 90' lang='lat' dir='ltr'><strong>constitutus</strong></span> <span class='ocrx_word' id='word_1_290' title='bbox 1903 3701 2146 3770; x_wconf 84' lang='lat' dir='ltr'><strong>intelligit</strong></span> 
     </span>
    </p>
   </div>
   <div class='ocr_carea' id='block_1_38' title="bbox 565 3791 2146 3864">
    <p class='ocr_par' dir='ltr' id='par_1_38' title="bbox 565 3791 2146 3864">
     <span class='ocr_line' id='line_1_38' title="bbox 565 3791 2146 3864; baseline 0.003 -19"><span class='ocrx_word' id='word_1_291' title='bbox 565 3804 782 3862; x_wconf 78' lang='lat' dir='ltr'><strong>seniper</strong></span> <span class='ocrx_word' id='word_1_292' title='bbox 805 3791 904 3846; x_wconf 88' lang='lat' dir='ltr'><strong>sibi</strong></span> <span class='ocrx_word' id='word_1_293' title='bbox 941 3807 1060 3847; x_wconf 84' lang='lat' dir='ltr'><strong>esse</strong></span> <span class='ocrx_word' id='word_1_294' title='bbox 1088 3792 1429 3863; x_wconf 78' lang='lat' dir='ltr'><strong>pugnandum</strong></span> <span class='ocrx_word' id='word_1_295' title='bbox 1458 3809 1474 3848; x_wconf 93' lang='lat'><strong>:</strong></span> <span class='ocrx_word' id='word_1_296' title='bbox 1501 3803 1555 3848; x_wconf 91' lang='lat' dir='ltr'><strong>et</strong></span> <span class='ocrx_word' id='word_1_297' title='bbox 1584 3804 1706 3848; x_wconf 89' lang='lat' dir='ltr'><strong>tunc</strong></span> <span class='ocrx_word' id='word_1_298' title='bbox 1737 3793 1947 3864; x_wconf 87' lang='lat' dir='ltr'><strong>plenam</strong></span> <span class='ocrx_word' id='word_1_299' title='bbox 1981 3795 2146 3848; x_wconf 85' lang='lat' dir='ltr'><strong>victo-</strong></span> 
     </span>
    </p>
   </div>
   <div class='ocr_carea' id='block_1_39' title="bbox 568 3883 2142 3956">
    <p class='ocr_par' dir='ltr' id='par_1_39' title="bbox 568 3883 2142 3956">
     <span class='ocr_line' id='line_1_39' title="bbox 568 3883 2142 3956; baseline 0.004 -20"><span class='ocrx_word' id='word_1_300' title='bbox 568 3883 700 3937; x_wconf 86' lang='lat' dir='ltr'><strong>riam</strong></span> <span class='ocrx_word' id='word_1_301' title='bbox 729 3883 867 3950; x_wconf 87' lang='lat' dir='ltr'><strong>dari,</strong></span> <span class='ocrx_word' id='word_1_302' title='bbox 895 3885 939 3939; x_wconf 91' lang='lat' dir='ltr'><strong>si</strong></span> <span class='ocrx_word' id='word_1_303' title='bbox 969 3884 1128 3940; x_wconf 87' lang='lat' dir='ltr'><strong>fuerit</strong></span> <span class='ocrx_word' id='word_1_304' title='bbox 1150 3887 1200 3940; x_wconf 93' lang='lat' dir='ltr'><strong>in</strong></span> <span class='ocrx_word' id='word_1_305' title='bbox 1221 3887 1630 3956; x_wconf 87' lang='lat' dir='ltr'><strong>campestribus,</strong></span> <span class='ocrx_word' id='word_1_306' title='bbox 1663 3887 1706 3941; x_wconf 89' lang='lat' dir='ltr'><strong>si</strong></span> <span class='ocrx_word' id='word_1_307' title='bbox 1730 3887 1785 3942; x_wconf 90' lang='lat' dir='ltr'><strong>in</strong></span> <span class='ocrx_word' id='word_1_308' title='bbox 1812 3889 1956 3942; x_wconf 78' lang='grc' dir='ltr'>Αιιει.</span> <span class='ocrx_word' id='word_1_309' title='bbox 1981 3902 2142 3951; x_wconf 72' lang='lat' dir='ltr'><strong>sunt.</strong></span> 
     </span>
    </p>
   </div>
   <div class='ocr_carea' id='block_1_40' title="bbox 566 3974 2144 4050">
    <p class='ocr_par' dir='ltr' id='par_1_40' title="bbox 566 3974 2144 4050">
     <span class='ocr_line' id='line_1_40' title="bbox 566 3974 2144 4050; baseline 0.004 -23"><span class='ocrx_word' id='word_1_310' title='bbox 566 3974 708 4043; x_wconf 88' lang='lat' dir='ltr'><strong>quod</strong></span> <span class='ocrx_word' id='word_1_311' title='bbox 735 3974 1138 4048; x_wconf 82' lang='lat' dir='ltr'><strong>interpretatur,</strong></span> <span class='ocrx_word' id='word_1_312' title='bbox 1171 3977 1336 4032; x_wconf 79' lang='lat' dir='ltr'><strong>luctus</strong></span> <span class='ocrx_word' id='word_1_313' title='bbox 1365 3979 1626 4048; x_wconf 79' lang='lat' dir='ltr'><strong>spinarum</strong></span> <span class='ocrx_word' id='word_1_314' title='bbox 1647 4019 1662 4043; x_wconf 94' lang='lat'><strong>,</strong></span> <span class='ocrx_word' id='word_1_315' title='bbox 1696 3977 1900 4033; x_wconf 77' lang='lat' dir='ltr'><strong>ﬂeverit</strong></span> <span class='ocrx_word' id='word_1_316' title='bbox 1931 3981 2144 4050; x_wconf 86' lang='lat' dir='ltr'><strong>antiqua</strong></span> 
     </span>
    </p>
   </div>
   <div class='ocr_carea' id='block_1_41' title="bbox 567 4067 2144 4138">
    <p class='ocr_par' dir='ltr' id='par_1_41' title="bbox 567 4067 2144 4138">
     <span class='ocr_line' id='line_1_41' title="bbox 567 4067 2144 4138; baseline 0.002 -19"><span class='ocrx_word' id='word_1_317' title='bbox 567 4074 820 4133; x_wconf 82' lang='lat' dir='ltr'><strong>peccata,</strong></span> <span class='ocrx_word' id='word_1_318' title='bbox 866 4077 920 4120; x_wconf 91' lang='lat' dir='ltr'><strong>et</strong></span> <span class='ocrx_word' id='word_1_319' title='bbox 969 4067 1184 4137; x_wconf 88' lang='lat' dir='ltr'><strong>spinas,</strong></span> <span class='ocrx_word' id='word_1_320' title='bbox 1236 4083 1356 4138; x_wconf 76' lang='lat' dir='ltr'><strong>qua:</strong></span> <span class='ocrx_word' id='word_1_321' title='bbox 1403 4068 1797 4123; x_wconf 79' lang='lat' dir='ltr'><strong>sull&#39;oravcrunt</strong></span> <span class='ocrx_word' id='word_1_322' title='bbox 1848 4080 2144 4124; x_wconf 87' lang='lat' dir='ltr'><strong>sementem</strong></span> 
     </span>
    </p>
   </div>
   <div class='ocr_carea' id='block_1_42' title="bbox 566 4157 2146 4229">
    <p class='ocr_par' dir='ltr' id='par_1_42' title="bbox 566 4157 2146 4229">
     <span class='ocr_line' id='line_1_42' title="bbox 566 4157 2146 4229; baseline 0.002 -19"><span class='ocrx_word' id='word_1_323' title='bbox 566 4158 715 4211; x_wconf 89' lang='lat' dir='ltr'><strong>verbi</strong></span> <span class='ocrx_word' id='word_1_324' title='bbox 745 4158 836 4211; x_wconf 80' lang='lat' dir='ltr'><strong>Dei</strong></span> <span class='ocrx_word' id='word_1_325' title='bbox 864 4157 1010 4228; x_wconf 79' lang='lat' dir='ltr'><strong>(Lac.</strong></span> <span class='ocrx_word' id='word_1_326' title='bbox 1038 4159 1118 4226; x_wconf 82' lang='lat'><strong>8),</strong></span> <span class='ocrx_word' id='word_1_327' title='bbox 1145 4171 1197 4214; x_wconf 88' lang='lat' dir='ltr'><strong>et</strong></span> <span class='ocrx_word' id='word_1_328' title='bbox 1222 4159 1289 4214; x_wconf 88' lang='lat' dir='ltr'><strong>de</strong></span> <span class='ocrx_word' id='word_1_329' title='bbox 1314 4160 1504 4229; x_wconf 87' lang='lat' dir='ltr'><strong>quibus</strong></span> <span class='ocrx_word' id='word_1_330' title='bbox 1529 4159 1789 4228; x_wconf 84' lang='lat' dir='ltr'><strong>Propheta</strong></span> <span class='ocrx_word' id='word_1_331' title='bbox 1817 4160 1944 4214; x_wconf 89' lang='lat' dir='ltr'><strong>dicit</strong></span> <span class='ocrx_word' id='word_1_332' title='bbox 1968 4177 1980 4211; x_wconf 93' lang='lat'>:</span> <span class='ocrx_word' id='word_1_333' title='bbox 2021 4159 2146 4213; x_wconf 85' lang='lat' dir='ltr'><strong>Ver-</strong></span> 
     </span>
    </p>
   </div>
   <div class='ocr_carea' id='block_1_43' title="bbox 565 4249 2142 4321">
    <p class='ocr_par' dir='ltr' id='par_1_43' title="bbox 565 4249 2142 4321">
     <span class='ocr_line' id='line_1_43' title="bbox 565 4249 2142 4321; baseline 0.004 -22"><span class='ocrx_word' id='word_1_334' title='bbox 565 4257 710 4310; x_wconf 77' lang='lat' dir='ltr'><strong>satus</strong></span> <span class='ocrx_word' id='word_1_335' title='bbox 729 4264 845 4301; x_wconf 89' lang='lat' dir='ltr'><strong>sunt</strong></span> <span class='ocrx_word' id='word_1_336' title='bbox 872 4249 926 4301; x_wconf 82' lang='lat' dir='ltr'><strong>in</strong></span> <span class='ocrx_word' id='word_1_337' title='bbox 951 4250 1172 4314; x_wconf 85' lang='lat' dir='ltr'><strong>miseria,</strong></span> <span class='ocrx_word' id='word_1_338' title='bbox 1201 4251 1323 4304; x_wconf 88' lang='lat' dir='ltr'><strong>dum</strong></span> <span class='ocrx_word' id='word_1_339' title='bbox 1350 4251 1474 4304; x_wconf 78' lang='lat' dir='ltr'><strong>miln&#39;</strong></span> <span class='ocrx_word' id='word_1_340' title='bbox 1493 4252 1765 4321; x_wconf 74' lang='lat' dir='ltr'><strong>conﬁgitur</strong></span> <span class='ocrx_word' id='word_1_341' title='bbox 1790 4253 1940 4320; x_wconf 78' lang='lat' dir='ltr'><strong>spina</strong></span> <span class='ocrx_word' id='word_1_342' title='bbox 1967 4252 2142 4320; x_wconf 75' lang='lat' dir='ltr'><strong>(Paul.</strong></span> 
     </span>
    </p>
   </div>
   <div class='ocr_carea' id='block_1_44' title="bbox 563 4337 2147 4410">
    <p class='ocr_par' dir='ltr' id='par_1_44' title="bbox 563 4337 2147 4410">
     <span class='ocr_line' id='line_1_44' title="bbox 563 4337 2147 4410; baseline 0.005 -18"><span class='ocrx_word' id='word_1_343' title='bbox 563 4337 653 4393; x_wconf 73' lang='lat' dir='ltr'><strong>Sl.</strong></span> <span class='ocrx_word' id='word_1_344' title='bbox 685 4339 747 4407; x_wconf 69' lang='grc'>4)</span> <span class='ocrx_word' id='word_1_345' title='bbox 773 4356 786 4393; x_wconf 91' lang='lat'><strong>:</strong></span> <span class='ocrx_word' id='word_1_346' title='bbox 814 4347 869 4394; x_wconf 88' lang='lat' dir='ltr'><strong>et</strong></span> <span class='ocrx_word' id='word_1_347' title='bbox 907 4349 1031 4394; x_wconf 91' lang='lat' dir='ltr'><strong>tunc</strong></span> <span class='ocrx_word' id='word_1_348' title='bbox 1072 4351 1430 4410; x_wconf 76' lang='lat' dir='ltr'><strong>prmparatus,</strong></span> <span class='ocrx_word' id='word_1_349' title='bbox 1463 4342 1744 4398; x_wconf 75' lang='lat' dir='ltr'><strong>deficiente</strong></span> <span class='ocrx_word' id='word_1_350' title='bbox 1789 4345 2008 4410; x_wconf 75' lang='lat' dir='ltr'><strong>Maium,</strong></span> <span class='ocrx_word' id='word_1_351' title='bbox 2046 4345 2147 4400; x_wconf 85' lang='lat' dir='ltr'><strong>sub</strong></span> 
     </span>
    </p>
   </div>
   <div class='ocr_carea' id='block_1_45' title="bbox 562 4429 2144 4504">
    <p class='ocr_par' dir='ltr' id='par_1_45' title="bbox 562 4429 2144 4504">
     <span class='ocr_line' id='line_1_45' title="bbox 562 4429 2144 4504; baseline 0.007 -23"><span class='ocrx_word' id='word_1_352' title='bbox 562 4429 698 4484; x_wconf 84' lang='lat' dir='ltr'><strong>duce</strong></span> <span class='ocrx_word' id='word_1_353' title='bbox 724 4429 851 4484; x_wconf 77' lang='lat' dir='ltr'><strong>Jesu</strong></span> <span class='ocrx_word' id='word_1_354' title='bbox 879 4429 1169 4485; x_wconf 65' lang='lat' dir='ltr'><strong>Iordanem</strong></span> <span class='ocrx_word' id='word_1_355' title='bbox 1200 4441 1434 4486; x_wconf 81' lang='lat' dir='ltr'><strong>transeat</strong></span> <span class='ocrx_word' id='word_1_356' title='bbox 1464 4432 1609 4502; x_wconf 83' lang='lat' dir='ltr'><strong>(Jos.</strong></span> <span class='ocrx_word' id='word_1_357' title='bbox 1641 4434 1699 4504; x_wconf 83' lang='lat'><strong>5)</strong></span> <span class='ocrx_word' id='word_1_358' title='bbox 1731 4452 1744 4487; x_wconf 88' lang='lat'><strong>:</strong></span> <span class='ocrx_word' id='word_1_359' title='bbox 1774 4444 1830 4488; x_wconf 91' lang='lat' dir='ltr'><strong>et</strong></span> <span class='ocrx_word' id='word_1_360' title='bbox 1857 4436 2144 4491; x_wconf 83' lang='lat' dir='ltr'><strong>circumci-</strong></span> 
     </span>
    </p>
   </div>
   <div class='ocr_carea' id='block_1_46' title="bbox 562 4523 2142 4594">
    <p class='ocr_par' dir='ltr' id='par_1_46' title="bbox 562 4523 2142 4594">
     <span class='ocr_line' id='line_1_46' title="bbox 562 4523 2142 4594; baseline 0.006 -17"><span class='ocrx_word' id='word_1_361' title='bbox 562 4537 656 4577; x_wconf 84' lang='lat' dir='ltr'><strong>sus</strong></span> <span class='ocrx_word' id='word_1_362' title='bbox 693 4523 867 4578; x_wconf 87' lang='lat' dir='ltr'><strong>cultro</strong></span> <span class='ocrx_word' id='word_1_363' title='bbox 908 4523 1219 4592; x_wconf 71' lang='lat' dir='ltr'><strong>Evangelii,</strong></span> <span class='ocrx_word' id='word_1_364' title='bbox 1265 4524 1496 4594; x_wconf 89' lang='lat' dir='ltr'><strong>primmn</strong></span> <span class='ocrx_word' id='word_1_365' title='bbox 1537 4526 1785 4580; x_wconf 86' lang='lat' dir='ltr'><strong>comedat</strong></span> <span class='ocrx_word' id='word_1_366' title='bbox 1828 4528 1895 4582; x_wconf 89' lang='lat' dir='ltr'><strong>de</strong></span> <span class='ocrx_word' id='word_1_367' title='bbox 1934 4531 2142 4586; x_wconf 59' lang='lat' dir='ltr'><strong>cmlesti</strong></span> 
     </span>
    </p>
   </div>
   <div class='ocr_carea' id='block_1_47' title="bbox 561 4615 2144 4687">
    <p class='ocr_par' dir='ltr' id='par_1_47' title="bbox 561 4615 2144 4687">
     <span class='ocr_line' id='line_1_47' title="bbox 561 4615 2144 4687; baseline 0.008 -22"><span class='ocrx_word' id='word_1_368' title='bbox 561 4627 700 4682; x_wconf 79' lang='lat' dir='ltr'><strong>pane</strong></span> <span class='ocrx_word' id='word_1_369' title='bbox 727 4631 743 4666; x_wconf 89' lang='lat'><strong>:</strong></span> <span class='ocrx_word' id='word_1_370' title='bbox 773 4623 827 4668; x_wconf 86' lang='lat' dir='ltr'><strong>et</strong></span> <span class='ocrx_word' id='word_1_371' title='bbox 865 4624 1110 4669; x_wconf 86' lang='lat' dir='ltr'><strong>occurrat</strong></span> <span class='ocrx_word' id='word_1_372' title='bbox 1151 4615 1200 4669; x_wconf 86' lang='lat' dir='ltr'><strong>ei</strong></span> <span class='ocrx_word' id='word_1_373' title='bbox 1248 4617 1498 4685; x_wconf 82' lang='lat' dir='ltr'><strong>princeps</strong></span> <span class='ocrx_word' id='word_1_374' title='bbox 1535 4618 1864 4672; x_wconf 76' lang='lat' dir='ltr'><strong>exercituum</strong></span> <span class='ocrx_word' id='word_1_375' title='bbox 1913 4621 2033 4687; x_wconf 89' lang='lat' dir='ltr'><strong>Dei,</strong></span> <span class='ocrx_word' id='word_1_376' title='bbox 2089 4632 2144 4678; x_wconf 92' lang='grc' dir='ltr'><strong>ιιι</strong></span> 
     </span>
    </p>
   </div>
   <div class='ocr_carea' id='block_1_48' title="bbox 562 4704 2141 4777">
    <p class='ocr_par' dir='ltr' id='par_1_48' title="bbox 562 4704 2141 4777">
     <span class='ocr_line' id='line_1_48' title="bbox 562 4704 2141 4777; baseline 0.011 -24"><span class='ocrx_word' id='word_1_377' title='bbox 562 4717 747 4756; x_wconf 87' lang='lat' dir='ltr'><strong>verum</strong></span> <span class='ocrx_word' id='word_1_378' title='bbox 780 4704 977 4759; x_wconf 79' lang='lat' dir='ltr'><strong>Pascha</strong></span> <span class='ocrx_word' id='word_1_379' title='bbox 1020 4720 1352 4776; x_wconf 81' lang='lat' dir='ltr'><strong>nequaquam</strong></span> <span class='ocrx_word' id='word_1_380' title='bbox 1384 4710 1434 4760; x_wconf 92' lang='lat' dir='ltr'><strong>in</strong></span> <span class='ocrx_word' id='word_1_381' title='bbox 1463 4706 1711 4777; x_wconf 54' lang='lat' dir='ltr'><strong>{Egyptm</strong></span> <span class='ocrx_word' id='word_1_382' title='bbox 1743 4710 1834 4764; x_wconf 90' lang='lat' dir='ltr'><strong>sed</strong></span> <span class='ocrx_word' id='word_1_383' title='bbox 1866 4712 1915 4765; x_wconf 94' lang='lat' dir='ltr'><strong>in</strong></span> <span class='ocrx_word' id='word_1_384' title='bbox 1949 4713 2141 4771; x_wconf 87' lang='lat' dir='ltr'><strong>liuilms</strong></span> 
     </span>
    </p>
   </div>
   <div class='ocr_carea' id='block_1_49' title="bbox 563 4792 2142 4868">
    <p class='ocr_par' dir='ltr' id='par_1_49' title="bbox 563 4792 2142 4868">
     <span class='ocr_line' id='line_1_49' title="bbox 563 4792 2142 4868; baseline 0.01 -24"><span class='ocrx_word' id='word_1_385' title='bbox 563 4792 968 4860; x_wconf 69' lang='lat' dir='ltr'><strong>Terraesancta:</strong></span> <span class='ocrx_word' id='word_1_386' title='bbox 1007 4797 1271 4858; x_wconf 75' lang='lat' dir='ltr'><strong>comedat.</strong></span> <span class='ocrx_word' id='word_1_387' title='bbox 1316 4796 1360 4851; x_wconf 84' lang='lat'><em>0</em></span> <span class='ocrx_word' id='word_1_388' title='bbox 1390 4799 1698 4868; x_wconf 80' lang='lat' dir='ltr'><strong>pro/mulum</strong></span> <span class='ocrx_word' id='word_1_389' title='bbox 1731 4802 2020 4859; x_wconf 86' lang='lat' dir='ltr'><strong>diuitiarum</strong></span> <span class='ocrx_word' id='word_1_390' title='bbox 2058 4825 2142 4861; x_wconf 78' lang='lat' dir='ltr'><strong>sa-</strong></span> 
     </span>
    </p>
   </div>
   <div class='ocr_carea' id='block_1_50' title="bbox 563 4883 2140 4966">
    <p class='ocr_par' dir='ltr' id='par_1_50' title="bbox 563 4883 2140 4966">
     <span class='ocr_line' id='line_1_50' title="bbox 563 4883 2140 4966; baseline 0.016 -38"><span class='ocrx_word' id='word_1_391' title='bbox 563 4883 784 4951; x_wconf 68' lang='lat' dir='ltr'><strong>pientia},</strong></span> <span class='ocrx_word' id='word_1_392' title='bbox 815 4893 860 4935; x_wconf 84' lang='lat' dir='ltr'><strong>cl</strong></span> <span class='ocrx_word' id='word_1_393' title='bbox 889 4885 1114 4942; x_wconf 72' lang='lat' dir='ltr'><strong>scientia:</strong></span> <span class='ocrx_word' id='word_1_394' title='bbox 1147 4884 1268 4940; x_wconf 89' lang='lat' dir='ltr'><strong>Dei.</strong></span> <span class='ocrx_word' id='word_1_395' title='bbox 1303 4903 1452 4953; x_wconf 81' lang='lat' dir='ltr'><strong>quant</strong></span> <span class='ocrx_word' id='word_1_396' title='bbox 1477 4890 1826 4946; x_wconf 78' lang='lat' dir='ltr'><strong>inscrutubilia</strong></span> <span class='ocrx_word' id='word_1_397' title='bbox 1856 4907 1973 4950; x_wconf 84' lang='lat' dir='ltr'><strong>sunt</strong></span> <span class='ocrx_word' id='word_1_398' title='bbox 1991 4899 2140 4966; x_wconf 78' lang='lat' dir='ltr'><strong>judi-</strong></span> 
     </span>
    </p>
   </div>
   <div class='ocr_carea' id='block_1_51' title="bbox 558 4972 2136 5058">
    <p class='ocr_par' dir='ltr' id='par_1_51' title="bbox 558 4972 2136 5058">
     <span class='ocr_line' id='line_1_51' title="bbox 558 4972 2136 5058; baseline 0.013 -34"><span class='ocrx_word' id='word_1_399' title='bbox 558 4974 638 5024; x_wconf 72' lang='lat' dir='ltr'><strong>ria</strong></span> <span class='ocrx_word' id='word_1_400' title='bbox 664 4972 771 5038; x_wconf 84' lang='lat' dir='ltr'><strong>ejus</strong></span> <span class='ocrx_word' id='word_1_401' title='bbox 789 5013 804 5035; x_wconf 91' lang='lat'><strong>,</strong></span> <span class='ocrx_word' id='word_1_402' title='bbox 835 4985 880 5024; x_wconf 73' lang='lat' dir='ltr'><strong>et</strong></span> <span class='ocrx_word' id='word_1_403' title='bbox 908 4974 981 5044; x_wconf 69' lang='grc' dir='ltr'><strong>(ε)</strong></span> <span class='ocrx_word' id='word_1_404' title='bbox 1011 4975 1372 5044; x_wconf 67' lang='lat' dir='ltr'><strong>inuestigabilrs</strong></span> <span class='ocrx_word' id='word_1_405' title='bbox 1398 4979 1490 5030; x_wconf 72' lang='lat' dir='ltr'><strong>eia:</strong></span> <span class='ocrx_word' id='word_1_406' title='bbox 1519 4978 1580 5040; x_wconf 81' lang='lat' dir='ltr'><strong>ill</strong></span> <span class='ocrx_word' id='word_1_407' title='bbox 1590 4982 1677 5032; x_wconf 77' lang='lat' dir='ltr'><strong>&#39;us.</strong></span> <span class='ocrx_word' id='word_1_408' title='bbox 1713 4981 1835 5048; x_wconf 79' lang='lat' dir='ltr'><strong>Quis</strong></span> <span class='ocrx_word' id='word_1_409' title='bbox 1863 4989 2063 5058; x_wconf 83' lang='lat' dir='ltr'><strong>sapiens</strong></span> <span class='ocrx_word' id='word_1_410' title='bbox 2090 5000 2136 5044; x_wconf 77' lang='lat' dir='ltr'><strong>et</strong></span> 
     </span>
    </p>
   </div>
   <div class='ocr_carea' id='block_1_52' title="bbox 555 5060 2134 5152">
    <p class='ocr_par' dir='ltr' id='par_1_52' title="bbox 555 5060 2134 5152">
     <span class='ocr_line' id='line_1_52' title="bbox 555 5060 2134 5152; baseline 0.012 -36"><span class='ocrx_word' id='word_1_411' title='bbox 555 5067 799 5138; x_wconf 66' lang='lat' dir='ltr'><strong>intelliget</strong></span> <span class='ocrx_word' id='word_1_412' title='bbox 831 5067 975 5131; x_wconf 68' lang='lat' dir='ltr'><strong>Iure?</strong></span> <span class='ocrx_word' id='word_1_413' title='bbox 999 5068 1282 5146; x_wconf 70' lang='lat' dir='ltr'><strong>intelligens</strong></span> <span class='ocrx_word' id='word_1_414' title='bbox 1312 5079 1355 5124; x_wconf 85' lang='lat' dir='ltr'><strong>et</strong></span> <span class='ocrx_word' id='word_1_415' title='bbox 1385 5083 1648 5144; x_wconf 76' lang='lat' dir='ltr'><strong>wguoscet</strong></span> <span class='ocrx_word' id='word_1_416' title='bbox 1673 5093 1730 5131; x_wconf 85' lang='lat' dir='ltr'><strong>ea</strong></span> <span class='ocrx_word' id='word_1_417' title='bbox 1748 5079 1774 5132; x_wconf 72' lang='grc' dir='ltr'><strong>ξ’</strong></span> <span class='ocrx_word' id='word_1_418' title='bbox 1813 5060 1946 5152; x_wconf 79' lang='lat' dir='ltr'><strong>Quia</strong></span> <span class='ocrx_word' id='word_1_419' title='bbox 1974 5097 2134 5141; x_wconf 75' lang='lat' dir='ltr'><strong>recta:</strong></span> 
     </span>
    </p>
   </div>
   <div class='ocr_carea' id='block_1_53' title="bbox 626 5240 2130 5317">
    <p class='ocr_par' dir='ltr' id='par_1_53' title="bbox 626 5240 2130 5317">
     <span class='ocr_line' id='line_1_53' title="bbox 626 5240 2130 5317; baseline 0.015 -28"><span class='ocrx_word' id='word_1_420' title='bbox 626 5240 689 5317; x_wconf 84' lang='lat' dir='ltr'><strong>(a)</strong></span> <span class='ocrx_word' id='word_1_421' title='bbox 726 5241 1020 5317; x_wconf 9' lang='lat' dir='ltr'><strong>liacgitidem</strong></span> <span class='ocrx_word' id='word_1_422' title='bbox 1047 5257 1168 5295; x_wconf 89' lang='lat' dir='ltr'><strong>voce</strong></span> <span class='ocrx_word' id='word_1_423' title='bbox 1182 5247 1546 5317; x_wconf 67' lang='lat' dir='ltr'><strong>_3!editatort&#39;mn</strong></span> <span class='ocrx_word' id='word_1_424' title='bbox 1571 5251 1657 5302; x_wconf 85' lang='lat' dir='ltr'><strong>lib.</strong></span> <span class='ocrx_word' id='word_1_425' title='bbox 1687 5262 1854 5317; x_wconf 82' lang='lat' dir='ltr'><strong>contra</strong></span> <span class='ocrx_word' id='word_1_426' title='bbox 1885 5257 2130 5311; x_wconf 81' lang='lat' dir='ltr'><strong>Jovinian.</strong></span> 
     </span>
    </p>
   </div>
   <div class='ocr_carea' id='block_1_54' title="bbox 554 5305 2133 5379">
    <p class='ocr_par' dir='ltr' id='par_1_54' title="bbox 554 5305 2133 5379">
     <span class='ocr_line' id='line_1_54' title="bbox 554 5305 2133 5379; baseline 0.013 -28"><span class='ocrx_word' id='word_1_427' title='bbox 554 5305 770 5379; x_wconf 70' lang='lat' dir='ltr'><strong>secundo</strong></span> <span class='ocrx_word' id='word_1_428' title='bbox 783 5306 1086 5379; x_wconf 35' lang='lat' dir='ltr'><strong>[utiturhhoe</strong></span> <span class='ocrx_word' id='word_1_429' title='bbox 1103 5309 1276 5358; x_wconf 89' lang='lat' dir='ltr'><strong>eodem</strong></span> <span class='ocrx_word' id='word_1_430' title='bbox 1300 5323 1477 5379; x_wconf 69' lang='lat' dir='ltr'><strong>sensu:</strong></span> <span class='ocrx_word' id='word_1_431' title='bbox 1501 5321 1668 5379; x_wconf 75' lang='lat' dir='ltr'><strong>Guttur</strong></span> <span class='ocrx_word' id='word_1_432' title='bbox 1692 5305 1907 5379; x_wconf 73' lang='lat' dir='ltr'><strong>nostrum</strong></span> <span class='ocrx_word' id='word_1_433' title='bbox 1928 5305 2133 5379; x_wconf 58' lang='grc' dir='ltr'><strong>ὴξέᾱᾶιὶί</strong></span> 
     </span>
    </p>
   </div>
   <div class='ocr_carea' id='block_1_55' title="bbox 554 5363 2132 5438">
    <p class='ocr_par' dir='ltr' id='par_1_55' title="bbox 554 5363 2132 5438">
     <span class='ocr_line' id='line_1_55' title="bbox 554 5363 2132 5438; baseline 0.013 -26"><span class='ocrx_word' id='word_1_434' title='bbox 554 5364 730 5434; x_wconf 63' lang='lat' dir='ltr'><strong>torium</strong></span> <span class='ocrx_word' id='word_1_435' title='bbox 747 5363 950 5438; x_wconf 69' lang='lat' dir='ltr'><strong>e/[icitur</strong></span> <span class='ocrx_word' id='word_1_436' title='bbox 974 5366 1275 5438; x_wconf 71' lang='lat' dir='ltr'><strong>latrinarum.</strong></span> <span class='ocrx_word' id='word_1_437' title='bbox 1290 5371 1407 5438; x_wconf 58' lang='grc' dir='ltr'>χιιι.</span> <span class='ocrx_word' id='word_1_438' title='bbox 1423 5363 1622 5438; x_wconf 70' lang='lat' dir='ltr'><strong>qurejbi</strong></span> <span class='ocrx_word' id='word_1_439' title='bbox 1646 5363 2132 5438; x_wconf 41' lang='lat' dir='ltr'><strong>iunoniiiasfwiz.</strong></span> 
     </span>
    </p>
   </div>
   <div class='ocr_carea' id='block_1_56' title="bbox 555 5426 2133 5500">
    <p class='ocr_par' dir='ltr' id='par_1_56' title="bbox 555 5426 2133 5500">
     <span class='ocr_line' id='line_1_56' title="bbox 555 5426 2133 5500; baseline 0.013 -27"><span class='ocrx_word' id='word_1_440' title='bbox 555 5426 732 5500; x_wconf 41' lang='lat' dir='ltr'><strong>arium.</strong></span> <span class='ocrx_word' id='word_1_441' title='bbox 759 5426 813 5478; x_wconf 76' lang='lat' dir='ltr'><strong>ut</strong></span> <span class='ocrx_word' id='word_1_442' title='bbox 854 5426 1028 5500; x_wconf 78' lang='lat' dir='ltr'><strong>legunt</strong></span> <span class='ocrx_word' id='word_1_443' title='bbox 1071 5431 1263 5492; x_wconf 87' lang='lat' dir='ltr'><strong>quidam</strong></span> <span class='ocrx_word' id='word_1_444' title='bbox 1290 5433 1402 5481; x_wconf 84' lang='lat' dir='ltr'><strong>Mss.</strong></span> <span class='ocrx_word' id='word_1_445' title='bbox 1421 5426 1514 5494; x_wconf 49' lang='lat' dir='ltr'><strong>,‘et</strong></span> <span class='ocrx_word' id='word_1_446' title='bbox 1536 5426 2133 5500; x_wconf 26' lang='lat' dir='ltr'><strong>Rabahusrproba&#39;iuter-</strong></span> 
     </span>
    </p>
   </div>
   <div class='ocr_carea' id='block_1_57' title="bbox 554 5495 1524 5561">
    <p class='ocr_par' dir='ltr' id='par_1_57' title="bbox 554 5495 1524 5561">
     <span class='ocr_line' id='line_1_57' title="bbox 554 5495 1524 5561; baseline 0.01 -25"><span class='ocrx_word' id='word_1_447' title='bbox 554 5495 831 5561; x_wconf 52' lang='lat' dir='ltr'><strong>relatione</strong></span> <span class='ocrx_word' id='word_1_448' title='bbox 854 5495 1009 5561; x_wconf 74' lang='lat' dir='ltr'><strong>ipsum</strong></span> <span class='ocrx_word' id='word_1_449' title='bbox 1032 5505 1228 5561; x_wconf 83' lang='lat' dir='ltr'><strong>quoque</strong></span> <span class='ocrx_word' id='word_1_450' title='bbox 1237 5508 1346 5561; x_wconf 53' lang='lat' dir='ltr'><strong>lion</strong></span> <span class='ocrx_word' id='word_1_451' title='bbox 1369 5503 1524 5561; x_wconf 74' lang='lat' dir='ltr'><strong>caret.</strong></span> 
     </span>
    </p>
   </div>
   <div class='ocr_carea' id='block_1_58' title="bbox 624 5547 2133 5617">
    <p class='ocr_par' dir='ltr' id='par_1_58' title="bbox 624 5547 2133 5617">
     <span class='ocr_line' id='line_1_58' title="bbox 624 5547 2133 5617; baseline 0.01 -20"><span class='ocrx_word' id='word_1_452' title='bbox 624 5547 691 5617; x_wconf 77' lang='grc' dir='ltr'><strong>(ὑ)</strong></span> <span class='ocrx_word' id='word_1_453' title='bbox 723 5547 965 5617; x_wconf 53' lang='lat' dir='ltr'><strong>Victorius</strong></span> <span class='ocrx_word' id='word_1_454' title='bbox 985 5547 1068 5617; x_wconf 74' lang='lat' dir='ltr'><strong>qui</strong></span> <span class='ocrx_word' id='word_1_455' title='bbox 1089 5547 1180 5617; x_wconf 81' lang='lat' dir='ltr'><strong>sub</strong></span> <span class='ocrx_word' id='word_1_456' title='bbox 1203 5554 1464 5604; x_wconf 80' lang='lat' dir='ltr'><strong>allirmandi</strong></span> <span class='ocrx_word' id='word_1_457' title='bbox 1501 5564 1616 5617; x_wconf 75' lang='lat' dir='ltr'><strong>uota</strong></span> <span class='ocrx_word' id='word_1_458' title='bbox 1633 5595 1647 5615; x_wconf 89' lang='lat'><strong>,</strong></span> <span class='ocrx_word' id='word_1_459' title='bbox 1677 5558 1723 5605; x_wconf 92' lang='lat' dir='ltr'><strong>id</strong></span> <span class='ocrx_word' id='word_1_460' title='bbox 1744 5567 1822 5608; x_wconf 90' lang='lat' dir='ltr'><strong>est</strong></span> <span class='ocrx_word' id='word_1_461' title='bbox 1845 5558 1928 5617; x_wconf 89' lang='lat' dir='ltr'><strong>ille</strong></span> <span class='ocrx_word' id='word_1_462' title='bbox 1952 5561 2133 5612; x_wconf 82' lang='lat' dir='ltr'><strong>intelli-</strong></span> 
     </span>
    </p>
   </div>
   <div class='ocr_carea' id='block_1_59' title="bbox 555 5612 2132 5720">
    <p class='ocr_par' dir='ltr' id='par_1_59' title="bbox 555 5612 2132 5720">
     <span class='ocr_line' id='line_1_59' title="bbox 555 5612 2132 5720; baseline 0.009 -61"><span class='ocrx_word' id='word_1_463' title='bbox 555 5612 763 5720; x_wconf 36' lang='lat' dir='ltr'><strong>ﬁgam</strong></span> <span class='ocrx_word' id='word_1_464' title='bbox 785 5615 834 5662; x_wconf 85' lang='lat' dir='ltr'><strong>in</strong></span> <span class='ocrx_word' id='word_1_465' title='bbox 857 5612 1095 5664; x_wconf 79' lang='lat' dir='ltr'><strong>extremis</strong></span> <span class='ocrx_word' id='word_1_466' title='bbox 1114 5613 1258 5678; x_wconf 78' lang='lat' dir='ltr'><strong>legis,</strong></span> <span class='ocrx_word' id='word_1_467' title='bbox 1292 5625 1346 5668; x_wconf 90' lang='lat' dir='ltr'><strong>et</strong></span> <span class='ocrx_word' id='word_1_468' title='bbox 1368 5612 1519 5679; x_wconf 81' lang='lat' dir='ltr'><strong>hujus</strong></span> <span class='ocrx_word' id='word_1_469' title='bbox 1546 5612 1656 5666; x_wconf 56' lang='lat' dir='ltr'><strong>vita?</strong></span> <span class='ocrx_word' id='word_1_470' title='bbox 1687 5613 1878 5668; x_wconf 74' lang='lat' dir='ltr'><strong>iniibus</strong></span> <span class='ocrx_word' id='word_1_471' title='bbox 1898 5626 2132 5673; x_wconf 84' lang='lat' dir='ltr'><strong>constitu-</strong></span> 
     </span>
    </p>
   </div>
   <div class='ocr_carea' id='block_1_60' title="bbox 657 5685 738 5719">
    <p class='ocr_par' dir='ltr' id='par_1_60' title="bbox 657 5685 738 5719">
     <span class='ocr_line' id='line_1_60' title="bbox 657 5685 738 5719; baseline -0.037 0"><span class='ocrx_word' id='word_1_472' title='bbox 657 5685 738 5719; x_wconf 72' lang='grc' dir='ltr'>διι.</span> 
     </span>
    </p>
   </div>
   <div class='ocr_carea' id='block_1_61' title="bbox 554 5729 2126 5867">
    <p class='ocr_par' dir='ltr' id='par_1_61' title="bbox 554 5729 2126 5867">
     <span class='ocr_line' id='line_1_61' title="bbox 621 5729 2126 5816; baseline 0.009 -35"><span class='ocrx_word' id='word_1_473' title='bbox 621 5729 684 5794; x_wconf 85' lang='lat' dir='ltr'><strong>(c)</strong></span> <span class='ocrx_word' id='word_1_474' title='bbox 723 5732 895 5806; x_wconf 66' lang='lat' dir='ltr'><strong>Mirum</strong></span> <span class='ocrx_word' id='word_1_475' title='bbox 916 5736 957 5785; x_wconf 87' lang='lat' dir='ltr'><strong>si</strong></span> <span class='ocrx_word' id='word_1_476' title='bbox 982 5738 1047 5786; x_wconf 85' lang='lat' dir='ltr'><strong>ita</strong></span> <span class='ocrx_word' id='word_1_477' title='bbox 1072 5749 1137 5808; x_wconf 57' lang='lat' dir='ltr'><strong>es</strong></span> <span class='ocrx_word' id='word_1_478' title='bbox 1161 5739 1323 5788; x_wconf 84' lang='lat' dir='ltr'><strong>veteri</strong></span> <span class='ocrx_word' id='word_1_479' title='bbox 1365 5749 1535 5808; x_wconf 78' lang='lat' dir='ltr'><strong>errore</strong></span> <span class='ocrx_word' id='word_1_480' title='bbox 1574 5751 1662 5799; x_wconf 88' lang='lat' dir='ltr'><strong>pro</strong></span> <span class='ocrx_word' id='word_1_481' title='bbox 1702 5737 2126 5816; x_wconf 68' lang='lat' dir='ltr'><strong>utiuvestigubiles.</strong></span> 
     </span>
     <span class='ocr_line' id='line_1_62' title="bbox 554 5787 2126 5867; baseline 0.01 -27"><span class='ocrx_word' id='word_1_482' title='bbox 554 5787 742 5867; x_wconf 67' lang='lat' dir='ltr'><strong>lectore</strong></span> <span class='ocrx_word' id='word_1_483' title='bbox 763 5795 1048 5867; x_wconf 78' lang='lat' dir='ltr'><strong>inconsulto,</strong></span> <span class='ocrx_word' id='word_1_484' title='bbox 1074 5797 1419 5867; x_wconf 58' lang='lat' dir='ltr'><strong>liter._posu_tt,</strong></span> <span class='ocrx_word' id='word_1_485' title='bbox 1461 5812 1811 5867; x_wconf 46' lang='lat' dir='ltr'><strong>eoquenmagts</strong></span> <span class='ocrx_word' id='word_1_486' title='bbox 1845 5805 1972 5862; x_wconf 88' lang='lat' dir='ltr'><strong>quod</strong></span> <span class='ocrx_word' id='word_1_487' title='bbox 2010 5806 2126 5856; x_wconf 83' lang='lat' dir='ltr'><strong>alibi</strong></span> 
     </span>
    </p>
   </div>
   <div class='ocr_carea' id='block_1_62' title="bbox 555 5853 1912 5917">
    <p class='ocr_par' dir='ltr' id='par_1_62' title="bbox 555 5853 1912 5917">
     <span class='ocr_line' id='line_1_63' title="bbox 555 5853 1912 5917; baseline 0.006 -13"><span class='ocrx_word' id='word_1_488' title='bbox 555 5859 692 5904; x_wconf 78' lang='lat' dir='ltr'><strong>recte</strong></span> <span class='ocrx_word' id='word_1_489' title='bbox 717 5853 924 5917; x_wconf 80' lang='lat' dir='ltr'><strong>legerit;</strong></span> <span class='ocrx_word' id='word_1_490' title='bbox 950 5863 1000 5908; x_wconf 87' lang='lat' dir='ltr'><strong>at</strong></span> <span class='ocrx_word' id='word_1_491' title='bbox 1023 5853 1160 5906; x_wconf 82' lang='lat' dir='ltr'><strong>nobis</strong></span> <span class='ocrx_word' id='word_1_492' title='bbox 1181 5853 1300 5908; x_wconf 74' lang='lat' dir='ltr'><strong>nihil</strong></span> <span class='ocrx_word' id='word_1_493' title='bbox 1326 5853 1450 5910; x_wconf 80' lang='lat' dir='ltr'><strong>ultra</strong></span> <span class='ocrx_word' id='word_1_494' title='bbox 1474 5853 1587 5909; x_wconf 64' lang='lat' dir='ltr'><strong>Ms&#39;s.</strong></span> <span class='ocrx_word' id='word_1_495' title='bbox 1614 5853 1760 5912; x_wconf 56' lang='lat' dir='ltr'><strong>[ideo]</strong></span> <span class='ocrx_word' id='word_1_496' title='bbox 1780 5853 1912 5913; x_wconf 74' lang='lat' dir='ltr'><strong>licet.</strong></span> 
     </span>
    </p>
   </div>
   <div class='ocr_carea' id='block_1_63' title="bbox 1860 375 2520 436">
    <p class='ocr_par' dir='ltr' id='par_1_63' title="bbox 1860 375 2520 436">
     <span class='ocr_line' id='line_1_64' title="bbox 1860 375 2520 436; baseline 0.006 -4"><span class='ocrx_word' id='word_1_497' title='bbox 1860 375 2102 432; x_wconf 59' lang='lat' dir='ltr'><strong>SANCTI</strong></span> <span class='ocrx_word' id='word_1_498' title='bbox 2143 376 2520 436; x_wconf 68' lang='lat' dir='ltr'><strong>lllEliONYill</strong></span> 
     </span>
    </p>
   </div>
   <div class='ocr_carea' id='block_1_64' title="bbox 3725 391 3824 449">
    <p class='ocr_par' dir='ltr' id='par_1_64' title="bbox 3725 391 3824 449">
     <span class='ocr_line' id='line_1_65' title="bbox 3725 391 3824 449; baseline -0.01 0"><span class='ocrx_word' id='word_1_499' title='bbox 3725 391 3824 449; x_wconf 64' lang='grc'><strong>721</strong></span> 
     </span>
    </p>
   </div>
   <div class='ocr_carea' id='block_1_65' title="bbox 2249 489 3825 637">
    <p class='ocr_par' dir='ltr' id='par_1_65' title="bbox 2249 489 3825 637">
     <span class='ocr_line' id='line_1_66' title="bbox 2249 489 3825 637; baseline 0.011 -94"><span class='ocrx_word' id='word_1_500' title='bbox 2249 489 2348 544; x_wconf 75' lang='lat' dir='ltr'><strong>vite</strong></span> <span class='ocrx_word' id='word_1_501' title='bbox 2387 489 2639 637; x_wconf 40' lang='lat' dir='ltr'><strong>Domiﬁ:</strong></span> <span class='ocrx_word' id='word_1_502' title='bbox 2669 501 2721 546; x_wconf 91' lang='lat' dir='ltr'><strong>et</strong></span> <span class='ocrx_word' id='word_1_503' title='bbox 2746 491 2874 562; x_wconf 80' lang='lat' dir='ltr'><strong>justi</strong></span> <span class='ocrx_word' id='word_1_504' title='bbox 2901 492 3248 553; x_wconf 86' lang='lat' dir='ltr'><strong>ambulabunt</strong></span> <span class='ocrx_word' id='word_1_505' title='bbox 3276 497 3330 553; x_wconf 88' lang='lat' dir='ltr'><strong>in</strong></span> <span class='ocrx_word' id='word_1_506' title='bbox 3361 497 3467 556; x_wconf 89' lang='lat' dir='ltr'><strong>eis.</strong></span> <span class='ocrx_word' id='word_1_507' title='bbox 3501 501 3825 560; x_wconf 74' lang='lat' dir='ltr'><strong>Prtevariea-</strong></span> 
     </span>
     <span class='ocr_line' id='line_1_67' title="bbox 2250 587 3096 637; baseline 0 0"><span class='ocrx_word' id='word_1_508' title='bbox 2250 591 2393 637; x_wconf 89' lang='lat' dir='ltr'><strong>tores</strong></span> <span class='ocrx_word' id='word_1_509' title='bbox 2415 593 2538 637; x_wconf 89' lang='lat' dir='ltr'><strong>aute</strong></span> <span class='ocrx_word' id='word_1_510' title='bbox 2622 595 2872 637; x_wconf 83' lang='lat' dir='ltr'><strong>corruent</strong></span> <span class='ocrx_word' id='word_1_511' title='bbox 2899 587 2951 637; x_wconf 89' lang='lat' dir='ltr'><strong>in</strong></span> <span class='ocrx_word' id='word_1_512' title='bbox 2976 588 3096 637; x_wconf 81' lang='lat' dir='ltr'><strong>illis.</strong></span> 
     </span>
    </p>
   </div>
   <div class='ocr_carea' id='block_1_66' title="bbox 2250 587 3096 644">
    <p class='ocr_par' dir='ltr' id='par_1_66' title="bbox 2250 587 3096 644">
     <span class='ocr_line' id='line_1_68' title="bbox 2250 587 3096 644; baseline 0.004 -6"><span class='ocrx_word' id='word_1_513' title='bbox 2250 591 2393 639; x_wconf 87' lang='lat' dir='ltr'><strong>tores</strong></span> <span class='ocrx_word' id='word_1_514' title='bbox 2415 587 2872 641; x_wconf 82' lang='lat' dir='ltr'><strong>auteri&#39;l&#39;corruent</strong></span> <span class='ocrx_word' id='word_1_515' title='bbox 2899 587 2951 642; x_wconf 92' lang='lat' dir='ltr'><strong>in</strong></span> <span class='ocrx_word' id='word_1_516' title='bbox 2976 588 3096 644; x_wconf 87' lang='lat' dir='ltr'><strong>illis.</strong></span> 
     </span>
    </p>
   </div>
   <div class='ocr_carea' id='block_1_67' title="bbox 2671 677 3404 779">
    <p class='ocr_par' dir='ltr' id='par_1_67' title="bbox 2671 677 3404 779">
     <span class='ocr_line' id='line_1_69' title="bbox 2671 677 3404 779; baseline 0.008 -24"><span class='ocrx_word' id='word_1_517' title='bbox 2671 677 2998 758; x_wconf 68' lang='lat' dir='ltr'><strong>Ertsrom</strong></span> <span class='ocrx_word' id='word_1_518' title='bbox 3041 702 3259 760; x_wconf 79' lang='lat' dir='ltr'><strong>LXXIX</strong></span> <span class='ocrx_word' id='word_1_519' title='bbox 3300 704 3404 779; x_wconf 77' lang='grc' dir='ltr'>(ιι).</span> 
     </span>
    </p>
   </div>
   <div class='ocr_carea' id='block_1_68' title="bbox 2840 831 3230 876">
    <p class='ocr_par' dir='ltr' id='par_1_68' title="bbox 2840 831 3230 876">
     <span class='ocr_line' id='line_1_70' title="bbox 2840 831 3230 876; baseline 0.008 -7"><span class='ocrx_word' id='word_1_520' title='bbox 2840 831 2907 876; x_wconf 73' lang='lat' dir='ltr'><strong>AD</strong></span> <span class='ocrx_word' id='word_1_521' title='bbox 2945 831 3230 872; x_wconf 70' lang='grc' dir='ltr'>εΑιΝιινιΑιι.</span> 
     </span>
    </p>
   </div>
   <div class='ocr_carea' id='block_1_69' title="bbox 2249 921 3831 997">
    <p class='ocr_par' dir='ltr' id='par_1_69' title="bbox 2249 921 3831 997">
     <span class='ocr_line' id='line_1_71' title="bbox 2249 921 3831 997; baseline 0.008 -19"><span class='ocrx_word' id='word_1_522' title='bbox 2249 921 2516 987; x_wconf 83' lang='lat' dir='ltr'><strong>Salvinam</strong></span> <span class='ocrx_word' id='word_1_523' title='bbox 2560 924 2820 988; x_wconf 75' lang='lat' dir='ltr'><strong>mulierem</strong></span> <span class='ocrx_word' id='word_1_524' title='bbox 2871 927 3240 992; x_wconf 63' lang='lat' dir='ltr'><strong>nobilissimam</strong></span> <span class='ocrx_word' id='word_1_525' title='bbox 3285 929 3349 985; x_wconf 90' lang='lat' dir='ltr'><strong>de</strong></span> <span class='ocrx_word' id='word_1_526' title='bbox 3389 929 3625 994; x_wconf 80' lang='lat' dir='ltr'><strong>Nebridii</strong></span> <span class='ocrx_word' id='word_1_527' title='bbox 3665 937 3831 997; x_wconf 82' lang='lat' dir='ltr'><strong>mariti</strong></span> 
     </span>
    </p>
   </div>
   <div class='ocr_carea' id='block_1_70' title="bbox 2322 1017 3828 1102">
    <p class='ocr_par' dir='ltr' id='par_1_70' title="bbox 2322 1017 3828 1102">
     <span class='ocr_line' id='line_1_72' title="bbox 2322 1017 3828 1102; baseline 0.011 -33"><span class='ocrx_word' id='word_1_528' title='bbox 2322 1024 2479 1071; x_wconf 86' lang='lat' dir='ltr'><strong>morte</strong></span> <span class='ocrx_word' id='word_1_529' title='bbox 2523 1017 2834 1084; x_wconf 79' lang='lat' dir='ltr'><strong>consolatur,</strong></span> <span class='ocrx_word' id='word_1_530' title='bbox 2877 1029 2922 1074; x_wconf 84' lang='lat' dir='ltr'><strong>et</strong></span> <span class='ocrx_word' id='word_1_531' title='bbox 2961 1031 3073 1093; x_wconf 80' lang='lat' dir='ltr'><strong>post</strong></span> <span class='ocrx_word' id='word_1_532' title='bbox 3113 1025 3303 1079; x_wconf 85' lang='lat' dir='ltr'><strong>mortui</strong></span> <span class='ocrx_word' id='word_1_533' title='bbox 3347 1025 3442 1081; x_wconf 85' lang='lat' dir='ltr'><strong>uiri</strong></span> <span class='ocrx_word' id='word_1_534' title='bbox 3479 1027 3691 1099; x_wconf 87' lang='lat' dir='ltr'><strong>laudes,</strong></span> <span class='ocrx_word' id='word_1_535' title='bbox 3732 1048 3828 1102; x_wconf 80' lang='lat' dir='ltr'><strong>quo</strong></span> 
     </span>
    </p>
   </div>
   <div class='ocr_carea' id='block_1_71' title="bbox 2318 1108 3830 1193">
    <p class='ocr_par' dir='ltr' id='par_1_71' title="bbox 2318 1108 3830 1193">
     <span class='ocr_line' id='line_1_73' title="bbox 2318 1108 3830 1193; baseline 0.009 -32"><span class='ocrx_word' id='word_1_536' title='bbox 2318 1108 2470 1162; x_wconf 87' lang='lat' dir='ltr'><strong>modo</strong></span> <span class='ocrx_word' id='word_1_537' title='bbox 2497 1111 2784 1179; x_wconf 83' lang='lat' dir='ltr'><strong>superstites</strong></span> <span class='ocrx_word' id='word_1_538' title='bbox 2809 1127 2873 1165; x_wconf 83' lang='lat' dir='ltr'><strong>ea:</strong></span> <span class='ocrx_word' id='word_1_539' title='bbox 2893 1127 2950 1166; x_wconf 89' lang='lat' dir='ltr'><strong>eo</strong></span> <span class='ocrx_word' id='word_1_540' title='bbox 2976 1114 3244 1182; x_wconf 77' lang='lat' dir='ltr'><strong>paruulos,</strong></span> <span class='ocrx_word' id='word_1_541' title='bbox 3273 1116 3507 1186; x_wconf 85' lang='lat' dir='ltr'><strong>educare,</strong></span> <span class='ocrx_word' id='word_1_542' title='bbox 3537 1122 3830 1193; x_wconf 80' lang='lat' dir='ltr'><strong>qualemque</strong></span> 
     </span>
    </p>
   </div>
   <div class='ocr_carea' id='block_1_72' title="bbox 2317 1199 3825 1276">
    <p class='ocr_par' dir='ltr' id='par_1_72' title="bbox 2317 1199 3825 1276">
     <span class='ocr_line' id='line_1_74' title="bbox 2317 1199 3825 1276; baseline 0.011 -24"><span class='ocrx_word' id='word_1_543' title='bbox 2317 1199 2430 1268; x_wconf 82' lang='lat' dir='ltr'><strong>ipsa</strong></span> <span class='ocrx_word' id='word_1_544' title='bbox 2454 1200 2605 1254; x_wconf 81' lang='lat' dir='ltr'><strong>vitam</strong></span> <span class='ocrx_word' id='word_1_545' title='bbox 2633 1201 2894 1264; x_wconf 78' lang='lat' dir='ltr'><strong>traducere</strong></span> <span class='ocrx_word' id='word_1_546' title='bbox 2919 1203 3113 1272; x_wconf 84' lang='lat' dir='ltr'><strong>debeat,</strong></span> <span class='ocrx_word' id='word_1_547' title='bbox 3144 1207 3310 1276; x_wconf 78' lang='lat' dir='ltr'><strong>docet,</strong></span> <span class='ocrx_word' id='word_1_548' title='bbox 3341 1218 3387 1264; x_wconf 86' lang='lat' dir='ltr'><strong>et</strong></span> <span class='ocrx_word' id='word_1_549' title='bbox 3413 1225 3444 1265; x_wconf 89' lang='lat' dir='ltr'><strong>a</strong></span> <span class='ocrx_word' id='word_1_550' title='bbox 3471 1212 3704 1276; x_wconf 80' lang='lat' dir='ltr'><strong>secundis</strong></span> <span class='ocrx_word' id='word_1_551' title='bbox 3732 1231 3825 1276; x_wconf 43' lang='lat' dir='ltr'><strong>nu.-</strong></span> 
     </span>
    </p>
   </div>
   <div class='ocr_carea' id='block_1_73' title="bbox 2321 1290 2781 1360">
    <p class='ocr_par' dir='ltr' id='par_1_73' title="bbox 2321 1290 2781 1360">
     <span class='ocr_line' id='line_1_75' title="bbox 2321 1290 2781 1360; baseline 0.009 -17"><span class='ocrx_word' id='word_1_552' title='bbox 2321 1291 2440 1360; x_wconf 86' lang='lat' dir='ltr'><strong>ptiis</strong></span> <span class='ocrx_word' id='word_1_553' title='bbox 2466 1290 2781 1347; x_wconf 84' lang='lat' dir='ltr'><strong>dehortatur.</strong></span> 
     </span>
    </p>
   </div>
   <div class='ocr_carea' id='block_1_74' title="bbox 2320 1403 3829 1488">
    <p class='ocr_par' dir='ltr' id='par_1_74' title="bbox 2320 1403 3829 1488">
     <span class='ocr_line' id='line_1_76' title="bbox 2320 1403 3829 1488; baseline 0.009 -28"><span class='ocrx_word' id='word_1_554' title='bbox 2320 1404 2370 1460; x_wconf 83' lang='lat' dir='ltr'><strong>l.</strong></span> <span class='ocrx_word' id='word_1_555' title='bbox 2411 1403 2629 1468; x_wconf 82' lang='lat' dir='ltr'><strong>Vereor.</strong></span> <span class='ocrx_word' id='word_1_556' title='bbox 2667 1421 2734 1461; x_wconf 85' lang='lat' dir='ltr'><strong>ne</strong></span> <span class='ocrx_word' id='word_1_557' title='bbox 2761 1406 2994 1462; x_wconf 85' lang='lat' dir='ltr'><strong>officium</strong></span> <span class='ocrx_word' id='word_1_558' title='bbox 3037 1417 3254 1480; x_wconf 87' lang='lat' dir='ltr'><strong>putetur</strong></span> <span class='ocrx_word' id='word_1_559' title='bbox 3293 1411 3554 1481; x_wconf 85' lang='lat' dir='ltr'><strong>ambitio;</strong></span> <span class='ocrx_word' id='word_1_560' title='bbox 3599 1423 3655 1471; x_wconf 88' lang='lat' dir='ltr'><strong>et</strong></span> <span class='ocrx_word' id='word_1_561' title='bbox 3690 1419 3829 1488; x_wconf 77' lang='lat' dir='ltr'><strong>quod</strong></span> 
     </span>
    </p>
   </div>
   <div class='ocr_carea' id='block_1_75' title="bbox 2250 1495 3830 1579">
    <p class='ocr_par' dir='ltr' id='par_1_75' title="bbox 2250 1495 3830 1579">
     <span class='ocr_line' id='line_1_77' title="bbox 2250 1495 3830 1579; baseline 0.008 -30"><span class='ocrx_word' id='word_1_562' title='bbox 2250 1495 2391 1550; x_wconf 88' lang='lat' dir='ltr'><strong>illius</strong></span> <span class='ocrx_word' id='word_1_563' title='bbox 2419 1497 2667 1566; x_wconf 72' lang='lat' dir='ltr'><strong>exemplo</strong></span> <span class='ocrx_word' id='word_1_564' title='bbox 2707 1497 2961 1563; x_wconf 83' lang='lat' dir='ltr'><strong>facimus,</strong></span> <span class='ocrx_word' id='word_1_565' title='bbox 3008 1501 3099 1570; x_wconf 89' lang='lat' dir='ltr'><strong>qui</strong></span> <span class='ocrx_word' id='word_1_566' title='bbox 3139 1501 3214 1556; x_wconf 85' lang='lat' dir='ltr'><strong>ait</strong></span> <span class='ocrx_word' id='word_1_567' title='bbox 3247 1519 3260 1556; x_wconf 91' lang='lat'><strong>:</strong></span> <span class='ocrx_word' id='word_1_568' title='bbox 3297 1502 3485 1559; x_wconf 88' lang='lat' dir='ltr'><strong>Discite</strong></span> <span class='ocrx_word' id='word_1_569' title='bbox 3513 1523 3544 1560; x_wconf 89' lang='lat' dir='ltr'><strong>a</strong></span> <span class='ocrx_word' id='word_1_570' title='bbox 3571 1523 3679 1572; x_wconf 82' lang='lat' dir='ltr'><strong>me,</strong></span> <span class='ocrx_word' id='word_1_571' title='bbox 3713 1512 3830 1579; x_wconf 82' lang='lat' dir='ltr'><strong>quia</strong></span> 
     </span>
    </p>
   </div>
   <div class='ocr_carea' id='block_1_76' title="bbox 2249 1587 3826 1668">
    <p class='ocr_par' dir='ltr' id='par_1_76' title="bbox 2249 1587 3826 1668">
     <span class='ocr_line' id='line_1_78' title="bbox 2249 1587 3826 1668; baseline 0.01 -30"><span class='ocrx_word' id='word_1_572' title='bbox 2249 1587 2382 1640; x_wconf 81' lang='lat' dir='ltr'><strong>mitis</strong></span> <span class='ocrx_word' id='word_1_573' title='bbox 2409 1603 2520 1640; x_wconf 87' lang='lat' dir='ltr'><strong>sum</strong></span> <span class='ocrx_word' id='word_1_574' title='bbox 2549 1597 2594 1642; x_wconf 89' lang='lat' dir='ltr'><strong>et</strong></span> <span class='ocrx_word' id='word_1_575' title='bbox 2622 1588 2825 1644; x_wconf 83' lang='lat' dir='ltr'><strong>humilis</strong></span> <span class='ocrx_word' id='word_1_576' title='bbox 2853 1591 3004 1647; x_wconf 83' lang='lat' dir='ltr'><strong>corde</strong></span> <span class='ocrx_word' id='word_1_577' title='bbox 3031 1591 3246 1661; x_wconf 76' lang='lat' dir='ltr'><strong>(Matth.</strong></span> <span class='ocrx_word' id='word_1_578' title='bbox 3281 1596 3366 1648; x_wconf 86' lang='lat' dir='ltr'><strong>ll.</strong></span> <span class='ocrx_word' id='word_1_579' title='bbox 3395 1595 3511 1667; x_wconf 74' lang='lat'><strong>29),</strong></span> <span class='ocrx_word' id='word_1_580' title='bbox 3542 1599 3725 1668; x_wconf 72' lang='lat' dir='ltr'><strong>gloria:</strong></span> <span class='ocrx_word' id='word_1_581' title='bbox 3750 1600 3826 1654; x_wconf 89' lang='lat' dir='ltr'><strong>fa-</strong></span> 
     </span>
    </p>
   </div>
   <div class='ocr_carea' id='block_1_77' title="bbox 2250 1679 3828 1764">
    <p class='ocr_par' dir='ltr' id='par_1_77' title="bbox 2250 1679 3828 1764">
     <span class='ocr_line' id='line_1_79' title="bbox 2250 1679 3828 1764; baseline 0.011 -33"><span class='ocrx_word' id='word_1_582' title='bbox 2250 1691 2373 1740; x_wconf 88' lang='lat' dir='ltr'><strong>cere</strong></span> <span class='ocrx_word' id='word_1_583' title='bbox 2403 1679 2730 1747; x_wconf 82' lang='lat' dir='ltr'><strong>appetitione</strong></span> <span class='ocrx_word' id='word_1_584' title='bbox 2755 1681 2997 1736; x_wconf 90' lang='lat' dir='ltr'><strong>dicamur</strong></span> <span class='ocrx_word' id='word_1_585' title='bbox 3021 1701 3033 1737; x_wconf 92' lang='lat'>:</span> <span class='ocrx_word' id='word_1_586' title='bbox 3068 1693 3120 1742; x_wconf 88' lang='lat' dir='ltr'><strong>et</strong></span> <span class='ocrx_word' id='word_1_587' title='bbox 3148 1702 3252 1739; x_wconf 90' lang='lat' dir='ltr'><strong>non</strong></span> <span class='ocrx_word' id='word_1_588' title='bbox 3281 1687 3492 1742; x_wconf 87' lang='lat' dir='ltr'><strong>viduam</strong></span> <span class='ocrx_word' id='word_1_589' title='bbox 3523 1691 3749 1764; x_wconf 89' lang='lat' dir='ltr'><strong>alloqui,</strong></span> <span class='ocrx_word' id='word_1_590' title='bbox 3777 1704 3828 1748; x_wconf 90' lang='lat' dir='ltr'><strong>et</strong></span> 
     </span>
    </p>
   </div>
   <div class='ocr_carea' id='block_1_78' title="bbox 2252 1769 3827 1849">
    <p class='ocr_par' dir='ltr' id='par_1_78' title="bbox 2252 1769 3827 1849">
     <span class='ocr_line' id='line_1_80' title="bbox 2252 1769 3827 1849; baseline 0.01 -26"><span class='ocrx_word' id='word_1_591' title='bbox 2252 1769 2302 1823; x_wconf 91' lang='lat' dir='ltr'><strong>in</strong></span> <span class='ocrx_word' id='word_1_592' title='bbox 2330 1770 2569 1840; x_wconf 88' lang='lat' dir='ltr'><strong>angustia</strong></span> <span class='ocrx_word' id='word_1_593' title='bbox 2601 1774 2984 1839; x_wconf 74' lang='lat' dir='ltr'><strong>constitutam;</strong></span> <span class='ocrx_word' id='word_1_594' title='bbox 3018 1775 3112 1829; x_wconf 83' lang='lat' dir='ltr'><strong>sed</strong></span> <span class='ocrx_word' id='word_1_595' title='bbox 3154 1779 3287 1831; x_wconf 67' lang='lat' dir='ltr'><strong>aula:</strong></span> <span class='ocrx_word' id='word_1_596' title='bbox 3315 1793 3412 1833; x_wconf 91' lang='lat' dir='ltr'><strong>nos</strong></span> <span class='ocrx_word' id='word_1_597' title='bbox 3445 1769 3712 1838; x_wconf 82' lang='lat' dir='ltr'><strong>insinuare</strong></span> <span class='ocrx_word' id='word_1_598' title='bbox 3742 1801 3827 1849; x_wconf 84' lang='lat' dir='ltr'><strong>re-</strong></span> 
     </span>
    </p>
   </div>
   <div class='ocr_carea' id='block_1_79' title="bbox 2249 1859 3827 1937">
    <p class='ocr_par' dir='ltr' id='par_1_79' title="bbox 2249 1859 3827 1937">
     <span class='ocr_line' id='line_1_81' title="bbox 2249 1859 3827 1937; baseline 0.011 -27"><span class='ocrx_word' id='word_1_599' title='bbox 2249 1859 2471 1929; x_wconf 83' lang='lat' dir='ltr'><strong>gali;et</strong></span> <span class='ocrx_word' id='word_1_600' title='bbox 2497 1865 2594 1915; x_wconf 92' lang='lat' dir='ltr'><strong>sub</strong></span> <span class='ocrx_word' id='word_1_601' title='bbox 2643 1863 2925 1920; x_wconf 87' lang='lat' dir='ltr'><strong>occasione</strong></span> <span class='ocrx_word' id='word_1_602' title='bbox 2997 1864 3162 1937; x_wconf 60' lang='lat'><strong>498</strong></span> <span class='ocrx_word' id='word_1_603' title='bbox 3235 1871 3530 1937; x_wconf 89' lang='lat' dir='ltr'><strong>sermonis,</strong></span> <span class='ocrx_word' id='word_1_604' title='bbox 3572 1874 3827 1928; x_wconf 83' lang='lat' dir='ltr'><strong>amicitias</strong></span> 
     </span>
    </p>
   </div>
   <div class='ocr_carea' id='block_1_80' title="bbox 2251 1953 3827 2035">
    <p class='ocr_par' dir='ltr' id='par_1_80' title="bbox 2251 1953 3827 2035">
     <span class='ocr_line' id='line_1_82' title="bbox 2251 1953 3827 2035; baseline 0.01 -30"><span class='ocrx_word' id='word_1_605' title='bbox 2251 1953 2546 2021; x_wconf 85' lang='lat' dir='ltr'><strong>potentium</strong></span> <span class='ocrx_word' id='word_1_606' title='bbox 2593 1972 2859 2025; x_wconf 69' lang='lat' dir='ltr'><strong>qua&#39;rere.</strong></span> <span class='ocrx_word' id='word_1_607' title='bbox 2889 1957 3042 2024; x_wconf 88' lang='lat' dir='ltr'><strong>Quod</strong></span> <span class='ocrx_word' id='word_1_608' title='bbox 3073 1959 3271 2028; x_wconf 87' lang='lat' dir='ltr'><strong>liquido</strong></span> <span class='ocrx_word' id='word_1_609' title='bbox 3320 1977 3423 2015; x_wconf 89' lang='lat' dir='ltr'><strong>non</strong></span> <span class='ocrx_word' id='word_1_610' title='bbox 3455 1965 3691 2033; x_wconf 86' lang='lat' dir='ltr'><strong>putabit,</strong></span> <span class='ocrx_word' id='word_1_611' title='bbox 3743 1969 3827 2035; x_wconf 82' lang='lat' dir='ltr'><strong>qui</strong></span> 
     </span>
    </p>
   </div>
   <div class='ocr_carea' id='block_1_81' title="bbox 2251 2042 3828 2124">
    <p class='ocr_par' dir='ltr' id='par_1_81' title="bbox 2251 2042 3828 2124">
     <span class='ocr_line' id='line_1_83' title="bbox 2251 2042 3828 2124; baseline 0.011 -28"><span class='ocrx_word' id='word_1_612' title='bbox 2251 2042 2431 2099; x_wconf 89' lang='lat' dir='ltr'><strong>scierit</strong></span> <span class='ocrx_word' id='word_1_613' title='bbox 2457 2060 2575 2098; x_wconf 78' lang='lat' dir='ltr'><strong>esse</strong></span> <span class='ocrx_word' id='word_1_614' title='bbox 2603 2057 2924 2116; x_wconf 59' lang='lat' dir='ltr'><strong>praeceptum</strong></span> <span class='ocrx_word' id='word_1_615' title='bbox 2949 2090 2962 2111; x_wconf 90' lang='lat'><strong>,</strong></span> <span class='ocrx_word' id='word_1_616' title='bbox 2997 2047 3276 2107; x_wconf 80' lang='lat' dir='ltr'><strong>Personam</strong></span> <span class='ocrx_word' id='word_1_617' title='bbox 3307 2056 3545 2124; x_wconf 76' lang='lat' dir='ltr'><strong>pauperis</strong></span> <span class='ocrx_word' id='word_1_618' title='bbox 3571 2074 3671 2112; x_wconf 75' lang='lat' dir='ltr'><strong>non</strong></span> <span class='ocrx_word' id='word_1_619' title='bbox 3696 2061 3828 2112; x_wconf 86' lang='lat' dir='ltr'><strong>acci-</strong></span> 
     </span>
    </p>
   </div>
   <div class='ocr_carea' id='block_1_82' title="bbox 2252 2134 3829 2215">
    <p class='ocr_par' dir='ltr' id='par_1_82' title="bbox 2252 2134 3829 2215">
     <span class='ocr_line' id='line_1_84' title="bbox 2252 2134 3829 2215; baseline 0.012 -30"><span class='ocrx_word' id='word_1_620' title='bbox 2252 2134 2358 2202; x_wconf 79' lang='lat' dir='ltr'><strong>pies</strong></span> <span class='ocrx_word' id='word_1_621' title='bbox 2383 2136 2433 2188; x_wconf 84' lang='lat' dir='ltr'><strong>in</strong></span> <span class='ocrx_word' id='word_1_622' title='bbox 2455 2137 2643 2200; x_wconf 82' lang='lat' dir='ltr'><strong>iudicio</strong></span> <span class='ocrx_word' id='word_1_623' title='bbox 2670 2137 2853 2209; x_wconf 70' lang='lat' dir='ltr'><strong>(Leuit.</strong></span> <span class='ocrx_word' id='word_1_624' title='bbox 2881 2140 2964 2194; x_wconf 86' lang='lat' dir='ltr'><strong>l9.</strong></span> <span class='ocrx_word' id='word_1_625' title='bbox 2995 2141 3086 2211; x_wconf 79' lang='lat' dir='ltr'><strong>l5)</strong></span> <span class='ocrx_word' id='word_1_626' title='bbox 3113 2161 3125 2195; x_wconf 91' lang='lat'><strong>:</strong></span> <span class='ocrx_word' id='word_1_627' title='bbox 3158 2159 3226 2198; x_wconf 92' lang='lat' dir='ltr'><strong>ne</strong></span> <span class='ocrx_word' id='word_1_628' title='bbox 3255 2145 3355 2199; x_wconf 89' lang='lat' dir='ltr'><strong>sub</strong></span> <span class='ocrx_word' id='word_1_629' title='bbox 3384 2156 3641 2215; x_wconf 68' lang='lat' dir='ltr'><strong>prmtextu</strong></span> <span class='ocrx_word' id='word_1_630' title='bbox 3674 2151 3829 2206; x_wconf 52' lang='lat' dir='ltr'><strong>misce</strong></span> 
     </span>
    </p>
   </div>
   <div class='ocr_carea' id='block_1_83' title="bbox 2253 2226 3828 2307">
    <p class='ocr_par' dir='ltr' id='par_1_83' title="bbox 2253 2226 3828 2307">
     <span class='ocr_line' id='line_1_85' title="bbox 2253 2226 3828 2307; baseline 0.011 -27"><span class='ocrx_word' id='word_1_631' title='bbox 2253 2226 2516 2290; x_wconf 77' lang='lat' dir='ltr'><strong>ricordize,</strong></span> <span class='ocrx_word' id='word_1_632' title='bbox 2546 2231 2688 2298; x_wconf 83' lang='lat' dir='ltr'><strong>quod</strong></span> <span class='ocrx_word' id='word_1_633' title='bbox 2717 2230 2967 2299; x_wconf 84' lang='lat' dir='ltr'><strong>injustum</strong></span> <span class='ocrx_word' id='word_1_634' title='bbox 2999 2243 3081 2288; x_wconf 80' lang='lat' dir='ltr'><strong>est</strong></span> <span class='ocrx_word' id='word_1_635' title='bbox 3120 2235 3438 2304; x_wconf 85' lang='lat' dir='ltr'><strong>judicemus.</strong></span> <span class='ocrx_word' id='word_1_636' title='bbox 3475 2239 3828 2307; x_wconf 78' lang='lat' dir='ltr'><strong>UNUSQUISQUB</strong></span> 
     </span>
    </p>
   </div>
   <div class='ocr_carea' id='block_1_84' title="bbox 2251 2317 3830 2401">
    <p class='ocr_par' dir='ltr' id='par_1_84' title="bbox 2251 2317 3830 2401">
     <span class='ocr_line' id='line_1_86' title="bbox 2251 2317 3830 2401; baseline 0.011 -32"><span class='ocrx_word' id='word_1_637' title='bbox 2251 2317 2392 2370; x_wconf 87' lang='lat' dir='ltr'><strong>cnim</strong></span> <span class='ocrx_word' id='word_1_638' title='bbox 2421 2334 2524 2372; x_wconf 91' lang='lat' dir='ltr'><strong>non</strong></span> <span class='ocrx_word' id='word_1_639' title='bbox 2555 2320 2624 2390; x_wconf 72' lang='grc' dir='ltr'><strong>(ι’)</strong></span> <span class='ocrx_word' id='word_1_640' title='bbox 2658 2321 2971 2388; x_wconf 87' lang='lat' dir='ltr'><strong>hominum,</strong></span> <span class='ocrx_word' id='word_1_641' title='bbox 3004 2323 3098 2379; x_wconf 88' lang='lat' dir='ltr'><strong>sed</strong></span> <span class='ocrx_word' id='word_1_642' title='bbox 3131 2341 3307 2380; x_wconf 85' lang='lat' dir='ltr'><strong>rerum</strong></span> <span class='ocrx_word' id='word_1_643' title='bbox 3337 2328 3570 2396; x_wconf 87' lang='lat' dir='ltr'><strong>pondere</strong></span> <span class='ocrx_word' id='word_1_644' title='bbox 3591 2331 3830 2401; x_wconf 82' lang='lat' dir='ltr'><strong>judican-</strong></span> 
     </span>
    </p>
   </div>
   <div class='ocr_carea' id='block_1_85' title="bbox 2251 2407 3827 2487">
    <p class='ocr_par' dir='ltr' id='par_1_85' title="bbox 2251 2407 3827 2487">
     <span class='ocr_line' id='line_1_87' title="bbox 2251 2407 3827 2487; baseline 0.01 -23"><span class='ocrx_word' id='word_1_645' title='bbox 2251 2407 2352 2468; x_wconf 88' lang='lat' dir='ltr'><strong>dus</strong></span> <span class='ocrx_word' id='word_1_646' title='bbox 2383 2420 2483 2464; x_wconf 89' lang='lat' dir='ltr'><strong>est.</strong></span> <span class='ocrx_word' id='word_1_647' title='bbox 2514 2411 2621 2466; x_wconf 84' lang='lat' dir='ltr'><strong>Nec</strong></span> <span class='ocrx_word' id='word_1_648' title='bbox 2662 2413 2816 2468; x_wconf 88' lang='lat' dir='ltr'><strong>diviti</strong></span> <span class='ocrx_word' id='word_1_649' title='bbox 2847 2415 3047 2472; x_wconf 90' lang='lat' dir='ltr'><strong>obsunt</strong></span> <span class='ocrx_word' id='word_1_650' title='bbox 3071 2432 3232 2487; x_wconf 84' lang='lat' dir='ltr'><strong>opes,</strong></span> <span class='ocrx_word' id='word_1_651' title='bbox 3265 2421 3311 2474; x_wconf 88' lang='lat' dir='ltr'><strong>si</strong></span> <span class='ocrx_word' id='word_1_652' title='bbox 3339 2420 3418 2475; x_wconf 91' lang='lat' dir='ltr'><strong>eis</strong></span> <span class='ocrx_word' id='word_1_653' title='bbox 3454 2422 3592 2478; x_wconf 88' lang='lat' dir='ltr'><strong>bene</strong></span> <span class='ocrx_word' id='word_1_654' title='bbox 3619 2434 3827 2480; x_wconf 88' lang='lat' dir='ltr'><strong>utatur:</strong></span> 
     </span>
    </p>
   </div>
   <div class='ocr_carea' id='block_1_86' title="bbox 2254 2509 3830 2578">
    <p class='ocr_par' dir='ltr' id='par_1_86' title="bbox 2254 2509 3830 2578">
     <span class='ocr_line' id='line_1_88' title="bbox 2254 2509 3830 2578; baseline 0.01 -23"><span class='ocrx_word' id='word_1_655' title='bbox 2254 2517 2353 2556; x_wconf 88' lang='lat' dir='ltr'><strong>nec</strong></span> <span class='ocrx_word' id='word_1_656' title='bbox 2380 2517 2667 2570; x_wconf 88' lang='lat' dir='ltr'><strong>pauperem</strong></span> <span class='ocrx_word' id='word_1_657' title='bbox 2696 2513 2906 2574; x_wconf 77' lang='lat' dir='ltr'><strong>egestas</strong></span> <span class='ocrx_word' id='word_1_658' title='bbox 2927 2509 3490 2568; x_wconf 87' lang='lat' dir='ltr'><strong>commendabiliorem</strong></span> <span class='ocrx_word' id='word_1_659' title='bbox 3515 2515 3658 2578; x_wconf 87' lang='lat' dir='ltr'><strong>facit,</strong></span> <span class='ocrx_word' id='word_1_660' title='bbox 3689 2518 3730 2571; x_wconf 89' lang='lat' dir='ltr'><strong>si</strong></span> <span class='ocrx_word' id='word_1_661' title='bbox 3756 2519 3830 2572; x_wconf 79' lang='lat' dir='ltr'><strong>in-’</strong></span> 
     </span>
    </p>
   </div>
   <div class='ocr_carea' id='block_1_87' title="bbox 2253 2591 3829 2676">
    <p class='ocr_par' dir='ltr' id='par_1_87' title="bbox 2253 2591 3829 2676">
     <span class='ocr_line' id='line_1_89' title="bbox 2253 2591 3829 2676; baseline 0.011 -32"><span class='ocrx_word' id='word_1_662' title='bbox 2253 2598 2337 2645; x_wconf 89' lang='lat' dir='ltr'><strong>ter</strong></span> <span class='ocrx_word' id='word_1_663' title='bbox 2365 2591 2557 2647; x_wconf 88' lang='lat' dir='ltr'><strong>sordes</strong></span> <span class='ocrx_word' id='word_1_664' title='bbox 2581 2602 2636 2648; x_wconf 89' lang='lat' dir='ltr'><strong>et</strong></span> <span class='ocrx_word' id='word_1_665' title='bbox 2669 2595 2898 2666; x_wconf 89' lang='lat' dir='ltr'><strong>inopiam</strong></span> <span class='ocrx_word' id='word_1_666' title='bbox 2931 2607 3144 2667; x_wconf 86' lang='lat' dir='ltr'><strong>peccata</strong></span> <span class='ocrx_word' id='word_1_667' title='bbox 3175 2615 3279 2655; x_wconf 90' lang='lat' dir='ltr'><strong>non</strong></span> <span class='ocrx_word' id='word_1_668' title='bbox 3307 2612 3515 2658; x_wconf 81' lang='lat' dir='ltr'><strong>caveat.</strong></span> <span class='ocrx_word' id='word_1_669' title='bbox 3551 2604 3829 2676; x_wconf 68' lang='lat' dir='ltr'><strong>Utriusrlue</strong></span> 
     </span>
    </p>
   </div>
   <div class='ocr_carea' id='block_1_88' title="bbox 2254 2683 3831 2763">
    <p class='ocr_par' dir='ltr' id='par_1_88' title="bbox 2254 2683 3831 2763">
     <span class='ocr_line' id='line_1_90' title="bbox 2254 2683 3831 2763; baseline 0.011 -27"><span class='ocrx_word' id='word_1_670' title='bbox 2254 2683 2407 2739; x_wconf 88' lang='lat' dir='ltr'><strong>nobis</strong></span> <span class='ocrx_word' id='word_1_671' title='bbox 2435 2685 2512 2740; x_wconf 88' lang='lat' dir='ltr'><strong>rei</strong></span> <span class='ocrx_word' id='word_1_672' title='bbox 2556 2687 2918 2746; x_wconf 88' lang='lat' dir='ltr'><strong>testimonium</strong></span> <span class='ocrx_word' id='word_1_673' title='bbox 2941 2728 2956 2754; x_wconf 88' lang='lat'><strong>,</strong></span> <span class='ocrx_word' id='word_1_674' title='bbox 3005 2698 3061 2745; x_wconf 90' lang='lat' dir='ltr'><strong>et</strong></span> <span class='ocrx_word' id='word_1_675' title='bbox 3088 2691 3357 2748; x_wconf 82' lang='lat' dir='ltr'><strong>Abraham</strong></span> <span class='ocrx_word' id='word_1_676' title='bbox 3402 2695 3703 2752; x_wconf 85' lang='lat' dir='ltr'><strong>Patriarcha</strong></span> <span class='ocrx_word' id='word_1_677' title='bbox 3725 2741 3739 2763; x_wconf 89' lang='lat'><strong>,</strong></span> <span class='ocrx_word' id='word_1_678' title='bbox 3781 2709 3831 2754; x_wconf 90' lang='lat' dir='ltr'><strong>et</strong></span> 
     </span>
    </p>
   </div>
   <div class='ocr_carea' id='block_1_89' title="bbox 2253 2776 3829 2856">
    <p class='ocr_par' dir='ltr' id='par_1_89' title="bbox 2253 2776 3829 2856">
     <span class='ocr_line' id='line_1_91' title="bbox 2253 2776 3829 2856; baseline 0.011 -28"><span class='ocrx_word' id='word_1_679' title='bbox 2253 2776 2559 2845; x_wconf 90' lang='lat' dir='ltr'><strong>quotidiana</strong></span> <span class='ocrx_word' id='word_1_680' title='bbox 2603 2779 2852 2849; x_wconf 85' lang='lat' dir='ltr'><strong>exempla</strong></span> <span class='ocrx_word' id='word_1_681' title='bbox 2896 2783 3282 2851; x_wconf 88' lang='lat' dir='ltr'><strong>suppeditant:</strong></span> <span class='ocrx_word' id='word_1_682' title='bbox 3329 2801 3554 2856; x_wconf 91' lang='lat' dir='ltr'><strong>quorum</strong></span> <span class='ocrx_word' id='word_1_683' title='bbox 3598 2791 3735 2845; x_wconf 86' lang='lat' dir='ltr'><strong>alter</strong></span> <span class='ocrx_word' id='word_1_684' title='bbox 3780 2793 3829 2846; x_wconf 92' lang='lat' dir='ltr'><strong>iu</strong></span> 
     </span>
    </p>
   </div>
   <div class='ocr_carea' id='block_1_90' title="bbox 2251 2867 3830 2946">
    <p class='ocr_par' dir='ltr' id='par_1_90' title="bbox 2251 2867 3830 2946">
     <span class='ocr_line' id='line_1_92' title="bbox 2251 2867 3830 2946; baseline 0.012 -29"><span class='ocrx_word' id='word_1_685' title='bbox 2251 2867 2477 2921; x_wconf 85' lang='lat' dir='ltr'><strong>summis</strong></span> <span class='ocrx_word' id='word_1_686' title='bbox 2506 2867 2707 2924; x_wconf 86' lang='lat' dir='ltr'><strong>divitiis</strong></span> <span class='ocrx_word' id='word_1_687' title='bbox 2728 2872 2934 2926; x_wconf 87' lang='lat' dir='ltr'><strong>amicus</strong></span> <span class='ocrx_word' id='word_1_688' title='bbox 2957 2872 3046 2928; x_wconf 90' lang='lat' dir='ltr'><strong>Dei</strong></span> <span class='ocrx_word' id='word_1_689' title='bbox 3078 2873 3213 2940; x_wconf 87' lang='lat' dir='ltr'><strong>fuit;</strong></span> <span class='ocrx_word' id='word_1_690' title='bbox 3243 2876 3332 2930; x_wconf 92' lang='lat' dir='ltr'><strong>alii</strong></span> <span class='ocrx_word' id='word_1_691' title='bbox 3363 2879 3599 2946; x_wconf 83' lang='lat' dir='ltr'><strong>quotidie</strong></span> <span class='ocrx_word' id='word_1_692' title='bbox 3631 2882 3681 2935; x_wconf 91' lang='lat' dir='ltr'><strong>in</strong></span> <span class='ocrx_word' id='word_1_693' title='bbox 3712 2897 3830 2938; x_wconf 66' lang='lat' dir='ltr'><strong>sceo.</strong></span> 
     </span>
    </p>
   </div>
   <div class='ocr_carea' id='block_1_91' title="bbox 2254 2955 3829 3044">
    <p class='ocr_par' dir='ltr' id='par_1_91' title="bbox 2254 2955 3829 3044">
     <span class='ocr_line' id='line_1_93' title="bbox 2254 2955 3829 3044; baseline 0.012 -34"><span class='ocrx_word' id='word_1_694' title='bbox 2254 2955 2453 3012; x_wconf 89' lang='lat' dir='ltr'><strong>leribus</strong></span> <span class='ocrx_word' id='word_1_695' title='bbox 2483 2959 2835 3029; x_wconf 86' lang='lat' dir='ltr'><strong>deprehensi,</strong></span> <span class='ocrx_word' id='word_1_696' title='bbox 2873 2979 3061 3034; x_wconf 65' lang='lat' dir='ltr'><strong>pinnas</strong></span> <span class='ocrx_word' id='word_1_697' title='bbox 3092 2966 3296 3036; x_wconf 85' lang='lat' dir='ltr'><strong>legibus</strong></span> <span class='ocrx_word' id='word_1_698' title='bbox 3326 2970 3562 3030; x_wconf 74' lang='lat' dir='ltr'><strong>Solvunt.</strong></span> <span class='ocrx_word' id='word_1_699' title='bbox 3599 2973 3829 3044; x_wconf 53' lang='lat' dir='ltr'><strong>Alloquiz</strong></span> 
     </span>
    </p>
   </div>
   <div class='ocr_carea' id='block_1_92' title="bbox 2253 3050 3830 3136">
    <p class='ocr_par' dir='ltr' id='par_1_92' title="bbox 2253 3050 3830 3136">
     <span class='ocr_line' id='line_1_94' title="bbox 2253 3050 3830 3136; baseline 0.013 -34"><span class='ocrx_word' id='word_1_700' title='bbox 2253 3063 2375 3103; x_wconf 92' lang='lat' dir='ltr'><strong>mur</strong></span> <span class='ocrx_word' id='word_1_701' title='bbox 2403 3050 2558 3120; x_wconf 80' lang='lat' dir='ltr'><strong>igitur</strong></span> <span class='ocrx_word' id='word_1_702' title='bbox 2587 3067 2874 3122; x_wconf 89' lang='lat' dir='ltr'><strong>pauperem</strong></span> <span class='ocrx_word' id='word_1_703' title='bbox 2897 3055 2969 3124; x_wconf 74' lang='grc' dir='ltr'><strong>(Γ)</strong></span> <span class='ocrx_word' id='word_1_704' title='bbox 3006 3055 3248 3125; x_wconf 89' lang='lat' dir='ltr'><strong>divitem,</strong></span> <span class='ocrx_word' id='word_1_705' title='bbox 3275 3068 3331 3114; x_wconf 90' lang='lat' dir='ltr'><strong>ut</strong></span> <span class='ocrx_word' id='word_1_706' title='bbox 3353 3063 3558 3118; x_wconf 83' lang='lat' dir='ltr'><strong>nesciat</strong></span> <span class='ocrx_word' id='word_1_707' title='bbox 3579 3063 3689 3132; x_wconf 82' lang='lat' dir='ltr'><strong>ipsa</strong></span> <span class='ocrx_word' id='word_1_708' title='bbox 3716 3081 3830 3136; x_wconf 75' lang='lat' dir='ltr'><strong>qua:</strong></span> 
     </span>
    </p>
   </div>
   <div class='ocr_carea' id='block_1_93' title="bbox 2254 3140 3828 3222">
    <p class='ocr_par' dir='ltr' id='par_1_93' title="bbox 2254 3140 3828 3222">
     <span class='ocr_line' id='line_1_95' title="bbox 2254 3140 3828 3222; baseline 0.013 -30"><span class='ocrx_word' id='word_1_709' title='bbox 2254 3140 2509 3209; x_wconf 86' lang='lat' dir='ltr'><strong>possidet.</strong></span> <span class='ocrx_word' id='word_1_710' title='bbox 2538 3141 2718 3212; x_wconf 85' lang='lat' dir='ltr'><strong>Neque</strong></span> <span class='ocrx_word' id='word_1_711' title='bbox 2735 3145 2875 3198; x_wconf 87' lang='lat' dir='ltr'><strong>enim</strong></span> <span class='ocrx_word' id='word_1_712' title='bbox 2899 3149 3224 3218; x_wconf 82' lang='lat' dir='ltr'><strong>marsupium</strong></span> <span class='ocrx_word' id='word_1_713' title='bbox 3247 3151 3362 3221; x_wconf 87' lang='lat' dir='ltr'><strong>ejus</strong></span> <span class='ocrx_word' id='word_1_714' title='bbox 3381 3153 3722 3222; x_wconf 73' lang='lat' dir='ltr'><strong>discutimus,</strong></span> <span class='ocrx_word' id='word_1_715' title='bbox 3739 3158 3828 3214; x_wconf 90' lang='lat' dir='ltr'><strong>sed</strong></span> 
     </span>
    </p>
   </div>
   <div class='ocr_carea' id='block_1_94' title="bbox 2251 3231 3828 3314">
    <p class='ocr_par' dir='ltr' id='par_1_94' title="bbox 2251 3231 3828 3314">
     <span class='ocr_line' id='line_1_96' title="bbox 2251 3231 3828 3314; baseline 0.012 -32"><span class='ocrx_word' id='word_1_716' title='bbox 2251 3231 2446 3284; x_wconf 76' lang='lat' dir='ltr'><strong>anima:</strong></span> <span class='ocrx_word' id='word_1_717' title='bbox 2493 3233 2797 3300; x_wconf 88' lang='lat' dir='ltr'><strong>puritatem.</strong></span> <span class='ocrx_word' id='word_1_718' title='bbox 2851 3235 3146 3306; x_wconf 89' lang='lat' dir='ltr'><strong>Loquimur</strong></span> <span class='ocrx_word' id='word_1_719' title='bbox 3173 3240 3236 3293; x_wconf 88' lang='lat' dir='ltr'><strong>ad</strong></span> <span class='ocrx_word' id='word_1_720' title='bbox 3279 3257 3431 3307; x_wconf 85' lang='lat' dir='ltr'><strong>eam,</strong></span> <span class='ocrx_word' id='word_1_721' title='bbox 3464 3244 3616 3314; x_wconf 89' lang='lat' dir='ltr'><strong>cujus</strong></span> <span class='ocrx_word' id='word_1_722' title='bbox 3647 3248 3828 3301; x_wconf 86' lang='lat' dir='ltr'><strong>faciem</strong></span> 
     </span>
    </p>
   </div>
   <div class='ocr_carea' id='block_1_95' title="bbox 2253 3323 3886 3403">
    <p class='ocr_par' dir='ltr' id='par_1_95' title="bbox 2253 3323 3886 3403">
     <span class='ocr_line' id='line_1_97' title="bbox 2253 3323 3886 3403; baseline 0.01 -26"><span class='ocrx_word' id='word_1_723' title='bbox 2253 3323 2593 3392; x_wconf 81' lang='lat' dir='ltr'><strong>ignoramus,</strong></span> <span class='ocrx_word' id='word_1_724' title='bbox 2643 3335 2694 3381; x_wconf 89' lang='lat' dir='ltr'><strong>et</strong></span> <span class='ocrx_word' id='word_1_725' title='bbox 2725 3327 2948 3384; x_wconf 87' lang='lat' dir='ltr'><strong>virtutes</strong></span> <span class='ocrx_word' id='word_1_726' title='bbox 2987 3331 3265 3398; x_wconf 90' lang='lat' dir='ltr'><strong>novimus,</strong></span> <span class='ocrx_word' id='word_1_727' title='bbox 3298 3351 3456 3403; x_wconf 87' lang='lat' dir='ltr'><strong>quam</strong></span> <span class='ocrx_word' id='word_1_728' title='bbox 3506 3338 3659 3392; x_wconf 89' lang='lat' dir='ltr'><strong>nobis</strong></span> <span class='ocrx_word' id='word_1_729' title='bbox 3697 3339 3828 3392; x_wconf 86' lang='lat' dir='ltr'><strong>fama</strong></span> <span class='ocrx_word' id='word_1_730' title='bbox 3881 3337 3886 3342; x_wconf 81' lang='grc'><strong>’</strong></span> 
     </span>
    </p>
   </div>
   <div class='ocr_carea' id='block_1_96' title="bbox 2251 3415 3833 3494">
    <p class='ocr_par' dir='ltr' id='par_1_96' title="bbox 2251 3415 3833 3494">
     <span class='ocr_line' id='line_1_98' title="bbox 2251 3415 3833 3494; baseline 0.009 -27"><span class='ocrx_word' id='word_1_731' title='bbox 2251 3415 2622 3480; x_wconf 89' lang='lat' dir='ltr'><strong>commendat,</strong></span> <span class='ocrx_word' id='word_1_732' title='bbox 2675 3419 2828 3488; x_wconf 85' lang='lat' dir='ltr'><strong>cujus</strong></span> <span class='ocrx_word' id='word_1_733' title='bbox 2871 3423 3314 3477; x_wconf 87' lang='lat' dir='ltr'><strong>venerabiliorem</strong></span> <span class='ocrx_word' id='word_1_734' title='bbox 3357 3425 3658 3494; x_wconf 84' lang='lat' dir='ltr'><strong>pudicitiam</strong></span> <span class='ocrx_word' id='word_1_735' title='bbox 3705 3429 3833 3482; x_wconf 86' lang='lat' dir='ltr'><strong>ado-</strong></span> 
     </span>
    </p>
   </div>
   <div class='ocr_carea' id='block_1_97' title="bbox 2253 3506 3828 3585">
    <p class='ocr_par' dir='ltr' id='par_1_97' title="bbox 2253 3506 3828 3585">
     <span class='ocr_line' id='line_1_99' title="bbox 2253 3506 3828 3585; baseline 0.01 -26"><span class='ocrx_word' id='word_1_736' title='bbox 2253 3506 2506 3561; x_wconf 89' lang='lat' dir='ltr'><strong>lescentia</strong></span> <span class='ocrx_word' id='word_1_737' title='bbox 2537 3508 2680 3565; x_wconf 88' lang='lat' dir='ltr'><strong>facit.</strong></span> <span class='ocrx_word' id='word_1_738' title='bbox 2711 3509 2842 3578; x_wconf 75' lang='lat' dir='ltr'><strong>Quze</strong></span> <span class='ocrx_word' id='word_1_739' title='bbox 2871 3522 3098 3568; x_wconf 89' lang='lat' dir='ltr'><strong>mortem</strong></span> <span class='ocrx_word' id='word_1_740' title='bbox 3121 3515 3332 3584; x_wconf 89' lang='lat' dir='ltr'><strong>juvenis</strong></span> <span class='ocrx_word' id='word_1_741' title='bbox 3370 3518 3540 3572; x_wconf 89' lang='lat' dir='ltr'><strong>mariti</strong></span> <span class='ocrx_word' id='word_1_742' title='bbox 3562 3519 3637 3572; x_wconf 88' lang='lat' dir='ltr'><strong>sic</strong></span> <span class='ocrx_word' id='word_1_743' title='bbox 3665 3519 3828 3585; x_wconf 82' lang='lat' dir='ltr'><strong>flevit,</strong></span> 
     </span>
    </p>
   </div>
   <div class='ocr_carea' id='block_1_98' title="bbox 2253 3599 3831 3678">
    <p class='ocr_par' dir='ltr' id='par_1_98' title="bbox 2253 3599 3831 3678">
     <span class='ocr_line' id='line_1_100' title="bbox 2253 3599 3831 3678; baseline 0.01 -30"><span class='ocrx_word' id='word_1_744' title='bbox 2253 3605 2309 3650; x_wconf 92' lang='lat' dir='ltr'><strong>ut</strong></span> <span class='ocrx_word' id='word_1_745' title='bbox 2333 3599 2639 3668; x_wconf 89' lang='lat' dir='ltr'><strong>exemplum</strong></span> <span class='ocrx_word' id='word_1_746' title='bbox 2665 3600 2899 3673; x_wconf 89' lang='lat' dir='ltr'><strong>conjugii</strong></span> <span class='ocrx_word' id='word_1_747' title='bbox 2929 3603 3168 3670; x_wconf 89' lang='lat' dir='ltr'><strong>dederit,</strong></span> <span class='ocrx_word' id='word_1_748' title='bbox 3199 3607 3275 3659; x_wconf 92' lang='lat' dir='ltr'><strong>sic</strong></span> <span class='ocrx_word' id='word_1_749' title='bbox 3310 3608 3446 3672; x_wconf 90' lang='lat' dir='ltr'><strong>tulit,</strong></span> <span class='ocrx_word' id='word_1_750' title='bbox 3478 3617 3531 3661; x_wconf 92' lang='lat' dir='ltr'><strong>ut</strong></span> <span class='ocrx_word' id='word_1_751' title='bbox 3556 3624 3677 3662; x_wconf 90' lang='lat' dir='ltr'><strong>eum</strong></span> <span class='ocrx_word' id='word_1_752' title='bbox 3710 3627 3831 3678; x_wconf 83' lang='lat' dir='ltr'><strong>pro-</strong></span> 
     </span>
    </p>
   </div>
   <div class='ocr_carea' id='block_1_99' title="bbox 2252 3688 3831 3768">
    <p class='ocr_par' dir='ltr' id='par_1_99' title="bbox 2252 3688 3831 3768">
     <span class='ocr_line' id='line_1_101' title="bbox 2252 3688 3831 3768; baseline 0.008 -25"><span class='ocrx_word' id='word_1_753' title='bbox 2252 3688 2448 3745; x_wconf 90' lang='lat' dir='ltr'><strong>fectum</strong></span> <span class='ocrx_word' id='word_1_754' title='bbox 2469 3692 2712 3748; x_wconf 88' lang='lat' dir='ltr'><strong>crederet</strong></span> <span class='ocrx_word' id='word_1_755' title='bbox 2737 3692 2829 3764; x_wconf 75' lang='grc' dir='ltr'>[ιιι.</span> <span class='ocrx_word' id='word_1_756' title='bbox 2858 3695 3127 3768; x_wconf 86' lang='lat' dir='ltr'><strong>crederes],</strong></span> <span class='ocrx_word' id='word_1_757' title='bbox 3154 3715 3260 3752; x_wconf 91' lang='lat' dir='ltr'><strong>non</strong></span> <span class='ocrx_word' id='word_1_758' title='bbox 3283 3701 3556 3754; x_wconf 85' lang='lat' dir='ltr'><strong>amissum.</strong></span> <span class='ocrx_word' id='word_1_759' title='bbox 3580 3702 3831 3756; x_wconf 84' lang='lat' dir='ltr'><strong>Orbitatis</strong></span> 
     </span>
    </p>
   </div>
   <div class='ocr_carea' id='block_1_100' title="bbox 2252 3782 3828 3855">
    <p class='ocr_par' dir='ltr' id='par_1_100' title="bbox 2252 3782 3828 3855">
     <span class='ocr_line' id='line_1_102' title="bbox 2252 3782 3828 3855; baseline 0.009 -21"><span class='ocrx_word' id='word_1_760' title='bbox 2252 3782 2582 3852; x_wconf 86' lang='lat' dir='ltr'><strong>magnitudo,</strong></span> <span class='ocrx_word' id='word_1_761' title='bbox 2614 3784 2889 3855; x_wconf 86' lang='lat' dir='ltr'><strong>religionis</strong></span> <span class='ocrx_word' id='word_1_762' title='bbox 2916 3788 3128 3844; x_wconf 88' lang='lat' dir='ltr'><strong>occasio</strong></span> <span class='ocrx_word' id='word_1_763' title='bbox 3172 3789 3286 3842; x_wconf 92' lang='lat' dir='ltr'><strong>fuit.</strong></span> <span class='ocrx_word' id='word_1_764' title='bbox 3325 3789 3636 3846; x_wconf 85' lang='lat' dir='ltr'><strong>Nebridium</strong></span> <span class='ocrx_word' id='word_1_765' title='bbox 3677 3809 3828 3848; x_wconf 87' lang='lat' dir='ltr'><strong>suum</strong></span> 
     </span>
    </p>
   </div>
   <div class='ocr_carea' id='block_1_101' title="bbox 2251 3873 3854 3950">
    <p class='ocr_par' dir='ltr' id='par_1_101' title="bbox 2251 3873 3854 3950">
     <span class='ocr_line' id='line_1_103' title="bbox 2251 3873 3854 3950; baseline 0.01 -23"><span class='ocrx_word' id='word_1_766' title='bbox 2251 3873 2330 3927; x_wconf 87' lang='lat' dir='ltr'><strong>sic</strong></span> <span class='ocrx_word' id='word_1_767' title='bbox 2356 3875 2547 3943; x_wconf 71' lang='lat' dir='ltr'><strong>quarrit</strong></span> <span class='ocrx_word' id='word_1_768' title='bbox 2574 3876 2850 3932; x_wconf 82' lang='lat' dir='ltr'><strong>absentem</strong></span> <span class='ocrx_word' id='word_1_769' title='bbox 2875 3919 2891 3944; x_wconf 91' lang='lat'><strong>,</strong></span> <span class='ocrx_word' id='word_1_770' title='bbox 2921 3887 2978 3932; x_wconf 91' lang='lat' dir='ltr'><strong>ut</strong></span> <span class='ocrx_word' id='word_1_771' title='bbox 3008 3879 3058 3934; x_wconf 90' lang='lat' dir='ltr'><strong>in</strong></span> <span class='ocrx_word' id='word_1_772' title='bbox 3085 3880 3298 3942; x_wconf 81' lang='lat' dir='ltr'><strong>Christo</strong></span> <span class='ocrx_word' id='word_1_773' title='bbox 3327 3896 3646 3950; x_wconf 63' lang='lat' dir='ltr'><strong>praiseutem</strong></span> <span class='ocrx_word' id='word_1_774' title='bbox 3672 3903 3854 3946; x_wconf 81' lang='lat' dir='ltr'><strong>nove-.</strong></span> 
     </span>
    </p>
   </div>
   <div class='ocr_carea' id='block_1_102' title="bbox 2251 3963 3830 4043">
    <p class='ocr_par' dir='ltr' id='par_1_102' title="bbox 2251 3963 3830 4043">
     <span class='ocr_line' id='line_1_104' title="bbox 2251 3963 3830 4043; baseline 0.009 -27"><span class='ocrx_word' id='word_1_775' title='bbox 2251 3963 2344 4020; x_wconf 88' lang='lat' dir='ltr'><strong>rit.</strong></span> <span class='ocrx_word' id='word_1_776' title='bbox 2375 3963 2484 4019; x_wconf 87' lang='lat' dir='ltr'><strong>Cur</strong></span> <span class='ocrx_word' id='word_1_777' title='bbox 2516 3981 2646 4036; x_wconf 86' lang='lat' dir='ltr'><strong>ergo</strong></span> <span class='ocrx_word' id='word_1_778' title='bbox 2680 3967 2746 4022; x_wconf 86' lang='lat' dir='ltr'><strong>ad</strong></span> <span class='ocrx_word' id='word_1_779' title='bbox 2785 3982 2904 4023; x_wconf 87' lang='lat' dir='ltr'><strong>eam</strong></span> <span class='ocrx_word' id='word_1_780' title='bbox 2941 3971 3258 4036; x_wconf 79' lang='lat' dir='ltr'><strong>scribimus,</strong></span> <span class='ocrx_word' id='word_1_781' title='bbox 3289 3987 3447 4042; x_wconf 81' lang='lat' dir='ltr'><strong>quam</strong></span> <span class='ocrx_word' id='word_1_782' title='bbox 3495 3977 3830 4043; x_wconf 70' lang='lat' dir='ltr'><strong>ignoramus?</strong></span> 
     </span>
    </p>
   </div>
   <div class='ocr_carea' id='block_1_103' title="bbox 2253 4054 3829 4136">
    <p class='ocr_par' dir='ltr' id='par_1_103' title="bbox 2253 4054 3829 4136">
     <span class='ocr_line' id='line_1_105' title="bbox 2253 4054 3829 4136; baseline 0.01 -28"><span class='ocrx_word' id='word_1_783' title='bbox 2253 4054 2468 4124; x_wconf 82' lang='lat' dir='ltr'><strong>Triplex</strong></span> <span class='ocrx_word' id='word_1_784' title='bbox 2510 4058 2759 4113; x_wconf 84' lang='lat' dir='ltr'><strong>nimirum</strong></span> <span class='ocrx_word' id='word_1_785' title='bbox 2807 4074 2963 4114; x_wconf 88' lang='lat' dir='ltr'><strong>causa</strong></span> <span class='ocrx_word' id='word_1_786' title='bbox 2996 4071 3096 4116; x_wconf 87' lang='lat' dir='ltr'><strong>est.</strong></span> <span class='ocrx_word' id='word_1_787' title='bbox 3143 4062 3317 4128; x_wconf 81' lang='lat' dir='ltr'><strong>Prima</strong></span> <span class='ocrx_word' id='word_1_788' title='bbox 3339 4106 3355 4130; x_wconf 91' lang='lat'><strong>,</strong></span> <span class='ocrx_word' id='word_1_789' title='bbox 3385 4066 3507 4135; x_wconf 80' lang='lat' dir='ltr'><strong>quia</strong></span> <span class='ocrx_word' id='word_1_790' title='bbox 3534 4083 3628 4136; x_wconf 85' lang='lat' dir='ltr'><strong>pro</strong></span> <span class='ocrx_word' id='word_1_791' title='bbox 3657 4069 3829 4126; x_wconf 82' lang='lat' dir='ltr'><strong>officio</strong></span> 
     </span>
    </p>
   </div>
   <div class='ocr_carea' id='block_1_104' title="bbox 2251 4143 3824 4230">
    <p class='ocr_par' dir='ltr' id='par_1_104' title="bbox 2251 4143 3824 4230">
     <span class='ocr_line' id='line_1_106' title="bbox 2251 4143 3824 4230; baseline 0.009 -30"><span class='ocrx_word' id='word_1_792' title='bbox 2251 4143 2546 4208; x_wconf 83' lang='lat' dir='ltr'><strong>Sacerdotii</strong></span> <span class='ocrx_word' id='word_1_793' title='bbox 2576 4163 2763 4213; x_wconf 79' lang='lat' dir='ltr'><strong>omnes</strong></span> <span class='ocrx_word' id='word_1_794' title='bbox 2789 4150 3124 4207; x_wconf 86' lang='lat' dir='ltr'><strong>Christianos</strong></span> <span class='ocrx_word' id='word_1_795' title='bbox 3146 4154 3378 4208; x_wconf 89' lang='lat' dir='ltr'><strong>filiorum</strong></span> <span class='ocrx_word' id='word_1_796' title='bbox 3401 4156 3523 4211; x_wconf 91' lang='lat' dir='ltr'><strong>loco</strong></span> <span class='ocrx_word' id='word_1_797' title='bbox 3541 4158 3824 4230; x_wconf 75' lang='lat' dir='ltr'><strong>diligimus,</strong></span> 
     </span>
    </p>
   </div>
   <div class='ocr_carea' id='block_1_105' title="bbox 2252 4241 3825 4321">
    <p class='ocr_par' dir='ltr' id='par_1_105' title="bbox 2252 4241 3825 4321">
     <span class='ocr_line' id='line_1_107' title="bbox 2252 4241 3825 4321; baseline 0.008 -29"><span class='ocrx_word' id='word_1_798' title='bbox 2252 4245 2306 4292; x_wconf 88' lang='lat' dir='ltr'><strong>et</strong></span> <span class='ocrx_word' id='word_1_799' title='bbox 2339 4241 2604 4306; x_wconf 74' lang='lat' dir='ltr'><strong>profectus</strong></span> <span class='ocrx_word' id='word_1_800' title='bbox 2645 4255 2834 4305; x_wconf 82' lang='lat' dir='ltr'><strong>eorum</strong></span> <span class='ocrx_word' id='word_1_801' title='bbox 2871 4255 3055 4298; x_wconf 89' lang='lat' dir='ltr'><strong>nostra</strong></span> <span class='ocrx_word' id='word_1_802' title='bbox 3093 4253 3175 4299; x_wconf 90' lang='lat' dir='ltr'><strong>est</strong></span> <span class='ocrx_word' id='word_1_803' title='bbox 3213 4245 3401 4315; x_wconf 80' lang='lat' dir='ltr'><strong>gloria.</strong></span> <span class='ocrx_word' id='word_1_804' title='bbox 3451 4249 3659 4315; x_wconf 75' lang='lat' dir='ltr'><strong>Altera,</strong></span> <span class='ocrx_word' id='word_1_805' title='bbox 3709 4251 3825 4321; x_wconf 87' lang='lat' dir='ltr'><strong>quia</strong></span> 
     </span>
    </p>
   </div>
   <div class='ocr_carea' id='block_1_106' title="bbox 2251 4329 3826 4409">
    <p class='ocr_par' dir='ltr' id='par_1_106' title="bbox 2251 4329 3826 4409">
     <span class='ocr_line' id='line_1_108' title="bbox 2251 4329 3826 4409; baseline 0.011 -30"><span class='ocrx_word' id='word_1_806' title='bbox 2251 4338 2402 4396; x_wconf 87' lang='lat' dir='ltr'><strong>pater</strong></span> <span class='ocrx_word' id='word_1_807' title='bbox 2438 4329 2674 4384; x_wconf 85' lang='lat' dir='ltr'><strong>defuncti</strong></span> <span class='ocrx_word' id='word_1_808' title='bbox 2721 4331 2904 4386; x_wconf 89' lang='lat' dir='ltr'><strong>intima</strong></span> <span class='ocrx_word' id='word_1_809' title='bbox 2950 4335 3077 4388; x_wconf 87' lang='lat' dir='ltr'><strong>mihi</strong></span> <span class='ocrx_word' id='word_1_810' title='bbox 3121 4337 3513 4392; x_wconf 89' lang='lat' dir='ltr'><strong>necessitudine</strong></span> <span class='ocrx_word' id='word_1_811' title='bbox 3554 4343 3826 4409; x_wconf 86' lang='lat' dir='ltr'><strong>eopnlams</strong></span> 
     </span>
    </p>
   </div>
   <div class='ocr_carea' id='block_1_107' title="bbox 2249 4417 3826 4499">
    <p class='ocr_par' dir='ltr' id='par_1_107' title="bbox 2249 4417 3826 4499">
     <span class='ocr_line' id='line_1_109' title="bbox 2249 4417 3826 4499; baseline 0.01 -29"><span class='ocrx_word' id='word_1_812' title='bbox 2249 4417 2364 4472; x_wconf 83' lang='lat' dir='ltr'><strong>fuit.</strong></span> <span class='ocrx_word' id='word_1_813' title='bbox 2396 4419 2644 4473; x_wconf 81' lang='lat' dir='ltr'><strong>Extrema</strong></span> <span class='ocrx_word' id='word_1_814' title='bbox 2666 4462 2680 4485; x_wconf 93' lang='lat'><strong>,</strong></span> <span class='ocrx_word' id='word_1_815' title='bbox 2713 4437 2830 4490; x_wconf 78' lang='lat' dir='ltr'><strong>quze</strong></span> <span class='ocrx_word' id='word_1_816' title='bbox 2861 4433 2916 4477; x_wconf 89' lang='lat' dir='ltr'><strong>et</strong></span> <span class='ocrx_word' id='word_1_817' title='bbox 2938 4425 3181 4492; x_wconf 84' lang='lat' dir='ltr'><strong>validior,</strong></span> <span class='ocrx_word' id='word_1_818' title='bbox 3213 4429 3354 4496; x_wconf 92' lang='lat' dir='ltr'><strong>quod</strong></span> <span class='ocrx_word' id='word_1_819' title='bbox 3386 4429 3498 4483; x_wconf 88' lang='lat' dir='ltr'><strong>lilio</strong></span> <span class='ocrx_word' id='word_1_820' title='bbox 3526 4417 3645 4499; x_wconf 82' lang='lat' dir='ltr'><strong>meo</strong></span> <span class='ocrx_word' id='word_1_821' title='bbox 3676 4433 3826 4486; x_wconf 76' lang='lat' dir='ltr'><strong>Avito</strong></span> 
     </span>
    </p>
   </div>
   <div class='ocr_carea' id='block_1_108' title="bbox 2249 4510 3826 4587">
    <p class='ocr_par' dir='ltr' id='par_1_108' title="bbox 2249 4510 3826 4587">
     <span class='ocr_line' id='line_1_110' title="bbox 2249 4510 3826 4587; baseline 0.01 -25"><span class='ocrx_word' id='word_1_822' title='bbox 2249 4510 2454 4578; x_wconf 80' lang='lat' dir='ltr'><strong>roganti</strong></span> <span class='ocrx_word' id='word_1_823' title='bbox 2482 4525 2675 4581; x_wconf 85' lang='lat' dir='ltr'><strong>negare</strong></span> <span class='ocrx_word' id='word_1_824' title='bbox 2707 4511 2834 4574; x_wconf 80' lang='lat' dir='ltr'><strong>nihil</strong></span> <span class='ocrx_word' id='word_1_825' title='bbox 2872 4517 3016 4584; x_wconf 89' lang='lat' dir='ltr'><strong>potui</strong></span> <span class='ocrx_word' id='word_1_826' title='bbox 3044 4535 3062 4584; x_wconf 88' lang='lat'><strong>;_</strong></span> <span class='ocrx_word' id='word_1_827' title='bbox 3089 4518 3178 4587; x_wconf 90' lang='lat' dir='ltr'><strong>qui</strong></span> <span class='ocrx_word' id='word_1_828' title='bbox 3207 4519 3411 4574; x_wconf 87' lang='lat' dir='ltr'><strong>crebris</strong></span> <span class='ocrx_word' id='word_1_829' title='bbox 3441 4520 3634 4581; x_wconf 87' lang='lat' dir='ltr'><strong>litteris</strong></span> <span class='ocrx_word' id='word_1_830' title='bbox 3668 4524 3826 4587; x_wconf 78' lang='lat' dir='ltr'><strong>inter-</strong></span> 
     </span>
    </p>
   </div>
   <div class='ocr_carea' id='block_1_109' title="bbox 2249 4602 3821 4683">
    <p class='ocr_par' dir='ltr' id='par_1_109' title="bbox 2249 4602 3821 4683">
     <span class='ocr_line' id='line_1_111' title="bbox 2249 4602 3821 4683; baseline 0.007 -27"><span class='ocrx_word' id='word_1_831' title='bbox 2249 4602 2579 4671; x_wconf 88' lang='lat' dir='ltr'><strong>pellatricem</strong></span> <span class='ocrx_word' id='word_1_832' title='bbox 2621 4603 2737 4657; x_wconf 90' lang='lat' dir='ltr'><strong>duri</strong></span> <span class='ocrx_word' id='word_1_833' title='bbox 2766 4604 2962 4674; x_wconf 91' lang='lat' dir='ltr'><strong>judicis</strong></span> <span class='ocrx_word' id='word_1_834' title='bbox 3003 4609 3214 4662; x_wconf 89' lang='lat' dir='ltr'><strong>viduam</strong></span> <span class='ocrx_word' id='word_1_835' title='bbox 3257 4609 3415 4679; x_wconf 86' lang='lat' dir='ltr'><strong>(Luc.</strong></span> <span class='ocrx_word' id='word_1_836' title='bbox 3448 4612 3503 4678; x_wconf 90' lang='lat'><strong>8)</strong></span> <span class='ocrx_word' id='word_1_837' title='bbox 3537 4629 3821 4683; x_wconf 73' lang='lat' dir='ltr'><strong>superans,</strong></span> 
     </span>
    </p>
   </div>
   <div class='ocr_carea' id='block_1_110' title="bbox 2248 4695 3823 4773">
    <p class='ocr_par' dir='ltr' id='par_1_110' title="bbox 2248 4695 3823 4773">
     <span class='ocr_line' id='line_1_112' title="bbox 2248 4695 3823 4773; baseline 0.011 -25"><span class='ocrx_word' id='word_1_838' title='bbox 2248 4703 2300 4748; x_wconf 93' lang='lat' dir='ltr'><strong>ct</strong></span> <span class='ocrx_word' id='word_1_839' title='bbox 2326 4695 2610 4755; x_wconf 86' lang='lat' dir='ltr'><strong>multorum</strong></span> <span class='ocrx_word' id='word_1_840' title='bbox 2637 4697 2789 4764; x_wconf 82' lang='lat' dir='ltr'><strong>mihi,</strong></span> <span class='ocrx_word' id='word_1_841' title='bbox 2820 4697 2885 4753; x_wconf 95' lang='lat' dir='ltr'><strong>ad</strong></span> <span class='ocrx_word' id='word_1_842' title='bbox 2909 4717 3042 4770; x_wconf 87' lang='lat' dir='ltr'><strong>quos</strong></span> <span class='ocrx_word' id='word_1_843' title='bbox 3065 4713 3187 4758; x_wconf 88' lang='lat' dir='ltr'><strong>ante</strong></span> <span class='ocrx_word' id='word_1_844' title='bbox 3209 4719 3369 4773; x_wconf 90' lang='lat' dir='ltr'><strong>super</strong></span> <span class='ocrx_word' id='word_1_845' title='bbox 3394 4705 3580 4761; x_wconf 88' lang='lat' dir='ltr'><strong>eadem</strong></span> <span class='ocrx_word' id='word_1_846' title='bbox 3607 4711 3823 4765; x_wconf 77' lang='lat' dir='ltr'><strong>materia</strong></span> 
     </span>
    </p>
   </div>
   <div class='ocr_carea' id='block_1_111' title="bbox 2246 4784 3823 4863">
    <p class='ocr_par' dir='ltr' id='par_1_111' title="bbox 2246 4784 3823 4863">
     <span class='ocr_line' id='line_1_113' title="bbox 2246 4784 3823 4863; baseline 0.01 -25"><span class='ocrx_word' id='word_1_847' title='bbox 2246 4784 2584 4856; x_wconf 56' lang='lat' dir='ltr'><strong>scripseram,</strong></span> <span class='ocrx_word' id='word_1_848' title='bbox 2616 4789 2856 4858; x_wconf 76' lang='lat' dir='ltr'><strong>exempla</strong></span> <span class='ocrx_word' id='word_1_849' title='bbox 2883 4805 3206 4860; x_wconf 82' lang='lat' dir='ltr'><strong>preponcns,</strong></span> <span class='ocrx_word' id='word_1_850' title='bbox 3234 4793 3302 4848; x_wconf 92' lang='lat' dir='ltr'><strong>ita</strong></span> <span class='ocrx_word' id='word_1_851' title='bbox 3324 4793 3543 4849; x_wconf 86' lang='lat' dir='ltr'><strong>soll&#39;udit</strong></span> <span class='ocrx_word' id='word_1_852' title='bbox 3567 4799 3823 4863; x_wconf 79' lang='lat' dir='ltr'><strong>pudorem</strong></span> 
     </span>
    </p>
   </div>
   <div class='ocr_carea' id='block_1_112' title="bbox 2248 4877 3822 4959">
    <p class='ocr_par' dir='ltr' id='par_1_112' title="bbox 2248 4877 3822 4959">
     <span class='ocr_line' id='line_1_114' title="bbox 2248 4877 3822 4959; baseline 0.011 -30"><span class='ocrx_word' id='word_1_853' title='bbox 2248 4877 2511 4946; x_wconf 71' lang='lat' dir='ltr'><strong>ttvganlis,</strong></span> <span class='ocrx_word' id='word_1_854' title='bbox 2540 4887 2596 4939; x_wconf 91' lang='lat' dir='ltr'><strong>ut</strong></span> <span class='ocrx_word' id='word_1_855' title='bbox 2642 4879 2760 4946; x_wconf 87' lang='lat' dir='ltr'><strong>plus</strong></span> <span class='ocrx_word' id='word_1_856' title='bbox 2799 4881 3200 4944; x_wconf 82' lang='lat' dir='ltr'><strong>considerarent</strong></span> <span class='ocrx_word' id='word_1_857' title='bbox 3251 4885 3377 4955; x_wconf 88' lang='lat' dir='ltr'><strong>quid</strong></span> <span class='ocrx_word' id='word_1_858' title='bbox 3427 4887 3517 4945; x_wconf 86' lang='lat' dir='ltr'><strong>ille</strong></span> <span class='ocrx_word' id='word_1_859' title='bbox 3565 4901 3822 4959; x_wconf 79' lang='lat' dir='ltr'><strong>cuperet,</strong></span> 
     </span>
    </p>
   </div>
   <div class='ocr_carea' id='block_1_113' title="bbox 2245 4968 3225 5043">
    <p class='ocr_par' dir='ltr' id='par_1_113' title="bbox 2245 4968 3225 5043">
     <span class='ocr_line' id='line_1_115' title="bbox 2245 4968 3225 5043; baseline 0.014 -28"><span class='ocrx_word' id='word_1_860' title='bbox 2245 4983 2403 5036; x_wconf 82' lang='lat' dir='ltr'><strong>quam</strong></span> <span class='ocrx_word' id='word_1_861' title='bbox 2423 4969 2549 5037; x_wconf 92' lang='lat' dir='ltr'><strong>quid</strong></span> <span class='ocrx_word' id='word_1_862' title='bbox 2572 4984 2656 5023; x_wconf 89' lang='lat' dir='ltr'><strong>me</strong></span> <span class='ocrx_word' id='word_1_863' title='bbox 2682 4968 2860 5024; x_wconf 85' lang='lat' dir='ltr'><strong>facere</strong></span> <span class='ocrx_word' id='word_1_864' title='bbox 2885 4975 3225 5043; x_wconf 65' lang='lat' dir='ltr'><strong>conveniret.</strong></span> 
     </span>
    </p>
   </div>
   <div class='ocr_carea' id='block_1_114' title="bbox 2315 5059 3822 5140">
    <p class='ocr_par' dir='ltr' id='par_1_114' title="bbox 2315 5059 3822 5140">
     <span class='ocr_line' id='line_1_116' title="bbox 2315 5059 3822 5140; baseline 0.016 -29"><span class='ocrx_word' id='word_1_865' title='bbox 2315 5060 2371 5112; x_wconf 74' lang='lat'><strong>‘2.</strong></span> <span class='ocrx_word' id='word_1_866' title='bbox 2403 5060 2550 5114; x_wconf 78' lang='lat' dir='ltr'><strong>Alius</strong></span> <span class='ocrx_word' id='word_1_867' title='bbox 2578 5059 2802 5115; x_wconf 86' lang='lat' dir='ltr'><strong>forsitan</strong></span> <span class='ocrx_word' id='word_1_868' title='bbox 2835 5062 3016 5119; x_wconf 87' lang='lat' dir='ltr'><strong>laudet</strong></span> <span class='ocrx_word' id='word_1_869' title='bbox 3046 5065 3356 5131; x_wconf 78' lang='lat' dir='ltr'><strong>Nebridium</strong></span> <span class='ocrx_word' id='word_1_870' title='bbox 3381 5110 3394 5135; x_wconf 92' lang='lat'><strong>,</strong></span> <span class='ocrx_word' id='word_1_871' title='bbox 3440 5071 3583 5140; x_wconf 87' lang='lat' dir='ltr'><strong>quod</strong></span> <span class='ocrx_word' id='word_1_872' title='bbox 3621 5073 3692 5131; x_wconf 88' lang='lat' dir='ltr'><strong>de</strong></span> <span class='ocrx_word' id='word_1_873' title='bbox 3731 5090 3822 5134; x_wconf 80' lang='lat'><strong>$.0-</strong></span> 
     </span>
    </p>
   </div>
   <div class='ocr_carea' id='block_1_115' title="bbox 2244 5149 3824 5230">
    <p class='ocr_par' dir='ltr' id='par_1_115' title="bbox 2244 5149 3824 5230">
     <span class='ocr_line' id='line_1_117' title="bbox 2244 5149 3824 5230; baseline 0.011 -26"><span class='ocrx_word' id='word_1_874' title='bbox 2244 5149 2772 5220; x_wconf 82' lang='lat' dir='ltr'><strong>rore(g_)generatus</strong></span> <span class='ocrx_word' id='word_1_875' title='bbox 2790 5152 3060 5223; x_wconf 63' lang='lat' dir='ltr'><strong>Augustae,</strong></span> <span class='ocrx_word' id='word_1_876' title='bbox 3139 5157 3303 5230; x_wconf 60' lang='lat'><strong>599</strong></span> <span class='ocrx_word' id='word_1_877' title='bbox 3374 5169 3427 5215; x_wconf 89' lang='lat' dir='ltr'><strong>et</strong></span> <span class='ocrx_word' id='word_1_878' title='bbox 3451 5162 3502 5216; x_wconf 93' lang='lat' dir='ltr'><strong>in</strong></span> <span class='ocrx_word' id='word_1_879' title='bbox 3522 5175 3824 5223; x_wconf 80' lang='lat' dir='ltr'><strong>matertera:</strong></span> 
     </span>
    </p>
   </div>
   <div class='ocr_carea' id='block_1_116' title="bbox 2329 5261 3226 5326">
    <p class='ocr_par' dir='ltr' id='par_1_116' title="bbox 2329 5261 3226 5326">
     <span class='ocr_line' id='line_1_118' title="bbox 2329 5261 3226 5326; baseline 0.01 -16"><span class='ocrx_word' id='word_1_880' title='bbox 2329 5261 2380 5326; x_wconf 73' lang='lat' dir='ltr'><strong>tl]</strong></span> <span class='ocrx_word' id='word_1_881' title='bbox 2410 5261 2547 5326; x_wconf 48' lang='lat' dir='ltr'><strong>flius</strong></span> <span class='ocrx_word' id='word_1_882' title='bbox 2569 5263 2624 5326; x_wconf 70' lang='lat'><strong>9.</strong></span> <span class='ocrx_word' id='word_1_883' title='bbox 2643 5262 2829 5326; x_wconf 84' lang='lat' dir='ltr'><strong>Scripta</strong></span> <span class='ocrx_word' id='word_1_884' title='bbox 2852 5268 2984 5317; x_wconf 80' lang='lat' dir='ltr'><strong>circa</strong></span> <span class='ocrx_word' id='word_1_885' title='bbox 3007 5283 3088 5318; x_wconf 86' lang='lat' dir='ltr'><strong>an.</strong></span> <span class='ocrx_word' id='word_1_886' title='bbox 3116 5271 3226 5322; x_wconf 70' lang='grc'><strong>400.</strong></span> 
     </span>
    </p>
   </div>
   <div class='ocr_carea' id='block_1_117' title="bbox 2327 5322 3820 5397">
    <p class='ocr_par' dir='ltr' id='par_1_117' title="bbox 2327 5322 3820 5397">
     <span class='ocr_line' id='line_1_119' title="bbox 2327 5322 3820 5397; baseline 0.015 -27"><span class='ocrx_word' id='word_1_887' title='bbox 2327 5324 2370 5385; x_wconf 89' lang='lat' dir='ltr'><strong>e)</strong></span> <span class='ocrx_word' id='word_1_888' title='bbox 2410 5322 2480 5397; x_wconf 71' lang='lat' dir='ltr'><strong>Ita</strong></span> <span class='ocrx_word' id='word_1_889' title='bbox 2512 5322 2990 5397; x_wconf 38' lang='lat' dir='ltr'><strong>quidetnh&#39;ltominum</strong></span> <span class='ocrx_word' id='word_1_890' title='bbox 3017 5332 3254 5397; x_wconf 73' lang='lat' dir='ltr'><strong>impressi</strong></span> <span class='ocrx_word' id='word_1_891' title='bbox 3288 5336 3470 5397; x_wconf 85' lang='lat' dir='ltr'><strong>pariter</strong></span> <span class='ocrx_word' id='word_1_892' title='bbox 3494 5344 3545 5388; x_wconf 81' lang='lat' dir='ltr'><strong>et</strong></span> <span class='ocrx_word' id='word_1_893' title='bbox 3569 5339 3685 5390; x_wconf 75' lang='lat' dir='ltr'><strong>Mss.</strong></span> <span class='ocrx_word' id='word_1_894' title='bbox 3711 5341 3820 5392; x_wconf 83' lang='lat' dir='ltr'><strong>libri</strong></span> 
     </span>
    </p>
   </div>
   <div class='ocr_carea' id='block_1_118' title="bbox 2242 5383 3818 5463">
    <p class='ocr_par' dir='ltr' id='par_1_118' title="bbox 2242 5383 3818 5463">
     <span class='ocr_line' id='line_1_120' title="bbox 2242 5383 3818 5463; baseline 0.015 -37"><span class='ocrx_word' id='word_1_895' title='bbox 2242 5383 2413 5463; x_wconf 47' lang='lat' dir='ltr'><strong>euntes</strong></span> <span class='ocrx_word' id='word_1_896' title='bbox 2434 5383 2631 5463; x_wconf 53' lang='lat' dir='ltr'><strong>legunt,</strong></span> <span class='ocrx_word' id='word_1_897' title='bbox 2651 5387 2747 5435; x_wconf 87' lang='lat' dir='ltr'><strong>erit</strong></span> <span class='ocrx_word' id='word_1_898' title='bbox 2768 5395 2929 5463; x_wconf 73' lang='lat' dir='ltr'><strong>ttunen</strong></span> <span class='ocrx_word' id='word_1_899' title='bbox 2952 5393 3029 5440; x_wconf 92' lang='lat' dir='ltr'><strong>cui</strong></span> <span class='ocrx_word' id='word_1_900' title='bbox 3063 5383 3219 5454; x_wconf 72' lang='lat' dir='ltr'><strong>magis</strong></span> <span class='ocrx_word' id='word_1_901' title='bbox 3255 5383 3818 5463; x_wconf 53' lang='lat' dir='ltr'><strong>aindeai_,&quot;ni)im&quot;&#39;h£.§;</strong></span> 
     </span>
    </p>
   </div>
   <div class='ocr_carea' id='block_1_119' title="bbox 2241 5445 3822 5522">
    <p class='ocr_par' dir='ltr' id='par_1_119' title="bbox 2241 5445 3822 5522">
     <span class='ocr_line' id='line_1_121' title="bbox 2241 5445 3822 5522; baseline 0.015 -32"><span class='ocrx_word' id='word_1_902' title='bbox 2241 5445 2368 5522; x_wconf 63' lang='lat' dir='ltr'><strong>quod</strong></span> <span class='ocrx_word' id='word_1_903' title='bbox 2382 5454 2540 5522; x_wconf 51' lang='lat' dir='ltr'><strong>Iecte</strong></span> <span class='ocrx_word' id='word_1_904' title='bbox 2578 5459 2752 5495; x_wconf 86' lang='lat' dir='ltr'><strong>nomen</strong></span> <span class='ocrx_word' id='word_1_905' title='bbox 2779 5456 2830 5496; x_wconf 84' lang='lat' dir='ltr'><strong>et</strong></span> <span class='ocrx_word' id='word_1_906' title='bbox 2852 5462 2938 5522; x_wconf 78' lang='lat' dir='ltr'><strong>res</strong></span> <span class='ocrx_word' id='word_1_907' title='bbox 2957 5445 3351 5522; x_wconf 58' lang='lat' dir='ltr'><strong>oppriuaijt_ttr,et</strong></span> <span class='ocrx_word' id='word_1_908' title='bbox 3372 5445 3514 5522; x_wconf 63' lang='lat' dir='ltr'><strong>Simile</strong></span> <span class='ocrx_word' id='word_1_909' title='bbox 3541 5445 3822 5522; x_wconf 57' lang='grc' dir='ltr'><strong>έῑίίέᾶὸῖιῖιί</strong></span> 
     </span>
    </p>
   </div>
   <div class='ocr_carea' id='block_1_120' title="bbox 2241 5503 3823 5580">
    <p class='ocr_par' dir='ltr' id='par_1_120' title="bbox 2241 5503 3823 5580">
     <span class='ocr_line' id='line_1_122' title="bbox 2241 5503 3823 5580; baseline 0.015 -28"><span class='ocrx_word' id='word_1_910' title='bbox 2241 5503 2692 5580; x_wconf 41' lang='lat' dir='ltr'><strong>litterzaroccursum</strong></span> <span class='ocrx_word' id='word_1_911' title='bbox 2715 5519 2946 5580; x_wconf 63' lang='lat' dir='ltr'><strong>appareat</strong></span> <span class='ocrx_word' id='word_1_912' title='bbox 2968 5503 3115 5580; x_wconf 70' lang='lat' dir='ltr'><strong>fraudi</strong></span> <span class='ocrx_word' id='word_1_913' title='bbox 3141 5503 3288 5566; x_wconf 74' lang='lat' dir='ltr'><strong>fuisse</strong></span> <span class='ocrx_word' id='word_1_914' title='bbox 3309 5503 3823 5580; x_wconf 47' lang='lat' dir='ltr'><strong>auﬁdiiirtb&#39;fcégiii</strong></span> 
     </span>
    </p>
   </div>
   <div class='ocr_carea' id='block_1_121' title="bbox 2277 5564 3819 5647">
    <p class='ocr_par' dir='ltr' id='par_1_121' title="bbox 2277 5564 3819 5647">
     <span class='ocr_line' id='line_1_123' title="bbox 2277 5564 3819 5647; baseline 0.016 -38"><span class='ocrx_word' id='word_1_915' title='bbox 2277 5564 2529 5647; x_wconf 64' lang='lat' dir='ltr'><strong>ter</strong></span> <span class='ocrx_word' id='word_1_916' title='bbox 2553 5564 2764 5647; x_wconf 48' lang='lat' dir='ltr'><strong>lia-beant</strong></span> <span class='ocrx_word' id='word_1_917' title='bbox 2779 5564 2977 5647; x_wconf 69' lang='lat' dir='ltr'><strong>quidam</strong></span> <span class='ocrx_word' id='word_1_918' title='bbox 2996 5575 3192 5647; x_wconf 54' lang='lat' dir='ltr'><strong>codices</strong></span> <span class='ocrx_word' id='word_1_919' title='bbox 3212 5564 3819 5647; x_wconf 43' lang='lat' dir='ltr'><strong>gig’iIMuBgYJé&#39;R</strong></span> 
     </span>
    </p>
   </div>
   <div class='ocr_carea' id='block_1_122' title="bbox 2240 5579 3822 5698">
    <p class='ocr_par' dir='ltr' id='par_1_122' title="bbox 2240 5579 3822 5698">
     <span class='ocr_line' id='line_1_124' title="bbox 2240 5579 3819 5676; baseline 0.016 -65"><span class='ocrx_word' id='word_1_920' title='bbox 2240 5579 2365 5676; x_wconf 57' lang='grc' dir='ltr'>ἓιιοιι</span> <span class='ocrx_word' id='word_1_921' title='bbox 2388 5579 2529 5615; x_wconf 87' lang='lat' dir='ltr'><strong>auter</strong></span> <span class='ocrx_word' id='word_1_922' title='bbox 2553 5579 2764 5639; x_wconf 79' lang='lat' dir='ltr'><strong>habeant</strong></span> <span class='ocrx_word' id='word_1_923' title='bbox 2785 5579 2977 5643; x_wconf 74' lang='lat' dir='ltr'><strong>quidam</strong></span> <span class='ocrx_word' id='word_1_924' title='bbox 2996 5579 3192 5645; x_wconf 69' lang='lat' dir='ltr'><strong>codices</strong></span> <span class='ocrx_word' id='word_1_925' title='bbox 3212 5579 3486 5638; x_wconf 81' lang='lat' dir='ltr'><strong>unumun</strong></span> <span class='ocrx_word' id='word_1_926' title='bbox 3515 5595 3609 5644; x_wconf 86' lang='lat' dir='ltr'><strong>que</strong></span> <span class='ocrx_word' id='word_1_927' title='bbox 3650 5592 3703 5634; x_wconf 91' lang='lat' dir='ltr'><strong>et</strong></span> <span class='ocrx_word' id='word_1_928' title='bbox 3730 5584 3819 5647; x_wconf 79' lang='lat' dir='ltr'><strong>ju-</strong></span> 
     </span>
     <span class='ocr_line' id='line_1_125' title="bbox 2243 5619 3822 5698; baseline 0.016 -26"><span class='ocrx_word' id='word_1_929' title='bbox 2243 5619 2536 5698; x_wconf 25' lang='lat' dir='ltr'><strong>“mandatiin</strong></span> <span class='ocrx_word' id='word_1_930' title='bbox 2559 5628 2621 5685; x_wconf 83' lang='lat' dir='ltr'><strong>At</strong></span> <span class='ocrx_word' id='word_1_931' title='bbox 2659 5643 2704 5677; x_wconf 89' lang='grc' dir='ltr'><strong>ιιι</strong></span> <span class='ocrx_word' id='word_1_932' title='bbox 2737 5643 2979 5698; x_wconf 68' lang='lat' dir='ltr'><strong>sequenti</strong></span> <span class='ocrx_word' id='word_1_933' title='bbox 3019 5635 3170 5698; x_wconf 73' lang='lat' dir='ltr'><strong>hptst.</strong></span> <span class='ocrx_word' id='word_1_934' title='bbox 3215 5640 3295 5688; x_wconf 76' lang='grc'><strong>85.</strong></span> <span class='ocrx_word' id='word_1_935' title='bbox 3337 5640 3395 5688; x_wconf 85' lang='lat' dir='ltr'><strong>ad</strong></span> <span class='ocrx_word' id='word_1_936' title='bbox 3442 5642 3720 5695; x_wconf 81' lang='lat' dir='ltr'><strong>l’ammaclt.</strong></span> <span class='ocrx_word' id='word_1_937' title='bbox 3767 5656 3822 5697; x_wconf 89' lang='lat' dir='ltr'><strong>et</strong></span> 
     </span>
    </p>
   </div>
   <div class='ocr_carea' id='block_1_123' title="bbox 2239 5685 3819 5767">
    <p class='ocr_par' dir='ltr' id='par_1_123' title="bbox 2239 5685 3819 5767">
     <span class='ocr_line' id='line_1_126' title="bbox 2239 5685 3819 5767; baseline 0.004 -29"><span class='ocrx_word' id='word_1_938' title='bbox 2239 5685 2484 5767; x_wconf 38' lang='lat' dir='ltr'><strong>(legenti-unt</strong></span> <span class='ocrx_word' id='word_1_939' title='bbox 2507 5689 2571 5738; x_wconf 90' lang='lat' dir='ltr'><strong>de</strong></span> <span class='ocrx_word' id='word_1_940' title='bbox 2595 5685 2843 5767; x_wconf 63' lang='lat' dir='ltr'><strong>erroribus</strong></span> <span class='ocrx_word' id='word_1_941' title='bbox 2878 5685 3081 5767; x_wconf 63' lang='lat' dir='ltr'><strong>Origen&#39;.</strong></span> <span class='ocrx_word' id='word_1_942' title='bbox 3109 5685 3819 5767; x_wconf 51' lang='lat' dir='ltr'><strong>unumquodque:-</strong></span> 
     </span>
    </p>
   </div>
   <div class='ocr_carea' id='block_1_124' title="bbox 2238 5753 3544 5820">
    <p class='ocr_par' dir='ltr' id='par_1_124' title="bbox 2238 5753 3544 5820">
     <span class='ocr_line' id='line_1_127' title="bbox 2238 5753 3544 5820; baseline 0.011 -22"><span class='ocrx_word' id='word_1_943' title='bbox 2238 5760 2569 5820; x_wconf 50' lang='lat' dir='ltr'><strong>ocfs‘mtafum,</strong></span> <span class='ocrx_word' id='word_1_944' title='bbox 2594 5753 2680 5820; x_wconf 70' lang='lat' dir='ltr'><strong>sed</strong></span> <span class='ocrx_word' id='word_1_945' title='bbox 2702 5765 2862 5811; x_wconf 80' lang='lat' dir='ltr'><strong>rerth</strong></span> <span class='ocrx_word' id='word_1_946' title='bbox 2887 5753 3098 5814; x_wconf 66' lang='lat' dir='ltr'><strong>pondere</strong></span> <span class='ocrx_word' id='word_1_947' title='bbox 3109 5753 3432 5818; x_wconf 64' lang='lat' dir='ltr'><strong>judicaudw&#39;n</strong></span> <span class='ocrx_word' id='word_1_948' title='bbox 3454 5753 3544 5814; x_wconf 68' lang='lat' dir='ltr'><strong>est.</strong></span> 
     </span>
    </p>
   </div>
   <div class='ocr_carea' id='block_1_125' title="bbox 2304 5807 3636 5930">
    <p class='ocr_par' dir='ltr' id='par_1_125' title="bbox 2304 5807 3636 5930">
     <span class='ocr_line' id='line_1_128' title="bbox 2304 5807 3636 5930; baseline 0.019 -77"><span class='ocrx_word' id='word_1_949' title='bbox 2304 5807 2362 5930; x_wconf 43' lang='lat' dir='ltr'><strong>(ﬂ</strong></span> <span class='ocrx_word' id='word_1_950' title='bbox 2404 5807 2773 5862; x_wconf 30' lang='lat' dir='ltr'><strong>Aliter‘diritein</strong></span> <span class='ocrx_word' id='word_1_951' title='bbox 2798 5807 3059 5874; x_wconf 73' lang='lat' dir='ltr'><strong>pauperem</strong></span> <span class='ocrx_word' id='word_1_952' title='bbox 3081 5807 3636 5883; x_wconf 35' lang='lat' dir='ltr'><strong>nescientem—ipsathe.</strong></span> 
     </span>
     <span class='ocr_line' id='line_1_129' title="bbox 2327 5868 3636 5930; baseline 0.008 -11"><span class='ocrx_word' id='word_1_953' title='bbox 2327 5868 2379 5930; x_wconf 82' lang='lat' dir='ltr'><strong>g)</strong></span> <span class='ocrx_word' id='word_1_954' title='bbox 2405 5870 2568 5922; x_wconf 81' lang='lat' dir='ltr'><strong>Totam</strong></span> <span class='ocrx_word' id='word_1_955' title='bbox 2593 5878 3046 5930; x_wconf 66' lang='lat' dir='ltr'><strong>prosotmgratnbiam</strong></span> <span class='ocrx_word' id='word_1_956' title='bbox 3067 5881 3174 5930; x_wconf 70' lang='lat' dir='ltr'><strong>heir</strong></span> <span class='ocrx_word' id='word_1_957' title='bbox 3192 5882 3346 5930; x_wconf 81' lang='lat' dir='ltr'><strong>semel</strong></span> <span class='ocrx_word' id='word_1_958' title='bbox 3372 5892 3422 5930; x_wconf 87' lang='lat' dir='ltr'><strong>et</strong></span> <span class='ocrx_word' id='word_1_959' title='bbox 3443 5890 3636 5930; x_wconf 68' lang='lat' dir='ltr'><strong>naut-is:</strong></span> 
     </span>
    </p>
   </div>
   <div class='ocr_carea' id='block_1_126' title="bbox 2327 5868 3811 5955">
    <p class='ocr_par' dir='ltr' id='par_1_126' title="bbox 2327 5868 3811 5955">
     <span class='ocr_line' id='line_1_130' title="bbox 2327 5868 3811 5955; baseline 0.016 -37"><span class='ocrx_word' id='word_1_960' title='bbox 2327 5868 2379 5932; x_wconf 84' lang='lat' dir='ltr'><strong>g)</strong></span> <span class='ocrx_word' id='word_1_961' title='bbox 2405 5870 2568 5922; x_wconf 80' lang='lat' dir='ltr'><strong>Totam</strong></span> <span class='ocrx_word' id='word_1_962' title='bbox 2592 5868 3046 5939; x_wconf 65' lang='lat' dir='ltr'><strong>prosowgrapbiam</strong></span> <span class='ocrx_word' id='word_1_963' title='bbox 3067 5868 3174 5930; x_wconf 72' lang='lat' dir='ltr'><strong>huic</strong></span> <span class='ocrx_word' id='word_1_964' title='bbox 3192 5868 3360 5934; x_wconf 22' lang='lat' dir='ltr'><strong>semicl—</strong></span> <span class='ocrx_word' id='word_1_965' title='bbox 3372 5868 3428 5936; x_wconf 79' lang='lat' dir='ltr'><strong>éi</strong></span> <span class='ocrx_word' id='word_1_966' title='bbox 3438 5868 3811 5955; x_wconf 68' lang='lat' dir='ltr'><strong>accipe,</strong></span> 
     </span>
    </p>
   </div>
  </div>
