4106 6340
337 397 440 460 ηις

337 509 567 575 nutritus
593 511 713 566 sinu
741 509 846 582 (a),
875 507 1228 565 invictissime
1245 507 1478 580 Principi
1505 509 1576 566 ita
1595 524 1752 565 carus
1777 509 1897 577 fuit,
1923 529 1926 532 θ

333 613 392 659 ut
418 602 466 657 ei
494 602 776 679 conjugem
802 601 1186 657 nobilissimam
1209 610 1506 672 quaereret,
1548 611 1603 657 et
1643 602 1796 658 bellis
1821 603 1908 657 ci-

331 693 522 748 vilibus
549 692 782 748 Africam
821 691 1169 748 dissidentem
1195 733 1211 757 ,
1251 692 1352 747 hac
1376 693 1525 748 velut
1568 693 1755 749 obside
1803 693 1904 748 sibi

330 784 487 841 fidam
513 782 782 838 redderet.
812 782 940 838 Mihi
964 798 993 836 a
1017 783 1282 854 principio
1303 783 1482 838 statim
1514 783 1642 838 illud
1666 791 1748 838 est
1770 797 1906 852 pra:-

329 875 631 942 dicandum,
664 875 804 946 quod
831 876 981 946 quasi
1006 875 1196 930 vicinae
1223 876 1414 930 mortis
1454 876 1729 946 praescius,
1763 875 1904 930 inter

327 967 586 1038 fulgorem
615 967 838 1036 palatii,
875 976 931 1023 et
959 966 1226 1023 honorum
1253 967 1483 1023 culmina
1526 983 1646 1038 qua:
1689 976 1900 1022 :etatem

325 1056 619 1125 anteibant,
648 1058 726 1113 sic
757 1059 909 1121 vixit,
933 1068 992 1114 ut
1020 1072 1080 1114 se
1104 1059 1170 1114 ad
1201 1058 1471 1115 Christum
1498 1059 1745 1115 crederet
1773 1072 1900 1128 pro-

325 1151 606 1207 lecturum.
630 1150 791 1207 Sacra
819 1159 1000 1206 narrat
1029 1150 1272 1215 historia,
1301 1151 1607 1206 Cornelium
1631 1150 1902 1206 centurio,

325 1255 446 1297 nem
469 1240 706 1297 cohortis
734 1239 929 1298 Italica:
947 1242 998 1295 in
1019 1249 1222 1296 tantum
1245 1251 1522 1310 acceptum
1548 1241 1678 1307 Deo,
1708 1249 1765 1294 ut
1789 1242 1901 1294 An-
1927 1310 1930 1312 γ

322 1332 498 1403 gelum
541 1333 609 1387 ad
653 1348 774 1388 eum
818 1334 1089 1400 mitteret,
1121 1343 1175 1388 et
1214 1349 1374 1389 omne
1405 1335 1753 1405 mysterium,
1793 1348 1898 1403 quo

322 1424 511 1481 Petrus
549 1424 617 1481 de
643 1426 1068 1482 circumcisionis
1097 1427 1357 1496 angustiis
1384 1425 1805 1480 transferebatur
1829 1423 1896 1478 ad

321 1517 562 1588 prmputii
609 1517 940 1573 latitudinem
963 1560 978 1585 ,
1020 1517 1086 1572 ad
1114 1518 1256 1572 illius
1283 1521 1469 1572 merita
1499 1518 1765 1587 pertinere
1795 1515 1895 1570 do-

320 1618 500 1674 ceret,
545 1608 636 1680 qui
681 1608 886 1678 primus
909 1609 979 1663 ab
1023 1609 1278 1679 Apostolo
1308 1608 1633 1678 baptizatus,
1669 1609 1892 1662 salutem

319 1700 566 1756 Gentium
597 1701 883 1756 dedicavit.
916 1701 1291 1772 Scriptumque
1320 1711 1402 1756 est
1438 1702 1504 1757 de
1533 1716 1597 1756 eo
1625 1719 1638 1754 :
1668 1701 1796 1754 Erat
1823 1706 1898 1755 vtr

318 1793 522 1862 quidam
543 1793 596 1847 in
617 1792 866 1860 Ctesarea,
897 1794 1097 1847 nomine
1122 1793 1400 1857 Cornelius,
1430 1794 1655 1846 centurio
1677 1793 1895 1846 cohortis

318 1900 430 1952 qua
455 1886 638 1940 dicitur
669 1885 887 1952 Italica,
924 1887 1222 1956 religiosus,
1266 1895 1312 1940 et
1356 1887 1532 1940 timens
1574 1883 1740 1938 Deum
1779 1901 1896 1937 cum
1951 1950 1954 1954 t

317 1977 456 2030 omni
483 1977 632 2032 domo
668 1995 794 2044 sua,
837 1980 1029 2056 faciens
1058 1978 1399 2048 eleemosyuas
1436 1975 1621 2029 multas
1651 1975 1815 2046 plebi,
1846 1984 1897 2028 et

317 2085 470 2124 orans
500 2068 662 2124 Deum
699 2086 892 2140 semper
930 2069 1066 2142 (Act.
1101 2069 1186 2125 10.
1223 2070 1274 2124 1.
1302 2067 1380 2136 2).
1414 2067 1678 2146 Quidquid
1709 2067 1773 2121 de
1803 2067 1894 2121 illo

316 2158 531 2226 dicitur,
579 2159 682 2216 hoc
727 2161 942 2225 nomine
982 2168 1342 2223 commutato,
1390 2159 1441 2213 in
1486 2158 1736 2212 Nebridio
1773 2172 1898 2212 meo

315 2249 548 2304 vindico.
589 2249 678 2305 Sic
706 2251 982 2321 religiosus
1012 2251 1142 2316 fuit,
1176 2259 1230 2305 et
1258 2259 1464 2304 amator
1505 2249 1802 2320 pudicitia),
1838 2259 1897 2302 ut

318 2341 470 2411 virgo
497 2342 778 2396 sortiretur
802 2358 1020 2397 uxorem
1051 2359 1064 2394 :
1099 2343 1174 2396 sic
1204 2341 1398 2395 timens
1426 2341 1589 2395 Deum
1617 2356 1738 2395 cum
1770 2340 1894 2395 uni-

313 2449 469 2490 versa
485 2435 647 2490 domo
659 2449 774 2500 sua,
792 2445 849 2488 ut
863 2434 1061 2489 oblitus
1079 2434 1372 2503 dignitatis,
1390 2447 1548 2488 omne
1563 2433 1890 2496 consortium

311 2542 435 2582 cum
464 2526 738 2580 Monachis
767 2525 985 2580 haberet
1014 2534 1067 2580 et
1118 2523 1339 2579 Clericis
1369 2542 1382 2578 :
1417 2533 1695 2594 tantasque
1743 2525 1888 2579 eiee-

310 2633 568 2690 mosynas
597 2618 794 2672 laceret
823 2617 876 2671 in
909 2617 1119 2687 p0pulis
1139 2658 1154 2683 ,
1185 2623 1243 2671 ut
1269 2615 1412 2671 fores
1441 2616 1558 2684 ejus
1599 2627 1888 2685 pauperum

309 2725 376 2774 ac
417 2708 674 2764 debilium
716 2707 1022 2763 obsiderent
1061 2707 1329 2763 examina.
1361 2705 1518 2761 Certe
1558 2708 1636 2761 sic
1678 2721 1891 2775 semper

308 2814 477 2858 orans
503 2798 705 2869 Deum,
733 2808 790 2856 ut
817 2799 891 2856 illi
934 2798 1074 2872 quod
1116 2801 1374 2870 optimum
1407 2807 1583 2866 esset,
1628 2796 1886 2854 eveniret.

308 2894 513 2967 Raptus
535 2903 638 2959 est,
671 2910 734 2947 ne
759 2894 951 2947 malitia
981 2901 1190 2946 mutaret
1220 2901 1432 2946 mentem
1464 2893 1602 2962 ejus,
1632 2891 1751 2959 quia
1777 2887 1891 2959 pla-

307 2989 409 3040 cita
445 2995 553 3040 erat
582 2984 690 3040 Deo
718 2986 888 3039 anima
925 2985 1063 3038 illius
1091 2984 1256 3054 (Sap.
1286 2984 1340 3037 4.
1374 2983 1482 3053 ll).
1521 2980 1670 3037 Unde
1707 2990 1760 3035 et
1789 2993 1887 3049 ego

308 3093 524 3150 possum
551 3093 711 3149 super
731 3093 798 3134 eo
822 3093 950 3133 vere
969 3079 1114 3131 abuti
1137 3076 1376 3146 Apostoli
1407 3089 1537 3129 voce
1562 3115 1577 3140 ,
1607 3072 1834 3127 dicentis
1868 3087 1882 3125 :

308 3171 373 3236 In
402 3173 607 3226 veritate
631 3171 874 3241 cognovi,
903 3170 1141 3240 quoniam
1187 3185 1286 3220 non
1316 3178 1388 3220 est
1424 3180 1757 3236 personarum
1792 3179 1884 3216 ac—

306 3275 477 3336 ceptor
500 3264 634 3328 Deus
650 3281 671 3331 ;
699 3266 789 3317 sed
813 3263 864 3316 in
891 3263 1027 3316 onmi
1051 3262 1328 3331 preposito,
1356 3263 1441 3328 qui
1470 3261 1604 3312 timet
1629 3257 1810 3317 Deum,
1839 3264 1886 3310 et

305 3368 544 3428 operatur
563 3357 834 3429 justitiam,
863 3365 1096 3429 acceptus
1125 3365 1195 3408 est
1226 3356 1303 3408 illi
1324 3353 1461 3427 (Act.
1490 3353 1574 3408 10.
1601 3353 1715 3421 54).
1739 3349 1881 3404 Nihil

305 3429 486 3514 nocuit
513 3448 758 3502 militanti
785 3447 1251 3519 paludamentum,
1286 3457 1338 3502 et
1367 3445 1612 3501 baltheus
1634 3487 1648 3511 ,
1691 3454 1745 3499 et
1770 3444 1882 3513 Ap-

305 3541 597 3612 pnritorum
628 3550 857 3600 caterva:
887 3557 900 3593 :
934 3541 1055 3611 quia
1086 3540 1186 3594 sub
1230 3539 1410 3602 habitu
1442 3538 1694 3604 alterius,
1726 3537 1882 3592 alteri

303 3615 584 3689 militabat.
632 3633 836 3690 Sicute
879 3633 1149 3690 contrario
1188 3633 1309 3686 aliis
1350 3632 1481 3688 nihil
1530 3631 1749 3702 prodest
1779 3631 1882 3687 vile

303 3727 599 3796 palliolum,
633 3727 778 3784 furva
809 3727 1006 3792 tunica,
1034 3726 1277 3796 corporis
1307 3725 1536 3788 illuvies,
1560 3734 1614 3779 et
1635 3725 1882 3788 simulata

304 3827 611 3886 paupertas,
643 3819 686 3872 si
714 3818 943 3872 nominis
969 3816 1280 3886 dignitatem
1304 3815 1555 3886 Operibus
1579 3816 1878 3870 destruant.

303 3908 570 3978 Legimus,
591 3920 646 3964 et
717 3909 877 3980 500
951 3911 1000 3963 in
1028 3908 1319 3978 Evangeiio
1345 3907 1412 3963 de
1438 3909 1544 3963 alio
1571 3910 1885 3964 centurione

304 3999 511 4069 Domini
542 3999 936 4054 testimonium:
964 3998 1012 4052 Ν
1020 4015 1072 4052 ec
1087 3999 1138 4052 in
1157 3997 1323 4052 Israel
1339 4009 1530 4051 tantum
1552 3999 1704 4068 ﬁdem
1722 4000 1884 4054 inveni

303 4090 518 4162 (Matth.
543 4092 595 4161 8.
622 4091 734 4162 10).
765 4093 826 4146 Ει
855 4100 912 4146 ut
936 4091 1003 4145 ad
1031 4091 1307 4162 superiora
1333 4090 1636 4158 redeamus,
1662 4091 1881 4161 Joseph,

302 4185 390 4256 qui
417 4192 471 4238 et
502 4185 552 4237 in
576 4192 811 4255 egeSIate
839 4192 892 4238 et
918 4183 970 4238 in
999 4181 1196 4237 divitiis
1225 4182 1371 4238 dedit
1391 4183 1756 4252 experimenta
1778 4184 1884 4238 vir-

304 4259 505 4348 tutum,
538 4278 627 4350 qui
657 4286 707 4332 et
747 4291 936 4345 servus
978 4285 1033 4342 et
1056 4275 1340 4343 dominus,
1371 4276 1552 4332 docuit
1593 4276 1784 4330 animae
1815 4275 1882 4330 ii-

304 4367 586 4440 bertatem,
618 4384 794 4425 nonne
818 4378 935 4439 post
962 4356 1294 4426 PharaOnetu
1322 4368 1480 4440 regiis
1513 4377 1730 4422 ornatus
1756 4367 1883 4422 insi-

302 4540 566 4606 Nebridius
610 4556 730 4604 ergo
745 4548 908 4606 pater,
932 4557 1028 4606 quo
1051 4559 1161 4594 cum
1183 4543 1350 4595 iiuima
1369 4543 1716 4595 necessitudine
1740 4556 1882 4604 copu-

302 4605 454 4669 latum
475 4605 625 4669 fuisse
647 4617 702 4654 se
724 4605 917 4669 dixerat
937 4605 1076 4669 modo
1097 4607 1437 4669 Hieronymus,
1459 4607 1542 4669 ille
1568 4607 1758 4669 videtur
1780 4606 1880 4655 Ne-

302 4667 508 4727 bridius,
528 4666 716 4729 dequo
739 4665 1298 4729 interdum_Ammianus'
1317 4668 1626 4729 Marcellinus
1647 4667 1880 4729 loquitur,

304 4725 358 4777 et
380 4739 506 4788 abbo
525 4725 951 4788 565.1‘rigfectutn
988 4727 1218 4774 Przelorio
1243 4741 1332 4788 per
1354 4728 1609 4777 Orientem
1636 4725 1784 4777 luisse
1805 4725 1882 4776 di;

303 4791 389 4838 cit.
412 4785 571 4849 Hujus
593 4785 717 4834 ﬁlius
739 4785 1001 4835 Nebridius
1032 4787 1194 4848 junior
1229 4785 1444 4849 Salvinae
1467 4797 1645 4837 nostra:
1681 4789 1883 4839 maritus

443 4848 1212 4927 generatus'efgorore‘x‘ugustw.
1239 4857 1354 4927 pulta
1376 4848 1517 4927 Λέρῳ.
1536 4849 1748 4927 elocuta;
1773 4864 1884 4923 con:

305 4907 716 4973 iiigis’fheodosii
740 4907 1128 4973 Magni.ASal_vina
1152 4907 1270 4973 vero
1294 4907 1388 4957 lilia
1412 4909 1626 4958 Gildonis
1649 4916 1774 4967 erat,
1799 4913 1883 4972 qui

347 4923 433 4973 lng
455 4923 484 4960 '1
497 4923 716 4959 ueoaosn
741 4923 916 5018 magni.
937 4923 1128 4957 :amna
1152 4923 1270 4957 vero
1294 4923 1388 4957 una
1412 4923 1626 4958 unuoms
1649 4923 1774 4967 erat,
1799 4924 1883 4972 qui

347 4973 452 5020 irmi
478 4971 775 5021 Mauritania:
858 4971 966 5032 egis
1003 4970 1152 5018 frater
1174 4969 1291 5027 fuit,
1333 4982 1492 5032 eoque
1534 4979 1722 5032 mortuo
1759 4985 1885 5022 armo

303 5033 413 5096 3'15.
451 5047 659 5096 regnum
699 5034 793 5096 sub
829 5031 1460 5096 Romanorum;patrocinio
1484 5034 1656 5096 tenuit.
1691 5031 1768 5081 De
1809 5033 1885 5084 his

305 5090 443 5168 plura
467 5090 852 5168 apudnam-ian.
875 5091 1141 5168 hiarcellin.
1170 5090 1253 5143 lib.
1382 5107 1486 5168 cap.
1513 5095 1560 5142 5.
1588 5102 1799 5168 etscgq.

375 5156 439 5220 (α)
477 5151 713 5220 Nimirum
734 5151 1010 5220 Theodosio
1032 5153 1223 5220 Magno,
1247 5157 1328 5218 qui
1355 5151 1601 5220 (xisiguam
1621 5155 1696 5220 (de
1723 5151 1884 5204 Firmo

307 5216 525 5280 Gildbuis
547 5218 695 5276 fratre
718 5216 1062 5278 triumphasset
1082 5219 1208 5268 circa
1227 5216 1405 5266 annum
1418 5218 1527 5266 57L.
1549 5219 1883 5280 quinquennio

309 5287 416 5340 post
437 5279 500 5342 ad
521 5279 775 5342 imperi_um
814 5277 1033 5342 evectus,
1061 5286 1301 5342 metuens.
1331 5293 1394 5328 ne
1431 5279 1522 5328 sub
1557 5277 1763 5342 Gildo'ne
1789 5282 1882 5328 ite-

305 5337 414 5402 rum
437 5337 601 5390 Africa
629 5352 657 5389 a
677 5339 908 5402 Romanis
941 5337 1204 5402 deﬁceret,
1250 5340 1488 5402 Nepotem
1529 5353 1668 5390 suum
1706 5341 1881 5391 Nebri-

305 5401 437 5450 dium
461 5401 670 5455 Salvinae
707 5401 925 5463 Gildouis
959 5398 1079 5463 filiae
1098 5398 1352 5463 coniugem
1373 5403 1526 5462 dedit,
1553 5411 1605 5452 et
1638 5404 1726 5454 hac
1748 5403 1884 5455 velut

305 5464 477 5528 obside
503 5464 650 5528 pacis,
675 5461 998 5528 Africamsibi
1022 5461 1161 5528 ﬁdam
1183 5461 1407 5528 reddidit,
1433 5461 1657 5528 quamdiu
1675 5466 1781 5528 ipse
1803 5478 1882 5514 re-

343 5478 477 5513 Dstue
533 5478 650 5521 acts,
675 5478 886 5511 Alricum
907 5478 998 5511 smt
1022 5478 1161 5520 uuam
1183 5478 1407 5521 reautun,
1469 5478 1657 5514 uamum
1675 5478 1781 5528 Ipse
1803 5478 1882 5514 re-

343 5527 487 5574 navit.
503 5478 703 5575 genum
727 5523 859 5573 enim
883 5522 1182 5573 Gildonicum
1202 5526 1356 5573 tribus
1386 5478 1556 5576 suitem
1581 5529 1719 5576 annis
1755 5533 1830 5575 est
1853 5540 1882 5577 a

337 5585 561 5636 ‘heodosii
585 5590 763 5650 morte.
787 5583 914 5634 Hinc
951 5583 1074 5650 infra
1104 5585 1286 5650 dicitur
1307 5585 1600 5650 Hieronymo
1621 5589 1884 5638 Nebridius

314 5663 338 5692 ι
359 5647 736 5712 contubernalis,
764 5655 816 5697 et
851 5646 1205 5712 condiscipulus
1228 5646 1668 5712 Augustorum..."
1695 5650 1882 5712 Purpu~

307 5714 519 5782 fatorum
532 5709 1053 5782 Διιι-ςξρὶιιιιιιιιξρ.εοείιιδ,
1078 5708 1416 5782 consobripos,
1439 5709 1618 5782 iisdem
1637 5724 1745 5782 cum
1778 5708 1880 5782 ain-

309 5767 475 5832 bobus
503 5767 676 5832 studiis
715 5767 963 5829 eruditus,
986 5781 1149 5832 siquae
1191 5769 1257 5818 de
1297 5767 1528 5832 Arcadio,
1575 5779 1627 5822 ct
1669 5772 1882 5824 liouorio

311 5825 569 5888 Theodosii
593 5831 752 5895 Magni
776 5833 884 5882 [iliis
907 5825 1220 5895 intelligenda
1243 5840 1370 5883 sunt.

1638 391 1968 451 EPISTOLA
2009 391 2221 451 LXXIX
2236 345 2274 452 .-

3486 409 3588 466 726

2014 510 2204 580 gnibus
2223 552 2238 576 .
2268 511 2346 568 sic
2375 510 2487 569 Deo
2514 526 2670 571 carus
2702 514 2832 588 fuit,
2863 527 2918 575 ut
2947 534 3110 592 super
3137 537 3325 580 omnes
3351 521 3626 582 Patriar-"

2010 599 2168 668 chas,
2213 601 2439 657 duarum
2485 605 2718 661 tribuum
2761 617 2909 677 pater
2937 613 3131 668 fieret?
3176 613 3356 671 Daniel
3385 625 3440 671 et
3477 625 3586 673 tres

2010 692 2158 761 pueri
2181 693 2259 748 sic
2283 704 2546 764 prmerant
2567 695 2870 769 Babylonia:
2896 700 2972 771 (b)
3001 703 3212 773 opibus,
3244 715 3298 762 et
3324 706 3402 761 sic
3434 717 3586 762 erant

2009 780 2148 836 inter
2170 783 2436 854 principes
2462 785 2726 853 civitatis,
2767 795 2826 842 ut
2859 788 3039 844 habitu
3067 791 3585 862 Nabuchodonosor,

2008 870 2120 926 Deo
2163 882 2344 930 mente
2386 875 2672 932 servirent.
2717 877 3080 937 Mardochteus
3121 892 3177 939 et
3222 885 3416 942 Esther
3444 888 3576 944 inter

2008 975 2295 1032 purpuram
2314 1005 2330 1028 ,
2357 965 2584 1020 sericum
2606 1005 2620 1030 ,
2647 975 2701 1022 et
2729 982 2969 1038 gemmas
2986 1011 3002 1034 ,
3032 973 3335 1041 superbiam
3365 975 3580 1032 humili-

2004 1059 2116 1107 tate
2144 1053 2414 1122 vicerunt,
2445 1058 2686 1128 tantique
2707 1058 2857 1117 fuere
2880 1061 3080 1131 meriti,
3109 1071 3168 1118 ut
3192 1067 3385 1136 captivi
3411 1069 3597 1127 victow

2003 1139 2103 1195 bus
2133 1142 2479 1212 imperarent.

2073 1232 2127 1287 5.
2175 1231 2302 1288 Haec
2331 1234 2460 1290 illud
2489 1237 2658 1292 tendit
2684 1241 2892 1310 oratio,
2921 1251 2980 1299 ut
3018 1245 3298 1302 ostendam
3331 1265 3580 1320 iuvenem

2001 1336 2177 1376 meum
2199 1326 2627 1395 conjunctionem
2650 1333 2844 1401 regalis
2866 1337 3160 1406 sanguinis,
3184 1350 3238 1396 et
3257 1340 3580 1400 afﬂuentiam

2000 1410 2301 1468 divitiarum
2323 1457 2338 1478 ,
2370 1426 2530 1488 atque
2561 1419 2786 1492 insignia
2817 1428 3095 1493 potestatis
3115 1469 3129 1492 ,
3173 1434 3453 1487 materiam
3483 1434 3581 1488 ha-

1999 1501 2183 1598 buisse
2208 1507 2464 1598 virtutum
2486 1552 2500 1576 ,
2542 1511 2754 1570 dicente
2784 1515 3109 1576 Ecclesiaste
3137 1539 3150 1574 :
3186 1523 3331 1578 Sicut
3370 1531 3580 1598 protegit

1999 1595 2249 1663 sapientia
2269 1635 2283 1660 ,
2327 1599 2400 1651 sic
2441 1603 2654 1672 protegit
2695 1613 2744 1657 et
2786 1609 3000 1674 pecunia
3030 1610 3216 1677 (Eccl.
3247 1615 3299 1667 7.
3329 1615 3439 1684 15).
3470 1595 3580 1674 Nec

1998 1686 2177 1740 statim
2232 1688 2359 1742 illud
2403 1689 2528 1747 huic
2584 1695 2889 1753 testimonio
2937 1710 3186 1770 putemus
3235 1706 3517 1764 adversum
3563 1731 3578 1765 :

1998 1774 2158 1829 Amen
2187 1777 2300 1832 dico
2326 1781 2461 1836 vobis
2480 1824 2494 1848 ,
2527 1784 2728 1855 difficile
2753 1787 2892 1842 dives
2921 1791 3127 1846 intrabit
3152 1795 3204 1848 in
3246 1813 3454 1867 regnum
3479 1817 3578 1854 cae-

1999 1867 2164 1923 lorum
2205 1872 2431 1943 (Illatth.
2464 1877 2550 1932 19.
2576 1878 2667 1934 25.
2699 1880 2817 1949 24).
2863 1882 2929 1937 Ει
2958 1899 3171 1940 rursum
3201 1906 3214 1942 :
3244 1887 3372 1942 Dico
3409 1891 3576 1957 vobis,

1998 1960 2200 2028 facilius
2238 1972 2311 2016 est
2337 1967 2582 2021 camelum
2613 1987 2702 2037 per
2730 1971 2962 2040 foramen
2989 1992 3108 2030 acus
3149 1980 3396 2044 transire,
3427 1998 3576 2052 quam

1998 2049 2198 2144 divitem
2223 2056 2411 2110 intrare
2435 2059 2487 2111 in
2514 2075 2721 2131 regnum
2741 2064 2980 2119 caelorum
3011 2067 3204 2135 (Marc.
3234 2071 3319 2124 10.
3343 2049 3571 2144 2495).

1997 2141 2243 2212 Alioquin
2271 2145 2527 2204 Zaclueus
2552 2152 2885 2220 publicanos,
2909 2172 3065 2226 quem
3089 2159 3409 2216 ditissimum
3433 2141 3574 2222 com-

1999 2248 2261 2292 memorat
2287 2239 2581 2311 Scriptura,
2615 2255 2800 2302 contra
2829 2248 2967 2304 hanc
2995 2254 3315 2308 sententiam
3343 2256 3576 2314 salvatus

1997 2327 2281 2384 videbitur.
2309 2331 2414 2387 Sed
2440 2335 2710 2404 quomodo
2731 2339 2872 2408 quod
2899 2341 3038 2410 apud
3063 2343 3304 2399 homines
3331 2347 3574 2416 impossi-

1996 2417 2104 2473 bile
2129 2430 2232 2484 est,
2255 2423 2393 2491 apud
2429 2425 2588 2480 Deum
2617 2429 2868 2496 possibile
2892 2430 3002 2499 fiat,
3027 2434 3267 2502 Apostoli
3290 2439 3572 2493 consilium

1996 2509 2153 2565 docet
2189 2513 2469 2570 scribentis
2498 2517 2564 2570 ad
2605 2518 2964 2575 Timotheum.
3009 2523 3262 2581 Divitibus
3291 2527 3445 2600 hujus
3475 2547 3576 2584 sees

1993 2601 2098 2654 culi
2117 2605 2352 2673 principe,
2378 2623 2478 2660 non
2506 2611 2715 2679 superbe
2733 2627 2930 2681 sapere,
2964 2630 3056 2667 nec
3079 2632 3284 2684 sperare
3304 2618 3355 2671 in
3383 2619 3573 2672 incerto

1993 2691 2280 2747 divitiarum
2307 2713 2545 2764 suarum,
2575 2699 2664 2752 sed
2693 2701 2746 2753 in
2776 2699 2884 2754 Deo
2917 2704 3045 2770 vivo,
3078 2707 3166 2773 qui
3194 2717 3400 2774 prtestat
3431 2710 3573 2762 nobis

1992 2784 2161 2837 omnia
2185 2786 2500 2841 abundanter
2519 2791 2586 2842 ad
2613 2792 2885 2862 fruendum
2916 2795 2934 2864 (
2944 2796 2990 2850 1.
3020 2794 3150 2849 Tim.
3175 2797 3230 2853 6.
3266 2801 3371 2870 i7).
3405 2801 3573 2857 Bene-

1989 2872 2203 2938 faciant,
2231 2875 2426 2931 divites
2447 2879 2552 2950 sint
2577 2880 2628 2932 in
2652 2883 2909 2950 operibus
2933 2885 3105 2950 bonis,
3137 2887 3291 2942 facile
3319 2889 3569 2957 tribuant;

1989 2967 2402 3033 communicent,
2437 2968 2800 3026 theSaurizent
2821 2974 2920 3028 sibi
2945 2974 3350 3033 fundamentum
3374 2981 3569 3036 bonum

1992 3057 2042 3112 in
2070 3057 2337 3125 futurum,
2383 3070 2440 3116 ut
2477 3063 2883 3133 apprehendant
2916 3083 3096 3124 veram
3137 3071 3321 3126 vitam.
3373 3075 3572 3130 Didici-

1988 3165 2108 3204 mus
2136 3153 2405 3222 quomodo
2444 3157 2684 3212 camelos
2715 3158 2934 3216 introire
2977 3163 3143 3232 possit
3189 3180 3285 3234 per
3333 3166 3570 3224 foramen

1987 3257 2113 3295 acus
2146 3261 2159 3296 :
2191 3246 2460 3313 quomodo
2484 3245 2553 3320 (c)
2581 3249 2779 3304 animal
2804 3259 3125 3322 tortuosum,
3158 3254 3404 3326 dcpo.-ito
3433 3274 3569 3329 pon-

1987 3334 2115 3390 dere
2139 3337 2467 3392 sarcinarum
2487 3381 2502 3406 ,
2537 3351 2776 3396 assumat
2803 3343 2902 3397 sibi
2933 3359 3132 3414 pennas
3159 3349 3422 3405 columbae
3449 3349 3468 3422 (
3480 3351 3567 3405 Ps.

1987 3424 2096 3496 55),
2125 3435 2179 3481 et
2209 3429 2510 3498 requiescat
2540 3431 2591 3484 in
2630 3434 2794 3487 ramis
2823 3435 3030 3490 arboris
3050 3478 3065 3504 ,
3095 3453 3214 3508 qua:
3258 3440 3326 3495 de
3372 3443 3571 3512 sinapis

1987 3528 2228 3575 semente
2269 3523 2532 3577 succrevit
2571 3522 2802 3594 (Matth.
2839 3526 2958 3598 15).
2991 3528 3238 3599 Legimus
3281 3532 3331 3585 in
3407 3533 3566 3606 501

1988 3609 2152 3677 isaia,
2204 3614 2439 3669 camelos
2493 3613 2699 3669 Madian
2729 3626 2783 3671 et
2823 3618 2968 3686 pra
2996 3629 3051 3673 et
3087 3621 3226 3676 Saba
3249 3665 3262 3686 ,
3295 3639 3483 3677 aurum
3514 3636 3569 3680 et

1990 3701 2111 3754 thus
2137 3701 2201 3755 ad
2227 3703 2412 3757 urbem
2443 3703 2652 3758 Domini
2681 3706 3026 3775 deportantes
3049 3708 3198 3780 (lsai.
3224 3711 3331 3784 60).
3361 3711 3413 3765 In
3446 3724 3571 3784 typo

1988 3789 2176 3843 horum
2203 3792 2554 3858 camelorum,
2584 3794 2869 3849 lsmaclitze
2897 3799 3255 3867 negotiatores
3283 3812 3486 3857 stacten
3515 3815 3571 3860 ct

1988 3883 2276 3955 thymiama
2295 3927 2310 3951 ,
2341 3895 2395 3939 et
2425 3886 2657 3941 resinam
2680 3929 2695 3953 ,
2724 3904 2841 3956 quzr:
2869 3891 3107 3946 nascitur
3132 3891 3182 3945 in
3211 3893 3407 3948 Galaad
3433 3893 3565 3968 (Jer.

1987 3975 2062 4046 8),
2090 3985 2144 4030 et
2167 3986 2342 4030 cutem
2374 3977 2685 4033 volneribus
2715 3980 2951 4048 obducit,
2985 3983 3250 4056 Egyptiis
3276 3985 3524 4041 deferunt
3551 4006 3566 4042 :

1990 4077 2256 4137 tantaeque
2286 4068 2557 4124 felicitatis
2578 4081 2722 4136 sunt,
2751 4081 2807 4127 ut
2829 4084 3010 4129 emant
3035 4086 3090 4131 et
3113 4077 3340 4132 vendant
3369 4078 3567 4150 Joseph

1992 4158 2142 4229 (Gen.
2175 4157 2290 4231 '57),
2331 4170 2386 4214 et
2415 4160 2819 4217 mercimonium
2851 4179 3038 4220 eorum
3078 4167 3224 4222 salus
3262 4168 3442 4224 mundi
3475 4169 3564 4224 sit.

1990 4253 2150 4308 Docet
2189 4261 2242 4308 et
2266 4252 2454 4322 jEsopi
2494 4252 2704 4322 fabula,
2739 4255 2954 4326 plenum
2994 4260 3164 4316 muris
3193 4269 3432 4316 ventrem
3475 4277 3570 4332 per

1986 4353 2269 4414 angustum
2300 4343 2540 4400 foramen
2567 4347 2751 4416 egredi
2782 4364 2886 4403 non
2919 4350 3118 4406 valere.

2057 4437 2111 4492 4.
2133 4436 2274 4506 Ergo
2299 4437 2583 4493 Nebridius
2614 4455 2766 4494 meus
2793 4442 3031 4510 quotidie
3069 4443 3194 4496 illud
3236 4443 3518 4497 revolvens
3547 4461 3560 4496 :

1993 4549 2012 4580 ‹
2045 4529 2146 4596 Qui
2168 4529 2562 4586 volontdivites
2593 4531 2710 4584 fieri
2733 4574 2748 4598 ,
2782 4532 3023 4587 incidunt
3051 4533 3102 4587 in
3133 4534 3482 4588 teutationem
3507 4544 3561 4588 et

1987 4623 2235 4693 laqueum
2262 4621 2483 4686 diaboli,
2517 4631 2572 4677 et
2595 4622 2860 4677 desideria
2896 4624 3058 4678 multa
3086 4643 3104 4675 ι
3141 4623 3215 4695 (l.
3248 4622 3379 4679 Tim.
3409 4624 3459 4680 6.
3482 4625 3563 4696 9).

1987 4713 2253 4784 Quidquid
2283 4723 2338 4769 et
2368 4713 2709 4782 imperatoris
2741 4713 2985 4784 largitio,
3033 4725 3088 4770 ct
3118 4715 3339 4771 honoris
3370 4718 3559 4772 insula:

1986 4803 2264 4869 dederant,
2286 4804 2337 4858 in
2365 4817 2494 4858 usus
2517 4818 2808 4872 pauperum
2825 4804 3155 4860 conferebat.
3174 4805 3405 4866 Noverat
3427 4811 3568 4863 enim

1985 4910 2016 4949 a
2059 4895 2283 4949 Domino
2319 4909 2439 4949 esse
2479 4905 2837 4964 praeceptum:
2861 4896 2954 4951 «Si
2989 4896 3068 4951 vis
3107 4898 3376 4967 perlectus
3415 4914 3570 4966 esse,

1987 4989 2143 5057 vade,
2169 4987 2342 5043 vende
2364 4988 2542 5042 omnia
2573 5002 2694 5057 qua:
2723 4987 2890 5043 habes
2911 5029 2926 5054 ,
2949 4998 3003 5044 et
3021 4989 3087 5045 da
3121 4992 3444 5062 pauperibus
3469 5034 3483 5058 ,
3510 5000 3564 5047 et

1986 5083 2132 5146 veni,
2155 5098 2380 5152 sequere
2407 5097 2519 5137 me:
2548 5080 2762 5154 (Matth.
2789 5083 2999 5156 l9.2l).
3029 5085 3097 5140 Et
3125 5086 3246 5156 quia
3271 5085 3408 5140 hanc
3437 5101 3572 5140 seu-.

1988 5175 2206 5230 tentiam
2236 5174 2462 5244 implere
2489 5191 2593 5228 non
2620 5185 2846 5245 poterat,
2882 5175 3084 5232 habens
3106 5193 3327 5232 uxorem
3358 5187 3411 5232 et
3439 5193 3566 5246 par-

1987 5268 2138 5323 vulos
2161 5267 2378 5334 iibcros,
2405 5275 2457 5322 ct
2479 5268 2698 5322 multam
2731 5266 2986 5330 familiam
3011 5310 3026 5334 ,
3057 5268 3283 5324 faciebat
3303 5269 3404 5323 sibi
3432 5268 3566 5320 alni-

2053 5399 2114 5464 (b)
2154 5400 2439 5462 Legendum
2468 5399 2724 5464 _operibus,
2751 5409 2805 5451 ut
2832 5401 3028 5464 quidam
3070 5401 3198 5464 Mss._
3227 5402 3330 5464 ipso
3352 5399 3569 5464 victorio

1987 5459 2118 5514 teste
2132 5459 2374 5524 retinent,
2393 5469 2445 5511 et
2467 5461 2648 5524 liquido
2668 5459 2932 5524 censtat'egt
2961 5463 3152 5511 Daniel.
3174 5459 3367 5524 2._'49._«
3385 5459 3570 5524 Consti-

1986 5528 2080 5576 tuit
2101 5519 2536 5586 Nabuchodonosor
2580 5537 2729 5586 super
2771 5523 2982 5586 ΟΡΕΒιΑ
3026 5522 3284 5586 provincia}
3321 5519 3571 5569 Babilonis

1986 5586 2215 5647 Sydrach,
2241 5585 2438 5645 Misach,
2467 5593 2520 5635 et
2538 5584 2821 5647 Abdenago.
2847 5601 2869 5630 ι
2900 5584 3076 5647 Egtcusi
3114 5590 3276 5647 tamen
3308 5593 3483 5647 omnes
3514 5589 3568 5630 et

1986 5641 2216 5713 plerique
2245 5659 2390 5696 manu
2425 5641 2618 5696 exarati
2655 5641 3062 5713 babEnt,_opibus,
3089 5643 3161 5692 sic
3199 5641 3326 5690 forte
3350 5641 3413 5690 ab
3434 5654 3566 5691 ama-

1987 5705 2159 5761 ituensi
2187 5709 2460 5759 litterarum
2483 5705 2771 5768 compendio
2791 5705 3038 5768 scriptum.

2055 5771 2117 5836 (c)
2154 5771 2329 5822 Confer
2359 5763 2737 5836 (linamentum-ias
2772 5769 2821 5836 ip
2860 5763 3134 5836 Matthaaum
3157 5778 3263 5826 cap.
3291 5763 3369 5814 10.
3393 5763 3486 5813 sub
3508 5763 3564 5814 li-

1992 5827 2122 5894 uein',
2154 5840 2205 5882 et
2227 5843 2336 5894 qum
2357 5831 2408 5880 in
2431 5843 2542 5880 cum
2565 5828 2720 5878 locum
2743 5827 3042 5877 adnotamus.
