4106 6340
503 360 611 416 797

503 484 597 527 cos
636 465 703 523 de
747 464 925 535 iniquo
978 469 1243 525 mamona,
1266 454 1356 528 qui
1383 467 1443 509 se
1466 451 1763 524 reciperent
1784 450 1838 506 in
1864 458 2067 506 acterna

504 553 838 613 tabernacula
864 549 1017 623 (Luc.
1044 546 1159 621 l6}.
1177 545 1286 603 Nec
1301 543 1470 603 semel
1485 540 1765 613 abjiciebat
1778 539 2067 607 sarcinam,

493 645 641 720 quod
667 644 903 699 fecerunt
927 637 1171 712 Apostoli
1190 678 1206 705 ,
1229 645 1437 709 patrem
1462 676 1479 703 ,
1511 644 1626 689 rete
1648 673 1665 699 ,
1692 642 1747 688 et
1765 627 2069 729 naviculam

502 735 861 805 relinquentes
883 729 904 806 (
923 729 991 786 Id
1006 728 1124 801 .5):
1155 727 1248 785 sed
1276 743 1343 786 ex
1387 726 1710 798 aequalitate,
1737 721 1963 776 aliorum
1982 721 2068 801 iun-

501 826 638 896 opize
653 838 803 878 suam
816 821 1193 879 abundantiam
1211 813 1659 883 communicabat,
1672 820 1729 866 nt
1751 819 1937 880 postea
1949 809 2070 865 illo-

502 929 621 970 rum
640 913 840 982 divitia:
862 953 881 985 ,
910 910 1069 982 hujus
1093 908 1434 983 indigentiam
1460 911 1821 961 sustentarent
1848 900 1922 971 (2.
1946 897 2069 957 Cor.

503 1006 583 1077 8).
610 1004 720 1070 Scit
741 1004 877 1076 ipsa,
898 1003 983 1060 cui
1008 1001 1222 1059 libellus
1244 999 1333 1059 hic
1357 997 1608 1054 scribitur
1625 1035 1642 1061 ,
1668 1008 1755 1051 me
1780 1005 1889 1049 non
1921 998 2071 1059 uota,

506 1096 601 1151 sed
624 1095 804 1150 audita
842 1108 1063 1149 narrare
1088 1109 1104 1147 :
1135 1106 1233 1148 nec
1255 1106 1320 1146 ex
1358 1089 1537 1158 aliquo
1564 1087 1617 1142 in
1645 1101 1734 1141 me
1761 1082 2022 1140 beneﬁcio
2050 1121 2088 1165 ,κ

504 1187 822 1261 scriptorum
851 1198 1001 1242 more
1023 1183 1355 1247 Graecorum,
1378 1180 1599 1252 gratiam
1622 1178 1796 1247 lingua
1824 1175 2071 1231 reddere.

507 1277 703 1333 Procul
730 1291 761 1332 a
787 1274 1103 1337 Christianis
1120 1274 1220 1328 ista
1242 1271 1497 1344 suspicio.
1537 1287 1557 1323 ι
1592 1269 1855 1324 llabentes
1877 1266 2077 1321 victum

508 1375 569 1423 et
588 1346 838 1424 vestitum
856 1407 875 1434 ,
893 1364 975 1422 bis
997 1363 1233 1421 contenti
1254 1376 1441 1418 sumus
1472 1379 1492 1415 ι
1524 1359 1605 1435 (ι.
1631 1358 1762 1413 Tim.
1786 1356 1839 1415 6.
1863 1356 1944 1427 8).
1973 1354 2076 1411 Ubi

508 1459 616 1520 vile
642 1458 936 1515 olusculum
958 1497 974 1524 ,
1005 1464 1061 1514 et
1079 1454 1312 1512 cibarius
1335 1454 1486 1523 panis
1504 1493 1522 1521 ,
1549 1460 1605 1507 et
1630 1452 1780 1508 cibus
1815 1457 2081 1519 potusque

511 1548 819 1611 moderatus
847 1564 862 1603 :
894 1548 966 1603 ibi
993 1546 1196 1603 divitiae
1217 1558 1597 1615 supervacuae,
1622 1541 1692 1598 ibi
1713 1540 1860 1596 nulla
1890 1538 2080 1595 adula-

515 1640 607 1707 tio,
638 1655 753 1710 qua:
781 1638 864 1695 vel
894 1638 1162 1711 praecipue
1186 1635 1416 1693 fructum
1449 1633 1686 1703 respicit.
1730 1630 1808 1686 Ex
1834 1644 1943 1701 quo
1968 1628 2082 1684 col-

514 1728 694 1799 ligitur
720 1770 738 1795 ,
778 1726 935 1786 ﬁdele
973 1741 1094 1787 esse
1136 1725 1537 1791 testimonium,
1567 1721 1711 1794 quod
1735 1735 1930 1778 causas
1973 1733 2083 1777 non

513 1818 676 1875 habet
695 1818 1005 1877 mentiendi.

584 1908 634 1964 5.
651 1908 730 1964 Ac
751 1924 818 1965 ne
845 1909 965 1981 quis
989 1917 1137 1980 putet
1161 1923 1249 1965 me
1268 1908 1412 1965 solas
1438 1906 1491 1963 in
1517 1905 1767 1963 Nebridio
1793 1905 2086 1978 prmdicare
2148 1911 2159 1921 ‘

515 2001 914 2073 elcemusynas,
946 2016 1247 2072 quanquam
1290 2009 1346 2056 et
1391 1999 1489 2056 has
1516 1998 1820 2055 exercuisse
1857 1997 1930 2053 sit
1970 2011 2087 2053 ma-

515 2106 697 2163 gnum,
717 2090 783 2147 de
800 2091 994 2161 quibus
1005 2089 1198 2147 dicitur
1216 2110 1228 2144 :
1257 2110 1277 2145 ι
1298 2090 1444 2148 Sicut
1457 2104 1593 2162 aqua
1610 2088 1869 2158 extinguit
1884 2088 2085 2157 ignem,

518 2184 589 2237 ita
613 2183 948 2255 eleemosyna
969 2181 1226 2253 extinguit
1245 2192 1519 2253 peccatum
1545 2200 1562 2234 ι
1585 2179 1771 2256 (Ecrli.
1794 2181 1847 2236 ὅ.
1871 2179 1986 2249 ⁸55),
2015 2177 2084 2234 ad

518 2285 739 2332 caeteras
764 2274 984 2331 virtutes
1007 2274 1123 2347 ejus
1151 2279 1383 2341 veniam,
1407 2289 1538 2345 quas
1559 2273 1797 2345 singulas
1822 2273 1875 2327 in
1904 2271 2088 2340 paucis

519 2364 824 2420 hominibus
848 2364 1322 2437 deprehendimus.
1348 2365 1477 2435 Quis
1506 2364 1777 2420 fornacem
1805 2364 1945 2436 regis
1970 2362 2082 2419 Ba-

519 2454 723 2528 bylonii
747 2456 862 2515 sine
883 2455 1163 2511 adustione
1185 2456 1455 2526 ingressus
1478 2455 1597 2509 est?
1616 2453 1777 2527 (Dan.
1804 2454 1891 2526 3.)
1919 2453 2088 2522 Cujus

519 2544 873 2601 adolescentis
913 2544 1157 2618 Egyptia
1204 2545 1419 2602 domina
1472 2546 1685 2614 pallium
1736 2560 1841 2601 non
1889 2544 2091 2602 tenuit?

523 2634 676 2705 (Gen.
703 2633 821 2703 39.)
860 2635 988 2705 Quae
1016 2651 1150 2690 uxor
1171 2635 1190 2709 (
1210 2638 1277 2707 a)
1306 2635 1543 2692 Eunuchi
1577 2636 1752 2691 nullos
1777 2646 1929 2692 creat
1955 2635 2092 2693 libe-

522 2739 613 2779 ros
686 2712 846 2798 502
921 2725 1191 2795 voluptate
1216 2734 1481 2785 transacta
1500 2727 1523 2779 ?
1540 2726 1706 2798 Quem
1722 2724 1993 2781 hominum
2006 2725 2095 2783 di-

522 2819 754 2887 sputatio
796 2818 883 2873 illa
926 2833 1033 2873 non
1078 2826 1315 2875 terreat:
1353 2837 1374 2872 ι
1410 2818 1575 2874 Video
1616 2819 1776 2875 aliam
1822 2820 1991 2890 legem
2039 2819 2092 2874 in

524 2908 782 2964 membris
802 2909 955 2974 meis,
983 2918 1370 2981 repugnantem
1395 2910 1498 2982 legi
1520 2900 1717 2967 m'entis
1740 2925 1898 2978 meae,
1924 2920 1978 2967 et
2006 2925 2097 2967 ca-

524 3000 727 3069 ptivum
745 3015 829 3054 me
846 2999 1127 3059 ducentem
1157 2999 1209 3056 in
1233 3001 1350 3072 lege
1376 3001 1598 3072 peccati,
1616 3017 1736 3072 quae
1756 3002 1908 3058 estin
1935 3017 2096 3060 meme

525 3090 636 3145 bris
666 3090 823 3147 meis?
845 3111 865 3145 ι
896 3092 1072 3165 (Rom.
1096 3091 1147 3148 7.
1172 3091 1245 3152 25
1269 3093 1291 3163 )
1317 3092 1507 3149 Mirum
1537 3093 1680 3151 dictu
1706 3103 1790 3152 est
1815 3134 1832 3165 ,
1862 3095 2097 3154 nutritus

527 3185 580 3239 in
626 3185 821 3255 palatio
842 3226 861 3253 ,
889 3186 1287 3245 contubernalis
1312 3196 1367 3243 et
1393 3188 1787 3258 condiscipulus
1818 3191 2097 3261 Augusto.

526 3291 645 3331 rum
668 3274 918 3348 [Arcadii
958 3287 1015 3335 et
1043 3279 1262 3335 llonorii
1280 3277 1331 3354 1,
1358 3295 1584 3351 quorum
1611 3296 1810 3340 mensa:
1831 3284 2100 3344 ministrat

526 3365 671 3420 orbis
689 3405 707 3434 ,
735 3375 791 3422 et
815 3377 969 3426 terrae
993 3384 1055 3426 ac
1080 3370 1247 3425 maria
1290 3371 1556 3439 serviunt,
1591 3372 1729 3429 inter
1775 3388 1954 3430 rerum
1978 3390 2097 3431 om-

529 3456 676 3513 nium
702 3455 1114 3524 abundantiam,
1145 3460 1198 3513 in
1227 3461 1397 3533 primo
1425 3463 1596 3519 rotatis
1629 3461 1759 3521 ﬂore
1788 3473 1947 3520 tantze
2000 3481 2099 3523 ve-

530 3544 797 3601 recundiae
826 3546 943 3614 fuit,
976 3556 1031 3605 ut
1053 3549 1364 3623 virginalem
1387 3552 1641 3621 pudorem
1667 3554 1927 3622 vinceret,
1952 3564 2100 3613 etne

530 3636 701 3695 levem
735 3638 947 3708 quidem
975 3640 1194 3697 obsceni
1223 3644 1456 3700 rumoris
1484 3645 1539 3699 in
1564 3660 1623 3701 se
1648 3644 1880 3704 fabulam
1910 3648 2092 3707 daret.

532 3728 734 3787 Deinde
761 3743 1171 3803 purpuratorum
1195 3736 1539 3808 propinquus,
1569 3738 1748 3795 socius
1767 3780 1783 3807 ,
1815 3740 2097 3799 consobri-

530 3838 634 3881 nus
651 3864 671 3891 ,
701 3824 890 3882 iisdem
917 3841 1041 3884 cum
1061 3828 1323 3912 ambobus
1347 3831 1537 3887 studiis
1558 3832 1799 3891 eruditus
1828 3834 1981 3906 (qua:
2012 3850 2101 3891 res

532 3918 693 3979 etiam
735 3929 1080 3978 externorum
1110 3931 1315 3979 mentes
1343 3924 1446 3981 sibi
1475 3926 1749 3996 conciliat)
1784 3936 1994 3983 nonest
2023 3926 2107 3983 in—

532 4009 689 4067 ﬂatus
714 4011 967 4082 superbia
989 4053 1005 4077 ,
1030 4028 1133 4068 nec
1160 4022 1385 4071 caeteros
1412 4014 1658 4073 homines
1682 4016 1906 4072 adducta
1930 4018 2103 4075 fronte

531 4103 889 4172 contempsit:
918 4103 1013 4162 sed
1054 4106 1262 4163 cunctis
1326 4109 1607 4177 amabilis,
1651 4109 1797 4179 ipsos
1838 4109 2111 4183 principes

534 4191 751 4253 amabat
776 4202 832 4248 ut
855 4192 1073 4260 fratres,
1100 4198 1457 4253 venerabatur
1480 4209 1537 4255 ut
1563 4199 1811 4257 dominos
1842 4214 1856 4264 ;
1884 4208 1939 4256 et
1965 4201 2019 4255 in
2046 4201 2110 4255 il-

536 4282 713 4337 lorum
749 4284 956 4352 salute,
998 4300 1151 4363 suam
1176 4288 1404 4349 salutem
1435 4290 1663 4358 positam
1691 4289 1975 4345 fatebatur.
2005 4290 2102 4345 Mi-

536 4374 738 4432 nistros
758 4383 934 4432 autem
957 4389 1166 4443 eorum,
1187 4385 1242 4433 et
1269 4378 1572 4434 universum
1598 4379 1843 4437 ordinem
1892 4380 2090 4449 palatii,

537 4481 645 4541 quo
668 4467 862 4541 regalis
889 4466 1255 4540 frequentatur
1280 4468 1519 4537 ambitio,
1544 4471 1625 4527 sic
1645 4471 1746 4526 sibi
1767 4471 1994 4527 caritate
2013 4485 2103 4524 so-

539 4555 727 4625 ciarat,
752 4567 811 4614 ut
834 4559 922 4629 qui
945 4560 1133 4617 merito
1154 4560 1433 4617 inferiores
1452 4569 1623 4624 erant,
1648 4560 1838 4617 ofﬁciis
1866 4575 1925 4617 se
1950 4575 2106 4633 pares

541 4649 947 4709 arbitrarentur.
975 4652 1198 4709 Difﬁcile
1222 4652 1363 4708 factu
1388 4660 1471 4708 est
1488 4693 1505 4718 ,
1533 4653 1757 4724 gloriam
1791 4652 1984 4708 virtute
2010 4668 2104 4708 su-

543 4752 734 4809 perare
766 4754 780 4790 :
806 4741 950 4794 etab
976 4741 1057 4797 his
1077 4741 1221 4815 diligi
1247 4784 1264 4810 ,
1299 4756 1432 4817 quos
1459 4742 1751 4813 peucedas.
1782 4744 1909 4815 Quae
1941 4743 2099 4802 vidua

544 4843 657 4897 non
674 4828 829 4898 hujus
856 4830 1051 4886 auxilio
1074 4842 1369 4890 sustentata
1388 4834 1509 4891 est?
1534 4835 1652 4909 quis
1677 4835 1908 4906 pupillus
1930 4851 2035 4893 non
2060 4835 2115 4895 iu

545 4933 612 4977 eo
631 4920 829 4989 reperit
858 4923 1087 4989 patrem?
1125 4923 1309 4980 Totius
1333 4923 1563 4981 Orientis
1587 4927 1833 4999 Episcopi
1869 4929 1937 4985 ad
1972 4929 2115 4985 hunc

546 4998 865 5067 miserorum
894 5025 1097 5080 preces,
1116 5022 1170 5069 et
1193 5013 1544 5070 laborantium
1575 4998 1836 5073 desideria
1864 5004 2117 5075 confere-

546 5102 695 5159 bant.
723 5100 985 5170 Quidquid
1010 5101 1076 5154 ab
1100 5102 1423 5173 lmperatore
1465 5106 1754 5177 poscebat,
1780 5108 2117 5179 elccmosyna

549 5193 602 5247 in
631 5206 915 5267 pauperes,
942 5190 1166 5261 pretium
1189 5192 1545 5263 captivorum,
1568 5195 1931 5251 misericordia
1962 5197 2015 5253 in
2039 5196 2117 5252 af-

550 5286 725 5348 ﬂictos
748 5292 886 5341 erat.
930 5281 1083 5339 Unde
1106 5293 1161 5340 et
1188 5284 1291 5354 ipsi
1317 5284 1594 5367 Principes
1634 5287 1862 5344 libenter
1888 5280 2117 5358 prz'esta-

544 5520 547 5523 .
613 5486 881 5557 (autaut?
891 5485 1262 5557 ιωυιιωιίφιιθω
1279 5491 1572 5557 sententiam
1592 5492 1663 5540 sic
1679 5491 1824 5555 vulgo
1842 5494 2087 5557 explicant
2107 5511 2119 5545 :

926 5548 1049 5620 uror
1069 5556 1149 5599 est
1167 5585 1181 5611 ,
1205 5562 1316 5622 quas
1336 5548 1440 5599 sola
1458 5549 1707 5613 voluptate
2020 5548 2119 5612 nan

603 5625 666 5659 ns
686 5611 805 5659 virts
818 5611 1156 5659 misceatur.
1174 5619 1230 5659 ut
1252 5610 1436 5659 liberos
1454 5613 1626 5659 creet?
1642 5613 1798 5659 Obvia
1820 5627 1950 5659 enim
1972 5634 2119 5659 sm“

603 5612 666 5661 iis
686 5611 805 5660 viris
818 5611 1156 5669 misceatur,
1168 5610 1235 5662 ut
1252 5610 1436 5661 liberos
1454 5610 1626 5661 creet?
1642 5613 1798 5663 Obvio
1820 5617 1950 5665 enim
1971 5610 2120 5673 sensu

555 5667 777 5741 Eunuchi
800 5684 983 5741 nomen
1003 5667 1237 5741 heieioci
1251 5672 1502 5741 aeeipltur,
1525 5686 1621 5741 non
1645 5688 1746 5741 eo,
1778 5689 1877 5737 quo
1911 5667 2124 5741 dignitas

549 5747 668 5782 arm
701 5735 882 5806 primis
905 5734 1084 5806 nobilis
1116 5737 1166 5806 in
1200 5732 1367 5806 Begts'
1387 5732 1858 5806 aulsnsiguifjcatIﬁﬁ;
1882 5744 1935 5789 et
1962 5732 2122 5806 quem

557 5794 733 5856 reapse
758 5794 954 5857 [ιι-πεῖρα
974 5794 1438 5859 I‘utipharis,t1uam
1458 5794 1642 5859 alludit,
1667 5794 1885 5853 historia.

1789 331 2029 393 SANCTI
2066 325 2443 390 ΗΙΕΒΟΝΥΜ

3637 314 3757 405 72s

2173 445 2317 509 bant,
2358 439 2519 513 quod
2541 439 2803 510 sciebant,
2848 455 2961 499 non
2997 441 3123 509 uni,
3149 437 3245 498 sed
3287 440 3527 512 pluribus
3563 442 3737 500 indul-

2174 532 2307 605 geri.
3548 535 3564 599 ζ

2243 624 2301 685 6.
2330 623 2467 691 Quid
2514 624 2653 681 ultra
2694 623 3033 681 differimus?
3097 624 3277 683 Omnis
3337 641 3458 682 cura
3527 629 3741 700 Ῑιιξιιειιι,

2176 726 2226 773 et
2248 718 2410 773 cumis
2433 717 2597 788 gloria
2624 718 2731 790 ejus
2756 716 2907 789 quasi
2930 718 3028 788 ﬂos
3057 719 3181 791 {nam
3218 715 3271 791 (1
3285 718 3381 789 sai.
3410 717 3501 774 ιο.
3534 718 3613 789 ϐ).
3641 720 3744 777 Ro-

2175 822 2326 865 versa
2354 817 2439 863 est
2464 818 2603 865 terra
2628 808 2682 863 in
2708 796 2907 865 terram.
2926 823 3079 865 suam
3102 825 3117 860 :
3142 807 3393 867 dormivit
3416 810 3467 869 in
3499 809 3743 881 Domino,

2177 908 2235 953 et
2269 898 2542 970 appositus
2570 906 2653 953 est
2687 897 2755 953 ad
2801 908 2979 971 patres
3016 912 3187 965 suos,
3224 898 3418 970 plenus
3445 897 3662 955 dierum
3686 917 3748 959 ac

2180 987 2398 1045 luminis
2428 1030 2443 1055 ,
2475 997 2529 1047 et
2572 988 2804 1051 nutritus
2844 990 2901 1046 in
2938 997 3217 1045 senectute
3257 988 3575 1055 bona._Cani
3606 990 3747 1048 enim

2182 1076 2413 1135 hominis
2450 1088 2575 1135 sunt
2601 1078 2862 1149 sapientia
2889 1078 3007 1150 ejus
3037 1078 3200 1151 (Sep.
3227 1078 3308 1151 4).
3346 1079 3403 1136 ιιι
3428 1080 3576 1137 brevi
3595 1090 3752 1141 mtate

2183 1176 2422 1238 tempora
2448 1170 2615 1225 multa
2642 1170 2949 1240 complevit.
2980 1170 3257 1227 Tenemus
3280 1186 3376 1244 pro
3403 1186 3469 1230 eo
3503 1172 3749 1231 dulcissio.

2183 1272 2300 1316 mos
2331 1259 2546 1315 liberos.
2575 1256 2723 1317 Uxor
2745 1263 2901 1317 heres
2931 1262 3197 1332 pudicitiae
3236 1264 3345 1334 (lt)
3391 1265 3623 1335 pretium
3649 1275 3749 1326 est.

2183 1349 2466 1406 Nebridius
2498 1353 2682 1424 pusio,
2711 1362 2915 1424 patrem
2945 1353 3307 1425 quaaretttihus
3332 1357 3569 1413 exhibet.

2257 1442 2348 1499 Sic
2379 1444 2551 1500 oculos
2569 1486 2585 1511 ,
2611 1445 2682 1500 sic
2703 1446 2791 1502 ille
2814 1462 3027 1513 titanas,
3073 1447 3146 1503 sic
3176 1464 3267 1503 ora
3294 1448 3483 1522 ferebat
3505 1449 3751 1523 (Eueni.

2186 1534 2275 1589 tib.
2295 1535 2371 1604 ὅ).
2390 1534 2629 1592 Scintilla
2649 1537 2844 1607 vigoris
2867 1546 3075 1608 paterni
3100 1538 3245 1596 lucet
3269 1539 3323 1597 in
3348 1539 3459 1598 lilio
3482 1559 3500 1596 :
3526 1551 3582 1598 et
3610 1544 3755 1599 simi-

2186 1622 2356 1679 litudo
2387 1641 2592 1683 morum
2617 1642 2714 1701 per
2739 1629 3016 1700 speculum
3043 1630 3222 1687 carnis
3245 1644 3554 1702 erumpens.
3600 1633 3756 1708 503

2187 1715 2424 1788 Ingentes
2450 1720 2645 1775 animos
2674 1730 2889 1790 angusto
2931 1722 2984 1776 in
3021 1730 3220 1794 pectore
3257 1733 3420 1781 versat
3447 1724 3656 1797 (Georg.
3677 1710 3759 1798 4).

2190 1807 2437 1880 Jungitur
2464 1811 2513 1867 ei
2532 1825 2784 1882 germana
2805 1853 2823 1877 ,
2849 1827 3091 1869 rosarum
3127 1823 3182 1871 et
3210 1814 3442 1871 liliorum
3464 1818 3711 1875 calathus
3740 1860 3759 1886 ,

2188 1901 2369 1956 eboris
2394 1902 2634 1973 ostrique
2661 1903 3064 1961 commercium.
3092 1903 3181 1963 Sic
3195 1890 3357 1964 refert
3384 1923 3479 1964 ore
3505 1919 3709 1980 patrem
3731 1950 3753 1977 ι

2191 2001 2250 2047 ιιι
2288 1992 2353 2047 ad
2385 2002 2714 2050 venustatem
2743 1996 3063 2067 propensior
3102 1997 3192 2052 sit.
3222 1998 3310 2055 Sic
3338 2008 3560 2056 matrem
3598 2001 3758 2058 mixta

2193 2084 2361 2155 pingit
2408 2084 2793 2155 similitudine,
2831 2096 2889 2145 ut
2938 2089 2992 2145 iu
3049 2105 3158 2145 uno
3207 2107 3437 2162 corpore
3480 2104 3767 2165 utrtnnque

2191 2189 2470 2246 agnoscas.
2501 2175 2579 2232 lta
2610 2177 2789 2234 suavis
2819 2187 2901 2235 est
2923 2220 2940 2245 ,
2981 2189 3036 2233 et
3081 2180 3337 2237 mellitula
3360 2223 3378 2249 ,
3412 2192 3470 2239 ut
3497 2184 3670 2240 honor
3694 2186 3765 2242 sit

2192 2267 2432 2323 omnium
2465 2271 2909 2341 propinquorum.
2939 2270 3087 2328 Hane
3117 2280 3299 2330 tenere
3321 2289 3426 2330 non
3448 2274 3763 2348 dedignatur

2194 2359 2462 2431 Augustus
2494 2377 2508 2417 :
2540 2361 2676 2419 hanc
2703 2360 2888 2419 fovere
2919 2364 2950 2433 -(
2973 2362 3041 2436 c)
3067 2364 3118 2420 in
3147 2366 3265 2425 sinu
3294 2366 3498 2441 Regina
3529 2368 3758 2428 laxatur.

2195 2450 2448 2509 Certatim
2478 2453 2545 2510 ad
2575 2469 2632 2510 se
2657 2470 2846 2512 omnes
2874 2456 3105 2528 rapiunt.
3137 2457 3340 2515 Pendet
3358 2475 3423 2516 ex
3447 2462 3592 2517 collo
3615 2502 3632 2529 ,
3656 2463 3769 2519 hac!

2195 2552 2278 2599 ret
2309 2544 2360 2601 in
2383 2544 2615 2603 brachiis
2634 2546 2983 2625 singulorum.
3012 2548 3232 2608 Garrula
3259 2559 3421 2625 atque
3444 2551 3767 2626 balbutiens,

2198 2632 2391 2704 lingua:
2412 2635 2706 2692 offensione
2736 2635 2793 2695 ﬁt
2818 2637 3045 2699 dulcior.

2272 2724 2324 2779 7.
2359 2724 2536 2782 Habes
2575 2726 2735 2797 igitur
2755 2768 2771 2793 ,
2796 2726 3047 2796 Salvius,
3067 2745 3203 2802 quos
3272 2734 3476 2791 nutrias
3499 2775 3519 2805 ,
3550 2736 3604 2794 in
3645 2738 3761 2808 qui-

2200 2812 2297 2871 bus
2340 2814 2508 2870 virum
2555 2816 2828 2876 absentem
2874 2828 3055 2877 tenere
3100 2830 3150 2877 te
3178 2823 3385 2879 credas.
3418 2825 3549 2882 Ecce
3590 2827 3724 2882 here

2199 2905 2332 2961 ditas
2365 2902 2588 2975 Domini,
2612 2908 2712 2977 ﬁlii
2738 2926 2944 2978 merces,
2971 2915 3166 2983 [ructus
3191 2914 3511 2985 uentris(Ps.
3543 2915 3665 2974 l26.
3688 2918 3764 2989 3).

2199 2998 2306 3057 Pro
2332 3015 2439 3058 uno
2465 3001 2682 3057 homine
2705 3001 2841 3059 duos
2868 3003 3009 3059 filios
3036 3008 3323 3076 recepisti,
3352 3018 3539 3065 auctus
3563 3020 3643 3065 est
3669 3027 3767 3065 nu-

2200 3104 2382 3163 merus
2407 3089 2664 3146 caritatis.
2698 3091 2966 3166 Quidquid
2989 3096 3222 3151 debebas
3253 3099 3444 3155 marito
3462 3138 3482 3167 ,
3506 3100 3683 3167 redde
3712 3104 3771 3157 li-

2202 3179 2309 3237 liis.
2349 3162 2549 3235 Amore
2592 3162 2935 3250 prmsentium
2978 3186 3213 3241 absentis
3268 3162 3595 3247 desidermm
3634 3200 3770 3247 tem-

2204 3285 2357 3340 pera.
2406 3268 2524 3327 Non
2569 3281 2651 3328 est
2683 3272 2825 3343 parvi
2852 3275 2989 3344 apud
3021 3277 3182 3335 Deum
3214 3280 3424 3348 meriti,
3463 3280 3601 3337 bene
3633 3283 3771 3338 filios

2202 3360 2454 3417 educare.
2496 3360 2635 3417 Audi
2676 3364 2990 3435 Apostolum
3042 3381 3516 3431 commonenlem:
3552 3391 3570 3424 ι
3602 3372 3770 3429 Vidua

2203 3453 2431 3523 eligatur
2459 3469 2562 3508 non
2594 3454 2777 3510 minus
2802 3471 3066 3513 annorum
3112 3462 3384 3533 sexaginta
3410 3504 3426 3531 ,
3464 3479 3581 3533 qua:
3607 3463 3766 3520 fuerit

2205 3543 2362 3599 unius
2393 3543 2491 3600 viri
2517 3560 2685 3610 uxor,
2718 3545 2769 3599 in
2827 3547 2982 3604 bonis
3022 3550 3274 3623 operibus
3306 3552 3504 3608 habens
3533 3553 3773 3609 testimo-

2206 3636 2377 3703 nium,
2409 3636 2453 3690 si
2484 3638 2620 3692 tilios
2660 3638 2930 3710 educavit,
2961 3643 3006 3696 si
3035 3642 3316 3716 hospitalis
3346 3643 3465 3713 fuit,
3491 3641 3534 3700 si
3560 3656 3776 3703 sancto-

2206 3742 2324 3782 rum
2353 3728 2515 3799 pedes
2540 3729 2706 3797 lavit,
2752 3732 2799 3786 si
2825 3730 3048 3790 afﬂictis
3067 3735 3404 3792 abundanter
3428 3738 3656 3807 praebuit
3683 3783 3697 3806 ,
3730 3742 3773 3794 si

2207 3828 2365 3874 o‘mne
2410 3835 2543 3889 opus
2588 3821 2782 3879 bonum
2837 3825 3115 3882 subsecuta
3167 3838 3247 3883 est
3277 3828 3363 3900 (l.
3402 3826 3535 3882 Tim.
3563 3829 3616 3884 5.
3649 3830 3703 3885 9.
3733 3842 3778 3885 et

2210 3911 2339 3981 10).
2371 3911 2604 3968 Didicisti
2633 3914 2931 3986 catalogum
2970 3917 3223 3973 virtutum
3248 3928 3457 3973 tuarum
3486 3961 3501 3990 ,
3529 3919 3654 3992 quid
3684 3920 3779 3976 de-

2210 4002 2340 4057 beas
2367 4005 2569 4058 nomini
2602 4014 2691 4059 tuo
2711 4048 2726 4074 ,
2749 4008 2942 4081 quibus
2967 4010 3175 4065 meritis
3200 4009 3490 4067 secundum
3515 4012 3780 4082 pudicitia:

2211 4092 2428 4162 gradum
2455 4094 2752 4165 possideas.
2778 4095 2887 4155 Nec
2915 4107 2966 4155 te
2991 4109 3239 4171 moveat,
3271 4101 3410 4171 quod
3439 4104 3779 4174 sexagenaria

2213 4184 2441 4253 eligatur
2477 4186 2630 4239 vidua
2663 4228 2679 4253 ,
2725 4195 2780 4242 et
2803 4199 2956 4259 putes
2986 4189 3409 4247 adolescentulas
3434 4192 3501 4249 ab
3530 4194 3780 4262 Apostolu

2213 4272 2507 4341 reprobari.
2562 4274 2627 4328 Et
2672 4285 2722 4330 te
2767 4277 2926 4333 crede
2972 4280 3097 4352 eligi
3134 4281 3201 4337 ab
3263 4296 3364 4346 eo,
3396 4282 3486 4352 qui
3516 4282 3776 4351 discipulo

2214 4360 2426 4418 dixerat
2454 4380 2469 4417 :
2498 4362 2665 4419 Nemo
2704 4367 3097 4425 adulescentiam
3121 4379 3259 4425 luant
3286 4380 3571 4425 contemnat
3595 4373 3615 4441 (
3636 4371 3771 4426 Ibid.

2215 4454 2268 4508 4.
2308 4455 2371 4508 12
2400 4462 2414 4520 )
2440 4471 2459 4519 ς
2489 4472 2592 4513 non
2644 4460 3027 4517 continentiam
3053 4504 3068 4529 ,
3115 4463 3209 4518 sed
3256 4473 3496 4520 :etatem.
3537 4465 3785 4536 AlioQuin

2216 4560 2403 4603 Omnes
2427 4564 2545 4616 qua:
2570 4558 2693 4605 ante
2719 4554 3003 4623 sexaginta
3030 4573 3199 4613 annos
3228 4556 3456 4615 viduata:
3482 4566 3611 4614 sunt
3628 4600 3645 4625 ,
3685 4558 3784 4614 hac

2220 4638 2334 4708 lege
2364 4640 2626 4709 accipient
2654 4643 2893 4697 maritos.
2928 4646 3033 4700 Scd
3056 4648 3175 4718 quia
3202 4648 3387 4719 rudem
3412 4646 3611 4704 Christi
3635 4649 3785 4704 iusti.

2219 4727 2401 4787 luebat
2428 4729 2745 4798 Ecclesium,
2766 4742 2819 4790 ct
2845 4737 2988 4791 omni
3016 4736 3189 4791 ordini
3218 4736 3553 4805 providebat,
3597 4740 3787 4809 praeci-

2221 4836 2428 4893 pueque
2457 4822 2811 4892 pauperibus,
2854 4840 3078 4896 quorum
3121 4828 3171 4881 ei
3215 4838 3341 4881 cura
3383 4842 3503 4883 cum
3548 4828 3787 4885 Barnaba

2221 4910 2397 4969 fuerat
2423 4912 2739 4969 demandata
2769 4931 2783 4983 ;
2815 4915 2932 4972 illas
2951 4917 3061 4973 vult
3081 4916 3331 4973 Ecclesia:
3356 4919 3551 4988 opibus
3573 4929 3791 4977 susten-

2224 5005 2344 5070 tari,
2363 5013 2484 5075 qua:
2511 5007 2741 5076 prapriis
2761 5009 3004 5062 manibus
3028 5025 3134 5064 non
3161 5018 3361 5080 queunt
3384 5010 3649 5076 laborare,
3674 5026 3793 5082 qua

2223 5109 2349 5152 vere
2375 5094 2546 5150 vidua:
2570 5105 2728 5163 sunt,
2759 5112 2891 5167 quas
2923 5107 2981 5156 et
3014 5109 3145 5155 aetas
3168 5100 3388 5170 probat,
3418 5110 3473 5159 et
3515 5102 3641 5158 vita.
3675 5101 3790 5159 Heli

2226 5184 2487 5243 Sacerdos
2514 5187 2737 5241 olfendit
2763 5187 2927 5242 Deum
2968 5190 3038 5243 ob
3075 5191 3205 5244 vitia
3247 5191 3562 5249 liberorum.
3596 5194 3737 5262 Ergo
3762 5209 3794 5250 c

2226 5274 2495 5331 contrario
2526 5277 2763 5345 placatur
2802 5277 2941 5333 Deus
2966 5280 3252 5337 virtutibus
3281 5295 3469 5341 eorum
3492 5322 3508 5348 ,
3539 5301 3561 5335 ι
3594 5284 3640 5341 si
3665 5300 3791 5353 per-

2227 5365 2521 5422 manserint
2593 5366 2755 5438 50$
2829 5369 2883 5421 in
2931 5370 3034 5425 ﬁde
3083 5380 3138 5425 et
3178 5373 3420 5441 caritate,
3439 5382 3493 5427 et
3515 5376 3798 5433 sanctitate

2228 5458 2305 5534 (d)
2337 5471 2459 5514 cum
2488 5456 2765 5529 pudicitia:
2791 5459 2810 5531 (
2837 5461 2888 5519 1.
2914 5461 3047 5520 Tim.
3070 5463 3127 5520 2.
3154 5464 3223 5522 lii
3250 5463 3319 5535 ).c
3347 5463 3390 5521 Ο
3411 5463 3719 5543 Timotheo,
3747 5476 3799 5522 te

2293 5616 2367 5681 (lt)
2395 5614 2618 5684 Rectius,
2635 5622 2692 5684 ut
2710 5617 2928 5684 vldetnr,
2942 5632 3063 5684 voce
3078 5621 3283 5684 pretium
3296 5624 3489 5682 omissa,
3504 5623 3803 5674 Cistercim-

2230 5677 2474 5740 sis'eodex
2503 5686 2636 5727 Uator
2652 5678 2794 5740 ﬁeres
2809 5680 3057 5740 pudicitia
3077 5677 3163 5733 est.

2316 5739 2367 5804 c_)_
2398 5738 2598 5804 Aliquot
2620 5739 2734 5787 llss.
2757 5738 2936 5804 iusim:
2958 5744 3091 5804 regio
3112 5743 3323 5793 lwtalrtr.

2316 5740 2366 5797 ε)
2398 5740 2474 5786 Ali
2513 5746 2598 5787 not
2620 5740 2734 5787 Uss.
2757 5740 2809 5788 in
2830 5740 2936 5790 sinu
2958 5744 3091 5804 orgia
3112 5743 3323 5793 lwtalrtr.

2295 5740 2377 5861 id)
2412 5752 2554 5861 γιιῗε.
2581 5812 2689 5850 cum
2711 5801 2960 5854 sobrietate
2977 5837 2994 5866 θ
3017 5818 3164 5867 quam
3184 5805 3447 5861 lectionem
3470 5807 3672 5858 minime
3696 5822 3803 5871 pro-
