4106 6340
475 342 576 400 ’131
1768 307 2010 370 ΞᾹΝΩΤΙ
2052 299 2434 362 ιιιειιοχηη
3637 301 3762 359 731

477 455 588 513 bra:
614 448 902 509 orationes,
935 450 991 498 ut
1017 453 1206 498 omnes
1244 431 1628 507 cogitationum
1673 426 1902 498 sagitta),
1934 423 2054 493 qui-
2163 416 2403 486 Apostoli
2434 432 2448 468 :
2484 413 2669 468 Melius
2696 422 2767 468 est
2795 413 3009 482 nubere,
3032 429 3185 486 quam
3211 414 3292 468 uri
3322 413 3400 485 (l.
3434 413 3554 468 Cor.
3580 416 3736 486 7.9).

605 504 966 596 adolescentia
999 531 1202 603 percuti
1229 504 1396 594 solet,
1427 520 1730 594 hujusmodi
1757 519 1946 589 clypeo
1975 529 2060 568 re-
2162 507 2317 603 Tolle
2345 505 2485 603 quod
2516 504 2667 603 pejus
2692 514 2776 560 est
2795 506 2911 603 uri,
2933 515 2985 560 et
3031 521 3126 575 per
3168 519 3228 560 se
3255 504 3453 560 bonum
3497 523 3604 561 non
3646 510 3748 564 erit

479 595 772 705 pallantur.
811 595 1036 682 Difficier
1060 632 1164 687 cst,
1192 614 1526 691 quin'potius
1552 609 1908 682 impOSsihilc,
1937 619 2060 676 per-
2165 599 2389 705 nubere.
2425 597 2614 653 Procul
2653 598 2760 652 sint
2787 595 2858 668 (e)
2891 595 3278 652 [hereticorum
3307 597 3607 653 calumnire.
3637 599 3749 654 Sei-

479 689 842 782 iurbationum
863 717 1026 773 initiis
1043 689 1228 770 carere
1257 708 1584 783 quempiam,
1599 717 1733 774 quas
1758 698 2064 770 signillcan-
2166 708 2290 748 mus
2308 692 2628 746 honorabiles
2651 691 2877 761 nuptias,
2901 701 2947 744 et
2973 689 3134 746 cubile
3158 691 3541 745 immaculatum
3563 689 3745 763 (Hebr.

615 813 788 872 Graeci
836 810 916 884 (a)
956 813 1242 879 πρσπαθιίας
1279 781 1492 857 vvocant
1524 815 1538 851 :
1569 811 1693 862 nos,
1737 801 1796 848 ut
1840 787 2061 842 verbum
2170 785 2257 842 l3.
2299 785 2379 854 ι).
2426 783 2599 884 titiam
2643 783 2711 837 de
2758 781 3012 840 Paradiso
3041 783 3300 852 expulsus
3346 782 3546 848 Adam,
3590 800 3748 838 unam

478 872 752 965 vertamus
775 917 808 958 e
833 872 1024 964 verba,
1053 898 1432 966 antepassiones
1459 898 1746 960 possumus
1773 880 1973 942 dicere,
1998 891 2065 933 eo
2169 890 2392 931 uxorem
2437 873 2644 930 habuit.
2677 873 2888 929 Primus
2925 872 3156 931 Lamcch
3202 872 3522 928 maledictus
3549 882 3603 927 et
3630 889 3751 928 san-

479 995 621 1068 quod
650 993 918 1050 incentiva
945 965 1216 1056 vitiorum,
1245 984 1486 1040 omnium
1515 977 1731 1037 titillent
1756 973 1987 1035 animos,
2011 975 2068 1023 et
2169 969 2442 1039 guinarius
2463 1008 2478 1033 ,
2510 978 2564 1023 et
2603 966 2671 1022 de
2713 965 2843 1022 Cain
2887 966 3054 1037 stirpe
3094 965 3449 1034 descendens,
3485 966 3562 1038 (ά)
3592 982 3750 1021 unam

485 1057 638 1162 quasi
667 1087 721 1143 in
749 1082 1049 1142 meditullio
1073 1089 1315 1136 nostrum
1335 1073 1591 1145 judicium
1614 1069 1704 1132 sit,
1724 1066 1807 1120 vel
1835 1061 2068 1132 abjicere
2170 1071 2375 1116 costam
2406 1059 2584 1114 divisit
2609 1059 2662 1113 in
2692 1058 2850 1123 duas,
2882 1067 2937 1113 et
2963 1057 3285 1127 plantarium
3313 1057 3558 1128 digamia:
3591 1059 3752 1128 proti-

483 1150 711 1255 eogitata
734 1221 750 1247 ,
781 1179 866 1236 vel
896 1175 1154 1245 recipere.
1189 1170 1340 1227 Unde
1382 1176 1438 1222 et
1467 1173 1670 1220 natura:
1712 1157 1970 1255 Dominus
1992 1152 2066 1254 .in
2173 1168 2275 1208 nus
2302 1151 2486 1206 diluvii
2513 1167 2666 1223 paena
2684 1152 2964 1207 subvertit.
2995 1151 3148 1207 Unde
3175 1150 3302 1206 illud
3327 1151 3589 1222 Apostoli,
3613 1152 3752 1222 quod

487 1243 782 1345 Evangelio
820 1243 1182 1339 loquebatur:
1219 1280 1237 1312 ι
1279 1261 1353 1320 De
1379 1255 1542 1312 corde
1570 1258 1767 1308 exeunt
1792 1243 2071 1345 cogitatio-

488 1380 588 1420 nes
616 1335 791 1426 nialzc,
822 1335 1132 1420 homicidia,
1156 1349 1441 1414 adulleria,
1472 1343 1872 1400 tornieationes,
1906 1335 2069 1400 furta,

489 1455 623 1510 falsa
654 1425 996 1512 testimonia,
1038 1441 1388 1514 blasphemia:
1422 1457 1440 1490 ι
1476 1434 1688 1510 (anum.
1723 1431 1810 1486 t5.
1851 1427 1960 1493 l9).
1996 1425 2073 1477 Ex

489 1561 599 1616 quo
622 1542 957 1615 perspicuum
980 1547 1082 1602 est,
1103 1535 1252 1605 juxta
1282 1531 1503 1594 alterius
1535 1525 1654 1581 libri
1685 1519 2073 1583 testimoaium,

493 1609 782 1706 proclivius
805 1646 928 1687 esse
948 1643 1042 1691 cor
1063 1625 1300 1682 hominis
1325 1639 1352 1676 a
1385 1620 1607 1692 pueritia
1635 1616 1702 1670 ad
1727 1614 1922 1668 malum
1953 1609 2077 1683 (Ge-

494 1702 603 1780 nes.
632 1725 688 1796 8)
714 1741 728 1778 :
760 1731 815 1778 et
843 1723 981 1776 inter
1018 1732 1180 1787 opera
1221 1713 1402 1776 carnis
1431 1721 1485 1765 et
1512 1709 1756 1779 spiritus,
1789 1720 1908 1771 qua:
1936 1702 2080 1769 Apo-

494 1816 666 1871 stolus
682 1823 960 1870 enumerat
983 1809 1178 1879 (Galat.
1199 1807 1279 1875 5),
1301 1803 1529 1859 mediam
1549 1801 1780 1856 animam
1800 1795 2075 1858 ﬂuctuare,

496 1922 640 1966 nunc
665 1907 800 1970 lucc,
833 1918 976 1964 nunc
1005 1901 1094 1956 illa
1117 1898 1450 1968 cupientem.

640 1995 782 2050 Nam
809 1994 942 2048 vitiis
961 2008 1105 2045 nemo
1127 1991 1241 2044 sine
1269 1987 1492 2041 nascitur
1519 1998 1537 2037 :
1563 1983 1781 2055 optimus
1806 1979 1892 2033 ille
1916 1984 2008 2042 est,

645 2088 745 2161 Qui
773 2085 992 2142 minimis
1022 2091 1224 2155 urgetur

1283 2167 1497 2244 (Ilorat.
1527 2165 1614 2224 lib.
1647 2164 1699 2220 l.
1732 2162 1848 2218 Sat.
1876 2160 1958 2232 5),.

502 2270 649 2328 velut
673 2269 718 2326 si

623 2368 625 2370 ’
647 2361 865 2435 Egregia
886 2361 1138 2431 inspersos
1159 2352 1497 2426 reprehendas
1518 2367 1727 2420 corpore
1747 2364 1913 2405 nmo:

1382 2443 1545 2516 (Ibid.
1577 2444 1693 2497 Sat.
1724 2441 1802 2512 ti).

509 2550 620 2606 lloc
645 2555 726 2604 est
746 2545 888 2617 quod
915 2545 1036 2600 aliis
1057 2543 1234 2598 verbis
1260 2544 1531 2614 Propheta
1557 2538 1820 2610 significat
1853 2554 1868 2591 :
1898 2533 2096 2588 Turba-

510 2648 591 2693 tus
612 2654 745 2702 sum,
766 2644 812 2689 et
839 2651 938 2690 non
977 2650 1089 2688 sum
1126 2633 1322 2687 locutus
1353 2631 1469 2698 (Ps.
1500 2630 1587 2685 76.
1614 2629 1691 2699 5).
1723 2628 1788 2681 Et
1819 2627 1869 2680 in
1899 2625 2098 2681 eodem

510 2721 781 2775 volumine
814 2735 828 2772 :
857 2716 1170 2782 lrascimt’ni,
1199 2726 1246 2769 et
1272 2716 1425 2768 nolite
1454 2729 1662 2784 peccare
1686 2709 1802 2781 (Ps.
1835 2709 1888 2763 4.
1913 2709 1990 2777 5).
2026 2706 2095 2760 Et

512 2810 642 2867 illud
667 2809 899 2864 Archita:
919 2804 1277 2864 Tarentiniad
1303 2804 1535 2858 villicum
1560 2802 1914 2872 negligentem
1941 2816 1954 2853 :
1978 2797 2095 2853 .lam

513 2912 568 2958 te
594 2901 907 2957 verberibus
932 2913 1263 2962 enecassem,
1285 2897 1385 2952 nisi
1418 2895 1583 2950 iratus
1611 2908 1807 2950 essem.
1840 2890 1928 2944 lra
1963 2889 2099 2944 enim

514 2995 614 3050 viri
658 2994 916 3068 justitiam
948 2991 1045 3048 Dei
1082 3008 1184 3046 non
1213 2998 1453 3062 operatur
1485 2986 1687 3057 (Iacob.
1715 2984 1806 3040 20.
1843 2982 1919 3054 1).
1947 2981 2098 3050 Quod

515 3087 585 3143 de
615 3101 717 3142 una
767 3083 1170 3157 perturbatione
1196 3081 1398 3137 dictum
1445 3088 1548 3143 est,
1577 3077 1876 3133 referamus
1901 3073 1970 3128 ad
1995 3087 2102 3127 ea:-

518 3189 680 3234 tcras.
715 3178 792 3248 (b)
818 3176 978 3231 SICUT
1006 3189 1175 3234 masc:
1204 3171 1437 3227 hominis
1467 3179 1568 3236 est,
1601 3179 1657 3224 et
1682 3169 1815 3223 iram
1841 3181 1944 3222 non
1977 3181 2100 3235 pcr-

524 3270 707 3334 tlccre,
739 3267 1026 3323 Christiani
1053 3266 1166 3321 :sic
1185 3264 1361 3320 onmis
1381 3278 1508 3323 caro
1533 3260 1863 3330 concupiscit
1888 3258 2102 3330 quidem

521 3375 608 3428 ea,
637 3373 758 3431 qua:
782 3359 962 3413 carnis
980 3366 1104 3416 sunt
1131 3373 1146 3422 ;
1171 3364 1226 3411 et
1246 3354 1561 3428 quibusdam
1591 3352 1856 3408 illecebris
1879 3352 1943 3405 ad
1971 3366 2106 3405 mor-

523 3451 957 3509 tiferasanimam
986 3449 1288 3520 voluptates
1311 3447 1612 3504 trahitzsed
1659 3446 1818 3518 507
1864 3454 2106 3500 nostrum

521 3553 623 3608 est,
649 3541 941 3612 voluptatis
961 3541 1210 3596 ardorem
1230 3540 1429 3609 majore
1446 3537 1642 3599 Christi
1669 3552 1854 3591 amore
1879 3537 2106 3591 restrin-

522 3653 673 3708 gere,
706 3644 760 3691 et
787 3634 1072 3691 lasciviens
1102 3633 1192 3707 [al.
1223 3631 1452 3706 lascivia]
1477 3632 1776 3703 jumentum
1806 3629 1971 3684 frenis
1996 3630 2109 3684 ine-

526 3728 631 3784 dia:
672 3727 960 3799 subjugare
992 3744 1006 3781 :
1040 3734 1099 3780 ut
1137 3740 1241 3779 non
1284 3724 1580 3789 libidinem,
1613 3722 1708 3778 sed
1738 3722 1884 3777 cibos
1906 3729 2112 3793 quarrat

521 3836 586 3876 ac
612 3817 904 3885 desideret,
934 3834 1001 3872 ετ
1028 3831 1292 3874 sassonmt
1322 3815 1578 3885 Spiritum
1609 3813 1887 3878 Sanctum,
1919 3810 2108 3866 mode-

524 3922 643 3970 rato
671 3921 831 3983 atque
854 3911 1155 3982 composito
1186 3918 1365 3979 portet
1393 3909 1625 3962 incessu.

597 4006 684 4062 10.
716 4004 984 4074 Quorsum
1013 4004 1111 4058 ista
1135 4019 1151 4068 ;
1184 4000 1250 4057 Ut
1270 4000 1542 4058 hominem
1571 4012 1694 4053 esse
1723 4006 1775 4052 te
1805 3995 2112 4061 noveris,et

526 4097 870 4170 passionibus
891 4095 1160 4159 humanis,
1192 4093 1294 4147 nisi
1323 4091 1549 4155 caveris,
1584 4089 1883 4158 subjacere.
1920 4088 1994 4143 De
2014 4103 2109 4142 eo-

525 4191 651 4247 dem
692 4189 868 4245 cuncti
910 4187 1034 4242 facti
1062 4201 1250 4242 sumus
1277 4185 1410 4250 luto,
1445 4181 1632 4236 iisdem
1660 4181 1920 4249 compacti
1949 4193 2112 4234 exor-

526 4281 654 4338 diis.
689 4280 744 4336 ln
773 4279 949 4334 serico
974 4286 1030 4334 et
1071 4277 1126 4332 in
1154 4276 1346 4347 pannis
1372 4274 1559 4329 eadem
1592 4271 1755 4326 libido
1783 4271 2109 4326 dominatur.

526 4372 638 4429 Nec
659 4386 845 4442 regum
875 4382 1137 4439 purpuras
1159 4369 1330 4430 timet,
1354 4379 1452 4419 nec
1469 4361 1883 4418 mendicantium
1909 4361 2114 4430 spernit

525 4467 855 4540 squalorem.
870 4461 1142 4532 Multoque
1156 4458 1352 4516 melius
1365 4465 1468 4522 est,
1483 4454 1819 4511 stomachum
1839 4462 1888 4508 te
1905 4452 2109 4521 dolere,

527 4574 693 4628 quam
737 4565 970 4612 mentem
1007 4555 1315 4623 :imperare
1354 4549 1600 4620 corpori,
1648 4563 1806 4618 quam
1856 4547 2061 4620 servire
2094 4563 2108 4601 :

531 4665 720 4722 gressu
767 4648 1043 4714 vacillare,
1075 4660 1234 4717 quam
1284 4643 1560 4714 pudicitia.
1602 4641 1712 4696 Nec
1753 4640 1930 4694 statim
1960 4637 2112 4693 nobis

531 4741 864 4814 pmnitentia:
892 4739 1130 4794 subsidia
1153 4736 1513 4800 blandiantur,
1536 4750 1654 4805 qua:
1673 4741 1798 4788 sunt
1818 4730 2110 4787 infelicium

530 4832 792 4891 remedia.
813 4830 1121 4887 Cavendum
1146 4838 1229 4885 est
1253 4829 1464 4894 vulnus,
1494 4826 1635 4897 quod
1661 4825 1846 4881 dolore
1872 4833 2110 4880 curatur.

530 4922 692 4980 Aliud
732 4929 836 4988 est,
867 4921 1072 4992 integra
1115 4933 1251 4975 nave
1294 4926 1348 4974 et
1387 4918 1550 4973 salvis
1581 4916 1868 4981 mercibus,
1901 4927 2110 4986 portum

530 5013 722 5070 salutis
747 5011 951 5067 intrare
977 5029 990 5064 :
1017 5010 1183 5076 aliud,
1208 5009 1410 5064 nudum
1440 5008 1646 5062 hatrere
1678 5005 1890 5072 tabulm,
1917 5013 1972 5060 ct
1996 5019 2116 5060 cre-

530 5106 642 5163 bris
682 5105 940 5160 lluctuum
971 5102 1281 5159 recursibus
1305 5100 1370 5154 ad
1418 5099 1711 5167 asperrima
1754 5111 1881 5151 saxa
1910 5096 2110 5151 collidi.

529 5195 746 5254 Nesciat
760 5194 917 5252 vidua
939 5193 1184 5264 digamia:
1204 5190 1611 5262 indulgentiam,
1637 5201 1736 5242 nec
1753 5187 1958 5242 noverit
1985 5187 2112 5242 illud

594 5367 672 5480 (Ir)j
697 5367 857 5418 Aliter
876 5364 1072 5431 quidam
1086 5362 1202 5413 Mss.
1222 5368 1274 5413 et
1295 5367 1440 5412 vetus
1459 5358 1610 5409 editio
1625 5369 1804 5420 προςάιη,
1825 5357 1907 5406 vel
1929 5369 2109 5420 τροπάτη,

594 5445 622 5479 ξι
673 5443 780 5480 ese.

526 5443 780 5480 ιιιεικιοεε.

595 5479 669 5558 (ὁὶ
686 5479 812 5558 Huc
823 5490 936 5541 facit
955 5487 1086 5552 quod
1109 5484 1284 5558 alicubi
1306 5481 1687 5558 S._Augustinu§
1701 5479 2110 5558 distinguitinter

527 5540 918 5612 facetiis—malum,
945 5540 999 5602 εὶ
1022 5548 1262 5613 perlicere
1284 5540 1495 5613 malum;
1520 5557 1630 5613 nam
1653 5542 1819 5613 facere
1842 5540 2019 5613 malum
2043 5554 2108 5612 er

525 5615 636 5677 ejus
657 5603 917 5666 sententia
931 5621 1012 5664 est
1024 5603 1232 5677 tentari,
1256 5603 1503 5677 perlicere
1525 5603 1720 5677 malum,
1736 5609 1829 5677 _est
1848 5603 2111 5677 tentationi

523 5663 873 5727 succumbere.
884 5663 1041 5726 Porro
1066 5672 1189 5725 infra
1214 5663 1359 5734 epist.
1381 5670 1441 5720 ad
1464 5664 1831 5734 Demetriadem
1848 5664 2001 5734 paulo
2023 5663 2109 5712 ali-

524 5724 605 5787 ter
619 5724 805 5804 noster
818 5724 947 5804 idem
966 5724 1171 5804 Hieron.
1197 5724 1364 5804 (rusci,
1379 5736 1551 5795 inquit,
1565 5726 1767 5779 hominis
1790 5724 1878 5789 est,
1897 5733 1940 5777 et
1963 5724 2111 5789 liuent

522 5799 791 5854 iracundia:
811 5801 1068 5865 imponere,
1095 5795 1371 5850 Christiani.
1414 5849 1416 5851 ,

2175 1245 2546 1301 fornicationis
2573 1251 2716 1300 metu
2740 1244 3017 1314 indulgere
3039 1243 3398 1313 compellitur,
3427 1243 3670 1298 scribens
3690 1243 3756 1298 ad

2175 1337 2516 1394 Timotheum
2552 1356 2567 1393 :
2599 1355 2619 1390 ι
2673 1336 2809 1392 Volo
2851 1336 3284 1392 adolescentulas
3329 1336 3568 1403 nubere,
3618 1337 3756 1393 tilios

2177 1444 2481 1498 procreare,
2528 1429 2714 1484 matris
2741 1428 2968 1483 familias
3009 1442 3149 1495 esse,
3194 1427 3394 1484 nullam
3423 1428 3756 1484 occasionem

2177 1520 2308 1576 dare
2347 1519 2657 1576 adversario
2693 1519 2960 1580 maledicti
2999 1535 3158 1575 causa
3205 1539 3224 1572 ι
3260 1520 3342 1591 (1.
3377 1519 3508 1574 Tim.
3543 1521 3598 1576 5.
3647 1522 3756 1593 11).

2180 1612 2247 1666 Et
2292 1627 2390 1666 cur
2437 1611 2753 1678 indulserit,
2784 1611 2965 1669 statim
3004 1611 3268 1681 subjecit:
3302 1630 3320 1664 ι
3355 1611 3470 1667 Jam
3519 1613 3760 1683 quzcdam

2180 1701 2582 1762 declinaverunt
2615 1711 2735 1773 post
2781 1700 3055 1761 Satanam.
3097 1721 3115 1755 ›
3151 1702 3232 1758 Ex
3258 1719 3363 1772 quo
3395 1703 3765 1775 intelligimus,

2183 1792 2334 1847 illum
2363 1807 2469 1853 non
2502 1791 2767 1848 stantibus
2792 1808 3046 1849 coronam
3070 1836 3084 1858 ,
3116 1794 3209 1848 sed
3228 1793 3530 1863 jacentibus
3549 1811 3761 1850 manuni

2184 1883 2481 1954 porrigere.
2511 1883 2642 1940 Vide
2668 1884 2846 1954 qualia
2873 1884 2980 1939 sint
2999 1885 3233 1940 sectuida
3265 1886 3766 1958 matrimonia,_qu-.e

2184 1976 2528 2046 lupanaribus
2559 1978 2933 2047 praeferuntur,
2971 1995 2989 2027 ε
3023 1978 3144 2047 quia
3175 1976 3578 2032 declinaverunt
3616 1994 3765 2051 quam

2187 2069 2311 2124 dum
2341 2079 2461 2140 post
2502 2069 2773 2126 Satanam.
2805 2090 2824 2123 ι
2857 2069 2983 2126 ldeo
3023 2070 3417 2126 adulescentula
3447 2071 3623 2137 vidua,
3651 2089 3769 2142 qua:

2189 2175 2249 2215 se
2272 2176 2377 2216 non
2402 2170 2576 2231 potest
2598 2163 2896 2228 continere,
2921 2163 3006 2218 vel
3035 2179 3141 2218 non
3167 2162 3298 2231 vult,
3326 2163 3572 2221 maritum
3598 2165 3770 2234 potius

2189 2251 2433 2326 accipiat,
2465 2268 2622 2325 quam
2651 2253 2939 2312 diabolum.

2266 2344 2352 2398 11.
2381 2343 2604 2400 Pulchra
2633 2346 2882 2403 nimirum
2903 2355 2957 2401 et
2975 2347 3272 2416 appetenda
3296 2362 3411 2413 res,
3427 2363 3544 2418 qum
3565 2347 3771 2403 Satana:

2193 2439 2594 2507 comparatione
2634 2439 2940 2510 suscipitur.
2983 2440 3266 2498 Fornicata
3309 2451 3392 2496 est
3431 2441 3695 2512 quondam
3721 2449 3774 2498 et

2195 2528 2490 2587 Jerusalem
2513 2573 2529 2598 ,
2557 2542 2610 2586 et
2649 2532 2962 2587 divaricavit
2993 2533 3154 2602 pedes
3179 2547 3305 2587 suos
3338 2532 3484 2588 omni
3512 2533 3773 2602 tanscunti
3836 2515 3886 2594 γέ

2201 2619 2416 2698 (Ezech.
2445 2589 2533 2679 16:
2565 2624 2683 2694 9.").
2715 2623 2770 2678 ln
2802 2589 3034 2696 Egypt'o
3070 2623 3298 2695 primum
3328 2589 3652 2694 devirgiiiata
3673 2633 3774 2688 cst,

2201 2718 2362 2794 508
2432 2727 2488 2771 et
2531 2715 2602 2769 ibi
2627 2714 2805 2769 fracta:
2833 2724 2959 2770 sunt
2997 2731 3242 2769 mamma:
3267 2715 3403 2785 ejus.
3433 2714 3672 2786 Cumque
3709 2715 3776 2770 ad

2201 2815 2409 2867 deserta
2440 2809 2708 2876 venisset,
2741 2817 2796 2863 et
2825 2823 3095 2867 morarum
3123 2807 3286 2880 Moysi
3327 2807 3563 2866 ductoris
3607 2809 3776 2877 impa-

2204 2903 2365 2969 tiens,
2399 2901 2547 2972 quasi
2577 2912 2746 2963 (nstro
2774 2901 3006 2956 libidinis
3036 2900 3315 2955 furibunda
3342 2900 3600 2956 dixisset:
3629 2920 3648 2952 ι
3690 2899 3784 2959 lsti

2203 3005 2328 3050 sunt
2355 2995 2425 3049 dii
2447 2995 2524 3050 tui
2546 2993 2732 3060 Israel,
2759 2994 2846 3064 qui
2867 3003 2918 3048 te
2949 2993 3247 3049 eduxerunt
3272 2994 3338 3049 de
3356 3003 3497 3049 terra
3524 2993 3733 3066 Egypti
3753 3013 3773 3046 ι

2209 3085 2403 3159 (Exod.
2437 3087 2527 3142 52.
2562 3087 2637 3157 ι),
2692 3087 2897 3156 accepit
2939 3096 3207 3157 pra‘cepta
3242 3101 3346 3141 non
3369 3085 3527 3152 bona,
3554 3087 3781 3156 ctjusti-

2206 3177 2485 3232 lii-ationes
2514 3177 2793 3246 pessimas,
2829 3177 2882 3232 in
2908 3176 3100 3248 quibus
3129 3192 3233 3230 non
3257 3177 3478 3243 viveret,
3506 3176 3600 3232 scd
3625 3179 3783 3248 puni-.

2207 3279 2355 3324 retur
2385 3285 2398 3321 :
2426 3267 2560 3340 Quid
2592 3283 2720 3338 ergo
2749 3269 2967 3335 mirum,
2994 3267 3040 3323 si
3078 3277 3132 3323 et
3160 3268 3563 3324 lascivientihus
3589 3269 3779 3334 viduis,

2207 3361 2276 3417 de
2311 3361 2504 3432 quibus
2555 3361 2606 3415 in
2651 3361 2755 3416 alio
2799 3361 2920 3416 loco
2963 3361 3252 3431 Apostolus
3295 3359 3545 3416 dixerat:
3579 3379 3598 3418 ‹
3653 3361 3790 3416 Cunt

2209 3453 2490 3509 luxuriata:
2523 3450 2718 3506 fuerint
2743 3452 2795 3506 in
2825 3451 3064 3518 Christo,
3090 3452 3290 3507 nubere
3321 3453 3503 3507 volunt
3531 3451 3785 3508 habentes

2209 3549 2602 3604 damnationem
2628 3589 2642 3613 ,
2666 3547 2788 3618 quia
2816 3548 3042 3616 primam
3075 3545 3231 3601 fidem
3263 3546 3466 3600 irritam
3497 3544 3733 3600 fecerunt
3761 3565 3782 3598 ι

2212 3639 2288 3712 (1.
2333 3638 2467 3693 Tim.
2500 3639 2553 3694 5.
2590 3639 2714 3708 ll),
2761 3639 3027 3693 concessit
3087 3637 3335 3708 digamite
3383 3647 3645 3707 prrcccpta
3684 3652 3786 3691 non

2211 3731 2374 3795 bona,
2407 3739 2460 3785 et
2497 3729 2910 3799 iustiﬁcationes
2953 3729 3252 3800 pessimas;
3283 3730 3352 3782 ita
3395 3729 3684 3784 secundum
3711 3731 3788 3784 in-

2211 3824 2438 3894 dulgens
2467 3823 2754 3889 maritum,
2783 3831 2842 3876 ut
2881 3831 2932 3877 et
2966 3821 3202 3885 tertium,
3235 3832 3288 3876 ct
3317 3821 3360 3875 si
3393 3821 3602 3888 liberet,
3632 3821 3786 3877 etiam

2214 3916 2527 3972 vicesimum
2553 3932 2568 3981 ;
2598 3923 2655 3968 ut
2677 3915 2876 3973 scirent
2892 3913 2998 3974 sibi
3020 3929 3122 3968 non
3149 3922 3252 3971 tam
3273 3915 3415 3967 viros
3439 3911 3788 3982 datos,_quam

2212 4007 2488 4064 adulteros
2511 4005 2854 4078 amputatos?
2887 4005 3030 4070 llzcc,
3055 4004 3163 4058 lilia
3191 4003 3240 4060 iu
3262 4002 3471 4057 Christo
3492 4002 3785 4066 carissima,

2215 4101 2446 4162 incnlco.
2494 4108 2550 4154 ct
2591 4099 2836 4155 crebrius
2868 4108 3075 4170 repeto,
3104 4108 3160 4152 ut
3192 4097 3544 4168 posteriorum
3585 4096 3744 4151 oblita
3768 4135 3789 4159 ..

2215 4194 2268 4250 in
2298 4195 2477 4264 priora
2509 4202 2559 4249 te
2581 4191 2873 4247 extendas:
2894 4191 3098 4246 habens
3125 4191 3197 4244 tui
3219 4188 3422 4243 ordinis
3443 4202 3575 4259 quas
3599 4202 3786 4256 sequa-

2215 4285 2311 4353 ris,
2333 4283 2514 4341 Judith
2542 4283 2609 4339 de
2639 4283 2858 4338 llebra-a
2891 4282 3134 4348 historia,
3163 4290 3216 4336 et
3241 4280 3447 4334 Annam
3471 4278 3630 4332 tiliam
3652 4277 3794 4335 Pha—

2218 4378 2392 4434 nuelis
2419 4376 2486 4431 de
2507 4376 2783 4447 Evangelii
2809 4375 3052 4430 claritate
3081 4372 3174 4446 [al.
3199 4369 3451 4443 caritate].
3475 4385 3593 4440 qua:
3609 4369 3792 4424 diebus

2215 4482 2270 4529 et
2309 4471 2558 4526 noetibus
2594 4468 2945 4524 versabantur
2992 4467 3044 4521 in
3086 4463 3331 4535 Tcmplo,
3373 4472 3428 4519 et
3468 4462 3788 4517 orationibus

2219 4571 2381 4633 atque
2431 4560 2650 4631 jejuniis
2708 4558 3017 4613 thesaurum
3076 4555 3341 4628 pudicitia:
3385 4553 3791 4609 conservabant.

2219 4653 2372 4712 Unde
2397 4665 2448 4708 et
2472 4653 2637 4708 altera
2654 4651 2704 4706 in
2721 4660 2847 4722 typo
2866 4648 3141 4715 Ecclesire,
3162 4646 3433 4702 diabolum
3455 4645 3631 4714 capite
3644 4651 3790 4697 trun-

2217 4749 2389 4811 cavit;
2419 4747 2589 4802 altera
2627 4744 2958 4800 Salvatorem
3005 4739 3190 4796 mundi
3233 4739 3400 4809 prima
3430 4737 3685 4806 suscepit,
3715 4751 3795 4788 sa-

2217 4849 2615 4896 cramentorum
2644 4837 2858 4892 conscia
2890 4833 3209 4889 futurorum.
3243 4829 3376 4885 Illud
3405 4831 3457 4883 in
3496 4829 3642 4884 calce
3681 4841 3792 4881 ser-

2217 4932 2393 4988 monis
2438 4943 2657 5000 qumso,
2690 4934 2748 4980 ut
2795 4925 3106 4979 brevitatem
3149 4921 3335 4985 libelli,
3381 4934 3487 4974 non
3527 4917 3596 4973 de
3623 4915 3795 4986 inopia

2218 5019 2535 5092 eloquii,ch
2553 5017 2622 5073 de
2647 5015 2885 5070 materia:
2909 5013 3211 5078 sterilitate,
3230 5011 3322 5066 sed
3353 5009 3419 5064 de
3446 5005 3665 5079 pudoris
3691 5019 3794 5060 ma.

2217 5111 2494 5185 gnitudine
2523 5108 2758 5164 aestimes
2783 5105 3045 5160 accidisse
3069 5119 3084 5168 ;
3125 5102 3252 5158 dum
3285 5115 3474 5154 vereor
3503 5096 3696 5168 ignotis
3719 5107 3798 5146 me

2217 5208 2308 5263 diu
2341 5207 2587 5274 ingerere
2603 5199 2842 5266 auribus,
2871 5206 2931 5252 eti
2944 5196 3213 5253 occultum
3239 5192 3525 5266 legentium
3543 5188 3795 5262 judicium

2219 5296 2557 5369 pertimesco.

2288 5406 2348 5483 lci
2369 5392 3795 5483 ΑΡςειεξέἳιὶῖἓιὲξίέοειέιὲιηὶίρὲίὲίῠὲἑέἰιέἳιληὲἓὲἒῇἳβέἓν

2219 5456 2568 5544 qui—secundas
2589 5466 2782 5544 nuptias
2799 5456 3241 5544 d‘amuabantj'trisi
3266 5456 3797 5544 si

2218 5499 3794 5591 iii;Eiio‘g'i‘geiiii’éiiﬁgiﬁéé‘iigiiiii?{ii’iscﬁa'iaa‘rgg

2220 5574 2816 5652 ﬁaéibi-éih‘iervérsuih
2830 5574 2957 5637 trahi
2972 5574 3189 5652 sensum,
3208 5574 3545 5652 aciperperam
3570 5574 3798 5652 testiﬁcari

2222 5640 2481 5715 tantopere
2504 5640 2951 5715 calumniabantur.
2972 5645 3150 5715 confer
3176 5640 3339 5708 'epis't.
3379 5640 3458 5690 318.
3490 5647 3641 5701 atque
3675 5640 3798 5703 ipsos

2221 5708 2387 5768 contra
2407 5712 2716 5761 Iovinianum
2739 5711 2890 5759 libros
2912 5708 3103 5770 passim.

2229 5836 2231 5839 τ
2291 5773 2360 5840 (tl)
2401 5773 2594 5824 l’rimus
2617 5773 2841 5824 nimirum
2861 5768 2981 5821 duas
3003 5768 3168 5818 habuit
3203 5777 3401 5818 uxores.
