4106 6340
285 413 386 478 733

729 528 1051 593 EPISTULA
1093 526 1284 590 Lxxx
1310 535 1410 604 (a).

287 656 404 712 Sive
443 656 728 713 PB£FATIO
759 646 977 708 iiL'FFINI
1002 651 1068 706 In
1097 652 1274 719 Libro;
1301 650 1446 705 illam
1489 651 1702 703 APKQN
1733 645 1860 703 Om-

982 761 1149 802 GENIS.

295 859 518 928 Rufinus
543 869 595 912 ut
625 858 887 928 Origeuem
922 857 1076 911 veluti
1103 857 1165 924 ab
1193 858 1461 927 adscriptis
1486 856 1740 910 erroribus
1764 870 1858 906 ea:-

297 1009 300 1012 ,
349 961 620 1020 purgatum
641 991 654 1014 ,
684 951 882 1002 cunctis
910 949 1172 1018 legendum
1199 948 1454 1013 obtrudat,
1489 946 1854 1021 Hieronymum

347 1058 454 1094 sua:
477 1041 738 1093 sententia:
762 1040 952 1093 socium
991 1040 1185 1102 laudat,
1219 1049 1262 1092 et
1291 1037 1713 1108 Origenianarum
1743 1035 1854 1104 opi-

346 1137 554 1190 nionum
581 1137 830 1204 fautorem
867 1133 1104 1186 mentitur
1131 1148 1283 1203 :qua:
1307 1148 1384 1185 res
1411 1132 1686 1185 maximum
1727 1130 1855 1182 inter

345 1236 607 1295 utrumque
629 1224 892 1278 dissidium
917 1223 1128 1294 peperit.

348 1362 397 1415 l.
434 1378 453 1411 ι
490 1358 615 1415 Scio
642 1374 800 1428 quam
825 1358 1086 1429 plurimos
1115 1359 1337 1413 fratrum
1364 1357 1599 1413 scientia:
1625 1357 1852 1426 scriptu-

282 1467 462 1506 rarum
487 1450 756 1506 desiderio
783 1460 1119 1520 provocatos,
1146 1451 1451 1522 p0poseisse
1475 1450 1542 1504 ab
1567 1449 1850 1518 aliquantis

274 1541 496 1596 eruditis
523 1541 671 1607 viris,
693 1548 748 1595 et
777 1540 1083 1595 Graecarum
1109 1527 1403 1595 litterarum
1432 1539 1635 1610 peritis,
1659 1538 1853 1594 utOri-

273 1647 460 1701 geuem
487 1631 786 1686 Romanum
809 1629 1066 1697 facerent,
1094 1640 1148 1686 et
1167 1631 1366 1685 Latinis
1399 1631 1616 1686 auribus
1688 1629 1850 1701 509

274 1726 344 1795 (b)
378 1725 764 1779 condonarent.
799 1724 942 1780 Inter
988 1739 1122 1796 quos
1151 1709 1309 1780 etiam
1351 1724 1514 1779 frater
1550 1732 1606 1778 et
1645 1724 1846 1793 collega

272 1827 456 1870 noster
496 1815 563 1870 ab
601 1815 868 1885 Episcopo
895 1815 1121 1870 Damaso
1145 1815 1481 1886 deprecatus,
1513 1829 1636 1869 cum
1667 1813 1851 1867 Homi-

271 1907 367 1961 lias
393 1907 526 1962 duis
552 1907 620 1963 de
646 1908 867 1964 Cantieo
895 1908 1232 1963 Canticorum
1257 1909 1310 1963 in
1337 1907 1582 1962 Latinum
1610 1916 1844 1961 transtu-

269 1998 417 2054 lisset
441 2015 508 2054 ex
530 1999 739 2066 Grzcco,
761 2001 834 2054 ita
860 1999 913 2054 in
943 2001 1036 2054 illo
1062 2015 1226 2071 Opere
1251 2010 1438 2055 ornate
1461 1998 1846 2070 magnificeqnc

269 2093 522 2160 przefatus
562 2102 666 2157 est,
697 2103 748 2146 ut
781 2091 951 2146 cuivis
978 2092 1188 2162 legendi
1214 2092 1520 2161 Origenem,
1551 2099 1605 2146 et
1645 2091 1844 2144 avidis-

268 2185 399 2238 sime
449 2184 788 2254 perquirendi
841 2184 1166 2238 desiderium
1213 2192 1613 2245 commoveret,
1660 2182 1843 2237 dicens

271 2277 408 2331 illius
434 2278 627 2331 anima:
657 2279 943 2331 convenire
971 2276 1112 2347 quod
1134 2277 1332 2332 dictum
1363 2285 1476 2332 est:
1500 2295 1518 2328 ι
1551 2276 1848 2330 Introduxit

265 2383 350 2421 nte
391 2383 485 2422 rex
514 2368 565 2421 in
591 2367 892 2422 cubiculum
935 2383 1132 2438 suumt
1163 2367 1311 2421 Cant.
1346 2369 1394 2421 I.
1423 2368 1500 2435 5)
1549 2367 1664 2438 (l);
1699 2383 1718 2442 ι
1755 2381 1844 2419 as-

263 2473 453 2513 serens
475 2457 549 2531 (c)
575 2457 718 2528 quod
761 2472 882 2510 eum
912 2458 962 2510 in
994 2458 1204 2512 caneris
1234 2457 1382 2511 libris
1425 2473 1613 2512 omnes
1643 2458 1840 2526 vincat,

259 2547 313 2606 in
339 2549 576 2604 Canticis
596 2549 934 2602 Canticorum
962 2549 1122 2602 etiam
1151 2549 1263 2617 ipse
1291 2563 1351 2603 se
1379 2549 1582 2608 vicerit.
1615 2549 1693 2619 (d)
1723 2550 1844 2604 Pol-

263 2641 453 2695 llCClUl’
482 2655 614 2695 sane
647 2641 697 2693 in
729 2641 844 2710 ipsa
884 2639 1222 2707 Przefatione,
1255 2655 1315 2695 se
1345 2650 1398 2695 et
1429 2641 1573 2710 ipsos
1615 2641 1667 2693 in
1698 2641 1840 2696 Can-

260 2736 365 2788 tica
391 2730 734 2787 Canticorum
780 2731 973 2797 libros,
1004 2741 1056 2786 et
1082 2732 1214 2794 alios
1251 2747 1408 2802 quam
1441 2731 1696 2800 plurimos
1724 2732 1841 2787 Ori-

256 2826 434 2896 genis,
456 2824 714 2878 Romanis
734 2825 951 2879 auribus
972 2824 1304 2895 largiturum.
1322 2827 1424 2881 Sed
1449 2827 1556 2888 ille,
1581 2835 1637 2881 ιιι
1662 2827 1837 2893 video,

259 2921 312 2972 in
341 2919 483 2989 ston
496 2917 712 2986 pr0prio
735 2917 968 2985 placens,
997 2932 1109 2971 rem
1129 2917 1348 2987 majoris
1371 2917 1554 2986 gloria:
1579 2919 1838 2989 sequitur,

259 3020 319 3062 ιιι
347 3017 500 3077 pater
539 3007 689 3061 verbi
729 3007 798 3060 sit
841 3008 1038 3075 potius,
1065 3021 1223 3076 quam
1265 3008 1545 3077 interpres.
1576 3008 1683 3062 Nos
1711 3024 1839 3081 ergo

260 3117 375 3156 rem
403 3100 470 3155 ab
501 3100 594 3155 illo
622 3097 834 3169 quidem
881 3108 1109 3167 emptam
1137 3098 1409 3168 sequimur
1433 3109 1487 3153 et
1510 3101 1784 3170 probatam
1819 3118 1834 3156 :

259 3191 355 3246 sed
385 3206 490 3245 non
520 3192 690 3259 requis
724 3188 1044 3257 eloquentia:
1075 3189 1305 3255 viribus,
1336 3190 1464 3244 tanti
1508 3192 1602 3244 viri
1644 3206 1838 3247 ornare

258 3296 543 3352 possumus
570 3281 732 3336 dicta.
757 3280 907 3336 Unde
933 3295 1120 3335 vereor
1146 3296 1212 3336 ne
1238 3281 1364 3336 vitio
1384 3297 1506 3337 meo
1526 3282 1578 3337 id
1607 3286 1835 3351 accidat,

260 3384 319 3429 ιιι
345 3375 389 3430 is
416 3376 518 3442 vir,
551 3390 706 3444 quem
732 3375 840 3440 ille,
870 3373 1094 3428 alterum
1127 3383 1246 3443 post
1271 3376 1559 3445 Apostolos
1587 3377 1839 3433 Ecclesiae

256 3467 528 3523 doctorem
558 3465 793 3521 scientia:
828 3479 891 3519 ac
927 3464 1200 3533 sapientia:
1244 3467 1435 3520 merito
1475 3467 1838 3538 comprobavit

258 3556 348 3628 [ιιι.
379 3555 691 3628 comprobat]
729 3557 904 3626 inepia
935 3556 1196 3611 sermonis
1225 3557 1388 3610 nostri
1423 3557 1583 3627 longe
1608 3573 1726 3614 esse
1758 3560 1839 3614 in-

257 3649 422 3704 ferior
447 3648 704 3703 videatur.
764 3698 767 3699 ,
1175 3659 1190 3674 '
1295 3642 1302 3649 ”
1803 3693 1808 3696 .

327 3740 383 3792 2.
409 3758 427 3790 ι
453 3739 601 3806 Quod
618 3755 716 3810 ego
742 3751 884 3806 saepe
906 3735 996 3809 [:il.
1019 3735 1248 3808 Stepius]
1269 3737 1618 3794 considerans
1642 3742 1838 3796 retice-

259 3834 398 3897 bam,
426 3847 521 3888 nec
550 3830 628 3906 (2)
647 3833 1056 3902 deprecantibus
1078 3845 1162 3884 tne
1189 3830 1560 3900 l'requenterin
1585 3830 1684 3885 hoc
1705 3847 1838 3901 opus

259 3925 510 3980 fratribus
547 3927 871 3980 anouebam.
901 3924 1007 3980 Sed
1059 3932 1146 3977 tua
1179 3923 1259 3976 vis
1279 3963 1295 3990 ,
1337 3921 1645 3977 fidelissime
1675 3923 1839 3979 frater

260 4017 474 4080 llacari,
503 4025 650 4072 tanta
677 4026 758 4071 est
782 4057 798 4082 ,
827 4016 912 4070 cui
936 4015 1202 4068 obsistere
1233 4028 1299 4067 ne
1327 4013 1592 4083 imperitia
1622 4013 1837 4083 quidem

259 4117 470 4176 potest;
497 4115 716 4176 propter
740 4105 881 4176 quod
910 4121 978 4160 ne
1010 4114 1063 4159 te
1085 4104 1222 4158 ultra
1253 4112 1358 4158 tam
1383 4119 1600 4174 gravem
1627 4117 1839 4174 paterer

258 4210 605 4265 exactorem,
659 4199 823 4256 etiam
878 4207 1062 4254 contra
1119 4196 1226 4270 [al.
1281 4196 1460 4270 citra]
1508 4198 1836 4268 propositum

262 4305 438 4345 meum
459 4290 597 4346 cessi
618 4304 633 4343 :
661 4304 725 4345 ea
751 4297 926 4344 tamen
951 4289 1066 4359 lege
1081 4300 1239 4358 atque
1258 4288 1470 4356 ordine,
1497 4288 1574 4360 (5)
1598 4297 1654 4342 ιιι
1671 4305 1840 4358 quan-

263 4391 374 4436 tum
401 4381 522 4437 ﬁeri
546 4388 746 4452 potest,
778 4380 1185 4450 interpretando
1208 4395 1403 4451 sequar
1425 4382 1663 4450 regulam
1697 4397 1837 4450 prat-

259 4489 557 4532 cessorum.
582 4474 650 4529 Et
677 4473 795 4544 ejus
823 4475 1090 4544 praicipue
1121 4473 1217 4528 viri
1249 4474 1268 4544 (
1285 4474 1650 4547 Hieronymi),
1685 4475 1838 4545 cujus

259 4569 509 4639 superius
535 4567 760 4622 fecimus
776 4569 1135 4631 mentionem;
1166 4568 1256 4637 qui
1292 4582 1415 4621 cum
1443 4569 1580 4622 ultra
1615 4579 1836 4639 septua-

260 4659 404 4729 ginta
435 4657 648 4711 libellos
675 4654 942 4724 Orig-onis,
974 4671 1110 4723 quos
1150 4656 1484 4711 llomiliticos
1526 4660 1835 4727 appellavit,

257 4750 562 4817 aliquantos
581 4745 740 4798 etiam
757 4744 824 4800 de
839 4743 1022 4798 Tomis
1040 4746 1090 4798 in
1108 4746 1416 4813 Apostolum
1438 4748 1650 4818 scriptis
1673 4757 1842 4804 trans-

259 4839 475 4895 tulisset
502 4837 554 4890 in
583 4833 856 4901 Latinum,
889 4835 941 4888 in
988 4835 1181 4903 quibus
1219 4849 1340 4888 cum
1378 4837 1646 4905 aliquanta
1665 4837 1838 4893 otl‘en-

259 4931 440 4988 dicula
495 4929 837 4984 inveniantur
866 4928 918 4982 in
967 4926 1178 4992 Graeco,
1227 4927 1296 4982 ita
1327 4927 1568 4983 elimavit
1622 4932 1837 4998 omnia,

260 5021 687 5096 interpretando,
712 5033 870 5092 atque
898 5023 1158 5092 purgavit,
1187 5029 1245 5076 ut
1273 5020 1406 5076 nihil
1428 5021 1479 5076 in
1510 5021 1614 5076 illis
1639 5023 1780 5092 quod
1807 5038 1838 5079 a

345 5178 392 5239 α)
423 5187 482 5228 In
502 5174 711 5239 antiquis
729 5173 1012 5239 editionibus
1035 5174 1106 5239 ϐξ
1142 5173 1595 5239 ιη-Ιιεηεάὶειὶηαηι.
1621 5180 1770 5224 caret.

347 5234 395 5298 ὁ)
430 5240 502 5289 Ad
529 5234 752 5289 veterem
774 5238 939 5287 Jacobi
969 5234 1162 5286 Mei-lini
1198 5236 1607 5298 Origenianorum
1631 5249 1835 5298 cperum

264 5299 530 5353 (ditionem
555 5300 772 5349 Latinam
797 5299 953 5348 locum
978 5300 1264 5361 exegimus,
1290 5312 1400 5361 cum
1434 5304 1570 5348 esset
1595 5299 1644 5347 in
1666 5299 1834 5348 Bene-

262 5364 428 5432 dictio.
454 5375 564 5432 eum
577 5362 919 5432 donareturdm
940 5373 1032 5420 quo
1048 5398 1070 5432 ,ο
1086 5359 1182 5432 etc.
1210 5359 1309 5408 Sed
1333 5359 1613 5432 Hieronymi
1636 5374 1833 5418 nomen,

263 5426 393 5535 qua:
433 5430 578 5475 vetus
622 5421 702 5472 illa
742 5423 893 5472 editio
933 5422 1193 5483 exprimit,
1239 5434 1334 5469 non
1376 5421 1648 5483 putavimus
1689 5433 1839 5484 appo-

264 5499 362 5535 nen
397 5500 496 5535 um.

264 5499 496 5536 nendum.

329 5548 398 5610 (ε)
432 5547 506 5598 Ex
534 5547 707 5610 eadem
732 5544 948 5610 editione
975 5541 1191 5610 voculam
1215 5555 1342 5610 eum,
1369 5545 1502 5610 sive,
1527 5550 1584 5594 ut
1615 5544 1704 5610 alii,
1719 5544 1834 5594 editi

264 5605 446 5660 habent
468 5622 596 5667 eum,
616 5609 727 5657 hinc
743 5608 1028 5669 amovimus.
1056 5605 1183 5669 Intra
1204 5605 1294 5669 alia
1317 5605 1523 5669 subinde
1543 5609 1836 5669 recepimus.

334 5671 397 5735 il)
437 5671 492 5735 In
515 5665 631 5720 uss.
653 5683 742 5718 sex
769 5667 1021 5735 penes._l'.
1046 5665 1108 5714 de
1136 5665 1179 5714 Ia
1205 5665 1309 5716 Rue
1332 5665 1515 5715 dictum
1538 5673 1608 5717 est
1629 5665 1742 5731 quia
1762 5677 1840 5718 m-

265 5730 481 5796 trottuajt
501 5745 556 5796 ec
576 5745 685 5780 mox
709 5730 818 5796 cum
843 5730 1006 5796 editis,
1032 5739 1250 5796 asserens
1269 5739 1380 5776 eum
1403 5739 1483 5796 ee.

327 5793 398 5853 (‘2)
425 5794 668 5905 gerlinus
692 5799 743 5842 et
769 5789 1116 5845 Genebrardus
1137 5796 1181 5840 et
1206 5787 1571 5855 deprecantibus
1591 5803 1723 5842 me...
1746 5803 1840 5845 non

330 5869 420 5905 nne
485 5870 550 5905 ιιι.

267 5868 550 5906 tttttttteoam.

1623 409 1950 469 EPISTULA
1992 405 2209 461 LXXX.

3430 403 3538 459 ἰδ-ι

1972 519 2081 577 Ιίάε
2101 529 2283 576 nostra
2309 519 2576 590 diserepet
2594 562 2607 584 ,
2636 520 2855 578 Latinus
2895 523 3062 578 lector
3091 520 3347 577 inveniat.
3375 516 3536 574 Hune

1967 626 2100 683 ergo
2119 612 2442 678 etiamnos,
2487 612 2611 666 licet
2650 627 2755 666 non
2801 598 3118 682 eloquentiae
3161 598 3362 667 viribus
3389 651 3404 676 ,
3453 597 3539 662 tli-

1965 704 2204 774 sciplina:
2246 713 2423 760 tamen
2459 705 2656 775 regulis
2681 769 2683 771 ι
2709 705 2762 758 in
2803 711 3057 773 quantum
3107 715 3390 774 possumus
3439 715 3531 756 se-

1965 799 2202 867 quimur,
2255 799 2602 854 observantes
2625 798 2848 861 scilicet,
2880 812 2948 850 ne
2977 795 3089 868 [aL
3117 794 3210 868 ut]
3236 812 3296 852 ea
3323 809 3442 864 quae
3482 786 3536 848 iit

1965 889 2116 944 libris
2152 888 2399 960 Origenis
2423 905 2450 942 a
2471 891 2652 959 seipse
2678 889 3035 958 discrepantia
3064 887 3404 942 inveniuntur
3453 886 3536 938 at-

1961 994 2064 1049 que
2091 982 2381 1047 contraria,
2416 980 2768 1050 proferamus.
2792 977 2957 1048 Cujus
2977 978 3298 1033 diversitatis
3313 973 3533 1031 causam

1962 1069 2169 1138 plenius
2195 1072 2287 1126 tibi
2315 1072 2367 1125 in
2413 1073 2779 1142 Apologetico,
2809 1085 2968 1140 quem
2993 1055 3397 1138 Pamphilianus
3436 1081 3534 1136 pro

1959 1157 2112 1214 libris
2140 1161 2305 1230 ipsius
2332 1160 2579 1232 Origenis
2631 1161 2792 1233 510
2850 1158 3085 1229 scripsit,
3108 1148 3536 1224 edidimus,brc-

1957 1247 2178 1304 vissimo
2204 1251 2386 1306 libello
2407 1251 2770 1321 superaddite,
2794 1252 2844 1304 in
2862 1266 2968 1319 quo
2989 1247 3344 1312 evidentibus,
3363 1254 3423 1300 ut
3443 1262 3535 1300 aro

1959 1338 2149 1404 bitror,
2179 1341 2547 1408 probameutis
2577 1350 2860 1409 corruptos
2885 1354 3005 1394 esse
3032 1341 3082 1393 in
3106 1353 3267 1408 quam
3292 1321 3537 1406 plurimis

1961 1428 2030 1482 ab
2081 1429 2362 1486 Haereticis
2405 1443 2458 1487 et
2489 1433 2762 1487 malevolis
2793 1433 2958 1486 libros
2983 1433 3098 1500 ejus
3147 1429 3522 1484 ostendimus:

1956 1528 2012 1575 et
2039 1520 2170 1575 istos
2211 1522 2516 1591 praecipue,
2550 1539 2686 1593 quos
2713 1539 2854 1576 nunc
2884 1523 3055 1590 exigis
3085 1529 3141 1575 ut
3179 1520 3530 1590 interpreter,

1956 1609 2008 1664 id
2033 1618 2135 1675 est,
2166 1623 2270 1682 περί
2293 1613 2494 1682 Α’ρχῶν,
2518 1612 2661 1682 quod
2679 1613 2743 1666 de
2769 1612 3053 1683 principiis,
3081 1611 3165 1665 vel
3187 1611 3248 1664 de
3267 1611 3532 1682 principa-

1955 1700 2086 1755 tibus
2117 1698 2228 1772 [ιιι.
2261 1704 2588 1772 potestatibus
2607 1701 2649 1774 ],
2670 1755 2671 1758 η
2693 1701 2796 1757 dici
2820 1711 3029 1772 potest,
3055 1700 3148 1771 qui
3172 1709 3298 1755 sunt
3343 1715 3531 1754 revera

1955 1792 2087 1846 alias
2113 1792 2550 1848 etobscurissimi
2571 1804 2624 1848 et
2643 1792 2968 1848 difficillimi.
2998 1793 3073 1846 De
3101 1791 3263 1846 rebus
3289 1791 3434 1845 enim
3459 1789 3530 1843 ibi

1954 1882 2144 1936 talibus
2176 1882 2246 1954 (e)
2269 1884 2538 1954 disputat,
2573 1884 2624 1938 in
2653 1884 2849 1954 quibus
2876 1880 3192 1952 Philosophi
3246 1880 3392 1936 omni
3433 1893 3531 1933 sua

1948 1984 2110 2040 _a:tate
2127 1986 2463 2046 consumpta,
2497 1974 2631 2030 nihil
2664 1977 2901 2030 invenire
2938 1982 3244 2044 potuerunt.
3280 1970 3375 2025 llic
3402 1985 3530 2024 vero

1952 2075 2137 2120 noster
2161 2075 2418 2135 quantum
2449 2066 2624 2136 pctttit
2651 2065 2703 2118 id
2733 2066 2860 2135 egit,
2897 2073 2957 2118 ut
2982 2062 3240 2118 creatoris
3277 2047 3433 2114 fidem
3475 2068 3532 2114 et

1947 2167 2249 2227 creatarutn
2269 2172 2446 2212 rerum
2467 2157 2724 2211 rationem
2750 2154 2856 2228 [aL
2877 2165 3221 2209 creaturarum
3243 2137 3525 2220 naturam],

1950 2264 2110 2317 quatn
2135 2248 2210 2302 illi
2252 2249 2317 2302 ad
2348 2249 2673 2317 impietatem
2705 2256 3004 2311 traxerunt,
3038 2247 3103 2300 ad
3132 2246 3383 2316 pietatem
3412 2241 3529 2310 ipse

1948 2347 2306 2394 converteret.
2352 2337 2532 2394 Sicubi
2576 2354 2704 2408 ergo
2747 2355 2844 2392 nos
2875 2339 2929 2392 in
2978 2338 3126 2392 libris
3172 2337 3288 2407 ejus
3323 2334 3525 2405 aliquid
3567 2331 3572 2334 ’

1948 2439 2133 2484 contra
2167 2428 2181 2500 ι
2204 2429 2277 2483 al.
2304 2429 2479 2502 circa]
2513 2431 2562 2484 id
2591 2430 2896 2486 invenimus
2920 2472 2936 2498 ,
2965 2429 3106 2500 quod
3133 2420 3201 2484 ab
3223 2443 3287 2484 eo
3316 2422 3526 2482 ett-teris

1948 2521 2080 2576 locis
2110 2523 2338 2578 fideliter
2364 2523 2429 2577 de
2446 2523 2706 2594 Trinitatc
2723 2522 2744 2596 [
2759 2525 2830 2577 aI.
2851 2523 2914 2577 de
2932 2523 3117 2593 pietate
3144 2522 3223 2586 de,
3247 2517 3378 2590 etc.]
3393 2518 3514 2571 facs

1947 2623 2032 2669 rat
2076 2615 2355 2670 delinitum
2381 2656 2397 2681 ,
2438 2616 2599 2678 veluti
2651 2617 3008 2670 adulteratum
3048 2603 3152 2670 hoc
3180 2623 3234 2669 et
3263 2613 3520 2677 alienum,

1943 2716 2034 2762 aut
2058 2708 2514 2776 praetermisimus,
2561 2717 2648 2762 aut
2677 2707 2969 2764 secundum
2997 2721 3114 2763 eam
3138 2706 3372 2777 regulam
3391 2720 3520 2775 pro-

1947 2799 2183 2865 tulimus,
2215 2813 2370 2867 quam
2394 2799 2460 2854 ab
2485 2799 2604 2869 ipso
2629 2799 2936 2869 frequenter
2957 2797 3258 2854 invenimus
3287 2797 3524 2852 afﬁrma-

1946 2899 2073 2943 lam.
2122 2888 2312 2960 Siqua
2366 2904 2527 2953 sane,
2587 2890 2731 2945 velut
2775 2890 2965 2960 peritis
3005 2890 3118 2960 jam
3143 2889 3522 2945 etscientibds

1943 2982 2191 3054 loquens,
2236 2980 2364 3035 dum
2393 2980 2626 3036 breviter
2654 2981 2885 3037 transire
2906 2983 3019 3036 vult
3039 3023 3054 3048 ,
3082 2981 3363 3036 obscurius
3391 2995 3521 3052 pro-

1946 3073 2106 3128 tulit':
2139 3087 2237 3128 nos
2265 3081 2322 3126 ιιι
2350 3071 2683 3128 manifestior
2703 3073 2856 3128 fieret
2882 3074 3050 3140 locus,
3083 3087 3143 3128 ea
3167 3088 3288 3142 qua:
3313 3072 3380 3128 de
3409 3073 3522 3143 ipsa

1943 3165 2073 3220 rein
2102 3165 2222 3219 aliis
2239 3165 2356 3234 ejus
2378 3164 2527 3218 libris
2555 3165 2792 3233 apertius
2823 3165 3122 3235 Iegeramus
3142 3207 3160 3233 ,
3204 3165 3520 3236 adjeeintus,

1942 3256 2305 3327 explanationi
2341 3255 2655 3322 studentes;
2707 3255 2841 3310 nihil
2873 3265 3050 3312 tamen
3090 3268 3334 3312 nostrum
3375 3256 3519 3312 dixi-

1941 3364 2062 3404 mus
2098 3365 2112 3402 :
2147 3348 2240 3403 sed
2283 3348 2407 3402 licet
2432 3349 2483 3400 in
2512 3347 2633 3401 aliis
2666 3347 2796 3402 locis
2820 3388 2836 3414 ,
2877 3347 3018 3402 dicta
3048 3363 3142 3403 sua
3193 3359 3368 3404 tamen
3420 3347 3523 3420 ipsi

1943 3437 2530 3510 rcddidimus[al.sibi
2573 3437 2890 3511 reddimus].
2925 3440 3036 3495 IIoc
3089 3452 3266 3497 autem
3324 3441 3524 3498 idcirco

1943 3533 1996 3588 in
2024 3532 2340 3588 l’raifationc
2360 3530 2696 3596 commortui;
2724 3545 2793 3585 ne
2822 3528 2959 3586 forte
2994 3532 3408 3590 calumniatores
3440 3537 3522 3606 (4)

1943 3625 2066 3680 inde
2087 3639 2144 3679 se
2167 3622 2487 3678 criminandi
2511 3631 2758 3690 putarent
2790 3623 3063 3677 invenisse
3085 3626 3386 3679 materiam.
3415 3625 3522 3681 Sed

1943 3716 2176 3772 viderint
2231 3715 2367 3784 ipsi,
2397 3714 2524 3783 quid
2566 3713 2803 3783 perversi
2832 3722 2888 3767 et
2930 3715 3251 3768 contentiosi
3277 3715 3522 3770 homines

1941 3815 2120 3877 agant.

2016 3900 2070 3954 5.
2105 3896 2298 3952 «Nobis
2318 3896 2529 3950 interim
2560 3903 2739 3949 tantus
2759 3893 2933 3961 labor,
2955 3895 2998 3950 si
3031 3904 3207 3964 tamen
3237 3898 3518 3955 orantibus

1943 3990 2096 4046 vobis
2127 3989 2268 4044 Deus
2294 3988 2543 4041 annuerit
2567 3985 2672 4058 [ιιι.
2689 3988 2878 4056 juverit
2899 3997 2984 4040 aut
3004 3987 3294 4060 adiuverit],
3321 3988 3522 4046 idcirco

1943 4091 2227 4151 susceptus
2251 4087 2356 4145 est,
2381 4094 2485 4134 non
2517 4087 2573 4132 ut
2599 4078 3049 4133 calumniosornm
3071 4095 3162 4134 ora
3189 4080 3296 4152 [aL
3323 4083 3520 4137 calum-

1943 4175 2102 4230 niosia
2129 4170 2217 4245 os]
2239 4170 2403 4245 (quod
2427 4171 2542 4226 ﬁeri
2573 4185 2677 4225 non
2703 4180 2896 4240 potest,
2923 4171 3194 4228 licell'orte
3224 4173 3387 4229 etiarn
3417 4175 3522 4232 hoc

1947 4265 2706 4336 Deusfaeiet)elauderemus;
2737 4264 2831 4319 sed
2864 4275 2920 4319 ut
2948 4267 3208 4336 prolicere
3231 4267 3298 4322 ad
3333 4268 3517 4324 scicn-

1946 4360 2072 4415 tiam
2103 4373 2282 4414 rerum
2302 4356 2626 4421 volentibus,
2660 4356 2939 4410 materiam
2969 4355 3350 4426 praeberemus.
3383 4359 3518 4413 lllutl

1944 4467 2075 4507 sane
2099 4463 2336 4517 omnem,
2367 4449 2456 4518 qui
2475 4447 2574 4504 hos
2605 4447 2771 4502 libros
2793 4447 2875 4502 vel
2900 4446 3262 4516 descripturus
3287 4456 3369 4504 est
3387 4490 3402 4514 ,
3436 4449 3522 4504 vel

1947 4545 2200 4605 lecturus,
2233 4542 2284 4596 in
2311 4549 2600 4610 conspectu
2626 4539 2717 4594 Dei
2749 4538 2924 4592 Patris
2953 4546 3006 4593 et
3027 4537 3149 4592 Filii
3197 4549 3253 4593 et
3289 4539 3524 4608 Spiritus

1946 4637 2129 4694 Sancti
2159 4645 2436 4692 contestor
2485 4643 2644 4703 atque
2689 4631 2983 4696 convenio,
3036 4646 3136 4702 per
3168 4629 3332 4688 futuri
3372 4635 3524 4706 regni

1946 4732 2130 4795 ﬁdem,
2161 4745 2254 4800 per
2279 4727 2690 4784 resurrectionis
2729 4742 2795 4780 ex
2850 4727 3076 4782 mortuis
3098 4740 3520 4798 sacramentum,

1946 4837 2043 4894 per
2073 4821 2222 4876 illum
2254 4818 2344 4888 qui
2372 4825 2707 4888 praeparatus
2730 4825 2812 4872 est
2833 4815 3045 4872 diabolo
3085 4826 3141 4874 et
3163 4821 3368 4890 angelis
3411 4822 3524 4878 suis

1946 4923 2204 4969 aternum
2237 4911 2433 4981 ignem,
2453 4911 2530 4964 sic
2553 4925 2658 4963 non
2693 4907 2844 4964 illutn
2867 4909 3040 4964 locum
3066 4918 3264 4966 arterna
3289 4913 3522 4970 Incredi-

2010 5047 2087 5110 (d)
2120 5042 2317 5110 Minime
2339 5056 2460 5096 vero
2480 5043 2526 5092 id
2553 5043 2618 5110 ibi
2635 5042 2964 5110 Hieronymus
2978 5042 3256 5110 pollicetur.
3275 5045 3372 5110 sed
3392 5047 3528 5100 Prce-

1947 5105 2179 5173 l'ationetn
2202 5108 2261 5157 ad
2284 5107 2542 5173 Damasum
2568 5105 2873 5173 iullomilias
2891 5107 2955 5173 de
2978 5105 3174 5157 Cantico
3196 5106 3520 5173 Canticorum,

1946 5170 2186 5235 carnalia
2215 5169 2429 5235 quaead
2453 5167 2720 5235 Eusebium
2745 5177 2853 5235 est,
2889 5169 2936 5235 in
2968 5169 3339 5232 quatuordecim
3369 5167 3524 5235 super

1946 5232 2191 5284 Ezechiel.
2215 5229 2448 5281 Homilies
2469 5229 2688 5279 Bullinus
2709 5229 2974 5280 confundit.

2016 5294 2075 5360 (ε)
2114 5294 2276 5342 Verba
2307 5292 2518 5353 disputat
2535 5329 2549 5348 ,
2566 5290 2638 5360 .in_
2656 5292 2826 5354 quibus
2848 5292 3182 5360 ‘V'eronenses
3225 5295 3525 5360 membranae

1949 5352 2185 5422 ignorant,
2210 5352 2412 5419 quarum
2436 5366 2532 5417 Ope
2565 5352 2683 5401 infra
2718 5357 2936 5416 quaedam
2967 5353 3150 5403 leviora
3187 5355 3520 5404 cmendamus.

2013 5420 2087 5482 (ἢ
2118 5418 2278 5482 Iidem
2302 5417 2352 5482 in
2374 5421 2605 5482 quantum
2630 5422 2682 5465 et
2703 5429 2814 5482 mox
2838 5417 3272 5482 prwdeceasorum.
3405 5473 3418 5482 _
3442 5474 3448 5480 _

2149 5430 2278 5467 tuetn
2302 5430 2352 5467 ιη
2374 5430 2605 5467 quantum
2630 5430 2682 5465 θι
2703 5430 2814 5464 mox
2839 5430 3272 5467 mwaecessorum.

2034 5421 2087 5482 ἢ
2124 5421 2278 5467 Iidem
2302 5421 2352 5467 in
2374 5421 2605 5478 quantum
2630 5422 2682 5465 et
2703 5429 2814 5464 mox
2838 5421 3272 5478 prazdecessorum.
3442 5474 3448 5480 _

2011 5421 2086 5544 ξι)
2118 5480 2404 5543 Legendum
2425 5478 2721 5544 omninoest
2742 5477 2927 5544 itqqu
2938 5489 3030 5539 pro
3049 5474 3181 5544 inde,
3207 5473 3526 5544 quemadmo-

1947 5534 2346 5604 duin'seriptura:
2383 5552 2504 5604 sane
2529 5538 2785 5604 ﬁdejussor
2806 5534 3024 5604 [tempus
3053 5538 3160 5604 ipse
3192 5534 3358 5604 contra
3378 5534 3520 5585 Hier.

1949 5593 2240 5655 Invectiva'r.
2268 5603 2353 5652 lib.
2381 5603 2426 5651 I.
2453 5593 2681 5650 testator.
2711 5618 2732 5644 ι
2754 5599 2889 5658 Quod
2912 5599 3030 5656 dixi,
3057 5593 3249 5658 iterum,
3272 5593 3524 5658 illa‘causa

1951 5674 2044 5727 est,
2071 5668 2182 5730 quia
2193 5666 2298 5730 jam
2319 5665 2468 5730 sa_n_:_-ti
2495 5662 2706 5730 eja’seopi
2737 5655 2938 5730 Joannis
2963 5655 3216 5730 epistolam
3249 5657 3314 5705 de
3344 5655 3443 5730 fide
3463 5659 3525 5707 ad

1949 5717 2166 5780 sanctum
2191 5717 2514 5790 'i‘heOpltilum
2528 5717 2768 5790 scriptam
2790 5717 3028 5790 criminati
3052 5723 3182 5790 sunt,
3205 5717 3398 5780 quando
3415 5730 3524 5767 cor-

1951 5805 2042 5855 pus
2064 5782 2478 5855 humanumialiud
2502 5782 2666 5855 nescio
2687 5783 2801 5843 quid
2825 5782 3075 5843 fingebant
3097 5791 3228 5842 esse,
3255 5792 3400 5841 quam
3423 5793 3525 5830 car-

1953 5847 2102 5916 nem;
2128 5851 2304 5901 idcirco
2328 5851 2503 5898 iterum
2529 5847 2680 5910 posui.
2707 5859 2728 5888 ι
