4106 6340
593 431 697 488 755

595 551 702 598 tate
729 535 1019 609 possideat,
1045 530 1127 584 ubi
1153 537 1224 580 est
1252 527 1400 596 ﬂetus
1427 531 1470 575 et
1487 519 1673 575 stridor
1699 514 1921 568 dentium
1940 507 2154 578 (Matth.

595 632 651 687 8.
676 597 800 698 12.);
829 633 881 680 et
903 597 1160 691 ubi'ignis
1189 632 1359 670 eorum
1404 607 1880 678 non'extinguetur,
1906 610 1953 653 et
1983 597 2160 652 vermis

595 687 764 776 eorum
790 732 890 769 non
909 687 1364 777 morietur-(Marc.
1394 705 1446 758 9.
1473 701 1588 771 43),
1620 714 1687 753 ne
1716 696 1836 766 quis
1875 691 2034 746 addat
2060 687 2161 742 ali-

596 809 721 882 quid
750 807 874 861 huic
903 803 1204 873 scripturae,
1232 813 1302 853 ne
1329 795 1567 858 auferat,
1592 803 1659 845 ne
1700 787 1915 845 inferat,
1961 797 2029 835 ne
2057 781 2160 832 im-

598 907 802 962 mutet;
833 895 926 950 sed
953 892 1192 949 conferat
1217 903 1336 943 cum
1379 880 1794 952 exemplaribus,
1837 872 1980 930 unde
2023 869 2162 924 scri-

599 991 783 1062 pserit,
806 997 859 1042 et
889 984 1136 1040 emendet
1156 981 1222 1036 ad
1255 981 1482 1034 litteram
1510 1017 1522 1037 ,
1541 982 1595 1027 et
1616 970 1926 1036 distinguat,
2004 964 2160 1032 511

603 1091 656 1134 et
695 1075 1089 1134 inemendatum
1113 1073 1195 1124 vel
1230 1085 1336 1124 non
1363 1066 1666 1121 distinctum
1686 1058 1922 1113 codicem
1947 1069 2049 1107 non
2075 1053 2168 1104 ha-

608 1171 731 1225 beat
755 1187 769 1232 ;
799 1182 864 1220 ne
891 1177 1142 1218 sensuum
1164 1157 1471 1217 difficultas,
1486 1155 1528 1206 si
1560 1151 1840 1205 distinctus
1863 1144 2031 1198 codex
2062 1153 2168 1195 non

602 1260 690 1325 sit,
719 1257 945 1326 majores
978 1250 1330 1308 obscuritates
1357 1243 1654 1314 legentibus
1683 1243 1924 1310 generet.
1963 1248 1984 1284 ι

1029 1380 1358 1441 EPISTOLA
1407 1373 1620 1431 LXXXI
1649 1371 1746 1445 (a).

1133 1497 1210 1568 (b)
1254 1511 1320 1549 an
1349 1502 1630 1547 BUFFINUII.

608 1617 733 1675 Cant
773 1612 984 1684 obliquis
1035 1607 1223 1678 lia/ﬁni
1263 1601 1492 1658 laudibus
1540 1599 1594 1652 in
1633 1593 1966 1664 suspicionem
2000 1589 2171 1642 tralte'c

675 1718 812 1762 retur
833 1701 1034 1759 [ρων-εεὶε
1062 1697 1400 1769 Origenianw,
1442 1688 1764 1745 incitantibus
1797 1687 1947 1739 etiam
1975 1680 2172 1746 amicis,

675 1797 938 1867 respondet
965 1789 1210 1862 superiori
1231 1784 1482 1857 epistolw,
1507 1797 1608 1852 qua
1637 1794 1752 1834 eum
1791 1785 1960 1831 monet
1983 1813 1999 1841 ,
2030 1787 2092 1826 ne
2121 1785 2176 1824 se

679 1888 884 1960 post/iac
910 1885 1062 1940 simili
1091 1880 1239 1936 modo
1278 1877 1470 1933 laudet.

680 2005 732 2060 1.
755 2002 852 2055 Diu
877 2008 927 2054 te
943 1997 1132 2052 Romae
1157 2000 1418 2048 moratum
1446 1999 1624 2042 sermo
1643 1980 1887 2053 proprius
1907 1974 2177 2032 indicavit.

613 2092 720 2149 Nec
742 2089 928 2144 dubito
948 2084 1264 2156 spiritalium
1299 2087 1574 2150 parentum
1618 2074 1682 2128 ad
1709 2074 1935 2143 patriam
1962 2077 2182 2122 revoca-

611 2192 722 2238 tum
749 2177 1038 2244 desiderio,
1063 2191 1219 2245 quem
1241 2172 1311 2244 (c)
1338 2169 1523 2224 matris
1549 2168 1722 2222 luctus
1741 2165 1816 2217 ire
1844 2157 2179 2231 prohibebat,

612 2290 681 2330 ne
711 2273 879 2342 magis
909 2284 1088 2324 coram
1117 2265 1360 2328 doleres,
1391 2257 1530 2330 quod
1560 2257 1753 2312 absens
1781 2254 1866 2306 vix
1912 2251 2052 2304 ferre
2082 2261 2183 2316 po-

613 2375 774 2420 teras.
797 2358 949 2428 Quod
975 2355 1218 2428 quereris
1243 2395 1257 2420 ,
1291 2348 1569 2406 stomacho
1617 2359 1713 2399 suo
1742 2347 2179 2410 unumquemque

614 2455 838 2518 servire,
865 2461 920 2506 et
946 2458 1130 2504 nostro
1151 2461 1256 2500 non
1285 2443 1626 2512 acquiescere
1645 2435 1864 2506 judicio,
1897 2429 2182 2488 conscien-

619 2548 708 2601 tia:
751 2551 952 2597 nostra:
1000 2537 1152 2592 testis
1180 2544 1261 2591 est
1309 2532 1596 2593 Dominus,
1645 2534 1765 2597 post
1820 2521 2188 2579 reconciliatas

620 2635 882 2690 amicitias
911 2630 1110 2685 nullum
1140 2625 1508 2681 intercessisse
1535 2632 1830 2680 rancorcm,
1864 2629 1968 2685 quo
2005 2625 2192 2683 quem-

622 2726 763 2797 piam
802 2721 1120 2776 lmderctnus
1156 2733 1168 2768 :
1199 2717 1323 2785 quin
1367 2713 1542 2783 potius
1582 2723 1703 2764 cum
1753 2707 1898 2760 omni
1946 2705 2193 2758 cautione

627 2794 954 2885 providimus
977 2850 992 2875 ,
1025 2823 1091 2863 ne
1115 2806 1302 2861 saltem
1333 2816 1489 2858 casus
1533 2801 1584 2853 in
1613 2794 2036 2853 malevolentiam
2067 2803 2194 2846 ver-

631 2884 855 2960 teretur.
880 2900 988 2957 Sed
1011 2898 1138 2970 quid
1175 2908 1458 2966 possumus
1489 2891 1688 2954 facere,
1737 2889 1781 2942 si
1833 2884 2195 2954 unusquisque

621 2996 765 3068 iuste
803 3002 951 3065 putat
978 3005 1037 3046 se
1081 2990 1257 3044 facere
1295 2984 1435 3056 quod
1465 2981 1627 3038 facit?
1656 2990 1711 3036 et
1753 2979 1962 3033 videtur
1987 2975 2086 3030 sibi
2114 2972 2190 3045 (ά)

626 3063 938 3142 remordere
960 3082 1137 3153 potius
1154 3093 1309 3149 quam
1334 3073 1623 3130 mordere?
1651 3071 1785 3126 Vera
1806 3068 2035 3123 amicitia
2056 3063 2196 3135 quod

627 3177 790 3234 sentit
815 3172 1155 3229 dissimulare
1183 3185 1290 3223 non
1308 3166 1483 3220 debet.
1515 3160 1922 3218 Pratfatiuncula
1943 3157 2197 3212 librorum

630 3277 735 3340 περὶ
765 3268 941 3338 Α’ρχῶυ
969 3263 1036 3319 ad
1062 3278 1145 3316 me
1186 3262 1346 3315 missa
1377 3267 1479 3324 est,
1512 3271 1670 3326 quam
1696 3270 1760 3309 ex
1787 3253 1925 3323 style
1955 3249 2194 3306 intellexi

639 3367 784 3412 tuam
815 3367 956 3420 esse,
987 3354 1040 3407 in
1071 3367 1172 3421 qua
1229 3349 1463 3416 oblique,
1506 3346 1615 3400 imo
1667 3353 1849 3413 aperte
1877 3357 1976 3412 ego
2003 3349 2154 3410 petor
2180 3355 2193 3391 :

632 3465 735 3522 qua
763 3457 936 3504 mente
963 3447 1032 3501 sit
1071 3445 1291 3512 scripta,
1322 3451 1377 3496 tu
1405 3439 1604 3496 videris
1637 3454 1650 3490 :
1684 3451 1786 3507 qua
1835 3435 2160 3504 intelligatur
2180 3468 2196 3497 ,

637 3552 693 3599 et
721 3541 895 3596 stultis
918 3546 1085 3609 patet.
1115 3535 1363 3591 Poteram
1399 3541 1454 3587 et
1477 3544 1596 3600 ego,
1628 3529 1718 3598 qui
1747 3528 2044 3596 saepissime
2065 3523 2200 3594 tigno

635 3641 780 3688 ratas
803 3627 1200 3686 controversias
1223 3623 1538 3687 declamavi,
1562 3619 1756 3690 aliquid
1784 3618 1851 3672 de
1879 3629 2056 3671 vetere
2076 3614 2204 3670 arti-

638 3723 759 3779 ﬁcio
780 3730 1044 3792 repetere,
1070 3729 1121 3773 et
1144 3730 1233 3772 tuo
1263 3729 1311 3771 te
1329 3728 1478 3769 more
1500 3711 1736 3767 laudare.
1755 3709 1861 3766 Sed
1880 3710 2018 3764 absit
2039 3725 2069 3762 a
2093 3721 2199 3775 me,

635 3826 695 3870 ut
722 3814 862 3885 quod
905 3809 1240 3882 reprehendo
1279 3810 1332 3862 in
1365 3817 1439 3874 te,
1488 3806 1664 3860 imiter
1695 3821 1708 3856 :
1741 3804 1867 3874 quin
1916 3803 2090 3872 potius
2133 3801 2204 3855 ita

636 3909 956 3966 sententiam
983 3903 1294 3973 temperavi,
1347 3909 1406 3955 ut
1446 3906 1498 3954 et
1531 3897 1796 3966 obiectum
1833 3895 2036 3949 crimen
2076 3891 2208 3947 εσυ-

642 3985 822 4069 gcrem
848 4037 862 4064 ,
893 4005 947 4051 et
975 3995 1204 4048 amicum
1232 4000 1490 4061 quantum
1523 3988 1576 4043 in
1607 4001 1693 4040 me
1730 3993 1851 4051 est,
1906 3999 2006 4039 nec
2050 3982 2230 4036 lassus.

642 4088 916 4143 laederent.
943 4085 1048 4140 Sed
1078 4083 1304 4137 obsecro
1338 4089 1409 4145 te,
1439 4086 1496 4131 ut
1523 4077 1564 4130 si
1595 4076 1847 4143 deinceps
1870 4073 2098 4143 aliquem
2125 4086 2210 4126 sc-

644 4181 733 4250 qni
763 4177 1034 4241 volucris,
1072 4184 1161 4228 tuo
1190 4182 1390 4226 tantum
1418 4169 1618 4239 judicio
1654 4169 1729 4222 sis
1758 4175 2061 4221 contentus.
2103 4167 2210 4218 Aut

645 4271 788 4325 enim
818 4270 955 4322 bona
982 4274 1106 4320 sunt
1134 4280 1248 4334 qua:
1269 4262 1600 4332 appetimus,
1624 4268 1712 4310 aut
1740 4257 1898 4311 mala.
1944 4255 2000 4310 Si
2048 4255 2207 4317 bona,

643 4377 749 4416 non
767 4359 1003 4428 indigent
1023 4357 1240 4409 alterius
1256 4352 1472 4412 auxilio;
1489 4351 1532 4404 si
1552 4348 1710 4414 mala,
1726 4348 2056 4417 peccantium
2075 4346 2211 4399 mul-

645 4451 816 4506 titudo
843 4465 945 4503 non
978 4446 1116 4518 parit
1147 4444 1305 4515 512
1333 4442 1500 4496 errori
1522 4439 1890 4509 patrocinium.
1918 4438 2045 4492 Haec
2070 4437 2211 4506 apud

645 4553 696 4598 te
723 4540 1097 4610 amice'potius
1137 4535 1480 4606 expostulare
1521 4532 1683 4598 volui,
1723 4545 1882 4600 quam
1931 4531 2212 4584 lacessitus

647 4634 857 4702 publice
887 4628 1175 4694 desaevire;
1201 4637 1256 4682 ut
1275 4625 1696 4688 animadvertas,
1729 4637 1815 4676 me
1842 4620 2212 4676 reconciliatas

649 4725 907 4778 amicitias
935 4738 1064 4791 pure
1110 4722 1310 4784 colere,
1351 4729 1406 4775 et
1434 4734 1540 4773 non
1582 4718 1732 4788 juxta
1762 4715 2058 4770 Plautinum
2087 4729 2215 4768 sen-

651 4813 894 4875 tentiam,
918 4811 1085 4865 altera
1111 4824 1269 4863 manu
1299 4809 1530 4879 lapidem
1575 4816 1780 4874 tenere,
1809 4820 2002 4875 panem
2019 4802 2212 4860 otIerre

650 4902 839 4956 altera.

723 4991 780 5046 2.
821 4990 1006 5046 Frater
1061 5006 1210 5046 mens
1261 4990 1600 5045 Paulinianus
1662 4989 1890 5043 necdum
1932 4989 1998 5043 de
2050 4988 2220 5058 patria

655 5097 902 5137 reversus
931 5089 1032 5148 est,
1057 5091 1112 5134 et
1138 5092 1266 5150 puto
1292 5081 1431 5149 quod
1463 5095 1583 5134 eum
1615 5077 1872 5148 Aquileia:
1917 5077 2057 5148 apud
2099 5093 2223 5132 san-

656 5185 796 5228 ctum
828 5173 1023 5242 Papam
1044 5170 1410 5226 Chromatium
1459 5171 1676 5226 videris.
1718 5171 1967 5226 Sanctum
2012 5185 2221 5240 quoque

743 5331 795 5389 α)
830 5329 956 5380 Alias
982 5328 1061 5379 66.
1081 5325 1268 5390 scripta
1287 5325 1375 5376 hoc
1396 5339 1476 5374 an.
1501 5325 1610 5375 599.
1966 5384 1978 5390 _
2057 5348 2060 5351 ·

747 5384 790 5458 ὁὶ
829 5393 950 5458 ΗεζξςΔ
968 5388 1172 5458 epistola
1187 5384 1382 5458 diuitiae
1399 5400 1497 5458 non
1520 5395 1598 5458 est
1620 5386 1832 5458 reddita,
1853 5384 1980 5458 quod
2005 5399 2068 5458 ῳ
2093 5384 2218 5448 Apo-

657 5447 872 5518 logetico
893 5447 1172 5518 iiiefqpymi
1197 5451 1317 5499 libro
1341 5451 1506 5510 primo,
1523 5456 1669 5510 atque
1688 5447 1844 5496 altero
1867 5447 2218 5496 lnvectivarum

659 5512 813 5579 ip§ius
832 5515 1006 5579 ilut'iini
1031 5512 1199 5579 liquet.

729 5569 1268 5642 (c)_lunuit__distulisse
1298 5569 1542 5642 Bullinum
1579 5571 1778 5642 patriam
1811 5570 2218 5642 remeatzetquod

663 5629 962 5690 dum'Romm
978 5637 1324 5692 diverSaretur,
1344 5633 1511 5680 matris
1531 5629 1629 5679 sua:
1649 5639 1851 5681 mortem
1875 5629 2222 5689 intellexiSset,

663 5715 728 5751 ne
749 5702 904 5762 magis
925 5710 1082 5749 coram
1101 5695 1292 5747 doleret
1311 5695 1375 5742 de
1399 5692 1685 5755 infortunio,
1708 5692 1836 5755 quod
1859 5694 1937 5744 vix
1972 5692 2104 5744 ferre
2137 5693 2223 5744 ab-

663 5776 779 5812 sens
801 5769 1044 5824 potuerat.

734 5815 815 5874 ιω·
830 5827 922 5876 Aut
931 5837 987 5872 ea
1009 5827 1113 5873 erat
1144 5815 1426 5869 remorderi.

1872 393 2108 456 SANCTI
2149 389 2396 448 lllEllON
2409 388 2443 442 Υ
2456 389 2520 442 .iil

3728 354 3836 430 736

2266 501 2638 570 Presbyterum
2669 494 2740 567 (ε)
2762 493 3028 548 Rui'tiuum
3053 492 3122 546 ob
3151 490 3441 561 quamdam
3483 504 3701 544 causam
3735 502 3828 559 per

2261 592 2484 646 nontam
2531 587 2882 640 Mediolanum
2913 585 3189 646 misimus;
3221 592 3276 635 et
3306 581 3597 644 oravimus,
3644 588 3702 632 ut
3737 596 3832 633 no-

2262 693 2374 735 stro
2401 678 2578 732 animo
2605 690 2660 731 et
2701 675 2959 743 obsequio
2979 688 3074 727 vos
3095 671 3319 726 videret.
3353 670 3680 738 Caeterisque
3702 661 3834 724 ami-

2263 774 2339 824 cis
2366 768 2549 823 eadem
2577 766 3009 835 significavimus,
3039 778 3107 818 ne
3135 763 3727 826 mordentes'invieem,
3761 760 3828 833 (Ῑ)

2264 855 2647 914 consumamini
2678 855 2745 907 ab
2768 855 3020 909 invicem.
3049 852 3164 908 Jam
3191 861 3294 906 tua:
3319 852 3704 907 moderationis
3731 857 3831 917 est;

2266 963 2319 1007 et
2349 963 2558 1006 tuorum
2590 990 2602 1012 ,
2642 947 2838 1002 nullam
2871 944 3212 1000 occasionem
3256 943 3659 1014 impatientibus
3686 942 3835 1008 dare,

2267 1058 2335 1099 ne
2365 1055 2467 1096 non
2491 1052 2678 1094 omnes
2702 1038 2906 1093 similes
2933 1037 3036 1090 mei
3058 1036 3317 1098 invenias,
3349 1033 3440 1103 qui
3470 1033 3681 1103 possint
3705 1033 3837 1100 ligo-‘-

2267 1133 2395 1190 ratis
2421 1129 2666 1187 laudibus
2692 1127 2968 1184 delectari.

2689 1234 3019 1292 EPISTOLA
3062 1230 3300 1288 Lxxxu
3331 1229 3428 1304 (g).

2767 1349 2845 1422 (i)
2884 1363 2952 1402 an
2996 1359 3353 1400 TBEOPlIlLUIl.

2519 1461 2766 1520 Adversus
2791 1461 3041 1516 Joannem
3071 1455 3575 1527 [eraso/gmitanum.

2273 1601 2447 1657 Missis
2471 1617 2503 1653 a
2529 1598 2812 1670 Tamphilo
2843 1593 3188 1651 Alexandrino
3223 1590 3479 1662 Episwpo
3504 1589 3688 1643 litteris
3707 1589 3774 1642 ad
3795 1588 3847 1644 se

2344 1703 2392 1747 et
2417 1691 2718 1757 Monackos,
2747 1688 2833 1758 qui
2853 1703 3020 1741 secum
3050 1683 3312 1754 degebant,
3341 1691 3396 1734 ut
3422 1696 3598 1751 pacem
3619 1681 3749 1733 inter
3764 1695 3845 1732 eos

2347 1795 2392 1839 et
2415 1785 2666 1840 Joannem
2691 1782 3005 1852 Episcopum
3041 1775 3525 1846 Jerosolymitanunt
3557 1773 3848 1828 reconcilia-

2348 1887 2441 1943 ret,
2470 1875 2758 1947 respondet,
2786 1873 2916 1927 nihil
2943 1871 3111 1940 potius
3133 1869 3314 1922 habere
3337 1882 3414 1932 se,
3441 1883 3593 1936 quam
3617 1875 3670 1919 ut
3700 1865 3849 1920 dissi;

2350 1972 2489 2025 dium
2513 1977 2844 2038 componatur
2862 2005 2880 2032 ,
2910 1974 2957 2019 et
2989 1979 3091 2033 pax
3117 1959 3305 2016 Christi
3339 1960 3468 2014 inter
3514 1968 3750 2026 utrosque
3774 1971 3850 2008 re-

2350 2062 2618 2117 sarciatur.
2646 2059 2781 2114 Suas
2806 2054 2986 2110 deinde
3008 2051 3438 2123 interpretationes
3455 2047 3664 2102 Latinas
3682 2045 3852 2115 Origeé

2352 2154 2452 2218 nis,
2483 2167 2543 2204 ac
2601 2149 2774 2220 fratris
2837 2143 3137 2199 Pantiniani
3199 2140 3569 2195 ordinationem
3630 2136 3852 2207 defendit

2354 2242 2592 2295 adversus
2625 2236 2962 2308 querimonias
2991 2233 3214 2308 ejtgdem
3242 2227 3480 2283 Joannis.

2359 2379 2411 2431 t.
2457 2372 2694 2444 Epistola
2745 2377 2834 2424 tua
2863 2365 3175 2423 hereditatis
3214 2360 3506 2417 Dominica:
3538 2370 3591 2415 te
3619 2357 3854 2414 indicans

2288 2477 2677 2537 possessorem,
2707 2459 2796 2530 qui
2819 2470 3044 2529 pergens
3072 2453 3137 2509 ad
3165 2454 3416 2516 Patrem,
3461 2449 3734 2520 Apostolis
3783 2450 3856 2500 lo-

2289 2557 2584 2629 quebatur:
2626 2572 2644 2606 I
2675 2552 2867 2607 Pacem
2913 2562 3086 2602 meam
3135 2545 3206 2600 do
3241 2544 3396 2600 vobis
3418 2582 3432 2608 ,
3465 2555 3651 2612 pacem
3685 2552 3854 2595 meant

2291 2648 2533 2716 relinquo
2574 2642 2728 2698 vobis
2753 2661 2771 2694 ι
2805 2638 2983 2712 (Joan.
3013 2637 3102 2693 14.
3133 2633 3250 2707 20),
3277 2635 3419 2689 illius
3447 2646 3660 2702 quoque
3691 2631 3856 2686 felici.
3901 2662 3903 2665 τ

2292 2739 2415 2792 tatis
2435 2744 2736 2806 compotem
2777 2740 2829 2787 te
2855 2745 2975 2787 esse
3027 2737 3218 2784 testata
3265 2735 3382 2791 est,
3410 2727 3461 2780 in
3509 2739 3611 2794 qua
3667 2741 3688 2776 ι
3724 2721 3858 2778 beati

2295 2829 2497 2902 pacifici
2522 2847 2540 2882 ι
2576 2821 3179 2894 nuncupantur(MattIt.
3211 2819 3289 2889 5).
3320 2816 3586 2873 Blandiris
3613 2822 3670 2870 ut
3691 2823 3857 2884 pater,

2293 2921 2473 2976 crudis
2498 2928 2556 2974 ut
2587 2918 2862 2987 magister,
2891 2913 3126 2969 instituis
3171 2918 3228 2964 ut
3257 2907 3528 2964 Pontifex.
3554 2905 3634 2976 (tt)
3665 2904 3862 2959 Venisti

2297 3012 2363 3068 ad
2391 3027 2488 3067 nos
2509 3026 2614 3065 non
2638 3011 2689 3064 in
2717 3006 3028 3062 austeritate
3065 3004 3248 3071 virga),
3284 3000 3377 3055 sed
3411 3001 3463 3053 in
3495 2998 3693 3070 spiritu
3720 2995 3864 3052 benis

2297 3104 2510 3175 gnitatis
2537 3112 2591 3158 et
2622 3100 2859 3156 lenitatis
2882 3107 2934 3153 et
2960 3093 3384 3150 mansuetudinis
3407 3109 3420 3144 :
3443 3090 3863 3146 utbumilitatetn

2298 3194 2495 3250 Christi
2520 3192 2692 3262 primo
2721 3190 2898 3244 statim
2925 3199 3176 3241 sermone
3206 3197 3510 3247 resonares,
3537 3181 3625 3250 qui
3666 3185 3864 3234 moria“

2300 3287 2426 3342 lium
2457 3298 2626 3355 genus
2649 3297 2753 3336 non
2782 3280 3070 3334 'l‘ulminans
3097 3287 3150 3332 et
3173 3287 3381 3340 tonans,
3459 3272 3617 3344 513
3693 3269 3785 3326 sed
3815 3268 3866 3323 in

2302 3375 2526 3450 praesepi
2558 3375 2794 3444 vagiens,
2825 3380 2880 3426 et
2912 3380 3092 3424 tacens
3115 3368 3337 3422 salvavit
3359 3370 3410 3419 tn
3431 3377 3611 3419 cruce.
3643 3361 3873 3431 Legeras

2301 3470 2443 3525 enim
2467 3467 2520 3520 in
2552 3474 2675 3536 typo
2707 3464 2845 3517 illius
2869 3470 2994 3514 ante
3023 3459 3332 3529 prtedictum
3362 3474 3376 3511 :
3411 3473 3429 3506 ι
3457 3454 3743 3517 Memento,
3774 3452 3872 3504 Do-

2304 3559 2469 3622 mine,
2491 3554 2672 3618 David,
2697 3561 2752 3608 et
2767 3551 2941 3606 onmis
2958 3545 3376 3603 mansuetudinis
3391 3542 3534 3614 ejus»
3555 3539 3769 3615 (Fuﬁi.
3795 3540 3870 3610 t);

2304 3657 2358 3704 ct
2421 3648 2472 3700 in
2519 3644 2636 3714 ipso
2684 3651 2868 3714 postea
2921 3643 3300 3710 praesentatum
3340 3653 3352 3689 :
3414 3653 3433 3686 ε
3470 3635 3722 3689 Discitea
3766 3647 3872 3696 me,

2305 3740 2426 3808 quia
2454 3737 2596 3791 mitis
2637 3749 2778 3799 sum,
2824 3739 2879 3788 et
2903 3727 3121 3786 humilis
3148 3727 3310 3784 corde
3336 3743 3356 3777 ι
3395 3723 3608 3796 (Matth.
3637 3723 3722 3778 li.
3766 3720 3874 3792 t9).

2306 3827 2459 3884 Unde
2479 3835 2533 3880 et
2556 3825 2720 3879 multa
2747 3823 2815 3877 de
2837 3821 3005 3876 sacris
3029 3815 3389 3874 voluminibus
3410 3827 3572 3884 super
3595 3812 3743 3882 pacis
3769 3811 3880 3865 lauc

2305 3919 2376 3974 de
2403 3917 2786 3988 perstringens,
2814 3927 2877 3967 ac
2903 3926 2999 3982 per
3031 3910 3207 3963 varios
3229 3906 3626 3974 Seripturarum
3661 3916 3880 3970 campos

2310 4024 2459 4064 more
2484 4021 2643 4076 apum
2668 4005 2872 4066 volans,
2900 3998 3156 4071 quidquid
3178 3996 3334 4051 dulce
3378 4003 3433 4049 et
3452 4003 3637 4064 aptum
3654 4005 3876 4048 concor-

2309 4103 2411 4157 diae
2441 4101 2558 4166 iuit,
2587 4097 2782 4152 artifici
2808 4094 3025 4164 eloquio
3068 4086 3360 4144 ntessuisti.
3391 4085 3685 4141 Currentes
3724 4083 3882 4153 igitur

2311 4192 2376 4248 ad
2430 4205 2614 4262 pacem
2648 4189 2848 4243 incitati
2878 4198 3064 4241 sumus
3093 4200 3106 4236 :
3135 4180 3377 4250 exposita
3417 4178 3488 4234 ad
3531 4175 3882 4246 navigandum

2311 4284 2429 4338 vela
2452 4324 2464 4345 ,
2487 4281 2730 4336 crebrior
2757 4274 3148 4332 exhortationis
3175 4282 3278 4326 tum
3307 4283 3440 4326 aura
3466 4267 3780 4336 complevit;
3826 4273 3885 4320 ut

2315 4383 2554 4429 nontam
2593 4369 3004 4426 rctrectantibus
3033 4375 3088 4420 et
3135 4363 3467 4427 fastidiosis,
3509 4375 3671 4430 quam
3719 4358 3884 4413 avidis

2318 4465 2423 4538 [aL
2452 4481 2601 4536 quam
2643 4465 2698 4516 ut
2723 4458 2912 4532 avidis]
2935 4468 2990 4517 et
3016 4457 3188 4528 plenis
3225 4455 3491 4520 faucibus,
3541 4453 3716 4508 dulcia
3744 4452 3885 4522 pacis

2318 4557 2513 4612 ﬂuenta
2543 4555 2869 4608 biberemus.

2389 4649 2444 4701 2.
2470 4646 2664 4701 Verum
2687 4641 2810 4713 quid
2839 4641 3077 4707 facimus,
3100 4641 3150 4693 in
3177 4651 3400 4708 quorum
3424 4645 3688 4707 potestate
3709 4637 3888 4689 volun-

2319 4749 2400 4795 tas
2426 4745 2624 4793 tantum
2653 4735 2796 4804 pacis
2821 4742 2903 4788 est
2922 4773 2937 4799 ,
2969 4746 3076 4785 non
3099 4728 3356 4786 ell‘ectus?
3381 4729 3448 4782 Et
3470 4737 3772 4795 quanquam
3800 4739 3890 4778 vo-

2321 4833 2496 4887 luntas
2538 4841 2746 4898 quoque
2787 4824 2927 4895 apud
2969 4824 3132 4877 Deum
3174 4819 3432 4890 propositi
3467 4819 3552 4872 sui
3593 4817 3889 4872 mercedem

2324 4923 2534 4985 habeat,
2561 4929 2736 4973 tamen
2766 4910 3128 4984 imperfectum
3153 4926 3290 4980 Opus
3315 4911 3473 4966 etiam
3499 4907 3742 4962 volentes
3765 4920 3894 4960 mw

2322 5027 2444 5068 rore
2468 5009 2760 5065 contristat.
2789 5004 2939 5072 Quod
2963 5003 3139 5058 sciens
3160 5010 3216 5056 et
3239 4999 3545 5069 Apostolus,
3573 4996 3895 5068 perfactissi-

2324 5117 2464 5159 mam
2509 5099 2750 5154 videlicet
2791 5109 2973 5165 pacem
3015 5092 3068 5147 in
3113 5091 3387 5160 utriusque
3425 5088 3592 5158 partis
3627 5087 3896 5140 voluntate

2325 5193 2616 5251 consistere
2639 5205 2652 5241 :
2674 5186 2948 5254 Quantum,
2972 5183 3158 5253 inquit,
3181 5197 3236 5234 e1
3269 5179 3403 5234 vobis
3421 5188 3515 5245 est,
3531 5193 3646 5230 cum
3668 5175 3896 5229 erunibus

2391 5324 2458 5387 (c)
2493 5321 2781 5387 conﬁcimus
2802 5320 2934 5368 hunc
2959 5329 3071 5366 esse
3096 5315 3341 5387 Ruﬁnum
3358 5313 3534 5387 _Syrum
3556 5324 3623 5387 ,_a
3646 5323 3745 5387 quo
3777 5305 3897 5369 apud

2323 5374 2681 5437 Pammachiqu
2703 5382 2867 5430 Romae
2893 5383 3251 5436 commoraute,
3277 5374 3532 5426 Caelestius
3563 5374 3691 5422 dixit
3718 5383 3775 5420 se
3814 5381 3898 5416 au-

2326 5448 2473 5503 disse,
2500 5458 2593 5492 non
2620 5456 2730 5492 esse
2753 5442 2998 5492 traducem
3015 5440 3230 5503 peccati.

2417 5499 2472 5567 Π
2499 5505 2568 5567 Ita
2593 5505 2704 5554 Mss.
2731 5515 2901 5567 omnes
2926 5513 2937 5547 :
2967 5499 3278 5567 editiﬂautem
3299 5507 3650 5567 consignatum.

2504 5565 2632 5640 alios
2653 5567 2732 5615 6’2.
2757 5563 2946 5632 scripta
2967 5561 3052 5630 sub
3069 5557 3235 5630 ﬁnem.
3264 5572 3344 5630 an.
3367 5558 3477 5606 599.

2496 5629 2771 5678 Veroneus.
2799 5624 2890 5674 Ms.
2919 5635 2967 5668 tn
2993 5629 3196 5670 instanti,
3213 5628 3477 5678 Vetas;tnn

2391 5613 2465 5692 (iis
2496 5613 2777 5692 femineus.
2799 5613 2890 5674 Ms'.
2910 5623 2967 5692 _in
2993 5613 3196 5691 instanti,
3213 5621 3498 5692 {fertianm
3517 5617 3701 5667 Victor.
3721 5613 3901 5672 absque

2328 5681 2536 5751 negandi
2562 5687 2789 5751 particula
2817 5699 2828 5733 :
2854 5682 2920 5751 ad
2944 5695 3027 5732 nos
3045 5681 3094 5751 in
3114 5681 3414 5751 austeritate,
3437 5687 3532 5751 etc:

2393 5730 2956 5815 i’t")"iiéé3t§'¢1iiiojnii;is
2987 5730 3295 5815 posteriores
3318 5730 3456 5792 notas
3477 5741 3536 5791 ad
3561 5739 3684 5788 hanc
3708 5741 3761 5787 et.
3788 5730 3904 5784 sub-

2329 5803 2619 5877 sequentem
2637 5810 2792 5874 Epist.
2812 5811 2863 5859 in
2888 5803 3194 5857 Prtet‘ationc.
