4106 6340
347 410 410 479 5,
599 425 606 431 .
1632 402 1988 476 thomum
2029 408 2274 487 Lxxmi

311 534 593 590 hominibus
620 544 794 607 parcnt
819 526 1240 605 habentesUiom.
1268 520 1350 588 Η..
1378 527 1489 599 18).
1518 532 1584 587 Et
1606 533 1881 603 propheta.

314 624 462 692 Pax,
493 642 615 696 pax.
649 626 710 680 Et
747 628 832 681 ubi
861 635 931 680 est
970 627 1114 696 pax?
1151 622 1285 695 (Jcr.
1319 622 1372 679 4.
1404 623 1488 679 l0.
1514 624 1655 694 juxt.
1688 620 1886 694 LXX).

309 714 449 772 Nihil
494 714 655 793 enim
675 719 875 788 grande
914 727 995 772 est
1017 759 1032 783 ,
1065 732 1246 787 pacem
1273 730 1405 771 voce
1436 716 1767 786 praetendere
1793 758 1806 778 ,
1836 720 1891 770 et

309 802 475 879 opere
493 809 789 865 destruere.
820 808 975 865 Aliud
1000 811 1115 877 niti,
1135 807 1275 864 aliud
1296 808 1661 864 demonstrare
1677 827 1693 863 :
1712 807 1889 862 verbis

310 912 503 957 sonare
527 903 863 957 concordiam
893 919 906 955 :
938 918 996 958 re
1022 901 1236 974 exigere
1270 903 1597 958 servitutem.
1627 899 1890 956 Volumus

310 1006 358 1047 et
390 1009 487 1048 nos
508 1008 717 1064 pacem;
743 1003 796 1049 et
816 1008 923 1048 non
944 995 1114 1048 solum
1134 982 1412 1049 volumus:
1434 993 1526 1048 sed
1546 1001 1599 1047 ct
1620 1005 1885 1063 rogamus.
1906 982 1917 989 ’

309 1082 413 1141 Sed
446 1099 628 1156 pacem
656 1080 875 1153 Christi,
906 1101 1087 1156 pacem
1112 1101 1296 1142 veram
1316 1127 1330 1151 ,
1361 1084 1544 1156 pacem
1572 1084 1687 1139 sine
1715 1081 1890 1138 inimi-

308 1174 467 1241 citiis,
495 1168 675 1249 pacem
705 1174 757 1245 in
780 1193 880 1249 qua
904 1194 1007 1234 non
1036 1177 1104 1234 sit
1131 1178 1328 1233 bellum
1356 1177 1678 1244 involutum;
1705 1188 1888 1246 pacem

314 1283 430 1338 quin
459 1283 564 1322 non
592 1278 650 1322 nt
676 1260 1006 1323 adversarios
1032 1268 1308 1339 subjiciat,
1336 1267 1429 1323 sed
1455 1276 1512 1322 ut
1540 1266 1737 1321 amicos
1761 1265 1888 1334 jun-

312 1366 417 1426 gat.
446 1352 583 1427 Quid
612 1356 1024 1413 dominationem
1052 1372 1232 1429 paceut
1252 1372 1535 1423 vocamus;
1557 1366 1611 1411 et
1638 1371 1740 1410 non
1767 1352 1890 1409 red-

313 1449 486 1502 dirnus
509 1447 790 1518 unicuique
810 1449 885 1503 rei
910 1446 1223 1503 vocabulum
1251 1446 1440 1502 suum?
1463 1444 1561 1502 Ubi
1585 1445 1764 1500 odium
1784 1451 1886 1499 est.

313 1536 649 1607 appellentur
680 1538 967 1593 inimicitia:
996 1551 1010 1592 :
1040 1537 1129 1593 ubi
1168 1537 1358 1592 caritas
1378 1579 1393 1602 ,
1421 1536 1493 1592 ibi
1524 1532 1889 1591 tantummodo

317 1644 419 1699 pax
448 1636 683 1684 vocetur.
715 1628 822 1683 Nos
851 1645 949 1685 nec
983 1627 1274 1685 Ecclesium
1306 1627 1595 1683 scindimus
1616 1669 1631 1692 ,
1663 1640 1835 1696 neque
1857 1638 1888 1680 ι

312 1732 517 1791 patrum
557 1722 929 1777 communione
968 1721 1291 1777 dividimur:
1315 1720 1408 1774 sed
1440 1720 1506 1774 ab
1535 1718 1663 1789 ipsis
1686 1759 1700 1783 ,
1731 1726 1786 1771 ιιι
1817 1716 1888 1770 ita

314 1814 506 1880 dicam,
534 1814 868 1870 incunabulis
895 1814 1157 1870 catholico
1182 1828 1367 1869 sumus
1395 1814 1529 1867 lacte
1553 1811 1754 1866 nutriti;
1784 1809 1887 1865 Ne-

313 1918 401 1960 mo
429 1920 654 1976 namquc
676 1907 849 1979 magis
877 1905 1282 1963 Ecclesiasticus
1308 1913 1391 1961 cst
1414 1948 1429 1971 ,
1459 1920 1615 1976 quam
1639 1905 1727 1973 qui
1754 1917 1889 1957 nun-

313 2012 471 2066 quam
501 1996 781 2054 hatreticus
811 1998 928 2054 fuit.
960 1996 1066 2055 Sed
1108 1999 1411 2069 ignoramus
1437 1994 1889 2066 absque‘caritate

308 2086 474 2161 514
545 2104 728 2162 pacem
761 2133 776 2157 ,
805 2090 921 2147 sine
972 2105 1101 2161 pace
1143 2090 1589 2145 communionem.
1641 2085 1889 2156 Legimus

296 2196 522 2254 ‘quoqtte
552 2183 603 2238 in
631 2182 918 2254 Evangelia
941 2201 954 2237 :
981 2182 1041 2238 Si
1067 2181 1219 2251 σπεῖος
1246 2198 1427 2236 manus
1452 2190 1589 2234 tuum
1614 2179 1681 2231 ad
1706 2178 1885 2241 altare,

312 2281 359 2325 et
399 2273 468 2326 ibi
506 2274 801 2328 recordatus
829 2273 986 2343 fueris
1005 2315 1018 2336 ,
1036 2273 1163 2343 quia
1192 2275 1348 2344 frater
1376 2280 1491 2324 tuus
1523 2269 1667 2322 habet
1697 2266 1889 2335 aliquid

310 2369 574 2419 adversum
603 2373 678 2429 te,
717 2363 909 2417 dimitte
938 2364 1008 2416 ibi
1040 2378 1222 2416 manus
1261 2369 1404 2415 tuum
1432 2374 1600 2413 coram
1625 2357 1777 2412 altari
1798 2396 1812 2423 ,
1840 2365 1888 2409 et

310 2456 436 2510 vade
464 2456 601 2525 prius
626 2454 939 2508 reconciliari
964 2454 1114 2525 fratri
1139 2464 1261 2519 tuo;
1287 2462 1333 2506 et
1362 2461 1478 2505 tunc
1505 2450 1702 2505 veniens
1720 2490 1735 2515 ,
1762 2447 1889 2515 offer

300 2538 492 2601 manus
538 2555 679 2600 tuum
707 2543 937 2616 (Matth.
977 2545 1030 2601 5.
1074 2544 1161 2600 15.
1199 2544 1271 2599 24
1296 2544 1335 2616 ).
1365 2542 1421 2599 Si
1453 2557 1669 2597 munera
1708 2552 1888 2596 nostra

308 2638 511 2706 absque
556 2652 685 2707 pace
709 2636 902 2692 oﬂ'erre
931 2651 1034 2693 non
1061 2652 1345 2708 possumus
1377 2655 1391 2691 :
1417 2646 1615 2706 quanto
1644 2635 1809 2705 magis
1834 2644 1890 2691 et

295 2729 504 2784 ‘Christi
530 2743 726 2800 corpus
750 2729 1029 2797 accipere?
1053 2729 1165 2797 Qua
1191 2729 1514 2785 conscientia
1538 2729 1604 2784 ad
1630 2726 1887 2783 Euchari-

308 2819 464 2875 Stiam
491 2819 685 2876 Christi
709 2821 781 2892 (a)
806 2820 1075 2887 accedam,
1103 2829 1158 2877 et
1183 2819 1517 2891 respondebo
1542 2822 1732 2885 Amen,
1760 2817 1886 2873 dum

311 2914 377 2969 de
403 2912 624 2968 caritate
652 2913 886 2968 dubitem
916 2911 1272 2984 porrigentis?

381 3004 438 3062 5.
468 3005 660 3072 ρυειξεο
682 3015 751 3071 te,
776 3013 833 3061 ut
859 3007 1122 3078 patienter
1148 3020 1232 3061 me
1256 3006 1461 3075 audias,
1488 3018 1586 3062 nec
1612 3004 1887 3061 veritatem

311 3093 663 3153 adulationem
692 3104 864 3169 putes.
896 3096 1257 3169 Quisquamne
1282 3098 1374 3153 tibi
1403 3099 1595 3154 invitus
1646 3111 1888 3153 commu-

311 3188 487 3244 nicat?
534 3189 882 3259 quisquamne
922 3199 1132 3243 extenta
1190 3203 1346 3243 manu
1386 3186 1805 3267 vertit‘l'acietn;
1836 3196 1890 3241 et

298 3272 451 3336 “inter
473 3270 668 3339 'sacras
709 3280 896 3356 epulas
933 3280 1081 3340 ludio
1121 3280 1360 3340 cseuiuin
1397 3278 1653 3355 porrigit?
1682 3277 1762 3332 Ad
1792 3277 1888 3332 ad-

306 3370 527 3430 ventum
552 3417 565 3440 ,
599 3374 673 3446 (ιι)
708 3383 764 3431 ut
804 3390 925 3431 reor
947 3418 963 3445 ,
995 3383 1141 3430 tmnn
1176 3390 1281 3429 non
1320 3383 1476 3445 pavet
1514 3368 1886 3428 Slunaehorum

315 3465 495 3532 turba;
547 3467 644 3523 sed
716 3466 1103 3538 gaudetzcum
1164 3466 1404 3521 certatim
1453 3464 1545 3519 tibi
1598 3463 1891 3535 procedunt

312 3560 540 3625 obviam,
563 3568 617 3615 ct
638 3560 704 3615 de
726 3559 892 3615 eremi
916 3558 1150 3614 latibulis
1173 3567 1449 3621 exeuntes,
1474 3571 1568 3612 sua
1593 3568 1645 3611 te
1670 3556 1889 3625 cupiunt

315 3652 607 3707 humilitate
629 3664 903 3721 superare.
930 3649 1060 3718 Quis
1082 3664 1175 3705 eos
1200 3648 1469 3719 compellit
1494 3646 1681 3702 exire?
1704 3646 1890 3701 Nonne

315 3759 466 3798 amor
494 3743 603 3798 tui?
626 3744 756 3810 Quis
782 3757 878 3814 per
900 3757 1136 3797 eremum
1164 3734 1440 3812 scparatos'
1459 3741 1509 3793 in
1536 3738 1695 3792 unul‘n
1718 3740 1890 3808 cogit?

312 3834 499 3890 Nonne
545 3844 630 3889 tua
671 3831 923 3890 dilectio?
952 3833 1022 3904 (ε)
1054 3834 1245 3887 Amare
1289 3833 1431 3886 enim
1477 3845 1668 3899 parens
1709 3830 1888 3884 debet.

314 3930 488 3983 Aiunt
529 3942 722 3999 parens
749 3935 804 3982 et
831 3924 1124 3997 Episcopus
1148 3923 1343 3988 debet,
1374 3937 1477 3976 non
1506 3922 1701 3976 timeri.
1736 3919 1889 3975 Auti-

314 4034 415 4087 qtta
445 4020 704 4073 sententia
733 4026 814 4071 est
842 4033 858 4072 :
888 4032 1032 4087 quem
1058 4016 1231 4069 metuit
1256 4014 1387 4084 quis,
1419 4014 1524 4067 adit
1551 4028 1570 4066 :
1594 4029 1737 4082 quem
1762 4013 1888 4078 odit,

314 4107 516 4178 periisse
555 4108 693 4176 cupit
715 4106 908 4179 (Apud
934 4105 1093 4161 Cicer.
1123 4104 1213 4159 lib.
1242 4104 1301 4160 2.
1329 4103 1579 4174 Ofﬁcior.)
1609 4100 1706 4174 (l).
1732 4096 1892 4157 .Uude

314 4206 369 4253 et
391 4196 445 4252 in
474 4197 670 4253 nostris
692 4197 881 4262 literis,
903 4210 1025 4251 cum
1067 4195 1212 4251 initia
1240 4195 1580 4265 parvulorum
1605 4195 1656 4247 in
1699 4193 1891 4249 timore

313 4287 644 4354 consistant,
682 4287 901 4358 perfecta
935 4285 1135 4341 dilectio
1177 4287 1318 4356 foras
1357 4284 1504 4339 mittit
1543 4285 1771 4338 timorem
1803 4284 1888 4353 (Ι.

312 4379 469 4434 Joan.
496 4380 551 4434 4.
581 4376 710 4451 18).
740 4378 855 4433 Non
883 4377 1077 4448 quieris
1116 4376 1399 4431 Monachus
1427 4374 1519 4430 tibi
1550 4389 1669 4430 esse
1706 4374 1887 4443 subje-

311 4479 428 4529 ctos
452 4468 609 4526 :.ideo
634 4468 800 4538 magis
823 4467 1091 4539 subjectos
1119 4467 1304 4523 babes.
1330 4464 1413 4522 Tu
1437 4463 1595 4522 olfers
1620 4465 1886 4533 osculum,

396 4642 445 4705 al
480 4639 785 4705 Veronensis
808 4640 971 4705 liber,
1008 4642 1093 4704 qui
1116 4655 1244 4705 unus
1267 4646 1372 4705 est,
1404 4654 1502 4705 quo
1524 4654 1634 4705 cum
1655 4640 1764 4705 haec
1788 4643 1891 4705 epi-

374 4653 445 4753 ‘at
488 4653 785 4693 Veronensts
812 4653 971 4701 uber,
1008 4653 1093 4704 qut
1116 4655 1244 4694 unus
1267 4653 1372 4697 θεῖ,
1404 4654 1502 4705 quo
1524 4654 1634 4690 cum
1658 4653 1764 4690 meo
1788 4653 1891 4754 eau-

311 4713 388 4755 sto
409 4720 433 4753 a
457 4702 667 4766 conferri
691 4701 997 4766 potuitblnon
1011 4705 1141 4753 enim
1164 4702 1253 4752 Ms.
1276 4703 1492 4766 codicem
1522 4702 1676 4766 ullum
1701 4703 1803 4751 Mar
1840 4718 1891 4753 a-

313 4778 452 4814 niens
472 4765 660 4813 invenit
675 4761 706 4823 ,⁷
718 4768 802 4811 aut
821 4761 1064 4813 Victorius
1085 4762 1337 4823 memorat)
1366 4764 1463 4811 duo
1486 4764 1637 4813 verba
1655 4766 1888 4814 accedam

311 4832 358 4875 et
384 4839 476 4875 non
489 4825 733 4887 agnoscit,
744 4824 888 4887 idque
899 4825 1080 4874 rectius
1098 4832 1152 4873 ut
1176 4825 1398 4881 videtur;
1422 4824 1513 4887 hoc
1535 4824 1717 4887 quippe
1735 4838 1889 4887 unum

311 4838 358 4875 et
384 4838 519 4875 noua
558 4838 725 4883 noscu,
744 4838 1080 4887 nquerecuus
1098 4838 1152 4873 ut
1176 4838 1398 4881 videtur;
1424 4838 1513 4873 uoc
1568 4838 1717 4885 utppe
1741 4838 1889 4874 unum

246 4945 254 4953 .
312 4888 465 4953 sentit
484 4838 689 4953 Hbieron.
708 4884 901 4953 diliicile
925 4895 1037 4953 esse
1059 4884 1525 4953 Amenyespondere
1535 4838 1889 4953 (itincbaristiam

345 4947 585 5012 orrigeuti
604 4982 622 5008 ,
660 4945 726 5001 de
749 4949 887 5011 cujus
909 4946 1125 5012 caritate
1146 4943 1357 5012 dubites.
1397 4943 1519 4993 Nam
1542 4945 1655 5012 olim
1679 4945 1729 5012 i_u
1749 4958 1888 5012 sacro

338 5004 632 5060 Eucharistize
668 5016 778 5060 actu
802 5004 1060 5072 porrigens
1080 5007 1290 5064 dicebat,
1313 5014 1498 5071 corpus
1519 5004 1736 5067 Christi;
1761 5011 1886 5072 acet-

314 5073 459 5134 piens
480 5084 601 5134 vero
622 5070 955 5134 reapoudebat
972 5080 1135 5134 Amen,
1159 5081 1303 5134 quam
1326 5070 1493 5134 vocem
1515 5081 1711 5134 rursum
1733 5070 1886 5134 subji-

312 5128 476 5194 ciebat
495 5133 572 5183 his
594 5128 793 5183 calicem
822 5132 1059 5194 tradentis
1075 5166 1095 5194 ,ί
1114 5128 1316 5194 Sanguis
1335 5128 1555 5194 _Cltrislt',
1580 5129 1717 5194 calix
1753 5128 1882 5184 vitia.

313 5192 439 5259 Hinc
475 5195 781 5259 Augustinus
811 5193 972 5259 Serm.
1012 5190 1258 5259 272._l10:\f.
1285 5192 1486 5259 edition.
1528 5190 1886 5259 .mdigcorpus

312 5254 522 5318 Christi;
544 5252 607 5307 e't'
628 5256 888 5318 respondes
927 5265 1089 5305 Amen.
1122 5254 1183 5306 Et
1212 5253 1293 5304 lib.
1331 5252 1435 5318 12.“
1447 5261 1625 5318 contra
1654 5252 1887 5307 Faustum

314 5330 428 5382 cap.
445 5314 521 5369 lo.
554 5336 576 5367 α
602 5314 765 5369 Habet
793 5318 923 5368 enim
945 5328 1368 5382 magttam_vocem
1390 5315 1567 5382 Christi
1602 5316 1811 5382 Sanguis
1835 5320 1885 5369 in

211 5378 221 5385 ’
315 5376 486 5440 tei-ris,
522 5393 632 5430 cum
658 5391 719 5429 eo
754 5387 952 5440 accepto
974 5376 1047 5427 ab'
1061 5378 1293 5440 omnibus,
1308 5379 1633 5440 respondetur
1654 5376 1828 5428 Arnen.
1855 5397 1878 5425 ι

315 5439 424 5491 Viti.
448 5441 688 5494 Clement.
712 5439 913 5502 Constit.
939 5441 1021 5490 lib.
1044 5441 1092 5491 8.
1117 5452 1223 5502 cap.
1252 5439 1325 5502 19.
1352 5439 1579 5501 Cvrillum
1603 5440 1800 5502 Catech.
1832 5442 1881 5491 5.

314 5502 624 5567 Ambrosium
645 5504 710 5567 de
733 5501 1034 5567 sacrament.
1063 5502 1153 5567 lib.
1176 5499 1527 5567 ‘4:_lnsiguem
1569 5515 1688 5555 vero
1727 5501 1883 5552 locum

314 5564 626 5629 recoieapud
640 5565 833 5629 Euseb.
856 5564 982 5629 Hist.
1009 5562 1042 5612 Ι.
1065 5563 1114 5612 6.
1138 5575 1182 5612 c.
1209 5561 1285 5629 43.

403 5626 446 5694 ὁ]
482 5622 583 5694 ξιῖο
618 5627 814 5694 duabus
828 5625 1010 5694 vocalis
1032 5632 1079 5674 ut
1104 5634 1216 5694 reor
1235 5659 1250 5683 ,
1274 5622 1575 5694 Veronensis
1597 5624 1685 5694 his.
1716 5623 1882 5689 igitur.

402 5687 445 5751 ε]
487 5688 705 5751 Utroque
731 5691 778 5739 in
802 5689 908 5738 loco
941 5687 1185 5736 Victorius
1206 5687 1388 5751 amari,
1412 5687 1752 5751 comprimam
1772 5701 1886 5738 coo-

316 5747 416 5800 ste't
434 5747 588 5809 activa
613 5747 956 5803 terminatione
977 5762 1033 5799 ac
1048 5762 1199 5799 sensu
1220 5748 1409 5799 debere
1427 5747 1544 5809 legi.

340 5870 343 5873 _
386 5808 446 5876 (l)
482 5810 569 5862 Est
587 5812 728 5863 Ennii
752 5812 876 5876 apud
899 5810 1121 5876 Ciceron.
1147 5810 1242 5861 loc.
1268 5810 1347 5859 cit.
1365 5808 1509 5876 auem
1528 5815 1759 5873 metuam,
1778 5811 1886 5864 oric-

322 5872 467 5938 runt',
489 5887 629 5939 quem
651 5872 848 5940 quisque
869 5873 972 5927 odit
993 5872 1192 5938 periisse
1214 5872 1409 5936 expetit.

3465 420 3570 488 758

1996 528 2072 587 illi
2102 531 2235 586 colla
2263 520 2615 590 submittunt.
2637 518 2865 593 Exhibes
2894 538 3136 610 militem,
3164 534 3218 599 et
3243 544 3432 601 ducem
3464 546 3570 602 im-
3602 566 3612 580 ι

1992 626 2190 693 petras,
2219 623 2367 692 quasi
2395 638 2531 679 unus
2559 626 2612 680 in
2645 628 2879 695 pluribus
2903 646 2982 696 es,
3013 640 3072 688 ut
3097 616 3170 689 sis
3199 648 3334 690 unus
3356 651 3422 691 ex
3451 638 3569 707 pluo

1990 714 2158 770 ribus.
2191 716 2307 770 Cito
2346 714 2647 787 indignatur
2676 719 2890 775 libertas
2910 758 2924 787 ,
2951 723 2999 777 si
3035 726 3368 795 opprimitur.
3399 728 3567 785 Nemo

1992 804 2110 875 plus
2138 805 2381 877 impetrat
2406 822 2434 861 a
2463 808 2901 879 lihero(2),quam
2928 814 3015 882 qui
3043 816 3245 871 servire
3273 832 3378 872 non
3401 821 3565 890 cogit;

1990 893 2245 952 Novimus
2260 899 2515 955 Canoues
2548 899 2973 957 Ecelesiasticos.
3002 903 3116 959 Non
3147 907 3449 977 ignoramus
3472 926 3567 967 ori

1990 987 2143 1062 dines
2164 990 2488 1060 singulorum
2510 1010 2522 1045 :
2541 1002 2595 1063 et
2619 993 2846 1049 lectione
2868 1004 2923 1049 et
2941 998 3261 1065 quotidianis
3281 1003 3563 1073 exemplis;

1990 1088 2159 1150 usque
2204 1081 2287 1136 ad
2316 1081 2450 1138 hanc
2493 1091 2704 1141 :ctatem
2750 1085 2910 1140 multa
2938 1086 3016 1159 (tl)
3044 1086 3323 1146 didicimus
3347 1133 3362 1160 ,
3404 1094 3566 1150 multa

1992 1174 2193 1245 experti
2240 1190 2441 1230 sumus.
2483 1176 2581 1244 Qui
2627 1179 2994 1247 scorpionibus
3034 1179 3229 1249 ca-dit;
3274 1190 3328 1238 et
3372 1184 3568 1242 lumbis

1993 1266 2157 1335 patris
2198 1265 2394 1321 habere
2414 1283 2472 1323 se
2493 1277 2641 1341 putat
2675 1268 2865 1341 digitos
2887 1272 3201 1341 grossiores,
3219 1274 3328 1329 cito
3347 1282 3568 1346 regnum

1991 1355 2252 1411 mansueti
2285 1355 2444 1412 David
2470 1357 2688 1430 dissipat
2717 1361 2792 1433 (3.
2820 1359 2943 1432 Reg.
2979 1362 3090 1433 η).
3119 1363 3277 1419 Certe
3301 1365 3570 1423 Romanus

1988 1446 2235 1517 populus,
2257 1463 2324 1503 ne
2358 1449 2408 1502 in
2426 1462 2549 1520 rege
2576 1450 2788 1520 quidem
2864 1451 3024 1525 διδ
3097 1453 3398 1525 superbiam
3430 1458 3567 1514 tulit.

1991 1536 2107 1592 Dux
2133 1537 2217 1592 ille
2244 1530 2514 1595 lsraelitici
2544 1540 2822 1608 exercitus,
2852 1548 2941 1613 qui
2967 1546 3150 1600 decem
3176 1546 3346 1618 plagis
3367 1548 3569 1605 amise-

1991 1635 2072 1682 rat
2112 1627 2395 1701 Egyptum
2422 1671 2436 1696 ,
2465 1639 2520 1685 et
2547 1631 2611 1686 ad
2641 1633 2791 1703 cujus
2821 1634 3097 1704 imperium
3125 1637 3320 1692 cwlutu
3347 1651 3399 1695 et
3426 1650 3570 1698 terra
3600 1664 3604 1671 η

1991 1728 2043 1774 et
2070 1720 2235 1773 maria
2257 1721 2579 1788 serviebant,
2607 1722 2746 1777 inter
2766 1733 2985 1780 cunctos
3008 1726 3269 1795 homines,
3291 1742 3424 1798 quos
3445 1738 3571 1786 tunc

1990 1818 2132 1866 terra
2164 1814 2471 1881 generavit,
2504 1814 2960 1871 mansuetissimus
2990 1817 3321 1887 praedicatur.
3358 1822 3421 1876 Et
3448 1822 3571 1881 ideo

1990 1915 2088 1972 per
2111 1900 2454 1972 quadraginta
2480 1915 2648 1959 annos
2676 1905 2901 1960 obtinuit
2932 1907 3303 1978 principatum,
3326 1912 3447 1981 quia
3475 1927 3569 1983 po-

1991 1993 2199 2056 tcstatis
2225 1992 2525 2060 superbiam
2555 1993 2771 2050 lenitate
2794 2002 2849 2051 et
2872 1998 3276 2056 mansuetudine
3303 2009 3570 2072 tempera-

1990 2079 2101 2137 bat.
2130 2080 2489 2148 Lapidabatur
2517 2098 2547 2137 a
2574 2085 2799 2154 populo,
2829 2094 2883 2141 et
2910 2101 3007 2156 pro
3035 2087 3388 2158 lapidantibus
3414 2102 3570 2163 rogat

1991 2171 2112 2237 bat;
2153 2171 2279 2243 quin
2329 2174 2503 2242 patius
2539 2174 2705 2229 deleri
2754 2176 2867 2246 ipse
2903 2179 3016 2232 vult
3052 2179 3118 2233 de
3160 2179 3295 2235 libro
3335 2181 3468 2250 Dei,
3498 2198 3570 2240 ne

1990 2266 2307 2320 commissus
2348 2263 2447 2320 sibi
2496 2276 2623 2336 grex
2667 2276 2869 2338 pereat.
2925 2267 3180 2339 Cupiebat
3219 2272 3361 2326 enim
3420 2273 3568 2329 illum

1990 2351 2184 2407 imitari
2226 2352 2497 2410 Pastorem
2526 2396 2541 2420 ,
2572 2370 2728 2424 quem
2758 2356 2959 2412 sciebat
2986 2359 3145 2413 etiam
3174 2369 3413 2416 errantes
3439 2375 3571 2419 oves

1990 2441 2102 2496 suis
2127 2440 2362 2499 humeris
2384 2451 2733 2514 perlaturum.
2765 2444 2970 2514 Pastor,
3001 2448 3188 2519 inquit,
3217 2451 3376 2506 bonus
3426 2454 3570 2523 ponit

1990 2534 2213 2588 animmn
2232 2551 2374 2588 suam
2396 2552 2487 2605 pro
2503 2534 2671 2590 ovibus
2687 2537 2793 2591 suis
2808 2536 2988 2607 (Joan.
3012 2539 3099 2594 10.
3126 2541 3234 2610 Η).
3260 2540 3390 2596 Boni
3413 2544 3568 2613 quip-

1990 2641 2058 2696 pe
2084 2629 2308 2697 pastoris
2332 2628 2623 2698 discipulus
2648 2638 2793 2699 optat
2821 2630 3103 2687 anathema
3129 2648 3248 2688 esse
3276 2649 3371 2704 pro
3398 2635 3572 2691 fratrit

1990 2714 2089 2771 bus
2109 2718 2220 2773 suis
2236 2716 2411 2787 (Rom.
2427 2717 2481 2773 9.
2500 2719 2577 2790 4),
2602 2728 2758 2789 atque
2777 2722 3034 2791 cognatis,
3052 2723 3143 2792 qui
3168 2735 3291 2779 sunt
3317 2714 3572 2782 Israelita:

1990 2808 2279 2864 secundum
2305 2823 2541 2865 carnem.
2589 2811 2655 2866 Et
2683 2814 2727 2866 si
2756 2812 2847 2869 ille
2877 2815 3051 2883 perire
3077 2816 3258 2885 cupit,
3289 2833 3356 2872 ne
3382 2819 3573 2888 perditi
3671 2872 3675 2877 .

1990 2910 2209 2971 pereant
2232 2920 2244 2957 :
2268 2914 2465 2973 quanto
2487 2905 2654 2975 magis
2679 2903 2831 2960 bonis
2859 2907 3166 2975 [mretitihus
3189 2910 3569 2978 providendum

1990 3002 2089 3060 est,
2112 3012 2178 3050 ue
2203 2996 2269 3049 ad
2300 2996 2623 3051 iracundiam
2655 3008 2942 3067 provocent
2973 2999 3108 3053 filios
3133 3015 3278 3064 suos,
3294 3009 3347 3057 et
3374 3003 3570 3059 nimie-

1992 3094 2100 3141 tate
2125 3086 2332 3142 duritiae
2353 3128 2368 3155 ,
2398 3087 2556 3143 etiam
2585 3088 2884 3144 lenissimus
2902 3130 2916 3155 ,
2944 3104 3163 3160 asperos
3186 3105 3305 3148 esse
3332 3095 3574 3166 compelo

1992 3174 2075 3230 lau
2086 3176 2130 3230 t?
3140 3216 3159 3231 .

2061 3265 2115 3322 4.
2156 3266 2391 3338 Epistola
2423 3266 2562 3338 cogit
2591 3282 2676 3324 me
2706 3269 2917 3325 brevius
2946 3269 3088 3340 loqui
3116 3312 3130 3337 ,
3160 3269 3313 3329 dolor
3340 3274 3569 3346 longius.

1990 3356 2185 3419 Set-ibit
2214 3363 2261 3417 in
2292 3361 2401 3418 suis
2423 3358 2544 3428 ills,
2570 3369 2626 3418 ut
2654 3360 2743 3419 ille
2763 3361 2874 3419 vult
2896 3362 3149 3434 pacilieis,
3174 3375 3230 3420 ut
3255 3379 3354 3438 ego
3374 3366 3570 3437 sentio,

1991 3454 2404 3517 mordacissimis
2434 3455 2642 3522 litteris,
2667 3454 2807 3525 quod
2835 3470 3101 3526 nunquam
3126 3471 3157 3511 a
3185 3473 3272 3513 me
3296 3459 3454 3515 laesus
3478 3462 3569 3529 sit,

1991 3558 2092 3600 nec
2121 3545 2292 3600 dictus
2333 3544 2631 3600 haereticus.
2677 3544 2919 3614 Quonam
2958 3548 3115 3617 igitur
3152 3549 3311 3603 modo
3336 3566 3422 3606 me
3459 3553 3577 3622 ipse

1994 3634 2155 3700 laedit,
2178 3645 2522 3704 a-grotantem
2551 3635 2739 3691 morbo
2769 3634 3019 3705 pessimo,
3039 3647 3093 3691 et
3112 3636 3364 3693 rebellem
3387 3640 3574 3697 Eccle-I

1993 3727 2086 3780 sia:
2111 3727 2411 3781 ventilans?
2434 3727 2514 3782 Ab
2541 3727 2657 3780 aliis
2684 3727 2980 3791 lacessitus,
3003 3732 3232 3783 accurrit
3250 3729 3573 3788 adversariis

1994 3831 2234 3888 parcere,
2266 3816 2461 3873 ltedere
2489 3832 2593 3870 non
2622 3816 2940 3871 lzedentem?
2969 3817 3265 3888 Antequam
3292 3821 3569 3877 ordinare-

1996 3918 2080 3964 tur
2108 3907 2268 3963 frater
2298 3922 2447 3962 mcus
2472 3906 2859 3978 (Pauliniauus)
2878 3948 2892 3973 ,
2923 3922 3187 3977 nunquam
3229 3907 3325 3981 [aL
3353 3911 3572 3983 nullam]

1994 3998 2126 4054 dixit
2160 3999 2319 4053 fuisse
2355 3998 2491 4053 inter
2525 4012 2583 4052 se
2613 4006 2667 4051 et
2706 4006 2947 4052 sanctum
2984 3996 3179 4068 Papam
3218 3999 3573 4071 Epiplraniuut

1994 4090 2062 4146 de
2106 4089 2441 4160 dogmatibus
2479 4089 2848 4159 quaestionem.
2882 4089 2945 4144 Et
2972 4104 3089 4160 qua:
3116 4104 3241 4144 cum
3273 4092 3406 4145 ratio
3431 4107 3577 4147 cmu-

1996 4181 2244 4252 pellebat,
2278 4179 2415 4235 sicut
2442 4180 2556 4250 ipse
2584 4178 2794 4235 tandem
2825 4180 3032 4247 scribit,
3057 4184 3132 4252 te)
3161 4180 3285 4238 inde
3314 4183 3455 4240 inter
3479 4199 3574 4256 po-

1996 4271 2148 4342 pulos
2194 4269 2501 4340 disputare,
2543 4269 2683 4325 unde
2728 4284 2887 4326 nemo
2930 4271 3241 4341 quicrebat?
3280 4271 3392 4330 Scit
3433 4276 3577 4330 enim

2002 4362 2281 4434 prudentia
2306 4370 2392 4416 tua
2421 4361 2745 4432 periculosas
2764 4375 2884 4417 esse
2903 4362 3208 4432 hujusmudi
3233 4366 3573 4433 quzestiones,

1994 4463 2050 4511 et
2086 4454 2216 4510 nihil
2252 4468 2372 4510 esse
2414 4454 2577 4508 tutius
2605 4466 2760 4522 quam
2806 4461 2983 4509 tacere
3009 4470 3023 4505 :
3053 4453 3152 4507 nisi
3191 4454 3325 4508 forte
3359 4464 3578 4511 necesse

1995 4558 2077 4604 est
2102 4546 2242 4618 loqui
2269 4546 2335 4601 de
2359 4545 2671 4616 grandibus.
2699 4544 2859 4599 Certe
2881 4545 3022 4614 quod
3053 4544 3181 4598 illud
3204 4551 3403 4600 tantum
3430 4548 3577 4617 iuges
3660 4536 3664 4541 ⁴

1993 4641 2139 4695 nium
2171 4638 2471 4708 ﬂumenque
2495 4635 2585 4708 [aL
2618 4633 2931 4708 fulmenque]
2953 4634 3269 4704 eloquentia:
3296 4636 3413 4699 fuit,
3441 4648 3499 4693 ut
3523 4640 3576 4695 in

1960 4744 1965 4751 '
1994 4745 2102 4785 uno
2129 4728 2382 4784 Ecclesiae
2409 4735 2633 4781 tractatu
2651 4767 2665 4788 ,
2692 4734 2882 4779 cuncta
2912 4725 3380 4794 comprehendisse
3406 4741 3470 4785 se
3490 4731 3576 4785 ili-

1992 4828 2079 4874 eat
2100 4860 2114 4883 ,
2145 4818 2212 4872 tle
2249 4816 2440 4887 quibus
2481 4814 2702 4886 singulis
2741 4802 2987 4869 novimus
3015 4806 3407 4873 eruditissimos
3430 4820 3577 4875 viros

1993 4909 2195 4964 inﬁnita
2222 4920 2472 4961 versuum
2515 4904 2674 4959 millia
2719 4905 3142 4975 conscripsisse?
3184 4905 3289 4963 Sed
3320 4908 3421 4964 hoc
3446 4910 3577 4980 quid

1992 4999 2059 5055 ad
2090 5000 2208 5054 me?
2228 4996 2442 5053 Noverit
2468 4997 2556 5052 ille
2579 4997 2667 5068 qui
2686 4996 2908 5063 audivit,
2936 4998 3066 5052 sciat
3098 4999 3210 5070 ipse
3232 4999 3321 5070 qui
3340 5001 3575 5072 scripsit,

1992 5107 2183 5161 meque
2212 5090 2277 5145 ab
2300 5089 2635 5144 accusatione
2663 5089 2743 5143 sui
2772 5088 2886 5159 ipse
2912 5089 3071 5144 etiam
3098 5088 3304 5145 liberet.
3340 5092 3455 5162 Ego
3476 5107 3578 5148 nec

1993 5186 2238 5246 iuterl‘ui.
2269 5200 2368 5240 nec
2408 5183 2606 5239 audivi.
2647 5182 2797 5239 Unus
2833 5199 2864 5239 e
2911 5184 3109 5257 populo
3138 5197 3256 5238 sum
3282 5225 3298 5249 ,
3343 5185 3452 5239 imo
3508 5200 3576 5240 ne

1992 5296 2129 5337 unus
2151 5280 2363 5353 quidem
2380 5320 2400 5347 ,
2426 5279 2547 5352 quia
2574 5278 2756 5334 multis
2779 5277 3148 5346 clamantibus,
3189 5262 3353 5351 516
3412 5280 3572 5337 tacui.

1990 5371 2335 5447 Copl'eramus
2365 5371 2634 5441 arguentis
2653 5370 2988 5438 accusatique
3018 5383 3272 5439 personas
3300 5387 3313 5423 :
3341 5377 3392 5423 et
3423 5369 3576 5438 cuius

1992 5462 2071 5518 vel
2103 5462 2347 5517 meritum
2372 5503 2388 5530 ,
2420 5461 2500 5517 vel
2528 5462 2635 5516 vita
2662 5501 2678 5528 ,
2706 5460 2792 5515 vel
2821 5459 3058 5515 doctrina
3098 5458 3428 5530 pr-reesserit
3449 5499 3466 5525 ,
3500 5459 3575 5514 illi

1992 5555 2159 5625 magis
2188 5552 2655 5610 aceommodemus
2684 5551 2864 5608 ﬁdem.

2079 5689 2128 5755 tl)
2164 5691 2305 5755 idem
2322 5689 2431 5755 Ms.
2454 5688 2602 5755 stulta
2623 5687 2881 5755 dedimus.
3208 5742 3237 5755 μ

2078 5743 2133 5819 εἷΔ
2161 5753 2465 5819 Veronensis
2486 5750 2616 5819 liber
2637 5784 2652 5810 ,
2675 5751 2726 5801 in
2745 5748 2825 5819 dte
2849 5746 2966 5819 dum
2998 5743 3260 5819 turpopulis
3282 5748 3570 5808 disputaret.

1996 5804 2201 5866 Gravius
2221 5812 2339 5877 inde
2377 5812 2465 5877 diu
2478 5812 2612 5877 inter
2634 5804 2832 5877 populos
2847 5804 3117 5877 disputare.

2060 5877 2132 5941 (ξ)
2166 5864 2221 5927 In
2250 5874 2359 5924 aliis
2380 5873 2517 5925 libris
2541 5864 2820 5933 .verito'plus
2838 5864 3044 5932 imperat
3065 5864 3233 5928 libero,
3259 5874 3357 5918 etc.
