  <div class='ocr_page' id='page_1' title='image "/cluster/home/n/w/nwhite01/storage/ocr_20150623/22/hvd.32044015471378/430.png"; bbox 0 0 4106 6340; ppageno 0'>
   <div class='ocr_carea' id='block_1_1' title="bbox 295 369 383 428">
    <p class='ocr_par' dir='ltr' id='par_1_1' title="bbox 295 369 383 428">
     <span class='ocr_line' id='line_1_1' title="bbox 295 369 383 428; baseline -0.034 0"><span class='ocrx_word' id='word_1_1' title='bbox 295 369 383 428; x_wconf 59' lang='grc' dir='ltr'><strong>ιιι</strong></span> 
     </span>
    </p>
   </div>
   <div class='ocr_carea' id='block_1_2' title="bbox 293 463 1849 556">
    <p class='ocr_par' dir='ltr' id='par_1_2' title="bbox 293 463 1849 556">
     <span class='ocr_line' id='line_1_2' title="bbox 293 463 1849 556; baseline -0.017 -14"><span class='ocrx_word' id='word_1_2' title='bbox 293 487 409 556; x_wconf 67' lang='lat' dir='ltr'><strong>eligi</strong></span> <span class='ocrx_word' id='word_1_3' title='bbox 457 485 505 537; x_wconf 90' lang='lat' dir='ltr'><strong>in</strong></span> <span class='ocrx_word' id='word_1_4' title='bbox 534 478 900 538; x_wconf 76' lang='lat' dir='ltr'><strong>Sacerdotium</strong></span> <span class='ocrx_word' id='word_1_5' title='bbox 947 470 1246 544; x_wconf 88' lang='lat' dir='ltr'><strong>pervidebit</strong></span> <span class='ocrx_word' id='word_1_6' title='bbox 1271 467 1462 542; x_wconf 83' lang='lat' dir='ltr'><strong>(Num.</strong></span> <span class='ocrx_word' id='word_1_7' title='bbox 1487 466 1569 537; x_wconf 83' lang='lat'><strong>8).</strong></span> <span class='ocrx_word' id='word_1_8' title='bbox 1596 467 1702 521; x_wconf 80' lang='lat' dir='ltr'><strong>Aut</strong></span> <span class='ocrx_word' id='word_1_9' title='bbox 1724 463 1769 517; x_wconf 88' lang='lat' dir='ltr'><strong>si</strong></span> <span class='ocrx_word' id='word_1_10' title='bbox 1795 463 1849 516; x_wconf 92' lang='lat' dir='ltr'><strong>in</strong></span> 
     </span>
    </p>
   </div>
   <div class='ocr_carea' id='block_1_3' title="bbox 295 556 1848 634">
    <p class='ocr_par' dir='ltr' id='par_1_3' title="bbox 295 556 1848 634">
     <span class='ocr_line' id='line_1_3' title="bbox 295 556 1848 634; baseline -0.017 0"><span class='ocrx_word' id='word_1_11' title='bbox 295 578 391 634; x_wconf 87' lang='lat' dir='ltr'><strong>hoc</strong></span> <span class='ocrx_word' id='word_1_12' title='bbox 419 572 713 631; x_wconf 86' lang='lat' dir='ltr'><strong>testimonio</strong></span> <span class='ocrx_word' id='word_1_13' title='bbox 741 569 857 624; x_wconf 83' lang='lat' dir='ltr'><strong>salu</strong></span> <span class='ocrx_word' id='word_1_14' title='bbox 895 564 1208 621; x_wconf 86' lang='lat' dir='ltr'><strong>Hebraicam</strong></span> <span class='ocrx_word' id='word_1_15' title='bbox 1249 559 1489 630; x_wconf 73' lang='lat' dir='ltr'><strong>sequitur</strong></span> <span class='ocrx_word' id='word_1_16' title='bbox 1519 556 1809 612; x_wconf 73' lang='lat' dir='ltr'><strong>Veritatem</strong></span> <span class='ocrx_word' id='word_1_17' title='bbox 1836 593 1848 614; x_wconf 84' lang='lat'><strong>.</strong></span> 
     </span>
    </p>
   </div>
   <div class='ocr_carea' id='block_1_4' title="bbox 295 649 1856 730">
    <p class='ocr_par' dir='ltr' id='par_1_4' title="bbox 295 649 1856 730">
     <span class='ocr_line' id='line_1_4' title="bbox 295 649 1856 730; baseline -0.016 -7"><span class='ocrx_word' id='word_1_18' title='bbox 295 667 490 724; x_wconf 85' lang='lat' dir='ltr'><strong>noverit</strong></span> <span class='ocrx_word' id='word_1_19' title='bbox 535 661 746 730; x_wconf 69' lang='lat' dir='ltr'><strong>triginta</strong></span> <span class='ocrx_word' id='word_1_20' title='bbox 789 669 1049 712; x_wconf 88' lang='lat' dir='ltr'><strong>annorum</strong></span> <span class='ocrx_word' id='word_1_21' title='bbox 1095 652 1206 708; x_wconf 82' lang='lat' dir='ltr'><strong>ﬁeri</strong></span> <span class='ocrx_word' id='word_1_22' title='bbox 1247 649 1614 707; x_wconf 80' lang='lat' dir='ltr'><strong>Sacerdotem.</strong></span> <span class='ocrx_word' id='word_1_23' title='bbox 1668 649 1744 699; x_wconf 79' lang='lat' dir='ltr'><strong>Ac</strong></span> <span class='ocrx_word' id='word_1_24' title='bbox 1788 659 1856 698; x_wconf 91' lang='lat' dir='ltr'><strong>ne</strong></span> 
     </span>
    </p>
   </div>
   <div class='ocr_carea' id='block_1_5' title="bbox 296 737 1854 816">
    <p class='ocr_par' dir='ltr' id='par_1_5' title="bbox 296 737 1854 816">
     <span class='ocr_line' id='line_1_5' title="bbox 296 737 1854 816; baseline -0.019 -1"><span class='ocrx_word' id='word_1_25' title='bbox 296 759 502 815; x_wconf 73' lang='lat' dir='ltr'><strong>forsitan</strong></span> <span class='ocrx_word' id='word_1_26' title='bbox 527 754 689 816; x_wconf 81' lang='lat' dir='ltr'><strong>dicat,</strong></span> <span class='ocrx_word' id='word_1_27' title='bbox 730 748 905 802; x_wconf 81' lang='lat' dir='ltr'><strong>Vetera</strong></span> <span class='ocrx_word' id='word_1_28' title='bbox 929 746 1256 807; x_wconf 76' lang='lat' dir='ltr'><strong>transierunt,</strong></span> <span class='ocrx_word' id='word_1_29' title='bbox 1287 749 1335 794; x_wconf 82' lang='lat' dir='ltr'><strong>et</strong></span> <span class='ocrx_word' id='word_1_30' title='bbox 1365 744 1504 811; x_wconf 73' lang='lat' dir='ltr'><strong>facta</strong></span> <span class='ocrx_word' id='word_1_31' title='bbox 1532 746 1651 792; x_wconf 83' lang='lat' dir='ltr'><strong>sunt</strong></span> <span class='ocrx_word' id='word_1_32' title='bbox 1680 737 1854 788; x_wconf 81' lang='lat' dir='ltr'><strong>omnia</strong></span> 
     </span>
    </p>
   </div>
   <div class='ocr_carea' id='block_1_6' title="bbox 295 828 1855 915">
    <p class='ocr_par' dir='ltr' id='par_1_6' title="bbox 295 828 1855 915">
     <span class='ocr_line' id='line_1_6' title="bbox 295 828 1855 915; baseline -0.017 -10"><span class='ocrx_word' id='word_1_33' title='bbox 295 867 415 905; x_wconf 81' lang='lat' dir='ltr'><strong>natm</strong></span> <span class='ocrx_word' id='word_1_34' title='bbox 442 849 515 915; x_wconf 72' lang='lat'><strong>(2.</strong></span> <span class='ocrx_word' id='word_1_35' title='bbox 544 844 662 901; x_wconf 82' lang='lat' dir='ltr'><strong>Cor.</strong></span> <span class='ocrx_word' id='word_1_36' title='bbox 689 843 746 897; x_wconf 82' lang='lat'><strong>5.</strong></span> <span class='ocrx_word' id='word_1_37' title='bbox 780 840 896 910; x_wconf 85' lang='grc'><strong>17),</strong></span> <span class='ocrx_word' id='word_1_38' title='bbox 930 838 1112 893; x_wconf 81' lang='lat' dir='ltr'><strong>audiat</strong></span> <span class='ocrx_word' id='word_1_39' title='bbox 1136 851 1258 890; x_wconf 91' lang='lat' dir='ltr'><strong>cum</strong></span> <span class='ocrx_word' id='word_1_40' title='bbox 1293 832 1616 888; x_wconf 85' lang='lat' dir='ltr'><strong>Timotheo:</strong></span> <span class='ocrx_word' id='word_1_41' title='bbox 1641 828 1855 882; x_wconf 78' lang='lat' dir='ltr'><strong>Adoles-</strong></span> 
     </span>
    </p>
   </div>
   <div class='ocr_carea' id='block_1_7' title="bbox 294 917 1858 996">
    <p class='ocr_par' dir='ltr' id='par_1_7' title="bbox 294 917 1858 996">
     <span class='ocr_line' id='line_1_7' title="bbox 294 917 1858 996; baseline -0.015 0"><span class='ocrx_word' id='word_1_42' title='bbox 294 942 492 996; x_wconf 77' lang='lat' dir='ltr'><strong>centiam</strong></span> <span class='ocrx_word' id='word_1_43' title='bbox 521 946 660 990; x_wconf 80' lang='lat' dir='ltr'><strong>tuam</strong></span> <span class='ocrx_word' id='word_1_44' title='bbox 703 948 848 986; x_wconf 87' lang='lat' dir='ltr'><strong>nemo</strong></span> <span class='ocrx_word' id='word_1_45' title='bbox 878 937 1163 984; x_wconf 78' lang='lat' dir='ltr'><strong>contemnat</strong></span> <span class='ocrx_word' id='word_1_46' title='bbox 1207 925 1280 996; x_wconf 88' lang='lat' dir='ltr'><strong>(l.</strong></span> <span class='ocrx_word' id='word_1_47' title='bbox 1314 921 1448 978; x_wconf 87' lang='lat' dir='ltr'><strong>Tim.</strong></span> <span class='ocrx_word' id='word_1_48' title='bbox 1476 923 1530 978; x_wconf 71' lang='grc'><strong>4.</strong></span> <span class='ocrx_word' id='word_1_49' title='bbox 1559 919 1670 989; x_wconf 72' lang='grc'><strong>12).</strong></span> <span class='ocrx_word' id='word_1_50' title='bbox 1700 917 1858 972; x_wconf 83' lang='lat' dir='ltr'><strong>Certe</strong></span> 
     </span>
    </p>
   </div>
   <div class='ocr_carea' id='block_1_8' title="bbox 296 1008 1860 1098">
    <p class='ocr_par' dir='ltr' id='par_1_8' title="bbox 296 1008 1860 1098">
     <span class='ocr_line' id='line_1_8' title="bbox 296 1008 1860 1098; baseline -0.016 -13"><span class='ocrx_word' id='word_1_51' title='bbox 296 1034 402 1096; x_wconf 83' lang='lat' dir='ltr'><strong>ipse</strong></span> <span class='ocrx_word' id='word_1_52' title='bbox 424 1026 635 1098; x_wconf 85' lang='lat' dir='ltr'><strong>quando</strong></span> <span class='ocrx_word' id='word_1_53' title='bbox 662 1024 957 1092; x_wconf 81' lang='lat' dir='ltr'><strong>Episcopus</strong></span> <span class='ocrx_word' id='word_1_54' title='bbox 979 1018 1257 1074; x_wconf 89' lang='lat' dir='ltr'><strong>ordinatus</strong></span> <span class='ocrx_word' id='word_1_55' title='bbox 1282 1023 1387 1081; x_wconf 89' lang='lat' dir='ltr'><strong>est,</strong></span> <span class='ocrx_word' id='word_1_56' title='bbox 1411 1027 1514 1068; x_wconf 89' lang='lat' dir='ltr'><strong>non</strong></span> <span class='ocrx_word' id='word_1_57' title='bbox 1541 1011 1762 1067; x_wconf 91' lang='lat' dir='ltr'><strong>multum</strong></span> <span class='ocrx_word' id='word_1_58' title='bbox 1793 1008 1860 1061; x_wconf 86' lang='lat' dir='ltr'><strong>ab</strong></span> 
     </span>
    </p>
   </div>
   <div class='ocr_carea' id='block_1_9' title="bbox 291 1098 1858 1188">
    <p class='ocr_par' dir='ltr' id='par_1_9' title="bbox 291 1098 1858 1188">
     <span class='ocr_line' id='line_1_9' title="bbox 291 1098 1858 1188; baseline -0.014 -13"><span class='ocrx_word' id='word_1_59' title='bbox 291 1137 371 1184; x_wconf 86' lang='lat' dir='ltr'><strong>ea,</strong></span> <span class='ocrx_word' id='word_1_60' title='bbox 402 1121 451 1174; x_wconf 91' lang='lat' dir='ltr'><strong>in</strong></span> <span class='ocrx_word' id='word_1_61' title='bbox 479 1133 588 1188; x_wconf 89' lang='lat' dir='ltr'><strong>qua</strong></span> <span class='ocrx_word' id='word_1_62' title='bbox 615 1129 761 1170; x_wconf 90' lang='lat' dir='ltr'><strong>nunc</strong></span> <span class='ocrx_word' id='word_1_63' title='bbox 789 1112 957 1168; x_wconf 80' lang='lat' dir='ltr'><strong>frater</strong></span> <span class='ocrx_word' id='word_1_64' title='bbox 982 1123 1136 1166; x_wconf 90' lang='lat' dir='ltr'><strong>meus</strong></span> <span class='ocrx_word' id='word_1_65' title='bbox 1162 1117 1273 1174; x_wconf 89' lang='lat' dir='ltr'><strong>est,</strong></span> <span class='ocrx_word' id='word_1_66' title='bbox 1301 1105 1536 1162; x_wconf 82' lang='lat' dir='ltr'><strong>distabat</strong></span> <span class='ocrx_word' id='word_1_67' title='bbox 1558 1111 1734 1158; x_wconf 71' lang='lat' dir='ltr'><strong>mtate.</strong></span> <span class='ocrx_word' id='word_1_68' title='bbox 1763 1098 1858 1154; x_wconf 66' lang='lat' dir='ltr'><strong>Vel</strong></span> 
     </span>
    </p>
   </div>
   <div class='ocr_carea' id='block_1_10' title="bbox 292 1194 1856 1277">
    <p class='ocr_par' dir='ltr' id='par_1_10' title="bbox 292 1194 1856 1277">
     <span class='ocr_line' id='line_1_10' title="bbox 292 1194 1856 1277; baseline -0.014 -10"><span class='ocrx_word' id='word_1_69' title='bbox 292 1216 333 1268; x_wconf 94' lang='lat' dir='ltr'><strong>si</strong></span> <span class='ocrx_word' id='word_1_70' title='bbox 364 1215 459 1265; x_wconf 86' lang='lat' dir='ltr'><strong>hoc</strong></span> <span class='ocrx_word' id='word_1_71' title='bbox 490 1211 542 1262; x_wconf 93' lang='lat' dir='ltr'><strong>in</strong></span> <span class='ocrx_word' id='word_1_72' title='bbox 575 1205 856 1277; x_wconf 88' lang='lat' dir='ltr'><strong>Episcopis</strong></span> <span class='ocrx_word' id='word_1_73' title='bbox 897 1203 1050 1268; x_wconf 91' lang='lat' dir='ltr'><strong>licet,</strong></span> <span class='ocrx_word' id='word_1_74' title='bbox 1096 1202 1149 1256; x_wconf 91' lang='lat' dir='ltr'><strong>in</strong></span> <span class='ocrx_word' id='word_1_75' title='bbox 1184 1197 1518 1270; x_wconf 84' lang='lat' dir='ltr'><strong>Presbyteris</strong></span> <span class='ocrx_word' id='word_1_76' title='bbox 1551 1211 1656 1250; x_wconf 89' lang='lat' dir='ltr'><strong>non</strong></span> <span class='ocrx_word' id='word_1_77' title='bbox 1700 1194 1856 1256; x_wconf 87' lang='lat' dir='ltr'><strong>licet,</strong></span> 
     </span>
    </p>
   </div>
   <div class='ocr_carea' id='block_1_11' title="bbox 293 1285 1858 1370">
    <p class='ocr_par' dir='ltr' id='par_1_11' title="bbox 293 1285 1858 1370">
     <span class='ocr_line' id='line_1_11' title="bbox 293 1285 1858 1370; baseline -0.015 -12"><span class='ocrx_word' id='word_1_78' title='bbox 293 1319 356 1358; x_wconf 89' lang='lat' dir='ltr'><strong>ne</strong></span> <span class='ocrx_word' id='word_1_79' title='bbox 380 1315 471 1370; x_wconf 89' lang='lat' dir='ltr'><strong>per</strong></span> <span class='ocrx_word' id='word_1_80' title='bbox 499 1295 850 1366; x_wconf 79' lang='lat' dir='ltr'><strong>antipltrasim</strong></span> <span class='ocrx_word' id='word_1_81' title='bbox 875 1310 906 1350; x_wconf 86' lang='lat' dir='ltr'><strong>a</strong></span> <span class='ocrx_word' id='word_1_82' title='bbox 933 1309 1031 1349; x_wconf 92' lang='lat' dir='ltr'><strong>suo</strong></span> <span class='ocrx_word' id='word_1_83' title='bbox 1056 1291 1272 1347; x_wconf 85' lang='lat' dir='ltr'><strong>nomine</strong></span> <span class='ocrx_word' id='word_1_84' title='bbox 1300 1290 1606 1356; x_wconf 77' lang='lat' dir='ltr'><strong>discrepare</strong></span> <span class='ocrx_word' id='word_1_85' title='bbox 1636 1285 1858 1338; x_wconf 84' lang='lat' dir='ltr'><strong>videan-</strong></span> 
     </span>
    </p>
   </div>
   <div class='ocr_carea' id='block_1_12' title="bbox 294 1374 1860 1462">
    <p class='ocr_par' dir='ltr' id='par_1_12' title="bbox 294 1374 1860 1462">
     <span class='ocr_line' id='line_1_12' title="bbox 294 1374 1860 1462; baseline -0.011 -16"><span class='ocrx_word' id='word_1_86' title='bbox 294 1405 374 1446; x_wconf 88' lang='lat' dir='ltr'><strong>tur</strong></span> <span class='ocrx_word' id='word_1_87' title='bbox 390 1393 464 1462; x_wconf 84' lang='lat' dir='ltr'><strong>(l)</strong></span> <span class='ocrx_word' id='word_1_88' title='bbox 486 1408 501 1443; x_wconf 89' lang='lat'><strong>:</strong></span> <span class='ocrx_word' id='word_1_89' title='bbox 523 1405 620 1444; x_wconf 90' lang='lat' dir='ltr'><strong>cur</strong></span> <span class='ocrx_word' id='word_1_90' title='bbox 641 1389 756 1458; x_wconf 91' lang='lat' dir='ltr'><strong>ipse</strong></span> <span class='ocrx_word' id='word_1_91' title='bbox 775 1396 868 1441; x_wconf 90' lang='lat' dir='ltr'><strong>aut</strong></span> <span class='ocrx_word' id='word_1_92' title='bbox 886 1385 1024 1455; x_wconf 82' lang='lat' dir='ltr'><strong>ejus,</strong></span> <span class='ocrx_word' id='word_1_93' title='bbox 1045 1391 1136 1438; x_wconf 87' lang='lat' dir='ltr'><strong>aut</strong></span> <span class='ocrx_word' id='word_1_94' title='bbox 1163 1383 1382 1437; x_wconf 88' lang='lat' dir='ltr'><strong>minoris</strong></span> <span class='ocrx_word' id='word_1_95' title='bbox 1402 1381 1609 1441; x_wconf 78' lang='lat' dir='ltr'><strong>:etatis;</strong></span> <span class='ocrx_word' id='word_1_96' title='bbox 1639 1387 1692 1431; x_wconf 89' lang='lat' dir='ltr'><strong>et</strong></span> <span class='ocrx_word' id='word_1_97' title='bbox 1717 1374 1860 1446; x_wconf 88' lang='lat' dir='ltr'><strong>quod</strong></span> 
     </span>
    </p>
   </div>
   <div class='ocr_carea' id='block_1_13' title="bbox 293 1465 1861 1548">
    <p class='ocr_par' dir='ltr' id='par_1_13' title="bbox 293 1465 1861 1548">
     <span class='ocr_line' id='line_1_13' title="bbox 293 1465 1861 1548; baseline -0.011 -12"><span class='ocrx_word' id='word_1_98' title='bbox 293 1482 372 1536; x_wconf 87' lang='lat' dir='ltr'><strong>his</strong></span> <span class='ocrx_word' id='word_1_99' title='bbox 394 1480 624 1548; x_wconf 78' lang='lat' dir='ltr'><strong>amplius</strong></span> <span class='ocrx_word' id='word_1_100' title='bbox 652 1490 756 1542; x_wconf 89' lang='lat' dir='ltr'><strong>est,</strong></span> <span class='ocrx_word' id='word_1_101' title='bbox 786 1476 1085 1530; x_wconf 85' lang='lat' dir='ltr'><strong>ministrum</strong></span> <span class='ocrx_word' id='word_1_102' title='bbox 1117 1472 1336 1528; x_wconf 81' lang='lat' dir='ltr'><strong>alterius</strong></span> <span class='ocrx_word' id='word_1_103' title='bbox 1367 1469 1618 1524; x_wconf 67' lang='lat' dir='ltr'><strong>Ecclesiae</strong></span> <span class='ocrx_word' id='word_1_104' title='bbox 1648 1465 1861 1520; x_wconf 86' lang='lat' dir='ltr'><strong>ordina-</strong></span> 
     </span>
    </p>
   </div>
   <div class='ocr_carea' id='block_1_14' title="bbox 294 1555 1862 1642">
    <p class='ocr_par' dir='ltr' id='par_1_14' title="bbox 294 1555 1862 1642">
     <span class='ocr_line' id='line_1_14' title="bbox 294 1555 1862 1642; baseline -0.011 -16"><span class='ocrx_word' id='word_1_105' title='bbox 294 1575 364 1628; x_wconf 86' lang='lat' dir='ltr'><strong>vit</strong></span> <span class='ocrx_word' id='word_1_106' title='bbox 389 1567 809 1642; x_wconf 82' lang='lat' dir='ltr'><strong>Presbyterum?</strong></span> <span class='ocrx_word' id='word_1_107' title='bbox 838 1565 989 1633; x_wconf 83' lang='lat' dir='ltr'><strong>Quod</strong></span> <span class='ocrx_word' id='word_1_108' title='bbox 1019 1566 1064 1618; x_wconf 88' lang='lat' dir='ltr'><strong>si</strong></span> <span class='ocrx_word' id='word_1_109' title='bbox 1098 1579 1202 1617; x_wconf 91' lang='lat' dir='ltr'><strong>non</strong></span> <span class='ocrx_word' id='word_1_110' title='bbox 1234 1570 1410 1632; x_wconf 84' lang='lat' dir='ltr'><strong>potest</strong></span> <span class='ocrx_word' id='word_1_111' title='bbox 1449 1573 1633 1629; x_wconf 87' lang='lat' dir='ltr'><strong>pacem</strong></span> <span class='ocrx_word' id='word_1_112' title='bbox 1665 1555 1862 1610; x_wconf 86' lang='lat' dir='ltr'><strong>habere</strong></span> 
     </span>
    </p>
   </div>
   <div class='ocr_carea' id='block_1_15' title="bbox 218 1647 1863 1720">
    <p class='ocr_par' dir='ltr' id='par_1_15' title="bbox 218 1647 1863 1720">
     <span class='ocr_line' id='line_1_15' title="bbox 218 1647 1863 1720; baseline -0.013 1"><span class='ocrx_word' id='word_1_113' title='bbox 218 1702 224 1712; x_wconf 90' lang='lat'><strong><em>-</em></strong></span> <span class='ocrx_word' id='word_1_114' title='bbox 290 1679 405 1720; x_wconf 83' lang='lat' dir='ltr'><strong>Cum</strong></span> <span class='ocrx_word' id='word_1_115' title='bbox 452 1663 615 1716; x_wconf 81' lang='lat' dir='ltr'><strong>fratre</strong></span> <span class='ocrx_word' id='word_1_116' title='bbox 641 1677 655 1712; x_wconf 86' lang='lat'><strong>:</strong></span> <span class='ocrx_word' id='word_1_117' title='bbox 681 1659 781 1713; x_wconf 89' lang='lat' dir='ltr'><strong>nisi</strong></span> <span class='ocrx_word' id='word_1_118' title='bbox 825 1673 949 1712; x_wconf 91' lang='lat' dir='ltr'><strong>cum</strong></span> <span class='ocrx_word' id='word_1_119' title='bbox 995 1655 1211 1710; x_wconf 86' lang='lat' dir='ltr'><strong>subdito</strong></span> <span class='ocrx_word' id='word_1_120' title='bbox 1236 1692 1250 1716; x_wconf 96' lang='lat'><strong>,</strong></span> <span class='ocrx_word' id='word_1_121' title='bbox 1293 1661 1348 1706; x_wconf 88' lang='lat' dir='ltr'><strong>et</strong></span> <span class='ocrx_word' id='word_1_122' title='bbox 1374 1647 1726 1704; x_wconf 83' lang='lat' dir='ltr'><strong>ordinatiOnis</strong></span> <span class='ocrx_word' id='word_1_123' title='bbox 1751 1660 1863 1700; x_wconf 74' lang='lat' dir='ltr'><strong>stlte</strong></span> 
     </span>
    </p>
   </div>
   <div class='ocr_carea' id='block_1_16' title="bbox 292 1743 1862 1823">
    <p class='ocr_par' dir='ltr' id='par_1_16' title="bbox 292 1743 1862 1823">
     <span class='ocr_line' id='line_1_16' title="bbox 292 1743 1862 1823; baseline -0.01 -15"><span class='ocrx_word' id='word_1_124' title='bbox 292 1757 365 1823; x_wconf 81' lang='grc' dir='ltr'><strong>(η)</strong></span> <span class='ocrx_word' id='word_1_125' title='bbox 390 1753 656 1823; x_wconf 84' lang='lat' dir='ltr'><strong>Episcopo</strong></span> <span class='ocrx_word' id='word_1_126' title='bbox 683 1749 1044 1812; x_wconf 84' lang='lat' dir='ltr'><strong>renuntiante,</strong></span> <span class='ocrx_word' id='word_1_127' title='bbox 1071 1743 1306 1801; x_wconf 88' lang='lat' dir='ltr'><strong>ostendit</strong></span> <span class='ocrx_word' id='word_1_128' title='bbox 1330 1757 1388 1796; x_wconf 89' lang='lat' dir='ltr'><strong>se</strong></span> <span class='ocrx_word' id='word_1_129' title='bbox 1413 1755 1519 1796; x_wconf 93' lang='lat' dir='ltr'><strong>nou</strong></span> <span class='ocrx_word' id='word_1_130' title='bbox 1544 1749 1650 1794; x_wconf 89' lang='lat' dir='ltr'><strong>tam</strong></span> <span class='ocrx_word' id='word_1_131' title='bbox 1677 1753 1862 1808; x_wconf 86' lang='lat' dir='ltr'><strong>pacem</strong></span> 
     </span>
    </p>
   </div>
   <div class='ocr_carea' id='block_1_17' title="bbox 292 1832 1866 1914">
    <p class='ocr_par' dir='ltr' id='par_1_17' title="bbox 292 1832 1866 1914">
     <span class='ocr_line' id='line_1_17' title="bbox 292 1832 1866 1914; baseline -0.01 -15"><span class='ocrx_word' id='word_1_132' title='bbox 292 1861 518 1914; x_wconf 85' lang='lat' dir='ltr'><strong>cupere,</strong></span> <span class='ocrx_word' id='word_1_133' title='bbox 550 1857 706 1910; x_wconf 85' lang='lat' dir='ltr'><strong>quam</strong></span> <span class='ocrx_word' id='word_1_134' title='bbox 752 1841 852 1895; x_wconf 89' lang='lat' dir='ltr'><strong>sub</strong></span> <span class='ocrx_word' id='word_1_135' title='bbox 891 1837 1036 1910; x_wconf 82' lang='lat' dir='ltr'><strong>pacis</strong></span> <span class='ocrx_word' id='word_1_136' title='bbox 1078 1837 1361 1892; x_wconf 84' lang='lat' dir='ltr'><strong>occasione</strong></span> <span class='ocrx_word' id='word_1_137' title='bbox 1404 1832 1733 1896; x_wconf 84' lang='lat' dir='ltr'><strong>vindictam;</strong></span> <span class='ocrx_word' id='word_1_138' title='bbox 1767 1844 1866 1884; x_wconf 88' lang='lat' dir='ltr'><strong>nec</strong></span> 
     </span>
    </p>
   </div>
   <div class='ocr_carea' id='block_1_18' title="bbox 286 1921 1868 2006">
    <p class='ocr_par' dir='ltr' id='par_1_18' title="bbox 286 1921 1868 2006">
     <span class='ocr_line' id='line_1_18' title="bbox 286 1921 1868 2006; baseline -0.009 -15"><span class='ocrx_word' id='word_1_139' title='bbox 286 1921 440 1992; x_wconf 79' lang='lat' dir='ltr'><strong>aliter</strong></span> <span class='ocrx_word' id='word_1_140' title='bbox 460 1936 656 2006; x_wconf 77' lang='lat' dir='ltr'><strong>quietis</strong></span> <span class='ocrx_word' id='word_1_141' title='bbox 679 1942 738 1989; x_wconf 85' lang='lat' dir='ltr'><strong>et.</strong></span> <span class='ocrx_word' id='word_1_142' title='bbox 761 1933 905 2002; x_wconf 86' lang='lat' dir='ltr'><strong>pacis</strong></span> <span class='ocrx_word' id='word_1_143' title='bbox 937 1932 1045 1985; x_wconf 94' lang='lat' dir='ltr'><strong>otio</strong></span> <span class='ocrx_word' id='word_1_144' title='bbox 1069 1944 1188 1984; x_wconf 84' lang='lat' dir='ltr'><strong>esse</strong></span> <span class='ocrx_word' id='word_1_145' title='bbox 1213 1936 1526 1983; x_wconf 80' lang='lat' dir='ltr'><strong>contentum</strong></span> <span class='ocrx_word' id='word_1_146' title='bbox 1546 1966 1563 1992; x_wconf 95' lang='lat'><strong>,</strong></span> <span class='ocrx_word' id='word_1_147' title='bbox 1594 1924 1696 1978; x_wconf 88' lang='lat' dir='ltr'><strong>nisi</strong></span> <span class='ocrx_word' id='word_1_148' title='bbox 1727 1924 1868 1976; x_wconf 82' lang='lat' dir='ltr'><strong>inte-</strong></span> 
     </span>
    </p>
   </div>
   <div class='ocr_carea' id='block_1_19' title="bbox 291 2014 1866 2098">
    <p class='ocr_par' dir='ltr' id='par_1_19' title="bbox 291 2014 1866 2098">
     <span class='ocr_line' id='line_1_19' title="bbox 291 2014 1866 2098; baseline -0.01 -16"><span class='ocrx_word' id='word_1_149' title='bbox 291 2044 435 2098; x_wconf 74' lang='lat' dir='ltr'><strong>grurn</strong></span> <span class='ocrx_word' id='word_1_150' title='bbox 470 2027 664 2080; x_wconf 82' lang='lat' dir='ltr'><strong>habeat</strong></span> <span class='ocrx_word' id='word_1_151' title='bbox 690 2023 832 2093; x_wconf 79' lang='lat' dir='ltr'><strong>quod</strong></span> <span class='ocrx_word' id='word_1_152' title='bbox 866 2023 1118 2076; x_wconf 85' lang='lat' dir='ltr'><strong>minatur.</strong></span> <span class='ocrx_word' id='word_1_153' title='bbox 1154 2018 1326 2074; x_wconf 85' lang='lat' dir='ltr'><strong>Etiam</strong></span> <span class='ocrx_word' id='word_1_154' title='bbox 1355 2019 1398 2072; x_wconf 90' lang='lat' dir='ltr'><strong>si</strong></span> <span class='ocrx_word' id='word_1_155' title='bbox 1428 2019 1542 2087; x_wconf 88' lang='lat' dir='ltr'><strong>ipse</strong></span> <span class='ocrx_word' id='word_1_156' title='bbox 1566 2030 1690 2070; x_wconf 89' lang='lat' dir='ltr'><strong>eum</strong></span> <span class='ocrx_word' id='word_1_157' title='bbox 1718 2014 1866 2069; x_wconf 88' lang='lat' dir='ltr'><strong>ordi-</strong></span> 
     </span>
    </p>
   </div>
   <div class='ocr_carea' id='block_1_20' title="bbox 293 2105 1868 2182">
    <p class='ocr_par' dir='ltr' id='par_1_20' title="bbox 293 2105 1868 2182">
     <span class='ocr_line' id='line_1_20' title="bbox 293 2105 1868 2182; baseline -0.009 -10"><span class='ocrx_word' id='word_1_158' title='bbox 293 2125 474 2172; x_wconf 83' lang='lat' dir='ltr'><strong>nasset</strong></span> <span class='ocrx_word' id='word_1_159' title='bbox 498 2158 512 2182; x_wconf 91' lang='lat'><strong>,</strong></span> <span class='ocrx_word' id='word_1_160' title='bbox 545 2124 599 2171; x_wconf 88' lang='lat' dir='ltr'><strong>et</strong></span> <span class='ocrx_word' id='word_1_161' title='bbox 642 2115 722 2169; x_wconf 88' lang='lat' dir='ltr'><strong>sic</strong></span> <span class='ocrx_word' id='word_1_162' title='bbox 764 2113 956 2168; x_wconf 89' lang='lat' dir='ltr'><strong>secreti</strong></span> <span class='ocrx_word' id='word_1_163' title='bbox 999 2119 1205 2164; x_wconf 83' lang='lat' dir='ltr'><strong>amator</strong></span> <span class='ocrx_word' id='word_1_164' title='bbox 1245 2109 1523 2178; x_wconf 84' lang='lat' dir='ltr'><strong>quiescere</strong></span> <span class='ocrx_word' id='word_1_165' title='bbox 1561 2105 1759 2168; x_wconf 79' lang='lat' dir='ltr'><strong>vellet;</strong></span> <span class='ocrx_word' id='word_1_166' title='bbox 1801 2118 1868 2158; x_wconf 89' lang='lat' dir='ltr'><strong>ne</strong></span> 
     </span>
    </p>
   </div>
   <div class='ocr_carea' id='block_1_21' title="bbox 292 2194 1866 2278">
    <p class='ocr_par' dir='ltr' id='par_1_21' title="bbox 292 2194 1866 2278">
     <span class='ocr_line' id='line_1_21' title="bbox 292 2194 1866 2278; baseline -0.011 -15"><span class='ocrx_word' id='word_1_167' title='bbox 292 2208 576 2278; x_wconf 84' lang='lat' dir='ltr'><strong>quidquam</strong></span> <span class='ocrx_word' id='word_1_168' title='bbox 599 2213 900 2260; x_wconf 80' lang='lat' dir='ltr'><strong>exerceret.</strong></span> <span class='ocrx_word' id='word_1_169' title='bbox 943 2202 1105 2274; x_wconf 77' lang='lat'><strong>519</strong></span> <span class='ocrx_word' id='word_1_170' title='bbox 1141 2199 1294 2266; x_wconf 84' lang='lat' dir='ltr'><strong>Quod</strong></span> <span class='ocrx_word' id='word_1_171' title='bbox 1336 2198 1379 2251; x_wconf 88' lang='lat' dir='ltr'><strong>si</strong></span> <span class='ocrx_word' id='word_1_172' title='bbox 1403 2195 1698 2252; x_wconf 86' lang='lat' dir='ltr'><strong>Ecclesiam</strong></span> <span class='ocrx_word' id='word_1_173' title='bbox 1723 2194 1866 2248; x_wconf 86' lang='lat' dir='ltr'><strong>sciu-</strong></span> 
     </span>
    </p>
   </div>
   <div class='ocr_carea' id='block_1_22' title="bbox 291 2282 1868 2362">
    <p class='ocr_par' dir='ltr' id='par_1_22' title="bbox 291 2282 1868 2362">
     <span class='ocr_line' id='line_1_22' title="bbox 291 2282 1868 2362; baseline -0.008 -9"><span class='ocrx_word' id='word_1_174' title='bbox 291 2301 436 2354; x_wconf 87' lang='lat' dir='ltr'><strong>dcret</strong></span> <span class='ocrx_word' id='word_1_175' title='bbox 466 2339 480 2362; x_wconf 95' lang='lat'><strong>,</strong></span> <span class='ocrx_word' id='word_1_176' title='bbox 509 2298 637 2353; x_wconf 88' lang='lat' dir='ltr'><strong>nihil</strong></span> <span class='ocrx_word' id='word_1_177' title='bbox 668 2297 716 2351; x_wconf 91' lang='lat' dir='ltr'><strong>ei</strong></span> <span class='ocrx_word' id='word_1_178' title='bbox 759 2294 980 2349; x_wconf 83' lang='lat' dir='ltr'><strong>deberet</strong></span> <span class='ocrx_word' id='word_1_179' title='bbox 1010 2299 1201 2362; x_wconf 82' lang='lat' dir='ltr'><strong>pt.t:tet&#39;</strong></span> <span class='ocrx_word' id='word_1_180' title='bbox 1240 2289 1501 2344; x_wconf 81' lang='lat' dir='ltr'><strong>honorem</strong></span> <span class='ocrx_word' id='word_1_181' title='bbox 1527 2286 1738 2342; x_wconf 88' lang='lat' dir='ltr'><strong>cunctis</strong></span> <span class='ocrx_word' id='word_1_182' title='bbox 1766 2282 1868 2340; x_wconf 83' lang='lat' dir='ltr'><strong>Sa-</strong></span> 
     </span>
    </p>
   </div>
   <div class='ocr_carea' id='block_1_23' title="bbox 293 2386 882 2445">
    <p class='ocr_par' dir='ltr' id='par_1_23' title="bbox 293 2386 882 2445">
     <span class='ocr_line' id='line_1_23' title="bbox 293 2386 882 2445; baseline -0.017 1"><span class='ocrx_word' id='word_1_183' title='bbox 293 2391 596 2445; x_wconf 87' lang='lat' dir='ltr'><strong>cerdotibus</strong></span> <span class='ocrx_word' id='word_1_184' title='bbox 624 2386 882 2442; x_wconf 87' lang='lat' dir='ltr'><strong>debitum.</strong></span> 
     </span>
    </p>
   </div>
   <div class='ocr_carea' id='block_1_24' title="bbox 362 2467 1871 2546">
    <p class='ocr_par' dir='ltr' id='par_1_24' title="bbox 362 2467 1871 2546">
     <span class='ocr_line' id='line_1_24' title="bbox 362 2467 1871 2546; baseline -0.012 -10"><span class='ocrx_word' id='word_1_185' title='bbox 362 2483 418 2538; x_wconf 87' lang='lat'><strong>9.</strong></span> <span class='ocrx_word' id='word_1_186' title='bbox 452 2483 737 2546; x_wconf 88' lang='lat' dir='ltr'><strong>llucusque</strong></span> <span class='ocrx_word' id='word_1_187' title='bbox 792 2473 1033 2544; x_wconf 74' lang='lat' dir='ltr'><strong>apologis</strong></span> <span class='ocrx_word' id='word_1_188' title='bbox 1088 2471 1242 2538; x_wconf 78' lang='lat' dir='ltr'><strong>eius,</strong></span> <span class='ocrx_word' id='word_1_189' title='bbox 1293 2470 1402 2522; x_wconf 87' lang='lat' dir='ltr'><strong>imo</strong></span> <span class='ocrx_word' id='word_1_190' title='bbox 1452 2467 1720 2536; x_wconf 79' lang='lat' dir='ltr'><strong>categoria</strong></span> <span class='ocrx_word' id='word_1_191' title='bbox 1745 2506 1760 2531; x_wconf 95' lang='lat'><strong>,</strong></span> <span class='ocrx_word' id='word_1_192' title='bbox 1816 2474 1871 2519; x_wconf 90' lang='lat' dir='ltr'><strong>et</strong></span> 
     </span>
    </p>
   </div>
   <div class='ocr_carea' id='block_1_25' title="bbox 293 2557 1873 2632">
    <p class='ocr_par' dir='ltr' id='par_1_25' title="bbox 293 2557 1873 2632">
     <span class='ocr_line' id='line_1_25' title="bbox 293 2557 1873 2632; baseline -0.014 -2"><span class='ocrx_word' id='word_1_193' title='bbox 293 2575 585 2630; x_wconf 84' lang='lat' dir='ltr'><strong>laciniosus</strong></span> <span class='ocrx_word' id='word_1_194' title='bbox 612 2576 798 2624; x_wconf 89' lang='lat' dir='ltr'><strong>contra</strong></span> <span class='ocrx_word' id='word_1_195' title='bbox 842 2581 941 2621; x_wconf 85' lang='lat' dir='ltr'><strong>nos</strong></span> <span class='ocrx_word' id='word_1_196' title='bbox 984 2579 1163 2618; x_wconf 88' lang='lat' dir='ltr'><strong>sermo</strong></span> <span class='ocrx_word' id='word_1_197' title='bbox 1194 2569 1496 2632; x_wconf 88' lang='lat' dir='ltr'><strong>protractus</strong></span> <span class='ocrx_word' id='word_1_198' title='bbox 1524 2569 1624 2614; x_wconf 89' lang='lat' dir='ltr'><strong>est.</strong></span> <span class='ocrx_word' id='word_1_199' title='bbox 1650 2557 1746 2611; x_wconf 88' lang='lat' dir='ltr'><strong>Cui</strong></span> <span class='ocrx_word' id='word_1_200' title='bbox 1772 2569 1873 2625; x_wconf 81' lang='lat' dir='ltr'><strong>ego</strong></span> 
     </span>
    </p>
   </div>
   <div class='ocr_carea' id='block_1_26' title="bbox 291 2646 1870 2735">
    <p class='ocr_par' dir='ltr' id='par_1_26' title="bbox 291 2646 1870 2735">
     <span class='ocr_line' id='line_1_26' title="bbox 291 2646 1870 2735; baseline -0.013 -16"><span class='ocrx_word' id='word_1_201' title='bbox 291 2664 509 2735; x_wconf 84' lang='lat' dir='ltr'><strong>quidem</strong></span> <span class='ocrx_word' id='word_1_202' title='bbox 540 2662 591 2715; x_wconf 88' lang='lat' dir='ltr'><strong>iu</strong></span> <span class='ocrx_word' id='word_1_203' title='bbox 620 2657 857 2728; x_wconf 86' lang='lat' dir='ltr'><strong>Epistola</strong></span> <span class='ocrx_word' id='word_1_204' title='bbox 880 2655 1114 2711; x_wconf 88' lang='lat' dir='ltr'><strong>breviter</strong></span> <span class='ocrx_word' id='word_1_205' title='bbox 1134 2652 1549 2723; x_wconf 47' lang='lat' dir='ltr'><strong>praiteriensque</strong></span> <span class='ocrx_word' id='word_1_206' title='bbox 1579 2646 1826 2717; x_wconf 81' lang='lat' dir='ltr'><strong>respondi</strong></span> <span class='ocrx_word' id='word_1_207' title='bbox 1853 2685 1870 2708; x_wconf 87' lang='lat'><strong>,</strong></span> 
     </span>
    </p>
   </div>
   <div class='ocr_carea' id='block_1_27' title="bbox 292 2741 1871 2823">
    <p class='ocr_par' dir='ltr' id='par_1_27' title="bbox 292 2741 1871 2823">
     <span class='ocr_line' id='line_1_27' title="bbox 292 2741 1871 2823; baseline -0.015 -10"><span class='ocrx_word' id='word_1_208' title='bbox 292 2768 354 2812; x_wconf 94' lang='lat' dir='ltr'><strong>ut</strong></span> <span class='ocrx_word' id='word_1_209' title='bbox 380 2773 446 2811; x_wconf 84' lang='lat' dir='ltr'><strong>ex</strong></span> <span class='ocrx_word' id='word_1_210' title='bbox 479 2755 561 2808; x_wconf 88' lang='lat' dir='ltr'><strong>his</strong></span> <span class='ocrx_word' id='word_1_211' title='bbox 585 2768 705 2823; x_wconf 69' lang='lat' dir='ltr'><strong>quae</strong></span> <span class='ocrx_word' id='word_1_212' title='bbox 730 2751 872 2814; x_wconf 84' lang='lat' dir='ltr'><strong>dixi,</strong></span> <span class='ocrx_word' id='word_1_213' title='bbox 899 2748 1182 2815; x_wconf 73' lang='lat' dir='ltr'><strong>intelligat,</strong></span> <span class='ocrx_word' id='word_1_214' title='bbox 1209 2743 1336 2814; x_wconf 91' lang='lat' dir='ltr'><strong>quid</strong></span> <span class='ocrx_word' id='word_1_215' title='bbox 1366 2741 1621 2798; x_wconf 85' lang='lat' dir='ltr'><strong>tacuerim</strong></span> <span class='ocrx_word' id='word_1_216' title='bbox 1645 2755 1661 2804; x_wconf 88' lang='lat'><strong>;</strong></span> <span class='ocrx_word' id='word_1_217' title='bbox 1690 2748 1746 2793; x_wconf 92' lang='lat' dir='ltr'><strong>et</strong></span> <span class='ocrx_word' id='word_1_218' title='bbox 1771 2751 1871 2791; x_wconf 88' lang='lat' dir='ltr'><strong>no-</strong></span> 
     </span>
    </p>
   </div>
   <div class='ocr_carea' id='block_1_28' title="bbox 294 2829 1872 2904">
    <p class='ocr_par' dir='ltr' id='par_1_28' title="bbox 294 2829 1872 2904">
     <span class='ocr_line' id='line_1_28' title="bbox 294 2829 1872 2904; baseline -0.013 -2"><span class='ocrx_word' id='word_1_219' title='bbox 294 2850 436 2904; x_wconf 91' lang='lat' dir='ltr'><strong>verit</strong></span> <span class='ocrx_word' id='word_1_220' title='bbox 471 2861 570 2901; x_wconf 91' lang='lat' dir='ltr'><strong>nos</strong></span> <span class='ocrx_word' id='word_1_221' title='bbox 596 2845 842 2899; x_wconf 84' lang='lat' dir='ltr'><strong>homines</strong></span> <span class='ocrx_word' id='word_1_222' title='bbox 870 2854 989 2896; x_wconf 88' lang='lat' dir='ltr'><strong>esse</strong></span> <span class='ocrx_word' id='word_1_223' title='bbox 1019 2837 1279 2892; x_wconf 87' lang='lat' dir='ltr'><strong>rationale</strong></span> <span class='ocrx_word' id='word_1_224' title='bbox 1302 2834 1520 2896; x_wconf 89' lang='lat' dir='ltr'><strong>animal,</strong></span> <span class='ocrx_word' id='word_1_225' title='bbox 1549 2841 1605 2887; x_wconf 90' lang='lat' dir='ltr'><strong>et</strong></span> <span class='ocrx_word' id='word_1_226' title='bbox 1635 2829 1872 2900; x_wconf 53' lang='lat' dir='ltr'><strong>prudene</strong></span> 
     </span>
    </p>
   </div>
   <div class='ocr_carea' id='block_1_29' title="bbox 297 2921 1869 3005">
    <p class='ocr_par' dir='ltr' id='par_1_29' title="bbox 297 2921 1869 3005">
     <span class='ocr_line' id='line_1_29' title="bbox 297 2921 1869 3005; baseline -0.015 -8"><span class='ocrx_word' id='word_1_227' title='bbox 297 2942 426 2997; x_wconf 88' lang='lat' dir='ltr'><strong>tiam</strong></span> <span class='ocrx_word' id='word_1_228' title='bbox 455 2953 605 2994; x_wconf 89' lang='lat' dir='ltr'><strong>suam</strong></span> <span class='ocrx_word' id='word_1_229' title='bbox 653 2949 810 3005; x_wconf 86' lang='lat' dir='ltr'><strong>posse</strong></span> <span class='ocrx_word' id='word_1_230' title='bbox 853 2931 1186 3000; x_wconf 80' lang='lat' dir='ltr'><strong>intelligere:</strong></span> <span class='ocrx_word' id='word_1_231' title='bbox 1213 2942 1312 2983; x_wconf 90' lang='lat' dir='ltr'><strong>nec</strong></span> <span class='ocrx_word' id='word_1_232' title='bbox 1350 2928 1418 2980; x_wconf 88' lang='lat' dir='ltr'><strong>ita</strong></span> <span class='ocrx_word' id='word_1_233' title='bbox 1451 2924 1626 2980; x_wconf 92' lang='lat' dir='ltr'><strong>obtusi</strong></span> <span class='ocrx_word' id='word_1_234' title='bbox 1655 2921 1869 2986; x_wconf 84' lang='lat' dir='ltr'><strong>cordis,</strong></span> 
     </span>
    </p>
   </div>
   <div class='ocr_carea' id='block_1_30' title="bbox 296 3015 1875 3090">
    <p class='ocr_par' dir='ltr' id='par_1_30' title="bbox 296 3015 1875 3090">
     <span class='ocr_line' id='line_1_30' title="bbox 296 3015 1875 3090; baseline -0.014 -3"><span class='ocrx_word' id='word_1_235' title='bbox 296 3040 356 3088; x_wconf 89' lang='lat' dir='ltr'><strong>ut</strong></span> <span class='ocrx_word' id='word_1_236' title='bbox 401 3033 572 3086; x_wconf 89' lang='lat' dir='ltr'><strong>instar</strong></span> <span class='ocrx_word' id='word_1_237' title='bbox 617 3028 896 3082; x_wconf 85' lang='lat' dir='ltr'><strong>brutorum</strong></span> <span class='ocrx_word' id='word_1_238' title='bbox 941 3021 1284 3084; x_wconf 86' lang='lat' dir='ltr'><strong>animalium,</strong></span> <span class='ocrx_word' id='word_1_239' title='bbox 1334 3015 1620 3072; x_wconf 84' lang='lat' dir='ltr'><strong>verborum</strong></span> <span class='ocrx_word' id='word_1_240' title='bbox 1668 3022 1875 3090; x_wconf 79' lang='lat' dir='ltr'><strong>tantum</strong></span> 
     </span>
    </p>
   </div>
   <div class='ocr_carea' id='block_1_31' title="bbox 298 3107 1872 3180">
    <p class='ocr_par' dir='ltr' id='par_1_31' title="bbox 298 3107 1872 3180">
     <span class='ocr_line' id='line_1_31' title="bbox 298 3107 1872 3180; baseline -0.014 0"><span class='ocrx_word' id='word_1_241' title='bbox 298 3139 490 3180; x_wconf 89' lang='lat' dir='ltr'><strong>sonum</strong></span> <span class='ocrx_word' id='word_1_242' title='bbox 520 3129 576 3175; x_wconf 87' lang='lat' dir='ltr'><strong>et</strong></span> <span class='ocrx_word' id='word_1_243' title='bbox 605 3134 709 3174; x_wconf 92' lang='lat' dir='ltr'><strong>non</strong></span> <span class='ocrx_word' id='word_1_244' title='bbox 738 3115 1032 3172; x_wconf 89' lang='lat' dir='ltr'><strong>sententias</strong></span> <span class='ocrx_word' id='word_1_245' title='bbox 1059 3112 1359 3167; x_wconf 88' lang='lat' dir='ltr'><strong>audiamus.</strong></span> <span class='ocrx_word' id='word_1_246' title='bbox 1390 3107 1538 3163; x_wconf 83' lang='lat' dir='ltr'><strong>Nunc</strong></span> <span class='ocrx_word' id='word_1_247' title='bbox 1566 3119 1748 3176; x_wconf 63' lang='lat' dir='ltr'><strong>quieso</strong></span> <span class='ocrx_word' id='word_1_248' title='bbox 1777 3114 1830 3159; x_wconf 86' lang='lat' dir='ltr'><strong>te</strong></span> <span class='ocrx_word' id='word_1_249' title='bbox 1855 3143 1872 3170; x_wconf 94' lang='lat'><strong>,</strong></span> 
     </span>
    </p>
   </div>
   <div class='ocr_carea' id='block_1_32' title="bbox 300 3201 1877 3272">
    <p class='ocr_par' dir='ltr' id='par_1_32' title="bbox 300 3201 1877 3272">
     <span class='ocr_line' id='line_1_32' title="bbox 300 3201 1877 3272; baseline -0.014 0"><span class='ocrx_word' id='word_1_250' title='bbox 300 3227 360 3272; x_wconf 90' lang='lat' dir='ltr'><strong>ut</strong></span> <span class='ocrx_word' id='word_1_251' title='bbox 396 3216 609 3270; x_wconf 84' lang='lat' dir='ltr'><strong>veniam</strong></span> <span class='ocrx_word' id='word_1_252' title='bbox 653 3209 857 3265; x_wconf 88' lang='lat' dir='ltr'><strong>tribuas</strong></span> <span class='ocrx_word' id='word_1_253' title='bbox 899 3205 1070 3261; x_wconf 79' lang='lat' dir='ltr'><strong>dolori</strong></span> <span class='ocrx_word' id='word_1_254' title='bbox 1109 3217 1262 3266; x_wconf 89' lang='lat' dir='ltr'><strong>meo;</strong></span> <span class='ocrx_word' id='word_1_255' title='bbox 1306 3201 1386 3255; x_wconf 83' lang='lat' dir='ltr'><strong>Er</strong></span> <span class='ocrx_word' id='word_1_256' title='bbox 1421 3215 1466 3255; x_wconf 90' lang='lat' dir='ltr'><strong>st</strong></span> <span class='ocrx_word' id='word_1_257' title='bbox 1496 3212 1767 3254; x_wconf 72' lang='lat' dir='ltr'><strong>serenanti</strong></span> <span class='ocrx_word' id='word_1_258' title='bbox 1795 3204 1877 3250; x_wconf 86' lang='lat' dir='ltr'><strong>est</strong></span> 
     </span>
    </p>
   </div>
   <div class='ocr_carea' id='block_1_33' title="bbox 299 3291 1881 3378">
    <p class='ocr_par' dir='ltr' id='par_1_33' title="bbox 299 3291 1881 3378">
     <span class='ocr_line' id='line_1_33' title="bbox 299 3291 1881 3378; baseline -0.016 -13"><span class='ocrx_word' id='word_1_259' title='bbox 299 3306 681 3378; x_wconf 80' lang='lat' dir='ltr'><strong>respondisse,</strong></span> <span class='ocrx_word' id='word_1_260' title='bbox 728 3300 896 3356; x_wconf 91' lang='lat' dir='ltr'><strong>multo</strong></span> <span class='ocrx_word' id='word_1_261' title='bbox 937 3297 1007 3352; x_wconf 86' lang='lat' dir='ltr'><strong>sit</strong></span> <span class='ocrx_word' id='word_1_262' title='bbox 1043 3295 1323 3365; x_wconf 85' lang='lat' dir='ltr'><strong>superbius</strong></span> <span class='ocrx_word' id='word_1_263' title='bbox 1361 3306 1662 3347; x_wconf 82' lang='lat' dir='ltr'><strong>accusasse.</strong></span> <span class='ocrx_word' id='word_1_264' title='bbox 1699 3291 1881 3354; x_wconf 33' lang='lat' dir='ltr'><strong>Quant-</strong></span> 
     </span>
    </p>
   </div>
   <div class='ocr_carea' id='block_1_34' title="bbox 300 3381 1880 3468">
    <p class='ocr_par' dir='ltr' id='par_1_34' title="bbox 300 3381 1880 3468">
     <span class='ocr_line' id='line_1_34' title="bbox 300 3381 1880 3468; baseline -0.012 -16"><span class='ocrx_word' id='word_1_265' title='bbox 300 3413 460 3468; x_wconf 81' lang='lat' dir='ltr'><strong>quatn</strong></span> <span class='ocrx_word' id='word_1_266' title='bbox 491 3395 564 3450; x_wconf 88' lang='lat' dir='ltr'><strong>ita</strong></span> <span class='ocrx_word' id='word_1_267' title='bbox 595 3390 986 3462; x_wconf 83' lang='lat' dir='ltr'><strong>responderim,</strong></span> <span class='ocrx_word' id='word_1_268' title='bbox 1015 3401 1071 3442; x_wconf 92' lang='lat' dir='ltr'><strong>ut</strong></span> <span class='ocrx_word' id='word_1_269' title='bbox 1093 3381 1362 3441; x_wconf 84' lang='lat' dir='ltr'><strong>silentium</strong></span> <span class='ocrx_word' id='word_1_270' title='bbox 1391 3385 1567 3454; x_wconf 88' lang='lat' dir='ltr'><strong>potius</strong></span> <span class='ocrx_word' id='word_1_271' title='bbox 1592 3396 1770 3437; x_wconf 90' lang='lat' dir='ltr'><strong>meum</strong></span> <span class='ocrx_word' id='word_1_272' title='bbox 1797 3381 1880 3445; x_wconf 48' lang='lat' dir='ltr'><strong>in:</strong></span> 
     </span>
    </p>
   </div>
   <div class='ocr_carea' id='block_1_35' title="bbox 301 3474 1878 3554">
    <p class='ocr_par' dir='ltr' id='par_1_35' title="bbox 301 3474 1878 3554">
     <span class='ocr_line' id='line_1_35' title="bbox 301 3474 1878 3554; baseline -0.011 -10"><span class='ocrx_word' id='word_1_273' title='bbox 301 3489 591 3544; x_wconf 86' lang='lat' dir='ltr'><strong>dicaverim</strong></span> <span class='ocrx_word' id='word_1_274' title='bbox 622 3527 639 3548; x_wconf 87' lang='lat'><strong>,</strong></span> <span class='ocrx_word' id='word_1_275' title='bbox 687 3500 845 3554; x_wconf 84' lang='lat' dir='ltr'><strong>quam</strong></span> <span class='ocrx_word' id='word_1_276' title='bbox 895 3495 1223 3537; x_wconf 88' lang='lat' dir='ltr'><strong>sermonem.</strong></span> <span class='ocrx_word' id='word_1_277' title='bbox 1272 3477 1408 3545; x_wconf 88' lang='lat' dir='ltr'><strong>Quid</strong></span> <span class='ocrx_word' id='word_1_278' title='bbox 1460 3474 1645 3546; x_wconf 89' lang='lat' dir='ltr'><strong>procul</strong></span> <span class='ocrx_word' id='word_1_279' title='bbox 1691 3486 1878 3543; x_wconf 86' lang='lat' dir='ltr'><strong>pacem</strong></span> 
     </span>
    </p>
   </div>
   <div class='ocr_carea' id='block_1_36' title="bbox 302 3563 1884 3651">
    <p class='ocr_par' dir='ltr' id='par_1_36' title="bbox 302 3563 1884 3651">
     <span class='ocr_line' id='line_1_36' title="bbox 302 3563 1884 3651; baseline -0.011 -16"><span class='ocrx_word' id='word_1_280' title='bbox 302 3587 572 3651; x_wconf 67' lang='lat' dir='ltr'><strong>quaerunt,</strong></span> <span class='ocrx_word' id='word_1_281' title='bbox 595 3587 649 3633; x_wconf 92' lang='lat' dir='ltr'><strong>et</strong></span> <span class='ocrx_word' id='word_1_282' title='bbox 676 3575 863 3630; x_wconf 91' lang='lat' dir='ltr'><strong>volunt</strong></span> <span class='ocrx_word' id='word_1_283' title='bbox 887 3589 1004 3629; x_wconf 84' lang='lat' dir='ltr'><strong>eam</strong></span> <span class='ocrx_word' id='word_1_284' title='bbox 1038 3571 1190 3626; x_wconf 84' lang='lat' dir='ltr'><strong>nobis</strong></span> <span class='ocrx_word' id='word_1_285' title='bbox 1208 3569 1279 3623; x_wconf 88' lang='lat' dir='ltr'><strong>ab</strong></span> <span class='ocrx_word' id='word_1_286' title='bbox 1301 3568 1418 3622; x_wconf 87' lang='lat' dir='ltr'><strong>aliis</strong></span> <span class='ocrx_word' id='word_1_287' title='bbox 1443 3563 1733 3636; x_wconf 80' lang='lat' dir='ltr'><strong>imperari?</strong></span> <span class='ocrx_word' id='word_1_288' title='bbox 1762 3563 1884 3619; x_wconf 83' lang='lat' dir='ltr'><strong>Sint</strong></span> 
     </span>
    </p>
   </div>
   <div class='ocr_carea' id='block_1_37' title="bbox 305 3653 1883 3742">
    <p class='ocr_par' dir='ltr' id='par_1_37' title="bbox 305 3653 1883 3742">
     <span class='ocr_line' id='line_1_37' title="bbox 305 3653 1883 3742; baseline -0.013 -17"><span class='ocrx_word' id='word_1_289' title='bbox 305 3670 536 3742; x_wconf 78' lang='lat' dir='ltr'><strong>paciﬁci,</strong></span> <span class='ocrx_word' id='word_1_290' title='bbox 568 3679 622 3722; x_wconf 89' lang='lat' dir='ltr'><strong>et</strong></span> <span class='ocrx_word' id='word_1_291' title='bbox 649 3667 790 3722; x_wconf 89' lang='lat' dir='ltr'><strong>illico</strong></span> <span class='ocrx_word' id='word_1_292' title='bbox 819 3679 920 3734; x_wconf 85' lang='lat' dir='ltr'><strong>pax</strong></span> <span class='ocrx_word' id='word_1_293' title='bbox 949 3671 1222 3731; x_wconf 88' lang='lat' dir='ltr'><strong>sequetur.</strong></span> <span class='ocrx_word' id='word_1_294' title='bbox 1249 3659 1357 3714; x_wconf 89' lang='lat' dir='ltr'><strong>Cur</strong></span> <span class='ocrx_word' id='word_1_295' title='bbox 1383 3658 1597 3710; x_wconf 85' lang='lat' dir='ltr'><strong>nomine</strong></span> <span class='ocrx_word' id='word_1_296' title='bbox 1617 3653 1883 3709; x_wconf 62' lang='lat' dir='ltr'><strong>Sanctituv</strong></span> 
     </span>
    </p>
   </div>
   <div class='ocr_carea' id='block_1_38' title="bbox 309 3747 1883 3821">
    <p class='ocr_par' dir='ltr' id='par_1_38' title="bbox 309 3747 1883 3821">
     <span class='ocr_line' id='line_1_38' title="bbox 309 3747 1883 3821; baseline -0.012 -5"><span class='ocrx_word' id='word_1_297' title='bbox 309 3762 453 3816; x_wconf 90' lang='lat' dir='ltr'><strong>diuis</strong></span> <span class='ocrx_word' id='word_1_298' title='bbox 497 3770 599 3813; x_wconf 83' lang='lat' dir='ltr'><strong>tua:</strong></span> <span class='ocrx_word' id='word_1_299' title='bbox 639 3766 827 3812; x_wconf 83' lang='lat' dir='ltr'><strong>contra</strong></span> <span class='ocrx_word' id='word_1_300' title='bbox 871 3768 968 3808; x_wconf 88' lang='lat' dir='ltr'><strong>nos</strong></span> <span class='ocrx_word' id='word_1_301' title='bbox 1007 3768 1104 3821; x_wconf 89' lang='lat' dir='ltr'><strong>pro</strong></span> <span class='ocrx_word' id='word_1_302' title='bbox 1146 3759 1353 3804; x_wconf 88' lang='lat' dir='ltr'><strong>terrore</strong></span> <span class='ocrx_word' id='word_1_303' title='bbox 1395 3747 1721 3808; x_wconf 87' lang='lat' dir='ltr'><strong>abutuntur,</strong></span> <span class='ocrx_word' id='word_1_304' title='bbox 1761 3759 1883 3798; x_wconf 89' lang='lat' dir='ltr'><strong>cum</strong></span> 
     </span>
    </p>
   </div>
   <div class='ocr_carea' id='block_1_39' title="bbox 311 3834 1882 3922">
    <p class='ocr_par' dir='ltr' id='par_1_39' title="bbox 311 3834 1882 3922">
     <span class='ocr_line' id='line_1_39' title="bbox 311 3834 1882 3922; baseline -0.015 -15"><span class='ocrx_word' id='word_1_305' title='bbox 311 3851 550 3922; x_wconf 83' lang='lat' dir='ltr'><strong>Epistula</strong></span> <span class='ocrx_word' id='word_1_306' title='bbox 571 3858 658 3904; x_wconf 91' lang='lat' dir='ltr'><strong>tua</strong></span> <span class='ocrx_word' id='word_1_307' title='bbox 685 3861 868 3918; x_wconf 89' lang='lat' dir='ltr'><strong>pacem</strong></span> <span class='ocrx_word' id='word_1_308' title='bbox 896 3855 951 3898; x_wconf 91' lang='lat' dir='ltr'><strong>et</strong></span> <span class='ocrx_word' id='word_1_309' title='bbox 977 3839 1436 3897; x_wconf 87' lang='lat' dir='ltr'><strong>mansuetudinem</strong></span> <span class='ocrx_word' id='word_1_310' title='bbox 1464 3844 1651 3891; x_wconf 87' lang='lat' dir='ltr'><strong>sonet:</strong></span> <span class='ocrx_word' id='word_1_311' title='bbox 1673 3834 1882 3888; x_wconf 88' lang='lat' dir='ltr'><strong>illorum</strong></span> 
     </span>
    </p>
   </div>
   <div class='ocr_carea' id='block_1_40' title="bbox 311 3919 1888 3998">
    <p class='ocr_par' dir='ltr' id='par_1_40' title="bbox 311 3919 1888 3998">
     <span class='ocr_line' id='line_1_40' title="bbox 311 3919 1888 3998; baseline -0.014 -3"><span class='ocrx_word' id='word_1_312' title='bbox 311 3919 471 3998; x_wconf 78' lang='lat' dir='ltr'><strong>verba</strong></span> <span class='ocrx_word' id='word_1_313' title='bbox 502 3940 754 3995; x_wconf 88' lang='lat' dir='ltr'><strong>duritiem</strong></span> <span class='ocrx_word' id='word_1_314' title='bbox 782 3931 1213 3991; x_wconf 80' lang='lat' dir='ltr'><strong>comminemur?</strong></span> <span class='ocrx_word' id='word_1_315' title='bbox 1256 3929 1492 3996; x_wconf 91' lang='lat' dir='ltr'><strong>Denique</strong></span> <span class='ocrx_word' id='word_1_316' title='bbox 1516 3939 1672 3995; x_wconf 88' lang='lat' dir='ltr'><strong>quam</strong></span> <span class='ocrx_word' id='word_1_317' title='bbox 1707 3919 1888 3991; x_wconf 78' lang='lat' dir='ltr'><strong>pacili-</strong></span> 
     </span>
    </p>
   </div>
   <div class='ocr_carea' id='block_1_41' title="bbox 309 4015 1887 4096">
    <p class='ocr_par' dir='ltr' id='par_1_41' title="bbox 309 4015 1887 4096">
     <span class='ocr_line' id='line_1_41' title="bbox 309 4015 1887 4096; baseline -0.014 -8"><span class='ocrx_word' id='word_1_318' title='bbox 309 4048 403 4088; x_wconf 85' lang='lat' dir='ltr'><strong>cas</strong></span> <span class='ocrx_word' id='word_1_319' title='bbox 427 4043 483 4088; x_wconf 90' lang='lat' dir='ltr'><strong>et</strong></span> <span class='ocrx_word' id='word_1_320' title='bbox 507 4031 570 4086; x_wconf 88' lang='lat' dir='ltr'><strong>ad</strong></span> <span class='ocrx_word' id='word_1_321' title='bbox 593 4028 936 4085; x_wconf 89' lang='lat' dir='ltr'><strong>concordiam</strong></span> <span class='ocrx_word' id='word_1_322' title='bbox 967 4024 1294 4096; x_wconf 88' lang='lat' dir='ltr'><strong>pertinentes</strong></span> <span class='ocrx_word' id='word_1_323' title='bbox 1323 4035 1417 4090; x_wconf 86' lang='lat' dir='ltr'><strong>per</strong></span> <span class='ocrx_word' id='word_1_324' title='bbox 1446 4017 1704 4072; x_wconf 89' lang='lat' dir='ltr'><strong>lsidorum</strong></span> <span class='ocrx_word' id='word_1_325' title='bbox 1727 4015 1887 4074; x_wconf 53' lang='lat' dir='ltr'><strong>Press-</strong></span> 
     </span>
    </p>
   </div>
   <div class='ocr_carea' id='block_1_42' title="bbox 315 4103 1890 4195">
    <p class='ocr_par' dir='ltr' id='par_1_42' title="bbox 315 4103 1890 4195">
     <span class='ocr_line' id='line_1_42' title="bbox 315 4103 1890 4195; baseline -0.011 -17"><span class='ocrx_word' id='word_1_326' title='bbox 315 4125 561 4195; x_wconf 78' lang='lat' dir='ltr'><strong>byterum</strong></span> <span class='ocrx_word' id='word_1_327' title='bbox 593 4121 798 4175; x_wconf 86' lang='lat' dir='ltr'><strong>litteras</strong></span> <span class='ocrx_word' id='word_1_328' title='bbox 827 4117 982 4172; x_wconf 86' lang='lat' dir='ltr'><strong>nobis</strong></span> <span class='ocrx_word' id='word_1_329' title='bbox 1012 4114 1240 4176; x_wconf 89' lang='lat' dir='ltr'><strong>miseris,</strong></span> <span class='ocrx_word' id='word_1_330' title='bbox 1261 4111 1385 4165; x_wconf 87' lang='lat' dir='ltr'><strong>hinc</strong></span> <span class='ocrx_word' id='word_1_331' title='bbox 1411 4110 1718 4179; x_wconf 83' lang='lat' dir='ltr'><strong>probamus,</strong></span> <span class='ocrx_word' id='word_1_332' title='bbox 1747 4103 1890 4175; x_wconf 90' lang='lat' dir='ltr'><strong>quod</strong></span> 
     </span>
    </p>
   </div>
   <div class='ocr_carea' id='block_1_43' title="bbox 317 4199 1884 4285">
    <p class='ocr_par' dir='ltr' id='par_1_43' title="bbox 317 4199 1884 4285">
     <span class='ocr_line' id='line_1_43' title="bbox 317 4199 1884 4285; baseline -0.011 -15"><span class='ocrx_word' id='word_1_333' title='bbox 317 4217 435 4270; x_wconf 81' lang='lat' dir='ltr'><strong>illas</strong></span> <span class='ocrx_word' id='word_1_334' title='bbox 458 4214 533 4285; x_wconf 72' lang='lat' dir='ltr'><strong>(li)</strong></span> <span class='ocrx_word' id='word_1_335' title='bbox 562 4215 652 4284; x_wconf 92' lang='lat' dir='ltr'><strong>qui</strong></span> <span class='ocrx_word' id='word_1_336' title='bbox 694 4227 875 4282; x_wconf 89' lang='lat' dir='ltr'><strong>pacem</strong></span> <span class='ocrx_word' id='word_1_337' title='bbox 907 4211 1039 4263; x_wconf 75' lang='lat' dir='ltr'><strong>falso</strong></span> <span class='ocrx_word' id='word_1_338' title='bbox 1074 4208 1314 4278; x_wconf 87' lang='lat' dir='ltr'><strong>jactant,</strong></span> <span class='ocrx_word' id='word_1_339' title='bbox 1339 4203 1565 4258; x_wconf 86' lang='lat' dir='ltr'><strong>reddere</strong></span> <span class='ocrx_word' id='word_1_340' title='bbox 1600 4199 1884 4255; x_wconf 88' lang='lat' dir='ltr'><strong>noluerint.</strong></span> 
     </span>
    </p>
   </div>
   <div class='ocr_carea' id='block_1_44' title="bbox 323 4295 1894 4376">
    <p class='ocr_par' dir='ltr' id='par_1_44' title="bbox 323 4295 1894 4376">
     <span class='ocr_line' id='line_1_44' title="bbox 323 4295 1894 4376; baseline -0.01 -16"><span class='ocrx_word' id='word_1_341' title='bbox 323 4307 532 4376; x_wconf 70' lang='lat' dir='ltr'><strong>Eligant</strong></span> <span class='ocrx_word' id='word_1_342' title='bbox 575 4307 752 4374; x_wconf 89' lang='lat' dir='ltr'><strong>itaque</strong></span> <span class='ocrx_word' id='word_1_343' title='bbox 799 4301 939 4372; x_wconf 89' lang='lat' dir='ltr'><strong>quod</strong></span> <span class='ocrx_word' id='word_1_344' title='bbox 973 4301 1159 4354; x_wconf 85' lang='lat' dir='ltr'><strong>volunt</strong></span> <span class='ocrx_word' id='word_1_345' title='bbox 1191 4317 1204 4352; x_wconf 90' lang='lat'><strong>:</strong></span> <span class='ocrx_word' id='word_1_346' title='bbox 1239 4298 1345 4352; x_wconf 80' lang='lat' dir='ltr'><strong>Aut</strong></span> <span class='ocrx_word' id='word_1_347' title='bbox 1383 4295 1507 4350; x_wconf 86' lang='lat' dir='ltr'><strong>boni</strong></span> <span class='ocrx_word' id='word_1_348' title='bbox 1549 4307 1771 4357; x_wconf 89' lang='lat' dir='ltr'><strong>sumus,</strong></span> <span class='ocrx_word' id='word_1_349' title='bbox 1801 4297 1894 4345; x_wconf 82' lang='lat' dir='ltr'><strong>aut</strong></span> 
     </span>
    </p>
   </div>
   <div class='ocr_carea' id='block_1_45' title="bbox 322 4381 1890 4459">
    <p class='ocr_par' dir='ltr' id='par_1_45' title="bbox 322 4381 1890 4459">
     <span class='ocr_line' id='line_1_45' title="bbox 322 4381 1890 4459; baseline -0.01 -8"><span class='ocrx_word' id='word_1_350' title='bbox 322 4397 469 4451; x_wconf 88' lang='lat' dir='ltr'><strong>mali.</strong></span> <span class='ocrx_word' id='word_1_351' title='bbox 515 4395 572 4450; x_wconf 91' lang='lat' dir='ltr'><strong>Si</strong></span> <span class='ocrx_word' id='word_1_352' title='bbox 617 4395 742 4449; x_wconf 88' lang='lat' dir='ltr'><strong>houi</strong></span> <span class='ocrx_word' id='word_1_353' title='bbox 770 4435 785 4459; x_wconf 96' lang='lat'><strong>,</strong></span> <span class='ocrx_word' id='word_1_354' title='bbox 815 4393 1089 4446; x_wconf 84' lang='lat' dir='ltr'><strong>dimittant</strong></span> <span class='ocrx_word' id='word_1_355' title='bbox 1133 4389 1411 4459; x_wconf 88' lang='lat' dir='ltr'><strong>quiescere</strong></span> <span class='ocrx_word' id='word_1_356' title='bbox 1445 4403 1459 4440; x_wconf 90' lang='lat'><strong>:</strong></span> <span class='ocrx_word' id='word_1_357' title='bbox 1488 4385 1532 4439; x_wconf 91' lang='lat' dir='ltr'><strong>si</strong></span> <span class='ocrx_word' id='word_1_358' title='bbox 1573 4383 1734 4448; x_wconf 89' lang='lat' dir='ltr'><strong>mali,</strong></span> <span class='ocrx_word' id='word_1_359' title='bbox 1766 4381 1890 4450; x_wconf 90' lang='lat' dir='ltr'><strong>quid</strong></span> 
     </span>
    </p>
   </div>
   <div class='ocr_carea' id='block_1_46' title="bbox 321 4473 1893 4554">
    <p class='ocr_par' dir='ltr' id='par_1_46' title="bbox 321 4473 1893 4554">
     <span class='ocr_line' id='line_1_46' title="bbox 321 4473 1893 4554; baseline -0.011 -12"><span class='ocrx_word' id='word_1_360' title='bbox 321 4488 586 4543; x_wconf 87' lang='lat' dir='ltr'><strong>malorum</strong></span> <span class='ocrx_word' id='word_1_361' title='bbox 614 4494 874 4554; x_wconf 85' lang='lat' dir='ltr'><strong>expetunt</strong></span> <span class='ocrx_word' id='word_1_362' title='bbox 903 4484 1214 4537; x_wconf 84' lang='lat' dir='ltr'><strong>societatem</strong></span> <span class='ocrx_word' id='word_1_363' title='bbox 1240 4480 1263 4533; x_wconf 87' lang='lat'><strong>?</strong></span> <span class='ocrx_word' id='word_1_364' title='bbox 1293 4479 1555 4546; x_wconf 88' lang='lat' dir='ltr'><strong>Quantum</strong></span> <span class='ocrx_word' id='word_1_365' title='bbox 1588 4475 1762 4529; x_wconf 87' lang='lat' dir='ltr'><strong>valeat</strong></span> <span class='ocrx_word' id='word_1_366' title='bbox 1793 4473 1893 4526; x_wconf 83' lang='lat' dir='ltr'><strong>ltu-</strong></span> 
     </span>
    </p>
   </div>
   <div class='ocr_carea' id='block_1_47' title="bbox 323 4566 1895 4642">
    <p class='ocr_par' dir='ltr' id='par_1_47' title="bbox 323 4566 1895 4642">
     <span class='ocr_line' id='line_1_47' title="bbox 323 4566 1895 4642; baseline -0.009 -10"><span class='ocrx_word' id='word_1_367' title='bbox 323 4578 521 4632; x_wconf 83' lang='lat' dir='ltr'><strong>ntilitas</strong></span> <span class='ocrx_word' id='word_1_368' title='bbox 546 4617 562 4642; x_wconf 88' lang='lat'><strong>,</strong></span> <span class='ocrx_word' id='word_1_369' title='bbox 591 4575 962 4642; x_wconf 79' lang='lat' dir='ltr'><strong>experimento</strong></span> <span class='ocrx_word' id='word_1_370' title='bbox 987 4572 1193 4626; x_wconf 86' lang='lat' dir='ltr'><strong>didicit.</strong></span> <span class='ocrx_word' id='word_1_371' title='bbox 1225 4570 1324 4636; x_wconf 85' lang='lat' dir='ltr'><strong>Qui</strong></span> <span class='ocrx_word' id='word_1_372' title='bbox 1353 4584 1494 4623; x_wconf 90' lang='lat' dir='ltr'><strong>nunc</strong></span> <span class='ocrx_word' id='word_1_373' title='bbox 1522 4566 1746 4630; x_wconf 89' lang='lat' dir='ltr'><strong>dissuit,</strong></span> <span class='ocrx_word' id='word_1_374' title='bbox 1775 4579 1895 4634; x_wconf 63' lang='lat' dir='ltr'><strong>qua!</strong></span> 
     </span>
    </p>
   </div>
   <div class='ocr_carea' id='block_1_48' title="bbox 324 4657 1897 4727">
    <p class='ocr_par' dir='ltr' id='par_1_48' title="bbox 324 4657 1897 4727">
     <span class='ocr_line' id='line_1_48' title="bbox 324 4657 1897 4727; baseline -0.008 -4"><span class='ocrx_word' id='word_1_375' title='bbox 324 4683 424 4724; x_wconf 82' lang='lat' dir='ltr'><strong>suo</strong></span> <span class='ocrx_word' id='word_1_376' title='bbox 450 4665 678 4721; x_wconf 90' lang='lat' dir='ltr'><strong>consilio</strong></span> <span class='ocrx_word' id='word_1_377' title='bbox 709 4661 836 4714; x_wconf 88' lang='lat' dir='ltr'><strong>olim</strong></span> <span class='ocrx_word' id='word_1_378' title='bbox 879 4659 1137 4727; x_wconf 82' lang='lat' dir='ltr'><strong>disjunt-ta</strong></span> <span class='ocrx_word' id='word_1_379' title='bbox 1167 4658 1425 4722; x_wconf 84' lang='lat' dir='ltr'><strong>sociavit,</strong></span> <span class='ocrx_word' id='word_1_380' title='bbox 1459 4657 1646 4726; x_wconf 88' lang='lat' dir='ltr'><strong>probat</strong></span> <span class='ocrx_word' id='word_1_381' title='bbox 1668 4670 1726 4709; x_wconf 88' lang='lat' dir='ltr'><strong>se</strong></span> <span class='ocrx_word' id='word_1_382' title='bbox 1757 4669 1897 4710; x_wconf 90' lang='lat' dir='ltr'><strong>nunc</strong></span> 
     </span>
    </p>
   </div>
   <div class='ocr_carea' id='block_1_49' title="bbox 323 4747 1822 4814">
    <p class='ocr_par' dir='ltr' id='par_1_49' title="bbox 323 4747 1822 4814">
     <span class='ocr_line' id='line_1_49' title="bbox 323 4747 1822 4814; baseline -0.011 -2"><span class='ocrx_word' id='word_1_383' title='bbox 323 4758 390 4812; x_wconf 87' lang='lat' dir='ltr'><strong>ad</strong></span> <span class='ocrx_word' id='word_1_384' title='bbox 420 4755 646 4809; x_wconf 86' lang='lat' dir='ltr'><strong>alterius</strong></span> <span class='ocrx_word' id='word_1_385' title='bbox 670 4749 998 4803; x_wconf 89' lang='lat' dir='ltr'><strong>voluntatem</strong></span> <span class='ocrx_word' id='word_1_386' title='bbox 1025 4789 1038 4811; x_wconf 84' lang='lat'><strong>,</strong></span> <span class='ocrx_word' id='word_1_387' title='bbox 1073 4758 1198 4800; x_wconf 88' lang='lat' dir='ltr'><strong>tunc</strong></span> <span class='ocrx_word' id='word_1_388' title='bbox 1226 4749 1468 4814; x_wconf 88' lang='lat' dir='ltr'><strong>copulata</strong></span> <span class='ocrx_word' id='word_1_389' title='bbox 1497 4747 1822 4813; x_wconf 84' lang='lat' dir='ltr'><strong>discerpere.</strong></span> 
     </span>
    </p>
   </div>
   <div class='ocr_carea' id='block_1_50' title="bbox 396 4837 1901 4911">
    <p class='ocr_par' dir='ltr' id='par_1_50' title="bbox 396 4837 1901 4911">
     <span class='ocr_line' id='line_1_50' title="bbox 396 4837 1901 4911; baseline -0.009 -10"><span class='ocrx_word' id='word_1_390' title='bbox 396 4845 484 4901; x_wconf 84' lang='grc'><strong>10.</strong></span> <span class='ocrx_word' id='word_1_391' title='bbox 517 4842 751 4897; x_wconf 69' lang='lat' dir='ltr'><strong>Exilium</strong></span> <span class='ocrx_word' id='word_1_392' title='bbox 784 4843 1104 4911; x_wconf 84' lang='lat' dir='ltr'><strong>impetratum</strong></span> <span class='ocrx_word' id='word_1_393' title='bbox 1147 4838 1461 4907; x_wconf 78' lang='lat' dir='ltr'><strong>Hieronymo</strong></span> <span class='ocrx_word' id='word_1_394' title='bbox 1491 4837 1551 4890; x_wconf 81' lang='lat' dir='ltr'><strong>ab</strong></span> <span class='ocrx_word' id='word_1_395' title='bbox 1581 4837 1802 4890; x_wconf 82' lang='lat' dir='ltr'><strong>Joanne.</strong></span> <span class='ocrx_word' id='word_1_396' title='bbox 1829 4864 1901 4875; x_wconf 91' lang='lat'><strong>——</strong></span> 
     </span>
    </p>
   </div>
   <div class='ocr_carea' id='block_1_51' title="bbox 324 4929 1900 5008">
    <p class='ocr_par' dir='ltr' id='par_1_51' title="bbox 324 4929 1900 5008">
     <span class='ocr_line' id='line_1_51' title="bbox 324 4929 1900 5008; baseline -0.008 -15"><span class='ocrx_word' id='word_1_397' title='bbox 324 4938 507 5008; x_wconf 82' lang='lat' dir='ltr'><strong>Nuper</strong></span> <span class='ocrx_word' id='word_1_398' title='bbox 535 4936 692 4989; x_wconf 88' lang='lat' dir='ltr'><strong>nobis</strong></span> <span class='ocrx_word' id='word_1_399' title='bbox 724 4934 1008 5003; x_wconf 87' lang='lat' dir='ltr'><strong>postulavit</strong></span> <span class='ocrx_word' id='word_1_400' title='bbox 1038 4941 1091 4985; x_wconf 90' lang='lat' dir='ltr'><strong>et</strong></span> <span class='ocrx_word' id='word_1_401' title='bbox 1121 4930 1424 5001; x_wconf 80' lang='lat' dir='ltr'><strong>impetravit</strong></span> <span class='ocrx_word' id='word_1_402' title='bbox 1452 4929 1669 4984; x_wconf 82' lang='lat' dir='ltr'><strong>exilium</strong></span> <span class='ocrx_word' id='word_1_403' title='bbox 1700 4949 1714 4982; x_wconf 85' lang='lat'><strong>:</strong></span> <span class='ocrx_word' id='word_1_404' title='bbox 1741 4938 1900 4998; x_wconf 86' lang='lat' dir='ltr'><strong>atque</strong></span> 
     </span>
    </p>
   </div>
   <div class='ocr_carea' id='block_1_52' title="bbox 325 5021 1902 5096">
    <p class='ocr_par' dir='ltr' id='par_1_52' title="bbox 325 5021 1902 5096">
     <span class='ocr_line' id='line_1_52' title="bbox 325 5021 1902 5096; baseline -0.007 -12"><span class='ocrx_word' id='word_1_405' title='bbox 325 5033 526 5084; x_wconf 85' lang='lat' dir='ltr'><strong>utinam</strong></span> <span class='ocrx_word' id='word_1_406' title='bbox 562 5026 786 5096; x_wconf 71' lang='lat' dir='ltr'><strong>implere</strong></span> <span class='ocrx_word' id='word_1_407' title='bbox 828 5025 1128 5096; x_wconf 86' lang='lat' dir='ltr'><strong>potuisset,</strong></span> <span class='ocrx_word' id='word_1_408' title='bbox 1159 5034 1214 5078; x_wconf 91' lang='lat' dir='ltr'><strong>ut</strong></span> <span class='ocrx_word' id='word_1_409' title='bbox 1243 5023 1382 5080; x_wconf 90' lang='lat' dir='ltr'><strong>sicut</strong></span> <span class='ocrx_word' id='word_1_410' title='bbox 1421 5022 1496 5076; x_wconf 93' lang='lat' dir='ltr'><strong>illi</strong></span> <span class='ocrx_word' id='word_1_411' title='bbox 1528 5022 1774 5077; x_wconf 88' lang='lat' dir='ltr'><strong>voluntas</strong></span> <span class='ocrx_word' id='word_1_412' title='bbox 1804 5021 1902 5075; x_wconf 80' lang='lat' dir='ltr'><strong>im-</strong></span> 
     </span>
    </p>
   </div>
   <div class='ocr_carea' id='block_1_53' title="bbox 326 5120 1899 5194">
    <p class='ocr_par' dir='ltr' id='par_1_53' title="bbox 326 5120 1899 5194">
     <span class='ocr_line' id='line_1_53' title="bbox 326 5120 1899 5194; baseline -0.001 -16"><span class='ocrx_word' id='word_1_413' title='bbox 326 5136 542 5194; x_wconf 87' lang='lat' dir='ltr'><strong>putatur</strong></span> <span class='ocrx_word' id='word_1_414' title='bbox 572 5137 667 5194; x_wconf 89' lang='lat' dir='ltr'><strong>pro</strong></span> <span class='ocrx_word' id='word_1_415' title='bbox 697 5137 897 5193; x_wconf 88' lang='lat' dir='ltr'><strong>opere;</strong></span> <span class='ocrx_word' id='word_1_416' title='bbox 930 5123 998 5175; x_wconf 87' lang='lat' dir='ltr'><strong>ita</strong></span> <span class='ocrx_word' id='word_1_417' title='bbox 1026 5129 1083 5176; x_wconf 90' lang='lat' dir='ltr'><strong>et</strong></span> <span class='ocrx_word' id='word_1_418' title='bbox 1119 5137 1216 5176; x_wconf 90' lang='lat' dir='ltr'><strong>nos</strong></span> <span class='ocrx_word' id='word_1_419' title='bbox 1243 5136 1348 5176; x_wconf 91' lang='lat' dir='ltr'><strong>non</strong></span> <span class='ocrx_word' id='word_1_420' title='bbox 1381 5120 1556 5174; x_wconf 83' lang='lat' dir='ltr'><strong>solum</strong></span> <span class='ocrx_word' id='word_1_421' title='bbox 1587 5120 1859 5176; x_wconf 87' lang='lat' dir='ltr'><strong>voluntate</strong></span> <span class='ocrx_word' id='word_1_422' title='bbox 1882 5161 1899 5187; x_wconf 98' lang='lat'><strong>,</strong></span> 
     </span>
    </p>
   </div>
   <div class='ocr_carea' id='block_1_54' title="bbox 325 5213 1903 5272">
    <p class='ocr_par' dir='ltr' id='par_1_54' title="bbox 325 5213 1903 5272">
     <span class='ocr_line' id='line_1_54' title="bbox 325 5213 1903 5272; baseline -0.002 -1"><span class='ocrx_word' id='word_1_423' title='bbox 325 5217 420 5272; x_wconf 86' lang='lat' dir='ltr'><strong>sed</strong></span> <span class='ocrx_word' id='word_1_424' title='bbox 450 5225 505 5272; x_wconf 90' lang='lat' dir='ltr'><strong>et</strong></span> <span class='ocrx_word' id='word_1_425' title='bbox 529 5215 722 5272; x_wconf 77' lang='lat' dir='ltr'><strong>effectu</strong></span> <span class='ocrx_word' id='word_1_426' title='bbox 763 5229 1017 5270; x_wconf 88' lang='lat' dir='ltr'><strong>coronam</strong></span> <span class='ocrx_word' id='word_1_427' title='bbox 1053 5213 1370 5270; x_wconf 87' lang='lat' dir='ltr'><strong>haberemus</strong></span> <span class='ocrx_word' id='word_1_428' title='bbox 1412 5214 1577 5269; x_wconf 78' lang='lat' dir='ltr'><strong>exilii.</strong></span> <span class='ocrx_word' id='word_1_429' title='bbox 1609 5213 1903 5269; x_wconf 84' lang='lat' dir='ltr'><strong>Fundendo</strong></span> 
     </span>
    </p>
   </div>
   <div class='ocr_carea' id='block_1_55' title="bbox 330 5305 1904 5378">
    <p class='ocr_par' dir='ltr' id='par_1_55' title="bbox 330 5305 1904 5378">
     <span class='ocr_line' id='line_1_55' title="bbox 330 5305 1904 5378; baseline 0.001 -18"><span class='ocrx_word' id='word_1_430' title='bbox 330 5309 642 5378; x_wconf 73' lang='lat' dir='ltr'><strong>sanguinem</strong></span> <span class='ocrx_word' id='word_1_431' title='bbox 662 5347 679 5375; x_wconf 95' lang='lat'><strong>,</strong></span> <span class='ocrx_word' id='word_1_432' title='bbox 708 5317 764 5362; x_wconf 90' lang='lat' dir='ltr'><strong>et</strong></span> <span class='ocrx_word' id='word_1_433' title='bbox 793 5305 1044 5376; x_wconf 85' lang='lat' dir='ltr'><strong>patiendo</strong></span> <span class='ocrx_word' id='word_1_434' title='bbox 1079 5307 1250 5376; x_wconf 76' lang='lat' dir='ltr'><strong>magis</strong></span> <span class='ocrx_word' id='word_1_435' title='bbox 1271 5345 1287 5372; x_wconf 95' lang='lat'><strong>,</strong></span> <span class='ocrx_word' id='word_1_436' title='bbox 1315 5320 1472 5377; x_wconf 88' lang='lat' dir='ltr'><strong>quam</strong></span> <span class='ocrx_word' id='word_1_437' title='bbox 1504 5306 1749 5362; x_wconf 80' lang='lat' dir='ltr'><strong>faciendo</strong></span> <span class='ocrx_word' id='word_1_438' title='bbox 1775 5322 1904 5362; x_wconf 84' lang='lat' dir='ltr'><strong>con-</strong></span> 
     </span>
    </p>
   </div>
   <div class='ocr_carea' id='block_1_56' title="bbox 390 5460 1900 5526">
    <p class='ocr_par' dir='ltr' id='par_1_56' title="bbox 390 5460 1900 5526">
     <span class='ocr_line' id='line_1_56' title="bbox 390 5460 1900 5526; baseline 0 -15"><span class='ocrx_word' id='word_1_439' title='bbox 390 5461 465 5526; x_wconf 86' lang='lat' dir='ltr'><strong>(a)</strong></span> <span class='ocrx_word' id='word_1_440' title='bbox 494 5461 692 5526; x_wconf 75' lang='lat' dir='ltr'><strong>Vulgati</strong></span> <span class='ocrx_word' id='word_1_441' title='bbox 714 5460 1282 5526; x_wconf 70' lang='lat' dir='ltr'><strong>Episcoporennntiantc.</strong></span> <span class='ocrx_word' id='word_1_442' title='bbox 1307 5461 1428 5511; x_wconf 79' lang='lat' dir='ltr'><strong>Tum</strong></span> <span class='ocrx_word' id='word_1_443' title='bbox 1454 5462 1628 5526; x_wconf 88' lang='lat' dir='ltr'><strong>eodem</strong></span> <span class='ocrx_word' id='word_1_444' title='bbox 1643 5475 1791 5511; x_wconf 89' lang='lat' dir='ltr'><strong>sensu</strong></span> <span class='ocrx_word' id='word_1_445' title='bbox 1811 5462 1900 5511; x_wconf 78' lang='lat' dir='ltr'><strong>Ms.</strong></span> 
     </span>
    </p>
   </div>
   <div class='ocr_carea' id='block_1_57' title="bbox 330 5521 1904 5584">
    <p class='ocr_par' dir='ltr' id='par_1_57' title="bbox 330 5521 1904 5584">
     <span class='ocr_line' id='line_1_57' title="bbox 330 5521 1904 5584; baseline -0.001 -11"><span class='ocrx_word' id='word_1_446' title='bbox 330 5521 542 5576; x_wconf 71' lang='lat' dir='ltr'><strong>etvetus</strong></span> <span class='ocrx_word' id='word_1_447' title='bbox 563 5521 730 5583; x_wconf 76' lang='lat' dir='ltr'><strong>editio,</strong></span> <span class='ocrx_word' id='word_1_448' title='bbox 753 5521 785 5568; x_wconf 64' lang='grc' dir='ltr'><strong>⁷ι</strong></span> <span class='ocrx_word' id='word_1_449' title='bbox 804 5521 898 5572; x_wconf 83' lang='lat' dir='ltr'><strong>nec</strong></span> <span class='ocrx_word' id='word_1_450' title='bbox 920 5521 1122 5572; x_wconf 80' lang='lat' dir='ltr'><strong>alterius</strong></span> <span class='ocrx_word' id='word_1_451' title='bbox 1143 5523 1312 5584; x_wconf 84' lang='lat' dir='ltr'><strong>quiete</strong></span> <span class='ocrx_word' id='word_1_452' title='bbox 1330 5558 1344 5582; x_wconf 93' lang='lat'><strong>,</strong></span> <span class='ocrx_word' id='word_1_453' title='bbox 1371 5532 1422 5572; x_wconf 89' lang='lat' dir='ltr'><strong>et</strong></span> <span class='ocrx_word' id='word_1_454' title='bbox 1443 5525 1544 5572; x_wconf 87' lang='lat' dir='ltr'><strong>otio</strong></span> <span class='ocrx_word' id='word_1_455' title='bbox 1567 5537 1679 5574; x_wconf 84' lang='lat' dir='ltr'><strong>esse</strong></span> <span class='ocrx_word' id='word_1_456' title='bbox 1701 5532 1904 5573; x_wconf 89' lang='lat' dir='ltr'><strong>conten-</strong></span> 
     </span>
    </p>
   </div>
   <div class='ocr_carea' id='block_1_58' title="bbox 333 5584 1409 5644">
    <p class='ocr_par' dir='ltr' id='par_1_58' title="bbox 333 5584 1409 5644">
     <span class='ocr_line' id='line_1_58' title="bbox 333 5584 1409 5644; baseline -0.003 -10"><span class='ocrx_word' id='word_1_457' title='bbox 333 5592 464 5644; x_wconf 90' lang='lat' dir='ltr'><strong>tum,</strong></span> <span class='ocrx_word' id='word_1_458' title='bbox 489 5586 745 5635; x_wconf 88' lang='lat' dir='ltr'><strong>dummodo</strong></span> <span class='ocrx_word' id='word_1_459' title='bbox 763 5587 1011 5644; x_wconf 79' lang='lat' dir='ltr'><strong>integrum</strong></span> <span class='ocrx_word' id='word_1_460' title='bbox 1032 5584 1235 5642; x_wconf 85' lang='lat' dir='ltr'><strong>habeat,</strong></span> <span class='ocrx_word' id='word_1_461' title='bbox 1258 5600 1280 5626; x_wconf 72' lang='grc' dir='ltr'><strong>ι</strong></span> <span class='ocrx_word' id='word_1_462' title='bbox 1313 5593 1409 5633; x_wconf 89' lang='lat' dir='ltr'><strong>etc.</strong></span> 
     </span>
    </p>
   </div>
   <div class='ocr_carea' id='block_1_59' title="bbox 396 5641 1908 5712">
    <p class='ocr_par' dir='ltr' id='par_1_59' title="bbox 396 5641 1908 5712">
     <span class='ocr_line' id='line_1_59' title="bbox 396 5641 1908 5712; baseline -0.001 -14"><span class='ocrx_word' id='word_1_463' title='bbox 396 5641 460 5712; x_wconf 67' lang='lat' dir='ltr'><strong>(bl</strong></span> <span class='ocrx_word' id='word_1_464' title='bbox 487 5647 748 5712; x_wconf 79' lang='lat' dir='ltr'><strong>_Victorins_</strong></span> <span class='ocrx_word' id='word_1_465' title='bbox 774 5641 903 5695; x_wconf 70' lang='lat' dir='ltr'><strong>male</strong></span> <span class='ocrx_word' id='word_1_466' title='bbox 926 5657 1035 5708; x_wconf 66' lang='lat' dir='ltr'><strong>qua</strong></span> <span class='ocrx_word' id='word_1_467' title='bbox 1066 5657 1154 5709; x_wconf 83' lang='lat' dir='ltr'><strong>pro</strong></span> <span class='ocrx_word' id='word_1_468' title='bbox 1191 5644 1274 5708; x_wconf 83' lang='lat' dir='ltr'><strong>qui</strong></span> <span class='ocrx_word' id='word_1_469' title='bbox 1310 5645 1470 5707; x_wconf 79' lang='lat' dir='ltr'><strong>legit:</strong></span> <span class='ocrx_word' id='word_1_470' title='bbox 1495 5644 1585 5696; x_wconf 69' lang='lat' dir='ltr'><strong>Ms.</strong></span> <span class='ocrx_word' id='word_1_471' title='bbox 1612 5651 1780 5698; x_wconf 86' lang='lat' dir='ltr'><strong>autem</strong></span> <span class='ocrx_word' id='word_1_472' title='bbox 1822 5660 1908 5710; x_wconf 89' lang='lat' dir='ltr'><strong>pro</strong></span> 
     </span>
    </p>
   </div>
   <div class='ocr_carea' id='block_1_60' title="bbox 333 5707 866 5780">
    <p class='ocr_par' dir='ltr' id='par_1_60' title="bbox 333 5707 866 5780">
     <span class='ocr_line' id='line_1_60' title="bbox 333 5707 866 5780; baseline 0 0"><span class='ocrx_word' id='word_1_473' title='bbox 333 5707 460 5780; x_wconf 63' lang='grc' dir='ltr'><strong>[πιέρξ</strong></span> <span class='ocrx_word' id='word_1_474' title='bbox 487 5709 635 5780; x_wconf 50' lang='lat' dir='ltr'><strong>item</strong></span> <span class='ocrx_word' id='word_1_475' title='bbox 656 5707 866 5780; x_wconf 57' lang='grc' dir='ltr'><strong>Ξείίεὲες</strong></span> 
     </span>
    </p>
   </div>
   <div class='ocr_carea' id='block_1_61' title="bbox 396 5767 1396 5837">
    <p class='ocr_par' dir='ltr' id='par_1_61' title="bbox 396 5767 1396 5837">
     <span class='ocr_line' id='line_1_61' title="bbox 396 5767 1396 5837; baseline -0.003 -17"><span class='ocrx_word' id='word_1_476' title='bbox 396 5770 462 5837; x_wconf 71' lang='grc' dir='ltr'><strong>ιι)</strong></span> <span class='ocrx_word' id='word_1_477' title='bbox 499 5770 637 5831; x_wconf 83' lang='lat' dir='ltr'><strong>Quod</strong></span> <span class='ocrx_word' id='word_1_478' title='bbox 657 5769 920 5832; x_wconf 81' lang='lat' dir='ltr'><strong>Presbyter</strong></span> <span class='ocrx_word' id='word_1_479' title='bbox 942 5767 1114 5818; x_wconf 68' lang='lat' dir='ltr'><strong>Graece</strong></span> <span class='ocrx_word' id='word_1_480' title='bbox 1134 5779 1292 5817; x_wconf 82' lang='lat' dir='ltr'><strong>senex</strong></span> <span class='ocrx_word' id='word_1_481' title='bbox 1315 5769 1396 5818; x_wconf 89' lang='lat' dir='ltr'><strong>sit.</strong></span> 
     </span>
    </p>
   </div>
   <div class='ocr_carea' id='block_1_62' title="bbox 761 5853 1327 5915">
    <p class='ocr_par' dir='ltr' id='par_1_62' title="bbox 761 5853 1327 5915">
     <span class='ocr_line' id='line_1_62' title="bbox 761 5853 1327 5915; baseline 0 -1"><span class='ocrx_word' id='word_1_482' title='bbox 761 5854 822 5915; x_wconf 79' lang='lat'><strong>5.</strong></span> <span class='ocrx_word' id='word_1_483' title='bbox 867 5853 1235 5915; x_wconf 76' lang='lat' dir='ltr'><strong>Hisnonvm</strong></span> <span class='ocrx_word' id='word_1_484' title='bbox 1278 5853 1327 5914; x_wconf 84' lang='grc' dir='ltr'><strong>Ι.</strong></span> 
     </span>
    </p>
   </div>
   <div class='ocr_carea' id='block_1_63' title="bbox 1612 340 2233 403">
    <p class='ocr_par' dir='ltr' id='par_1_63' title="bbox 1612 340 2233 403">
     <span class='ocr_line' id='line_1_63' title="bbox 1612 340 2233 403; baseline -0.011 0"><span class='ocrx_word' id='word_1_485' title='bbox 1612 343 1936 403; x_wconf 75' lang='lat' dir='ltr'><strong>EPISTULA</strong></span> <span class='ocrx_word' id='word_1_486' title='bbox 1975 340 2233 397; x_wconf 77' lang='lat' dir='ltr'><strong>LXXXII.</strong></span> 
     </span>
    </p>
   </div>
   <div class='ocr_carea' id='block_1_64' title="bbox 3437 344 3542 402">
    <p class='ocr_par' dir='ltr' id='par_1_64' title="bbox 3437 344 3542 402">
     <span class='ocr_line' id='line_1_64' title="bbox 3437 344 3542 402; baseline 0.019 -2"><span class='ocrx_word' id='word_1_487' title='bbox 3437 344 3542 402; x_wconf 62' lang='lat'><strong>743</strong></span> 
     </span>
    </p>
   </div>
   <div class='ocr_carea' id='block_1_65' title="bbox 1963 457 3536 526">
    <p class='ocr_par' dir='ltr' id='par_1_65' title="bbox 1963 457 3536 526">
     <span class='ocr_line' id='line_1_65' title="bbox 1963 457 3536 526; baseline 0.002 -12"><span class='ocrx_word' id='word_1_488' title='bbox 1963 459 2230 526; x_wconf 88' lang='lat' dir='ltr'><strong>tumelias,</strong></span> <span class='ocrx_word' id='word_1_489' title='bbox 2255 457 2458 515; x_wconf 86' lang='lat' dir='ltr'><strong>Christi</strong></span> <span class='ocrx_word' id='word_1_490' title='bbox 2483 457 2698 514; x_wconf 85' lang='lat' dir='ltr'><strong>fundata</strong></span> <span class='ocrx_word' id='word_1_491' title='bbox 2729 467 2811 517; x_wconf 90' lang='lat' dir='ltr'><strong>est</strong></span> <span class='ocrx_word' id='word_1_492' title='bbox 2838 461 3092 518; x_wconf 84' lang='lat' dir='ltr'><strong>Ecclesia.</strong></span> <span class='ocrx_word' id='word_1_493' title='bbox 3120 461 3536 518; x_wconf 64' lang='grc' dir='ltr'><strong>Ρειιςιςυτιοκις</strong></span> 
     </span>
    </p>
   </div>
   <div class='ocr_carea' id='block_1_66' title="bbox 1961 554 3534 627">
    <p class='ocr_par' dir='ltr' id='par_1_66' title="bbox 1961 554 3534 627">
     <span class='ocr_line' id='line_1_66' title="bbox 1961 554 3534 627; baseline -0.001 -16"><span class='ocrx_word' id='word_1_494' title='bbox 1961 570 2057 612; x_wconf 77' lang='lat' dir='ltr'><strong>sus</strong></span> <span class='ocrx_word' id='word_1_495' title='bbox 2087 554 2276 618; x_wconf 87' lang='lat' dir='ltr'><strong>crevit,</strong></span> <span class='ocrx_word' id='word_1_496' title='bbox 2299 554 2574 625; x_wconf 83' lang='lat' dir='ltr'><strong>martyriis</strong></span> <span class='ocrx_word' id='word_1_497' title='bbox 2601 562 2857 610; x_wconf 90' lang='lat' dir='ltr'><strong>coronata</strong></span> <span class='ocrx_word' id='word_1_498' title='bbox 2883 565 2988 612; x_wconf 87' lang='lat' dir='ltr'><strong>est.</strong></span> <span class='ocrx_word' id='word_1_499' title='bbox 3015 557 3119 613; x_wconf 84' lang='lat' dir='ltr'><strong>Aut</strong></span> <span class='ocrx_word' id='word_1_500' title='bbox 3145 555 3188 609; x_wconf 92' lang='lat' dir='ltr'><strong>si</strong></span> <span class='ocrx_word' id='word_1_501' title='bbox 3217 556 3300 611; x_wconf 89' lang='lat' dir='ltr'><strong>isti</strong></span> <span class='ocrx_word' id='word_1_502' title='bbox 3332 555 3430 610; x_wconf 85' lang='lat' dir='ltr'><strong>soli</strong></span> <span class='ocrx_word' id='word_1_503' title='bbox 3460 555 3534 627; x_wconf 77' lang='grc' dir='ltr'><strong>(ο)</strong></span> 
     </span>
    </p>
   </div>
   <div class='ocr_carea' id='block_1_67' title="bbox 1959 645 3542 716">
    <p class='ocr_par' dir='ltr' id='par_1_67' title="bbox 1959 645 3542 716">
     <span class='ocr_line' id='line_1_67' title="bbox 1959 645 3542 716; baseline 0.001 -16"><span class='ocrx_word' id='word_1_504' title='bbox 1959 647 2106 716; x_wconf 88' lang='lat' dir='ltr'><strong>juxta</strong></span> <span class='ocrx_word' id='word_1_505' title='bbox 2133 661 2266 716; x_wconf 86' lang='lat' dir='ltr'><strong>quos</strong></span> <span class='ocrx_word' id='word_1_506' title='bbox 2289 645 2548 716; x_wconf 75' lang='lat' dir='ltr'><strong>degimus,</strong></span> <span class='ocrx_word' id='word_1_507' title='bbox 2582 656 2761 700; x_wconf 89' lang='lat' dir='ltr'><strong>amant</strong></span> <span class='ocrx_word' id='word_1_508' title='bbox 2795 647 3046 716; x_wconf 75' lang='lat' dir='ltr'><strong>rigorem,</strong></span> <span class='ocrx_word' id='word_1_509' title='bbox 3075 656 3129 701; x_wconf 85' lang='lat' dir='ltr'><strong>et</strong></span> <span class='ocrx_word' id='word_1_510' title='bbox 3151 663 3252 701; x_wconf 90' lang='lat' dir='ltr'><strong>non</strong></span> <span class='ocrx_word' id='word_1_511' title='bbox 3278 657 3542 702; x_wconf 83' lang='lat' dir='ltr'><strong>noverunt</strong></span> 
     </span>
    </p>
   </div>
   <div class='ocr_carea' id='block_1_68' title="bbox 1965 737 3543 806">
    <p class='ocr_par' dir='ltr' id='par_1_68' title="bbox 1965 737 3543 806">
     <span class='ocr_line' id='line_1_68' title="bbox 1965 737 3543 806; baseline 0.001 -16"><span class='ocrx_word' id='word_1_512' title='bbox 1965 738 2391 806; x_wconf 86' lang='lat' dir='ltr'><strong>persecutionem</strong></span> <span class='ocrx_word' id='word_1_513' title='bbox 2438 737 2741 802; x_wconf 83' lang='lat' dir='ltr'><strong>sustinere,</strong></span> <span class='ocrx_word' id='word_1_514' title='bbox 2791 737 2884 790; x_wconf 85' lang='lat' dir='ltr'><strong>scd</strong></span> <span class='ocrx_word' id='word_1_515' title='bbox 2938 737 3146 798; x_wconf 76' lang='lat' dir='ltr'><strong>facere;</strong></span> <span class='ocrx_word' id='word_1_516' title='bbox 3187 748 3310 792; x_wconf 86' lang='lat' dir='ltr'><strong>sunt</strong></span> <span class='ocrx_word' id='word_1_517' title='bbox 3351 749 3404 792; x_wconf 90' lang='lat' dir='ltr'><strong>et</strong></span> <span class='ocrx_word' id='word_1_518' title='bbox 3453 737 3543 793; x_wconf 85' lang='lat' dir='ltr'><strong>hic</strong></span> 
     </span>
    </p>
   </div>
   <div class='ocr_carea' id='block_1_69' title="bbox 1964 827 3542 897">
    <p class='ocr_par' dir='ltr' id='par_1_69' title="bbox 1964 827 3542 897">
     <span class='ocr_line' id='line_1_69' title="bbox 1964 827 3542 897; baseline 0.001 -13"><span class='ocrx_word' id='word_1_519' title='bbox 1964 829 2165 884; x_wconf 62' lang='lat' dir='ltr'><strong>Judaei:</strong></span> <span class='ocrx_word' id='word_1_520' title='bbox 2184 839 2304 883; x_wconf 89' lang='lat' dir='ltr'><strong>sunt</strong></span> <span class='ocrx_word' id='word_1_521' title='bbox 2329 828 2592 883; x_wconf 89' lang='lat' dir='ltr'><strong>variorum</strong></span> <span class='ocrx_word' id='word_1_522' title='bbox 2615 827 2922 897; x_wconf 77' lang='lat' dir='ltr'><strong>dogtnatum</strong></span> <span class='ocrx_word' id='word_1_523' title='bbox 2943 827 3210 892; x_wconf 70' lang='lat' dir='ltr'><strong>llaretici,</strong></span> <span class='ocrx_word' id='word_1_524' title='bbox 3233 839 3287 883; x_wconf 92' lang='lat' dir='ltr'><strong>et</strong></span> <span class='ocrx_word' id='word_1_525' title='bbox 3309 831 3542 885; x_wconf 78' lang='lat' dir='ltr'><strong>maxime</strong></span> 
     </span>
    </p>
   </div>
   <div class='ocr_carea' id='block_1_70' title="bbox 1966 918 3546 993">
    <p class='ocr_par' dir='ltr' id='par_1_70' title="bbox 1966 918 3546 993">
     <span class='ocr_line' id='line_1_70' title="bbox 1966 918 3546 993; baseline 0 -19"><span class='ocrx_word' id='word_1_526' title='bbox 1966 921 2128 993; x_wconf 69' lang='lat'><strong>520</strong></span> <span class='ocrx_word' id='word_1_527' title='bbox 2198 919 2546 989; x_wconf 88' lang='lat' dir='ltr'><strong>impurissimi</strong></span> <span class='ocrx_word' id='word_1_528' title='bbox 2600 918 2899 982; x_wconf 71' lang='lat' dir='ltr'><strong>Mauichwi,</strong></span> <span class='ocrx_word' id='word_1_529' title='bbox 2943 933 3041 972; x_wconf 91' lang='lat' dir='ltr'><strong>cur</strong></span> <span class='ocrx_word' id='word_1_530' title='bbox 3066 933 3250 973; x_wconf 83' lang='lat' dir='ltr'><strong>comm</strong></span> <span class='ocrx_word' id='word_1_531' title='bbox 3283 935 3352 974; x_wconf 91' lang='lat' dir='ltr'><strong>ne</strong></span> <span class='ocrx_word' id='word_1_532' title='bbox 3381 920 3546 975; x_wconf 88' lang='lat' dir='ltr'><strong>verbo</strong></span> 
     </span>
    </p>
   </div>
   <div class='ocr_carea' id='block_1_71' title="bbox 1966 1009 3547 1082">
    <p class='ocr_par' dir='ltr' id='par_1_71' title="bbox 1966 1009 3547 1082">
     <span class='ocr_line' id='line_1_71' title="bbox 1966 1009 3547 1082; baseline -0.001 -17"><span class='ocrx_word' id='word_1_533' title='bbox 1966 1013 2178 1081; x_wconf 81' lang='lat' dir='ltr'><strong>quidem</strong></span> <span class='ocrx_word' id='word_1_534' title='bbox 2208 1012 2512 1082; x_wconf 79' lang='lat' dir='ltr'><strong>quempiam</strong></span> <span class='ocrx_word' id='word_1_535' title='bbox 2543 1013 2744 1066; x_wconf 89' lang='lat' dir='ltr'><strong>audent</strong></span> <span class='ocrx_word' id='word_1_536' title='bbox 2785 1010 3022 1065; x_wconf 66' lang='lat' dir='ltr'><strong>laedere?</strong></span> <span class='ocrx_word' id='word_1_537' title='bbox 3051 1009 3160 1065; x_wconf 75' lang='lat' dir='ltr'><strong>Nos</strong></span> <span class='ocrx_word' id='word_1_538' title='bbox 3188 1011 3333 1066; x_wconf 90' lang='lat' dir='ltr'><strong>solos</strong></span> <span class='ocrx_word' id='word_1_539' title='bbox 3361 1012 3547 1081; x_wconf 86' lang='lat' dir='ltr'><strong>expel-</strong></span> 
     </span>
    </p>
   </div>
   <div class='ocr_carea' id='block_1_72' title="bbox 1968 1102 3544 1174">
    <p class='ocr_par' dir='ltr' id='par_1_72' title="bbox 1968 1102 3544 1174">
     <span class='ocr_line' id='line_1_72' title="bbox 1968 1102 3544 1174; baseline -0.002 -16"><span class='ocrx_word' id='word_1_540' title='bbox 1968 1103 2081 1159; x_wconf 90' lang='lat' dir='ltr'><strong>lere</strong></span> <span class='ocrx_word' id='word_1_541' title='bbox 2105 1104 2366 1174; x_wconf 82' lang='lat' dir='ltr'><strong>cupiunt?</strong></span> <span class='ocrx_word' id='word_1_542' title='bbox 2395 1102 2504 1159; x_wconf 87' lang='lat' dir='ltr'><strong>Nos</strong></span> <span class='ocrx_word' id='word_1_543' title='bbox 2533 1103 2635 1158; x_wconf 87' lang='lat' dir='ltr'><strong>soli</strong></span> <span class='ocrx_word' id='word_1_544' title='bbox 2663 1103 2753 1174; x_wconf 91' lang='lat' dir='ltr'><strong>qui</strong></span> <span class='ocrx_word' id='word_1_545' title='bbox 2785 1102 3043 1158; x_wconf 68' lang='lat' dir='ltr'><strong>Ecclesia:</strong></span> <span class='ocrx_word' id='word_1_546' title='bbox 3062 1103 3544 1169; x_wconf 82' lang='lat' dir='ltr'><strong>communicamus,</strong></span> 
     </span>
    </p>
   </div>
   <div class='ocr_carea' id='block_1_73' title="bbox 1968 1193 3549 1264">
    <p class='ocr_par' dir='ltr' id='par_1_73' title="bbox 1968 1193 3549 1264">
     <span class='ocr_line' id='line_1_73' title="bbox 1968 1193 3549 1264; baseline -0.001 -15"><span class='ocrx_word' id='word_1_547' title='bbox 1968 1193 2260 1250; x_wconf 86' lang='lat' dir='ltr'><strong>Ecclesiam</strong></span> <span class='ocrx_word' id='word_1_548' title='bbox 2283 1194 2527 1250; x_wconf 88' lang='lat' dir='ltr'><strong>scindere</strong></span> <span class='ocrx_word' id='word_1_549' title='bbox 2552 1194 2826 1252; x_wconf 72' lang='lat' dir='ltr'><strong>dicimur?</strong></span> <span class='ocrx_word' id='word_1_550' title='bbox 2854 1193 2963 1250; x_wconf 88' lang='lat' dir='ltr'><strong>Oro</strong></span> <span class='ocrx_word' id='word_1_551' title='bbox 2988 1204 3062 1258; x_wconf 90' lang='lat' dir='ltr'><strong>te,</strong></span> <span class='ocrx_word' id='word_1_552' title='bbox 3088 1207 3266 1248; x_wconf 89' lang='lat' dir='ltr'><strong>nonne</strong></span> <span class='ocrx_word' id='word_1_553' title='bbox 3287 1209 3437 1264; x_wconf 69' lang='lat' dir='ltr'><strong>aequa</strong></span> <span class='ocrx_word' id='word_1_554' title='bbox 3461 1205 3549 1249; x_wconf 86' lang='lat' dir='ltr'><strong>est</strong></span> 
     </span>
    </p>
   </div>
   <div class='ocr_carea' id='block_1_74' title="bbox 1967 1285 3552 1356">
    <p class='ocr_par' dir='ltr' id='par_1_74' title="bbox 1967 1285 3552 1356">
     <span class='ocr_line' id='line_1_74' title="bbox 1967 1285 3552 1356; baseline -0.001 -16"><span class='ocrx_word' id='word_1_555' title='bbox 1967 1285 2068 1341; x_wconf 86' lang='lat' dir='ltr'><strong>ista</strong></span> <span class='ocrx_word' id='word_1_556' title='bbox 2098 1288 2384 1356; x_wconf 82' lang='lat' dir='ltr'><strong>postulatio</strong></span> <span class='ocrx_word' id='word_1_557' title='bbox 2409 1329 2426 1354; x_wconf 92' lang='lat'><strong>,</strong></span> <span class='ocrx_word' id='word_1_558' title='bbox 2460 1295 2518 1340; x_wconf 93' lang='lat' dir='ltr'><strong>ut</strong></span> <span class='ocrx_word' id='word_1_559' title='bbox 2544 1295 2636 1340; x_wconf 91' lang='lat' dir='ltr'><strong>aut</strong></span> <span class='ocrx_word' id='word_1_560' title='bbox 2665 1287 2786 1341; x_wconf 87' lang='lat' dir='ltr'><strong>illos</strong></span> <span class='ocrx_word' id='word_1_561' title='bbox 2817 1286 3096 1341; x_wconf 90' lang='lat' dir='ltr'><strong>nobiscum</strong></span> <span class='ocrx_word' id='word_1_562' title='bbox 3122 1286 3392 1356; x_wconf 83' lang='lat' dir='ltr'><strong>expellant</strong></span> <span class='ocrx_word' id='word_1_563' title='bbox 3411 1327 3428 1352; x_wconf 94' lang='lat'><strong>,</strong></span> <span class='ocrx_word' id='word_1_564' title='bbox 3457 1295 3552 1340; x_wconf 80' lang='lat' dir='ltr'><strong>aut</strong></span> 
     </span>
    </p>
   </div>
   <div class='ocr_carea' id='block_1_75' title="bbox 1967 1377 3551 1448">
    <p class='ocr_par' dir='ltr' id='par_1_75' title="bbox 1967 1377 3551 1448">
     <span class='ocr_line' id='line_1_75' title="bbox 1967 1377 3551 1448; baseline -0.002 -14"><span class='ocrx_word' id='word_1_565' title='bbox 1967 1396 2065 1434; x_wconf 84' lang='lat' dir='ltr'><strong>nos</strong></span> <span class='ocrx_word' id='word_1_566' title='bbox 2091 1394 2213 1434; x_wconf 90' lang='lat' dir='ltr'><strong>cum</strong></span> <span class='ocrx_word' id='word_1_567' title='bbox 2249 1379 2355 1435; x_wconf 84' lang='lat' dir='ltr'><strong>illis</strong></span> <span class='ocrx_word' id='word_1_568' title='bbox 2393 1378 2655 1434; x_wconf 75' lang='lat' dir='ltr'><strong>teneant?</strong></span> <span class='ocrx_word' id='word_1_569' title='bbox 2684 1378 2795 1434; x_wconf 83' lang='lat' dir='ltr'><strong>Nisi</strong></span> <span class='ocrx_word' id='word_1_570' title='bbox 2825 1377 2967 1447; x_wconf 90' lang='lat' dir='ltr'><strong>quod</strong></span> <span class='ocrx_word' id='word_1_571' title='bbox 3001 1379 3051 1432; x_wconf 91' lang='lat' dir='ltr'><strong>iu</strong></span> <span class='ocrx_word' id='word_1_572' title='bbox 3083 1393 3149 1432; x_wconf 90' lang='lat' dir='ltr'><strong>eo</strong></span> <span class='ocrx_word' id='word_1_573' title='bbox 3179 1378 3348 1448; x_wconf 79' lang='lat' dir='ltr'><strong>magis</strong></span> <span class='ocrx_word' id='word_1_574' title='bbox 3379 1379 3551 1432; x_wconf 84' lang='lat' dir='ltr'><strong>hono-</strong></span> 
     </span>
    </p>
   </div>
   <div class='ocr_carea' id='block_1_76' title="bbox 1967 1469 3552 1542">
    <p class='ocr_par' dir='ltr' id='par_1_76' title="bbox 1967 1469 3552 1542">
     <span class='ocr_line' id='line_1_76' title="bbox 1967 1469 3552 1542; baseline 0 -16"><span class='ocrx_word' id='word_1_575' title='bbox 1967 1480 2126 1538; x_wconf 89' lang='lat' dir='ltr'><strong>rant,</strong></span> <span class='ocrx_word' id='word_1_576' title='bbox 2155 1485 2291 1542; x_wconf 90' lang='lat' dir='ltr'><strong>quos</strong></span> <span class='ocrx_word' id='word_1_577' title='bbox 2315 1470 2503 1525; x_wconf 87' lang='lat' dir='ltr'><strong>saltem</strong></span> <span class='ocrx_word' id='word_1_578' title='bbox 2529 1470 2690 1526; x_wconf 84' lang='lat' dir='ltr'><strong>exilio</strong></span> <span class='ocrx_word' id='word_1_579' title='bbox 2718 1471 2787 1526; x_wconf 90' lang='lat' dir='ltr'><strong>ab</strong></span> <span class='ocrx_word' id='word_1_580' title='bbox 2829 1469 3104 1526; x_wconf 74' lang='lat' dir='ltr'><strong>Hmretieis</strong></span> <span class='ocrx_word' id='word_1_581' title='bbox 3132 1479 3402 1540; x_wconf 87' lang='lat' dir='ltr'><strong>separant.</strong></span> <span class='ocrx_word' id='word_1_582' title='bbox 3436 1471 3552 1526; x_wconf 81' lang='lat' dir='ltr'><strong>Mo-</strong></span> 
     </span>
    </p>
   </div>
   <div class='ocr_carea' id='block_1_77' title="bbox 1970 1559 3554 1631">
    <p class='ocr_par' dir='ltr' id='par_1_77' title="bbox 1970 1559 3554 1631">
     <span class='ocr_line' id='line_1_77' title="bbox 1970 1559 3554 1631; baseline 0 -16"><span class='ocrx_word' id='word_1_583' title='bbox 1970 1564 2192 1625; x_wconf 89' lang='lat' dir='ltr'><strong>nachus,</strong></span> <span class='ocrx_word' id='word_1_584' title='bbox 2223 1561 2355 1631; x_wconf 89' lang='lat' dir='ltr'><strong>proh</strong></span> <span class='ocrx_word' id='word_1_585' title='bbox 2381 1559 2557 1626; x_wconf 92' lang='lat' dir='ltr'><strong>dolor,</strong></span> <span class='ocrx_word' id='word_1_586' title='bbox 2581 1559 2854 1614; x_wconf 82' lang='lat' dir='ltr'><strong>Monacltis</strong></span> <span class='ocrx_word' id='word_1_587' title='bbox 2883 1573 2937 1614; x_wconf 92' lang='lat' dir='ltr'><strong>et</strong></span> <span class='ocrx_word' id='word_1_588' title='bbox 2963 1562 3197 1614; x_wconf 87' lang='lat' dir='ltr'><strong>minatur</strong></span> <span class='ocrx_word' id='word_1_589' title='bbox 3222 1570 3275 1614; x_wconf 84' lang='lat' dir='ltr'><strong>et</strong></span> <span class='ocrx_word' id='word_1_590' title='bbox 3300 1560 3554 1630; x_wconf 81' lang='lat' dir='ltr'><strong>impetrat</strong></span> 
     </span>
    </p>
   </div>
   <div class='ocr_carea' id='block_1_78' title="bbox 1971 1651 3577 1724">
    <p class='ocr_par' dir='ltr' id='par_1_78' title="bbox 1971 1651 3577 1724">
     <span class='ocr_line' id='line_1_78' title="bbox 1971 1651 3577 1724; baseline -0.001 -16"><span class='ocrx_word' id='word_1_591' title='bbox 1971 1653 2063 1724; x_wconf 82' lang='lat' dir='ltr'><strong>[aL</strong></span> <span class='ocrx_word' id='word_1_592' title='bbox 2095 1651 2358 1724; x_wconf 81' lang='lat' dir='ltr'><strong>importat]</strong></span> <span class='ocrx_word' id='word_1_593' title='bbox 2385 1653 2601 1707; x_wconf 81' lang='lat' dir='ltr'><strong>exilium</strong></span> <span class='ocrx_word' id='word_1_594' title='bbox 2624 1692 2640 1716; x_wconf 89' lang='lat'><strong>,</strong></span> <span class='ocrx_word' id='word_1_595' title='bbox 2678 1660 2734 1708; x_wconf 89' lang='lat' dir='ltr'><strong>et</strong></span> <span class='ocrx_word' id='word_1_596' title='bbox 2774 1651 2876 1706; x_wconf 89' lang='lat' dir='ltr'><strong>hoc</strong></span> <span class='ocrx_word' id='word_1_597' title='bbox 2916 1651 3206 1706; x_wconf 80' lang='lat' dir='ltr'><strong>Monachus</strong></span> <span class='ocrx_word' id='word_1_598' title='bbox 3232 1691 3247 1714; x_wconf 97' lang='lat'><strong>,</strong></span> <span class='ocrx_word' id='word_1_599' title='bbox 3281 1653 3577 1722; x_wconf 82' lang='lat' dir='ltr'><strong>Apostoli--</strong></span> 
     </span>
    </p>
   </div>
   <div class='ocr_carea' id='block_1_79' title="bbox 1969 1741 3556 1812">
    <p class='ocr_par' dir='ltr' id='par_1_79' title="bbox 1969 1741 3556 1812">
     <span class='ocr_line' id='line_1_79' title="bbox 1969 1741 3556 1812; baseline -0.002 -13"><span class='ocrx_word' id='word_1_600' title='bbox 1969 1759 2088 1799; x_wconf 88' lang='lat' dir='ltr'><strong>cam</strong></span> <span class='ocrx_word' id='word_1_601' title='bbox 2115 1743 2433 1800; x_wconf 84' lang='lat' dir='ltr'><strong>Cathedram</strong></span> <span class='ocrx_word' id='word_1_602' title='bbox 2461 1742 2660 1798; x_wconf 87' lang='lat' dir='ltr'><strong>habere</strong></span> <span class='ocrx_word' id='word_1_603' title='bbox 2689 1756 2750 1797; x_wconf 84' lang='lat' dir='ltr'><strong>se</strong></span> <span class='ocrx_word' id='word_1_604' title='bbox 2768 1741 3000 1812; x_wconf 74' lang='lat' dir='ltr'><strong>iactans.</strong></span> <span class='ocrx_word' id='word_1_605' title='bbox 3032 1741 3150 1796; x_wconf 88' lang='lat' dir='ltr'><strong>Non</strong></span> <span class='ocrx_word' id='word_1_606' title='bbox 3183 1742 3332 1796; x_wconf 89' lang='lat' dir='ltr'><strong>novit</strong></span> <span class='ocrx_word' id='word_1_607' title='bbox 3360 1742 3556 1797; x_wconf 88' lang='lat' dir='ltr'><strong>terrori</strong></span> 
     </span>
    </p>
   </div>
   <div class='ocr_carea' id='block_1_80' title="bbox 1971 1836 3559 1908">
    <p class='ocr_par' dir='ltr' id='par_1_80' title="bbox 1971 1836 3559 1908">
     <span class='ocr_line' id='line_1_80' title="bbox 1971 1836 3559 1908; baseline 0.001 -17"><span class='ocrx_word' id='word_1_608' title='bbox 1971 1837 2119 1892; x_wconf 89' lang='lat' dir='ltr'><strong>natio</strong></span> <span class='ocrx_word' id='word_1_609' title='bbox 2147 1837 2246 1892; x_wconf 89' lang='lat' dir='ltr'><strong>ista</strong></span> <span class='ocrx_word' id='word_1_610' title='bbox 2276 1837 2664 1901; x_wconf 88' lang='lat' dir='ltr'><strong>succumbere,</strong></span> <span class='ocrx_word' id='word_1_611' title='bbox 2707 1845 2763 1892; x_wconf 88' lang='lat' dir='ltr'><strong>et</strong></span> <span class='ocrx_word' id='word_1_612' title='bbox 2806 1836 3136 1906; x_wconf 86' lang='lat' dir='ltr'><strong>impendenti</strong></span> <span class='ocrx_word' id='word_1_613' title='bbox 3165 1837 3344 1905; x_wconf 77' lang='lat' dir='ltr'><strong>gladio</strong></span> <span class='ocrx_word' id='word_1_614' title='bbox 3387 1838 3559 1908; x_wconf 79' lang='lat' dir='ltr'><strong>magis</strong></span> 
     </span>
    </p>
   </div>
   <div class='ocr_carea' id='block_1_81' title="bbox 1969 1927 3560 1998">
    <p class='ocr_par' dir='ltr' id='par_1_81' title="bbox 1969 1927 3560 1998">
     <span class='ocr_line' id='line_1_81' title="bbox 1969 1927 3560 1998; baseline -0.001 -14"><span class='ocrx_word' id='word_1_615' title='bbox 1969 1929 2211 1984; x_wconf 87' lang='lat' dir='ltr'><strong>cervices</strong></span> <span class='ocrx_word' id='word_1_616' title='bbox 2232 1970 2247 1995; x_wconf 93' lang='lat'><strong>,</strong></span> <span class='ocrx_word' id='word_1_617' title='bbox 2277 1944 2434 1998; x_wconf 90' lang='lat' dir='ltr'><strong>quam</strong></span> <span class='ocrx_word' id='word_1_618' title='bbox 2479 1943 2670 1982; x_wconf 89' lang='lat' dir='ltr'><strong>manus</strong></span> <span class='ocrx_word' id='word_1_619' title='bbox 2693 1927 2930 1997; x_wconf 88' lang='lat' dir='ltr'><strong>subjicit.</strong></span> <span class='ocrx_word' id='word_1_620' title='bbox 2957 1927 3090 1996; x_wconf 86' lang='lat' dir='ltr'><strong>Qtns</strong></span> <span class='ocrx_word' id='word_1_621' title='bbox 3112 1944 3235 1982; x_wconf 68' lang='lat' dir='ltr'><strong>EN]!</strong></span> <span class='ocrx_word' id='word_1_622' title='bbox 3264 1928 3560 1983; x_wconf 79' lang='lat' dir='ltr'><strong>Monacho-</strong></span> 
     </span>
    </p>
   </div>
   <div class='ocr_carea' id='block_1_82' title="bbox 1971 2018 3560 2091">
    <p class='ocr_par' dir='ltr' id='par_1_82' title="bbox 1971 2018 3560 2091">
     <span class='ocr_line' id='line_1_82' title="bbox 1971 2018 3560 2091; baseline 0.003 -17"><span class='ocrx_word' id='word_1_623' title='bbox 1971 2035 2091 2075; x_wconf 90' lang='lat' dir='ltr'><strong>rum</strong></span> <span class='ocrx_word' id='word_1_624' title='bbox 2131 2020 2253 2074; x_wconf 89' lang='lat' dir='ltr'><strong>exul</strong></span> <span class='ocrx_word' id='word_1_625' title='bbox 2297 2020 2480 2089; x_wconf 68' lang='lat' dir='ltr'><strong>patria:</strong></span> <span class='ocrx_word' id='word_1_626' title='bbox 2505 2059 2520 2082; x_wconf 94' lang='lat'><strong>,</strong></span> <span class='ocrx_word' id='word_1_627' title='bbox 2553 2034 2658 2073; x_wconf 92' lang='lat' dir='ltr'><strong>non</strong></span> <span class='ocrx_word' id='word_1_628' title='bbox 2699 2019 2822 2074; x_wconf 90' lang='lat' dir='ltr'><strong>exul</strong></span> <span class='ocrx_word' id='word_1_629' title='bbox 2865 2028 2948 2072; x_wconf 89' lang='lat' dir='ltr'><strong>est</strong></span> <span class='ocrx_word' id='word_1_630' title='bbox 2987 2018 3214 2073; x_wconf 86' lang='lat' dir='ltr'><strong>mundi?</strong></span> <span class='ocrx_word' id='word_1_631' title='bbox 3250 2019 3388 2087; x_wconf 85' lang='lat' dir='ltr'><strong>Quid</strong></span> <span class='ocrx_word' id='word_1_632' title='bbox 3418 2034 3560 2091; x_wconf 89' lang='lat' dir='ltr'><strong>opus</strong></span> 
     </span>
    </p>
   </div>
   <div class='ocr_carea' id='block_1_83' title="bbox 1973 2109 3562 2181">
    <p class='ocr_par' dir='ltr' id='par_1_83' title="bbox 1973 2109 3562 2181">
     <span class='ocr_line' id='line_1_83' title="bbox 1973 2109 3562 2181; baseline 0.002 -15"><span class='ocrx_word' id='word_1_633' title='bbox 1973 2119 2057 2166; x_wconf 87' lang='lat' dir='ltr'><strong>est</strong></span> <span class='ocrx_word' id='word_1_634' title='bbox 2098 2115 2417 2167; x_wconf 88' lang='lat' dir='ltr'><strong>auctoritate</strong></span> <span class='ocrx_word' id='word_1_635' title='bbox 2455 2109 2703 2179; x_wconf 88' lang='lat' dir='ltr'><strong>publica;</strong></span> <span class='ocrx_word' id='word_1_636' title='bbox 2743 2119 2799 2164; x_wconf 86' lang='lat' dir='ltr'><strong>et</strong></span> <span class='ocrx_word' id='word_1_637' title='bbox 2836 2110 3104 2179; x_wconf 81' lang='lat' dir='ltr'><strong>Rescripti</strong></span> <span class='ocrx_word' id='word_1_638' title='bbox 3150 2111 3433 2181; x_wconf 86' lang='lat' dir='ltr'><strong>impendiis</strong></span> <span class='ocrx_word' id='word_1_639' title='bbox 3456 2153 3473 2180; x_wconf 93' lang='lat'><strong>,</strong></span> <span class='ocrx_word' id='word_1_640' title='bbox 3503 2124 3562 2169; x_wconf 80' lang='lat' dir='ltr'><strong>et</strong></span> 
     </span>
    </p>
   </div>
   <div class='ocr_carea' id='block_1_84' title="bbox 1975 2201 3560 2274">
    <p class='ocr_par' dir='ltr' id='par_1_84' title="bbox 1975 2201 3560 2274">
     <span class='ocr_line' id='line_1_84' title="bbox 1975 2201 3560 2274; baseline 0.001 -17"><span class='ocrx_word' id='word_1_641' title='bbox 1975 2211 2087 2257; x_wconf 90' lang='lat' dir='ltr'><strong>toto</strong></span> <span class='ocrx_word' id='word_1_642' title='bbox 2131 2204 2261 2256; x_wconf 89' lang='lat' dir='ltr'><strong>orbe</strong></span> <span class='ocrx_word' id='word_1_643' title='bbox 2307 2202 2675 2256; x_wconf 70' lang='lat' dir='ltr'><strong>discursibus?</strong></span> <span class='ocrx_word' id='word_1_644' title='bbox 2714 2201 2919 2274; x_wconf 75' lang='lat' dir='ltr'><strong>Tangat</strong></span> <span class='ocrx_word' id='word_1_645' title='bbox 2963 2201 3153 2256; x_wconf 85' lang='lat' dir='ltr'><strong>saltem</strong></span> <span class='ocrx_word' id='word_1_646' title='bbox 3203 2201 3464 2272; x_wconf 84' lang='lat' dir='ltr'><strong>digitulo,</strong></span> <span class='ocrx_word' id='word_1_647' title='bbox 3501 2212 3560 2258; x_wconf 89' lang='lat' dir='ltr'><strong>et</strong></span> 
     </span>
    </p>
   </div>
   <div class='ocr_carea' id='block_1_85' title="bbox 1974 2293 3556 2365">
    <p class='ocr_par' dir='ltr' id='par_1_85' title="bbox 1974 2293 3556 2365">
     <span class='ocr_line' id='line_1_85' title="bbox 1974 2293 3556 2365; baseline -0.002 -13"><span class='ocrx_word' id='word_1_648' title='bbox 1974 2297 2116 2352; x_wconf 89' lang='lat' dir='ltr'><strong>ultro</strong></span> <span class='ocrx_word' id='word_1_649' title='bbox 2157 2295 2441 2350; x_wconf 89' lang='lat' dir='ltr'><strong>exibimus.</strong></span> <span class='ocrx_word' id='word_1_650' title='bbox 2475 2293 2685 2348; x_wconf 87' lang='lat' dir='ltr'><strong>Domini</strong></span> <span class='ocrx_word' id='word_1_651' title='bbox 2722 2305 2794 2349; x_wconf 78' lang='lat' dir='ltr'><strong>est</strong></span> <span class='ocrx_word' id='word_1_652' title='bbox 2834 2303 2967 2347; x_wconf 85' lang='lat' dir='ltr'><strong>terra</strong></span> <span class='ocrx_word' id='word_1_653' title='bbox 2990 2335 3004 2358; x_wconf 95' lang='lat'><strong>,</strong></span> <span class='ocrx_word' id='word_1_654' title='bbox 3049 2303 3095 2348; x_wconf 85' lang='lat' dir='ltr'><strong>et</strong></span> <span class='ocrx_word' id='word_1_655' title='bbox 3138 2294 3402 2365; x_wconf 74' lang='lat' dir='ltr'><strong>plenitudo</strong></span> <span class='ocrx_word' id='word_1_656' title='bbox 3439 2294 3556 2364; x_wconf 86' lang='lat' dir='ltr'><strong>ejus</strong></span> 
     </span>
    </p>
   </div>
   <div class='ocr_carea' id='block_1_86' title="bbox 1974 2383 3410 2459">
    <p class='ocr_par' dir='ltr' id='par_1_86' title="bbox 1974 2383 3410 2459">
     <span class='ocr_line' id='line_1_86' title="bbox 1974 2383 3410 2459; baseline -0.003 -17"><span class='ocrx_word' id='word_1_657' title='bbox 1974 2387 2093 2459; x_wconf 79' lang='lat' dir='ltr'><strong>(Ps.</strong></span> <span class='ocrx_word' id='word_1_658' title='bbox 2126 2387 2216 2442; x_wconf 72' lang='lat'><strong>23.</strong></span> <span class='ocrx_word' id='word_1_659' title='bbox 2247 2387 2322 2454; x_wconf 92' lang='grc'><strong>1).</strong></span> <span class='ocrx_word' id='word_1_660' title='bbox 2349 2383 2612 2441; x_wconf 80' lang='lat' dir='ltr'><strong>Cunts&#39;rus</strong></span> <span class='ocrx_word' id='word_1_661' title='bbox 2640 2387 2757 2441; x_wconf 90' lang='lat' dir='ltr'><strong>loco</strong></span> <span class='ocrx_word' id='word_1_662' title='bbox 2781 2401 2884 2440; x_wconf 90' lang='lat' dir='ltr'><strong>non</strong></span> <span class='ocrx_word' id='word_1_663' title='bbox 2916 2395 3122 2441; x_wconf 89' lang='lat' dir='ltr'><strong>tenetur</strong></span> <span class='ocrx_word' id='word_1_664' title='bbox 3152 2385 3410 2442; x_wconf 88' lang='lat' dir='ltr'><strong>inclusus.</strong></span> 
     </span>
    </p>
   </div>
   <div class='ocr_carea' id='block_1_87' title="bbox 2048 2476 3559 2549">
    <p class='ocr_par' dir='ltr' id='par_1_87' title="bbox 2048 2476 3559 2549">
     <span class='ocr_line' id='line_1_87' title="bbox 2048 2476 3559 2549; baseline -0.001 -15"><span class='ocrx_word' id='word_1_665' title='bbox 2048 2479 2135 2534; x_wconf 88' lang='grc'><strong>11.</strong></span> <span class='ocrx_word' id='word_1_666' title='bbox 2164 2478 2432 2533; x_wconf 64' lang='grc' dir='ltr'><strong>Ριθαξιεειεει</strong></span> <span class='ocrx_word' id='word_1_667' title='bbox 2455 2519 2470 2543; x_wconf 87' lang='grc'><em>,</em></span> <span class='ocrx_word' id='word_1_668' title='bbox 2505 2476 2648 2548; x_wconf 92' lang='lat' dir='ltr'><strong>quod</strong></span> <span class='ocrx_word' id='word_1_669' title='bbox 2689 2477 2877 2532; x_wconf 84' lang='lat' dir='ltr'><strong>scribit</strong></span> <span class='ocrx_word' id='word_1_670' title='bbox 2906 2491 3005 2532; x_wconf 92' lang='lat' dir='ltr'><strong>nos</strong></span> <span class='ocrx_word' id='word_1_671' title='bbox 3032 2476 3113 2549; x_wconf 73' lang='grc' dir='ltr'><strong>(ό)</strong></span> <span class='ocrx_word' id='word_1_672' title='bbox 3139 2492 3238 2548; x_wconf 86' lang='lat' dir='ltr'><strong>per</strong></span> <span class='ocrx_word' id='word_1_673' title='bbox 3263 2486 3335 2542; x_wconf 91' lang='lat' dir='ltr'><strong>te,</strong></span> <span class='ocrx_word' id='word_1_674' title='bbox 3366 2485 3422 2532; x_wconf 92' lang='lat' dir='ltr'><strong>et</strong></span> <span class='ocrx_word' id='word_1_675' title='bbox 3445 2477 3559 2532; x_wconf 84' lang='lat' dir='ltr'><strong>Ro-</strong></span> 
     </span>
    </p>
   </div>
   <div class='ocr_carea' id='block_1_88' title="bbox 1977 2569 3562 2639">
    <p class='ocr_par' dir='ltr' id='par_1_88' title="bbox 1977 2569 3562 2639">
     <span class='ocr_line' id='line_1_88' title="bbox 1977 2569 3562 2639; baseline 0 -15"><span class='ocrx_word' id='word_1_676' title='bbox 1977 2585 2189 2624; x_wconf 84' lang='lat' dir='ltr'><strong>manam</strong></span> <span class='ocrx_word' id='word_1_677' title='bbox 2240 2569 2534 2624; x_wconf 77' lang='lat' dir='ltr'><strong>Ecclesium</strong></span> <span class='ocrx_word' id='word_1_678' title='bbox 2564 2569 2961 2624; x_wconf 86' lang='lat' dir='ltr'><strong>communicare</strong></span> <span class='ocrx_word' id='word_1_679' title='bbox 2991 2572 3038 2623; x_wconf 88' lang='lat' dir='ltr'><strong>ei</strong></span> <span class='ocrx_word' id='word_1_680' title='bbox 3066 2611 3081 2633; x_wconf 96' lang='lat'><strong>,</strong></span> <span class='ocrx_word' id='word_1_681' title='bbox 3114 2585 3141 2622; x_wconf 89' lang='lat' dir='ltr'><strong>a</strong></span> <span class='ocrx_word' id='word_1_682' title='bbox 3171 2584 3273 2639; x_wconf 89' lang='lat' dir='ltr'><strong>qua</strong></span> <span class='ocrx_word' id='word_1_683' title='bbox 3316 2569 3562 2625; x_wconf 85' lang='lat' dir='ltr'><strong>videmur</strong></span> 
     </span>
    </p>
   </div>
   <div class='ocr_carea' id='block_1_89' title="bbox 1977 2659 3558 2732">
    <p class='ocr_par' dir='ltr' id='par_1_89' title="bbox 1977 2659 3558 2732">
     <span class='ocr_line' id='line_1_89' title="bbox 1977 2659 3558 2732; baseline 0.001 -17"><span class='ocrx_word' id='word_1_684' title='bbox 1977 2659 2356 2716; x_wconf 87' lang='lat' dir='ltr'><strong>communione</strong></span> <span class='ocrx_word' id='word_1_685' title='bbox 2379 2662 2609 2729; x_wconf 88' lang='lat' dir='ltr'><strong>separati</strong></span> <span class='ocrx_word' id='word_1_686' title='bbox 2639 2677 2652 2712; x_wconf 87' lang='lat'><strong>:</strong></span> <span class='ocrx_word' id='word_1_687' title='bbox 2679 2675 2783 2715; x_wconf 92' lang='lat' dir='ltr'><strong>non</strong></span> <span class='ocrx_word' id='word_1_688' title='bbox 2810 2675 3031 2716; x_wconf 88' lang='lat' dir='ltr'><strong>necesse</strong></span> <span class='ocrx_word' id='word_1_689' title='bbox 3050 2669 3133 2715; x_wconf 91' lang='lat' dir='ltr'><strong>est</strong></span> <span class='ocrx_word' id='word_1_690' title='bbox 3154 2661 3231 2715; x_wconf 91' lang='lat' dir='ltr'><strong>ire</strong></span> <span class='ocrx_word' id='word_1_691' title='bbox 3253 2671 3356 2714; x_wconf 88' lang='lat' dir='ltr'><strong>tam</strong></span> <span class='ocrx_word' id='word_1_692' title='bbox 3378 2661 3558 2732; x_wconf 76' lang='lat' dir='ltr'><strong>longe,</strong></span> 
     </span>
    </p>
   </div>
   <div class='ocr_carea' id='block_1_90' title="bbox 1977 2752 3562 2824">
    <p class='ocr_par' dir='ltr' id='par_1_90' title="bbox 1977 2752 3562 2824">
     <span class='ocr_line' id='line_1_90' title="bbox 1977 2752 3562 2824; baseline 0 -16"><span class='ocrx_word' id='word_1_693' title='bbox 1977 2762 2033 2808; x_wconf 92' lang='lat' dir='ltr'><strong>et</strong></span> <span class='ocrx_word' id='word_1_694' title='bbox 2062 2755 2146 2808; x_wconf 90' lang='lat' dir='ltr'><strong>hic</strong></span> <span class='ocrx_word' id='word_1_695' title='bbox 2176 2754 2226 2807; x_wconf 92' lang='lat' dir='ltr'><strong>in</strong></span> <span class='ocrx_word' id='word_1_696' title='bbox 2267 2752 2548 2808; x_wconf 69' lang='lat' dir='ltr'><strong>Palmstina</strong></span> <span class='ocrx_word' id='word_1_697' title='bbox 2579 2753 2770 2808; x_wconf 88' lang='lat' dir='ltr'><strong>codem</strong></span> <span class='ocrx_word' id='word_1_698' title='bbox 2802 2753 2960 2808; x_wconf 91' lang='lat' dir='ltr'><strong>modo</strong></span> <span class='ocrx_word' id='word_1_699' title='bbox 2989 2753 3038 2808; x_wconf 90' lang='lat' dir='ltr'><strong>ei</strong></span> <span class='ocrx_word' id='word_1_700' title='bbox 3064 2753 3359 2824; x_wconf 76' lang='lat' dir='ltr'><strong>jungimur.</strong></span> <span class='ocrx_word' id='word_1_701' title='bbox 3393 2753 3460 2811; x_wconf 88' lang='lat' dir='ltr'><strong>Et</strong></span> <span class='ocrx_word' id='word_1_702' title='bbox 3492 2771 3562 2809; x_wconf 92' lang='lat' dir='ltr'><strong>ne</strong></span> 
     </span>
    </p>
   </div>
   <div class='ocr_carea' id='block_1_91' title="bbox 1980 2843 3563 2916">
    <p class='ocr_par' dir='ltr' id='par_1_91' title="bbox 1980 2843 3563 2916">
     <span class='ocr_line' id='line_1_91' title="bbox 1980 2843 3563 2916; baseline 0 -16"><span class='ocrx_word' id='word_1_703' title='bbox 1980 2847 2082 2901; x_wconf 88' lang='lat' dir='ltr'><strong>hoc</strong></span> <span class='ocrx_word' id='word_1_704' title='bbox 2104 2845 2244 2915; x_wconf 94' lang='lat' dir='ltr'><strong>quod</strong></span> <span class='ocrx_word' id='word_1_705' title='bbox 2275 2843 2461 2914; x_wconf 89' lang='lat' dir='ltr'><strong>procul</strong></span> <span class='ocrx_word' id='word_1_706' title='bbox 2491 2844 2594 2907; x_wconf 93' lang='lat' dir='ltr'><strong>sit,</strong></span> <span class='ocrx_word' id='word_1_707' title='bbox 2631 2845 2682 2899; x_wconf 90' lang='lat' dir='ltr'><strong>in</strong></span> <span class='ocrx_word' id='word_1_708' title='bbox 2715 2844 2890 2898; x_wconf 92' lang='lat' dir='ltr'><strong>viculo</strong></span> <span class='ocrx_word' id='word_1_709' title='bbox 2922 2844 3196 2900; x_wconf 83' lang='lat' dir='ltr'><strong>Bethleem</strong></span> <span class='ocrx_word' id='word_1_710' title='bbox 3225 2844 3563 2916; x_wconf 75' lang='lat' dir='ltr'><strong>Presbyter-is</strong></span> 
     </span>
    </p>
   </div>
   <div class='ocr_carea' id='block_1_92' title="bbox 1976 2934 3557 3006">
    <p class='ocr_par' dir='ltr' id='par_1_92' title="bbox 1976 2934 3557 3006">
     <span class='ocr_line' id='line_1_92' title="bbox 1976 2934 3557 3006; baseline -0.002 -15"><span class='ocrx_word' id='word_1_711' title='bbox 1976 2937 2124 3004; x_wconf 85' lang='lat' dir='ltr'><strong>ejus,</strong></span> <span class='ocrx_word' id='word_1_712' title='bbox 2153 2946 2407 3006; x_wconf 82' lang='lat' dir='ltr'><strong>quantum</strong></span> <span class='ocrx_word' id='word_1_713' title='bbox 2435 2936 2487 2989; x_wconf 93' lang='lat' dir='ltr'><strong>in</strong></span> <span class='ocrx_word' id='word_1_714' title='bbox 2517 2934 2674 2989; x_wconf 87' lang='lat' dir='ltr'><strong>nobis</strong></span> <span class='ocrx_word' id='word_1_715' title='bbox 2702 2937 2828 2998; x_wconf 81' lang='lat' dir='ltr'><strong>&#39;est,</strong></span> <span class='ocrx_word' id='word_1_716' title='bbox 2862 2935 3241 2990; x_wconf 89' lang='lat' dir='ltr'><strong>communione</strong></span> <span class='ocrx_word' id='word_1_717' title='bbox 3268 2935 3557 2990; x_wconf 84' lang='lat' dir='ltr'><strong>sociamur.</strong></span> 
     </span>
    </p>
   </div>
   <div class='ocr_carea' id='block_1_93' title="bbox 1981 3027 3564 3099">
    <p class='ocr_par' dir='ltr' id='par_1_93' title="bbox 1981 3027 3564 3099">
     <span class='ocr_line' id='line_1_93' title="bbox 1981 3027 3564 3099; baseline -0.003 -15"><span class='ocrx_word' id='word_1_718' title='bbox 1981 3029 2058 3084; x_wconf 89' lang='lat' dir='ltr'><strong>Ex</strong></span> <span class='ocrx_word' id='word_1_719' title='bbox 2086 3045 2193 3098; x_wconf 90' lang='lat' dir='ltr'><strong>quo</strong></span> <span class='ocrx_word' id='word_1_720' title='bbox 2224 3029 2562 3099; x_wconf 89' lang='lat' dir='ltr'><strong>perspicuum</strong></span> <span class='ocrx_word' id='word_1_721' title='bbox 2602 3037 2716 3091; x_wconf 89' lang='lat' dir='ltr'><strong>est,</strong></span> <span class='ocrx_word' id='word_1_722' title='bbox 2749 3027 2991 3082; x_wconf 80' lang='lat' dir='ltr'><strong>dolorem</strong></span> <span class='ocrx_word' id='word_1_723' title='bbox 3032 3028 3302 3098; x_wconf 90' lang='lat' dir='ltr'><strong>proprium</strong></span> <span class='ocrx_word' id='word_1_724' title='bbox 3341 3041 3564 3083; x_wconf 83' lang='lat' dir='ltr'><strong>causam</strong></span> 
     </span>
    </p>
   </div>
   <div class='ocr_carea' id='block_1_94' title="bbox 1983 3118 3567 3192">
    <p class='ocr_par' dir='ltr' id='par_1_94' title="bbox 1983 3118 3567 3192">
     <span class='ocr_line' id='line_1_94' title="bbox 1983 3118 3567 3192; baseline -0.004 -14"><span class='ocrx_word' id='word_1_725' title='bbox 1983 3123 2238 3178; x_wconf 63' lang='lat' dir='ltr'><strong>Ecclesiae</strong></span> <span class='ocrx_word' id='word_1_726' title='bbox 2279 3137 2384 3177; x_wconf 91' lang='lat' dir='ltr'><strong>non</strong></span> <span class='ocrx_word' id='word_1_727' title='bbox 2429 3120 2719 3192; x_wconf 89' lang='lat' dir='ltr'><strong>putandum</strong></span> <span class='ocrx_word' id='word_1_728' title='bbox 2751 3139 2764 3174; x_wconf 93' lang='lat'>:</span> <span class='ocrx_word' id='word_1_729' title='bbox 2797 3135 2892 3174; x_wconf 85' lang='lat' dir='ltr'><strong>nec</strong></span> <span class='ocrx_word' id='word_1_730' title='bbox 2922 3119 3257 3174; x_wconf 87' lang='lat' dir='ltr'><strong>stomachum</strong></span> <span class='ocrx_word' id='word_1_731' title='bbox 3287 3118 3443 3173; x_wconf 85' lang='lat' dir='ltr'><strong>unius</strong></span> <span class='ocrx_word' id='word_1_732' title='bbox 3469 3121 3567 3171; x_wconf 83' lang='lat' dir='ltr'><strong>ho-</strong></span> 
     </span>
    </p>
   </div>
   <div class='ocr_carea' id='block_1_95' title="bbox 1980 3210 3566 3284">
    <p class='ocr_par' dir='ltr' id='par_1_95' title="bbox 1980 3210 3566 3284">
     <span class='ocr_line' id='line_1_95' title="bbox 1980 3210 3566 3284; baseline -0.001 -15"><span class='ocrx_word' id='word_1_733' title='bbox 1980 3215 2180 3280; x_wconf 88' lang='lat' dir='ltr'><strong>minis,</strong></span> <span class='ocrx_word' id='word_1_734' title='bbox 2217 3214 2326 3268; x_wconf 86' lang='lat' dir='ltr'><strong>imo</strong></span> <span class='ocrx_word' id='word_1_735' title='bbox 2372 3227 2468 3284; x_wconf 71' lang='lat' dir='ltr'><strong>per</strong></span> <span class='ocrx_word' id='word_1_736' title='bbox 2516 3213 2664 3266; x_wconf 91' lang='lat' dir='ltr'><strong>illum</strong></span> <span class='ocrx_word' id='word_1_737' title='bbox 2707 3212 2931 3266; x_wconf 88' lang='lat' dir='ltr'><strong>aliorum</strong></span> <span class='ocrx_word' id='word_1_738' title='bbox 2957 3253 2974 3278; x_wconf 95' lang='lat'><strong>,</strong></span> <span class='ocrx_word' id='word_1_739' title='bbox 3017 3211 3252 3282; x_wconf 77' lang='lat' dir='ltr'><strong>generali</strong></span> <span class='ocrx_word' id='word_1_740' title='bbox 3304 3210 3566 3268; x_wconf 69' lang='lat' dir='ltr'><strong>Ecclesiae</strong></span> 
     </span>
    </p>
   </div>
   <div class='ocr_carea' id='block_1_96' title="bbox 1981 3302 3570 3374">
    <p class='ocr_par' dir='ltr' id='par_1_96' title="bbox 1981 3302 3570 3374">
     <span class='ocr_line' id='line_1_96' title="bbox 1981 3302 3570 3374; baseline -0.002 -12"><span class='ocrx_word' id='word_1_741' title='bbox 1981 3305 2245 3362; x_wconf 85' lang='lat' dir='ltr'><strong>vocabulo</strong></span> <span class='ocrx_word' id='word_1_742' title='bbox 2286 3304 2720 3371; x_wconf 81' lang='lat' dir='ltr'><strong>ututcnpaudunt.</strong></span> <span class='ocrx_word' id='word_1_743' title='bbox 2750 3303 3086 3374; x_wconf 88' lang='lat' dir='ltr'><strong>Quapropter</strong></span> <span class='ocrx_word' id='word_1_744' title='bbox 3111 3303 3256 3374; x_wconf 90' lang='lat' dir='ltr'><strong>quod</strong></span> <span class='ocrx_word' id='word_1_745' title='bbox 3285 3303 3338 3358; x_wconf 90' lang='lat' dir='ltr'><strong>in</strong></span> <span class='ocrx_word' id='word_1_746' title='bbox 3367 3302 3570 3374; x_wconf 83' lang='lat' dir='ltr'><strong>princi-</strong></span> 
     </span>
    </p>
   </div>
   <div class='ocr_carea' id='block_1_97' title="bbox 1985 3393 3567 3468">
    <p class='ocr_par' dir='ltr' id='par_1_97' title="bbox 1985 3393 3567 3468">
     <span class='ocr_line' id='line_1_97' title="bbox 1985 3393 3567 3468; baseline 0 -17"><span class='ocrx_word' id='word_1_747' title='bbox 1985 3397 2073 3468; x_wconf 89' lang='lat' dir='ltr'><strong>pio</strong></span> <span class='ocrx_word' id='word_1_748' title='bbox 2099 3396 2356 3464; x_wconf 76' lang='lat' dir='ltr'><strong>Epistola:</strong></span> <span class='ocrx_word' id='word_1_749' title='bbox 2377 3395 2507 3453; x_wconf 89' lang='lat' dir='ltr'><strong>dixi.</strong></span> <span class='ocrx_word' id='word_1_750' title='bbox 2528 3397 2688 3449; x_wconf 88' lang='lat' dir='ltr'><strong>etiam</strong></span> <span class='ocrx_word' id='word_1_751' title='bbox 2709 3409 2851 3449; x_wconf 91' lang='lat' dir='ltr'><strong>nunc</strong></span> <span class='ocrx_word' id='word_1_752' title='bbox 2874 3404 3082 3463; x_wconf 83' lang='lat' dir='ltr'><strong>repeto,</strong></span> <span class='ocrx_word' id='word_1_753' title='bbox 3103 3409 3202 3448; x_wconf 91' lang='lat' dir='ltr'><strong>nos</strong></span> <span class='ocrx_word' id='word_1_754' title='bbox 3218 3393 3355 3449; x_wconf 90' lang='lat' dir='ltr'><strong>velle</strong></span> <span class='ocrx_word' id='word_1_755' title='bbox 3379 3409 3567 3465; x_wconf 85' lang='lat' dir='ltr'><strong>pacem</strong></span> 
     </span>
    </p>
   </div>
   <div class='ocr_carea' id='block_1_98' title="bbox 1984 3483 3568 3554">
    <p class='ocr_par' dir='ltr' id='par_1_98' title="bbox 1984 3483 3568 3554">
     <span class='ocr_line' id='line_1_98' title="bbox 1984 3483 3568 3554; baseline -0.001 -12"><span class='ocrx_word' id='word_1_756' title='bbox 1984 3486 2223 3550; x_wconf 86' lang='lat' dir='ltr'><strong>Christi,</strong></span> <span class='ocrx_word' id='word_1_757' title='bbox 2256 3495 2443 3554; x_wconf 89' lang='lat' dir='ltr'><strong>optare</strong></span> <span class='ocrx_word' id='word_1_758' title='bbox 2482 3483 2825 3539; x_wconf 89' lang='lat' dir='ltr'><strong>concordiam</strong></span> <span class='ocrx_word' id='word_1_759' title='bbox 2853 3502 2866 3539; x_wconf 90' lang='lat'><strong>:</strong></span> <span class='ocrx_word' id='word_1_760' title='bbox 2891 3493 2943 3538; x_wconf 88' lang='lat' dir='ltr'><strong>et</strong></span> <span class='ocrx_word' id='word_1_761' title='bbox 2985 3493 3038 3538; x_wconf 91' lang='lat' dir='ltr'><strong>te</strong></span> <span class='ocrx_word' id='word_1_762' title='bbox 3075 3498 3268 3554; x_wconf 72' lang='lat' dir='ltr'><strong>rogare</strong></span> <span class='ocrx_word' id='word_1_763' title='bbox 3291 3524 3307 3550; x_wconf 93' lang='lat'><strong>,</strong></span> <span class='ocrx_word' id='word_1_764' title='bbox 3333 3495 3388 3538; x_wconf 92' lang='lat' dir='ltr'><strong>ut</strong></span> <span class='ocrx_word' id='word_1_765' title='bbox 3417 3483 3568 3541; x_wconf 87' lang='lat' dir='ltr'><strong>illum</strong></span> 
     </span>
    </p>
   </div>
   <div class='ocr_carea' id='block_1_99' title="bbox 1986 3574 3566 3650">
    <p class='ocr_par' dir='ltr' id='par_1_99' title="bbox 1986 3574 3566 3650">
     <span class='ocr_line' id='line_1_99' title="bbox 1986 3574 3566 3650; baseline -0.001 -19"><span class='ocrx_word' id='word_1_766' title='bbox 1986 3575 2080 3650; x_wconf 79' lang='lat' dir='ltr'><strong>[aL</strong></span> <span class='ocrx_word' id='word_1_767' title='bbox 2110 3574 2247 3649; x_wconf 83' lang='lat' dir='ltr'><strong>illas]</strong></span> <span class='ocrx_word' id='word_1_768' title='bbox 2277 3591 2499 3631; x_wconf 63' lang='lat' dir='ltr'><strong>tno.zeas</strong></span> <span class='ocrx_word' id='word_1_769' title='bbox 2519 3618 2532 3638; x_wconf 87' lang='lat'><strong><em>.</em></strong></span> <span class='ocrx_word' id='word_1_770' title='bbox 2567 3591 2750 3644; x_wconf 83' lang='lat' dir='ltr'><strong>pacem</strong></span> <span class='ocrx_word' id='word_1_771' title='bbox 2780 3590 2886 3630; x_wconf 93' lang='lat' dir='ltr'><strong>non</strong></span> <span class='ocrx_word' id='word_1_772' title='bbox 2915 3584 3258 3644; x_wconf 88' lang='lat' dir='ltr'><strong>extorquere,</strong></span> <span class='ocrx_word' id='word_1_773' title='bbox 3284 3575 3380 3630; x_wconf 89' lang='lat' dir='ltr'><strong>sed</strong></span> <span class='ocrx_word' id='word_1_774' title='bbox 3409 3576 3566 3630; x_wconf 89' lang='lat' dir='ltr'><strong>velle.</strong></span> 
     </span>
    </p>
   </div>
   <div class='ocr_carea' id='block_1_100' title="bbox 1987 3665 3572 3738">
    <p class='ocr_par' dir='ltr' id='par_1_100' title="bbox 1987 3665 3572 3738">
     <span class='ocr_line' id='line_1_100' title="bbox 1987 3665 3572 3738; baseline -0.003 -14"><span class='ocrx_word' id='word_1_775' title='bbox 1987 3669 2070 3724; x_wconf 89' lang='lat' dir='ltr'><strong>Sit</strong></span> <span class='ocrx_word' id='word_1_776' title='bbox 2112 3670 2504 3738; x_wconf 52' lang='lat' dir='ltr'><strong>praiteritarutn</strong></span> <span class='ocrx_word' id='word_1_777' title='bbox 2551 3677 2854 3721; x_wconf 88' lang='lat' dir='ltr'><strong>nostrarum</strong></span> <span class='ocrx_word' id='word_1_778' title='bbox 2899 3666 3341 3720; x_wconf 76' lang='lat' dir='ltr'><strong>contumeliarum</strong></span> <span class='ocrx_word' id='word_1_779' title='bbox 3385 3665 3572 3720; x_wconf 89' lang='lat' dir='ltr'><strong>dolore</strong></span> 
     </span>
    </p>
   </div>
   <div class='ocr_carea' id='block_1_101' title="bbox 1988 3756 3575 3820">
    <p class='ocr_par' dir='ltr' id='par_1_101' title="bbox 1988 3756 3575 3820">
     <span class='ocr_line' id='line_1_101' title="bbox 1988 3756 3575 3820; baseline -0.002 -5"><span class='ocrx_word' id='word_1_780' title='bbox 1988 3769 2296 3815; x_wconf 80' lang='lat' dir='ltr'><strong>cententus.</strong></span> <span class='ocrx_word' id='word_1_781' title='bbox 2331 3759 2580 3812; x_wconf 82' lang='lat' dir='ltr'><strong>Veterata</strong></span> <span class='ocrx_word' id='word_1_782' title='bbox 2622 3759 2844 3812; x_wconf 86' lang='lat' dir='ltr'><strong>vulnera</strong></span> <span class='ocrx_word' id='word_1_783' title='bbox 2867 3798 2881 3820; x_wconf 93' lang='lat'><strong>,</strong></span> <span class='ocrx_word' id='word_1_784' title='bbox 2911 3757 3101 3812; x_wconf 88' lang='lat' dir='ltr'><strong>saltem</strong></span> <span class='ocrx_word' id='word_1_785' title='bbox 3146 3773 3283 3811; x_wconf 88' lang='lat' dir='ltr'><strong>nova</strong></span> <span class='ocrx_word' id='word_1_786' title='bbox 3323 3756 3575 3812; x_wconf 84' lang='lat' dir='ltr'><strong>obliteret</strong></span> 
     </span>
    </p>
   </div>
   <div class='ocr_carea' id='block_1_102' title="bbox 1989 3849 3573 3920">
    <p class='ocr_par' dir='ltr' id='par_1_102' title="bbox 1989 3849 3573 3920">
     <span class='ocr_line' id='line_1_102' title="bbox 1989 3849 3573 3920; baseline -0.003 -13"><span class='ocrx_word' id='word_1_787' title='bbox 1989 3853 2232 3907; x_wconf 87' lang='lat' dir='ltr'><strong>caritate.</strong></span> <span class='ocrx_word' id='word_1_788' title='bbox 2280 3850 2361 3904; x_wconf 91' lang='lat' dir='ltr'><strong>Sit</strong></span> <span class='ocrx_word' id='word_1_789' title='bbox 2404 3850 2524 3902; x_wconf 89' lang='lat' dir='ltr'><strong>talis</strong></span> <span class='ocrx_word' id='word_1_790' title='bbox 2546 3890 2561 3916; x_wconf 96' lang='lat'><strong>,</strong></span> <span class='ocrx_word' id='word_1_791' title='bbox 2590 3849 2764 3919; x_wconf 90' lang='lat' dir='ltr'><strong>qualis</strong></span> <span class='ocrx_word' id='word_1_792' title='bbox 2789 3860 2914 3904; x_wconf 89' lang='lat' dir='ltr'><strong>ante</strong></span> <span class='ocrx_word' id='word_1_793' title='bbox 2942 3849 3037 3903; x_wconf 80' lang='lat' dir='ltr'><strong>fuit</strong></span> <span class='ocrx_word' id='word_1_794' title='bbox 3057 3890 3072 3912; x_wconf 91' lang='lat'><strong>,</strong></span> <span class='ocrx_word' id='word_1_795' title='bbox 3102 3849 3316 3920; x_wconf 89' lang='lat' dir='ltr'><strong>quando</strong></span> <span class='ocrx_word' id='word_1_796' title='bbox 3346 3863 3446 3903; x_wconf 85' lang='lat' dir='ltr'><strong>nos</strong></span> <span class='ocrx_word' id='word_1_797' title='bbox 3473 3863 3573 3903; x_wconf 87' lang='lat' dir='ltr'><strong>suo</strong></span> 
     </span>
    </p>
   </div>
   <div class='ocr_carea' id='block_1_103' title="bbox 1992 3940 3574 4013">
    <p class='ocr_par' dir='ltr' id='par_1_103' title="bbox 1992 3940 3574 4013">
     <span class='ocr_line' id='line_1_103' title="bbox 1992 3940 3574 4013; baseline -0.002 -15"><span class='ocrx_word' id='word_1_798' title='bbox 1992 3945 2216 3999; x_wconf 89' lang='lat' dir='ltr'><strong>arbitrio</strong></span> <span class='ocrx_word' id='word_1_799' title='bbox 2243 3943 2515 4013; x_wconf 79' lang='lat' dir='ltr'><strong>diligebat.</strong></span> <span class='ocrx_word' id='word_1_800' title='bbox 2544 3941 2714 3996; x_wconf 84' lang='lat' dir='ltr'><strong>Verba</strong></span> <span class='ocrx_word' id='word_1_801' title='bbox 2757 3943 2809 3997; x_wconf 90' lang='lat' dir='ltr'><strong>ei</strong></span> <span class='ocrx_word' id='word_1_802' title='bbox 2850 3941 2918 3996; x_wconf 90' lang='lat' dir='ltr'><strong>de</strong></span> <span class='ocrx_word' id='word_1_803' title='bbox 2958 3942 3134 3996; x_wconf 88' lang='lat' dir='ltr'><strong>alieno</strong></span> <span class='ocrx_word' id='word_1_804' title='bbox 3163 3940 3440 3998; x_wconf 89' lang='lat' dir='ltr'><strong>stomacho</strong></span> <span class='ocrx_word' id='word_1_805' title='bbox 3466 3956 3574 3996; x_wconf 89' lang='lat' dir='ltr'><strong>non</strong></span> 
     </span>
    </p>
   </div>
   <div class='ocr_carea' id='block_1_104' title="bbox 1993 4032 3576 4104">
    <p class='ocr_par' dir='ltr' id='par_1_104' title="bbox 1993 4032 3576 4104">
     <span class='ocr_line' id='line_1_104' title="bbox 1993 4032 3576 4104; baseline -0.002 -14"><span class='ocrx_word' id='word_1_806' title='bbox 1993 4035 2180 4090; x_wconf 80' lang='lat' dir='ltr'><strong>ﬂuant.</strong></span> <span class='ocrx_word' id='word_1_807' title='bbox 2219 4035 2402 4090; x_wconf 86' lang='lat' dir='ltr'><strong>Faciat</strong></span> <span class='ocrx_word' id='word_1_808' title='bbox 2427 4033 2569 4104; x_wconf 92' lang='lat' dir='ltr'><strong>quod</strong></span> <span class='ocrx_word' id='word_1_809' title='bbox 2597 4034 2711 4086; x_wconf 91' lang='lat' dir='ltr'><strong>vult</strong></span> <span class='ocrx_word' id='word_1_810' title='bbox 2734 4075 2748 4099; x_wconf 90' lang='lat'><strong>,</strong></span> <span class='ocrx_word' id='word_1_811' title='bbox 2782 4043 2836 4088; x_wconf 93' lang='lat' dir='ltr'><strong>et</strong></span> <span class='ocrx_word' id='word_1_812' title='bbox 2865 4049 2972 4089; x_wconf 92' lang='lat' dir='ltr'><strong>non</strong></span> <span class='ocrx_word' id='word_1_813' title='bbox 3004 4032 3145 4103; x_wconf 85' lang='lat' dir='ltr'><strong>quod</strong></span> <span class='ocrx_word' id='word_1_814' title='bbox 3170 4034 3308 4088; x_wconf 88' lang='lat' dir='ltr'><strong>velle</strong></span> <span class='ocrx_word' id='word_1_815' title='bbox 3333 4032 3576 4102; x_wconf 66' lang='lat' dir='ltr'><strong>compelo</strong></span> 
     </span>
    </p>
   </div>
   <div class='ocr_carea' id='block_1_105' title="bbox 1993 4123 3576 4193">
    <p class='ocr_par' dir='ltr' id='par_1_105' title="bbox 1993 4123 3576 4193">
     <span class='ocr_line' id='line_1_105' title="bbox 1993 4123 3576 4193; baseline -0.003 -12"><span class='ocrx_word' id='word_1_816' title='bbox 1993 4128 2140 4182; x_wconf 92' lang='lat' dir='ltr'><strong>litur.</strong></span> <span class='ocrx_word' id='word_1_817' title='bbox 2171 4127 2289 4181; x_wconf 77' lang='lat' dir='ltr'><strong>Aur</strong></span> <span class='ocrx_word' id='word_1_818' title='bbox 2310 4139 2463 4190; x_wconf 76' lang='lat' dir='ltr'><strong>QUAS!</strong></span> <span class='ocrx_word' id='word_1_819' title='bbox 2486 4125 2756 4181; x_wconf 74' lang='lat' dir='ltr'><strong>Posrtrsx</strong></span> <span class='ocrx_word' id='word_1_820' title='bbox 2777 4125 2988 4180; x_wconf 88' lang='lat' dir='ltr'><strong>cunctis</strong></span> <span class='ocrx_word' id='word_1_821' title='bbox 3015 4123 3290 4193; x_wconf 68' lang='lat' dir='ltr'><strong>aequaliter</strong></span> <span class='ocrx_word' id='word_1_822' title='bbox 3309 4125 3576 4193; x_wconf 89' lang='lat' dir='ltr'><strong>imperet;</strong></span> 
     </span>
    </p>
   </div>
   <div class='ocr_carea' id='block_1_106' title="bbox 1996 4215 3577 4290">
    <p class='ocr_par' dir='ltr' id='par_1_106' title="bbox 1996 4215 3577 4290">
     <span class='ocr_line' id='line_1_106' title="bbox 1996 4215 3577 4290; baseline -0.001 -18"><span class='ocrx_word' id='word_1_823' title='bbox 1996 4229 2088 4274; x_wconf 89' lang='lat' dir='ltr'><strong>aut</strong></span> <span class='ocrx_word' id='word_1_824' title='bbox 2117 4218 2267 4290; x_wconf 84' lang='lat' dir='ltr'><strong>quasi</strong></span> <span class='ocrx_word' id='word_1_825' title='bbox 2319 4219 2554 4273; x_wconf 90' lang='lat' dir='ltr'><strong>imitator</strong></span> <span class='ocrx_word' id='word_1_826' title='bbox 2595 4216 2835 4286; x_wconf 82' lang='lat' dir='ltr'><strong>Apostoli</strong></span> <span class='ocrx_word' id='word_1_827' title='bbox 2863 4257 2880 4284; x_wconf 95' lang='lat'><strong>,</strong></span> <span class='ocrx_word' id='word_1_828' title='bbox 2910 4217 3282 4272; x_wconf 89' lang='lat' dir='ltr'><strong>universorum</strong></span> <span class='ocrx_word' id='word_1_829' title='bbox 3315 4215 3472 4272; x_wconf 89' lang='lat' dir='ltr'><strong>saluti</strong></span> <span class='ocrx_word' id='word_1_830' title='bbox 3509 4230 3577 4271; x_wconf 83' lang='lat' dir='ltr'><strong>ex</strong></span> 
     </span>
    </p>
   </div>
   <div class='ocr_carea' id='block_1_107' title="bbox 1997 4305 3580 4380">
    <p class='ocr_par' dir='ltr' id='par_1_107' title="bbox 1997 4305 3580 4380">
     <span class='ocr_line' id='line_1_107' title="bbox 1997 4305 3580 4380; baseline -0.001 -16"><span class='ocrx_word' id='word_1_831' title='bbox 1997 4325 2152 4380; x_wconf 67' lang='lat' dir='ltr'><strong>tequo</strong></span> <span class='ocrx_word' id='word_1_832' title='bbox 2177 4309 2396 4364; x_wconf 88' lang='lat' dir='ltr'><strong>serviat.</strong></span> <span class='ocrx_word' id='word_1_833' title='bbox 2425 4307 2480 4363; x_wconf 91' lang='lat' dir='ltr'><strong>Si</strong></span> <span class='ocrx_word' id='word_1_834' title='bbox 2508 4307 2668 4362; x_wconf 89' lang='lat' dir='ltr'><strong>talem</strong></span> <span class='ocrx_word' id='word_1_835' title='bbox 2690 4321 2748 4362; x_wconf 85' lang='lat' dir='ltr'><strong>se</strong></span> <span class='ocrx_word' id='word_1_836' title='bbox 2773 4307 3083 4376; x_wconf 63' lang='lat' dir='ltr'><strong>praebuerit,</strong></span> <span class='ocrx_word' id='word_1_837' title='bbox 3113 4305 3254 4362; x_wconf 89' lang='lat' dir='ltr'><strong>ultro</strong></span> <span class='ocrx_word' id='word_1_838' title='bbox 3280 4309 3580 4377; x_wconf 68' lang='lat' dir='ltr'><strong>praebemus</strong></span> 
     </span>
    </p>
   </div>
   <div class='ocr_carea' id='block_1_108' title="bbox 1999 4399 3578 4472">
    <p class='ocr_par' dir='ltr' id='par_1_108' title="bbox 1999 4399 3578 4472">
     <span class='ocr_line' id='line_1_108' title="bbox 1999 4399 3578 4472; baseline -0.003 -15"><span class='ocrx_word' id='word_1_839' title='bbox 1999 4417 2212 4468; x_wconf 88' lang='lat' dir='ltr'><strong>manus,</strong></span> <span class='ocrx_word' id='word_1_840' title='bbox 2233 4402 2571 4457; x_wconf 85' lang='lat' dir='ltr'><strong>extendimus</strong></span> <span class='ocrx_word' id='word_1_841' title='bbox 2601 4399 2816 4454; x_wconf 86' lang='lat' dir='ltr'><strong>brachia</strong></span> <span class='ocrx_word' id='word_1_842' title='bbox 2841 4417 2856 4465; x_wconf 90' lang='lat'><strong>;</strong></span> <span class='ocrx_word' id='word_1_843' title='bbox 2887 4399 3091 4454; x_wconf 88' lang='lat' dir='ltr'><strong>amicos</strong></span> <span class='ocrx_word' id='word_1_844' title='bbox 3162 4399 3319 4472; x_wconf 71' lang='lat'><strong>521</strong></span> <span class='ocrx_word' id='word_1_845' title='bbox 3395 4407 3450 4455; x_wconf 89' lang='lat' dir='ltr'><strong>et</strong></span> <span class='ocrx_word' id='word_1_846' title='bbox 3480 4414 3578 4470; x_wconf 86' lang='lat' dir='ltr'><strong>pa-</strong></span> 
     </span>
    </p>
   </div>
   <div class='ocr_carea' id='block_1_109' title="bbox 2000 4490 3581 4558">
    <p class='ocr_par' dir='ltr' id='par_1_109' title="bbox 2000 4490 3581 4558">
     <span class='ocr_line' id='line_1_109' title="bbox 2000 4490 3581 4558; baseline -0.002 -8"><span class='ocrx_word' id='word_1_847' title='bbox 2000 4504 2182 4550; x_wconf 89' lang='lat' dir='ltr'><strong>rentes</strong></span> <span class='ocrx_word' id='word_1_848' title='bbox 2227 4495 2454 4558; x_wconf 89' lang='lat' dir='ltr'><strong>habeat;</strong></span> <span class='ocrx_word' id='word_1_849' title='bbox 2484 4501 2539 4548; x_wconf 91' lang='lat' dir='ltr'><strong>et</strong></span> <span class='ocrx_word' id='word_1_850' title='bbox 2562 4491 2759 4546; x_wconf 89' lang='lat' dir='ltr'><strong>sentiat</strong></span> <span class='ocrx_word' id='word_1_851' title='bbox 2795 4490 2850 4545; x_wconf 90' lang='lat' dir='ltr'><strong>in</strong></span> <span class='ocrx_word' id='word_1_852' title='bbox 2892 4490 3143 4557; x_wconf 86' lang='lat' dir='ltr'><strong>Christo,</strong></span> <span class='ocrx_word' id='word_1_853' title='bbox 3171 4491 3309 4544; x_wconf 90' lang='lat' dir='ltr'><strong>sicut</strong></span> <span class='ocrx_word' id='word_1_854' title='bbox 3330 4491 3581 4547; x_wconf 84' lang='lat' dir='ltr'><strong>omnibus</strong></span> 
     </span>
    </p>
   </div>
   <div class='ocr_carea' id='block_1_110' title="bbox 1997 4580 3582 4653">
    <p class='ocr_par' dir='ltr' id='par_1_110' title="bbox 1997 4580 3582 4653">
     <span class='ocr_line' id='line_1_110' title="bbox 1997 4580 3582 4653; baseline -0.002 -10"><span class='ocrx_word' id='word_1_855' title='bbox 1997 4587 2246 4653; x_wconf 87' lang='lat' dir='ltr'><strong>Sanctis,</strong></span> <span class='ocrx_word' id='word_1_856' title='bbox 2297 4587 2367 4640; x_wconf 90' lang='lat' dir='ltr'><strong>ita</strong></span> <span class='ocrx_word' id='word_1_857' title='bbox 2417 4593 2473 4639; x_wconf 91' lang='lat' dir='ltr'><strong>et</strong></span> <span class='ocrx_word' id='word_1_858' title='bbox 2517 4583 2616 4637; x_wconf 89' lang='lat' dir='ltr'><strong>sibi</strong></span> <span class='ocrx_word' id='word_1_859' title='bbox 2666 4595 2762 4636; x_wconf 89' lang='lat' dir='ltr'><strong>nos</strong></span> <span class='ocrx_word' id='word_1_860' title='bbox 2810 4596 2933 4636; x_wconf 87' lang='lat' dir='ltr'><strong>esse</strong></span> <span class='ocrx_word' id='word_1_861' title='bbox 2981 4580 3272 4652; x_wconf 87' lang='lat' dir='ltr'><strong>subjectos.</strong></span> <span class='ocrx_word' id='word_1_862' title='bbox 3320 4600 3340 4634; x_wconf 71' lang='grc' dir='ltr'><strong>ι</strong></span> <span class='ocrx_word' id='word_1_863' title='bbox 3373 4581 3582 4640; x_wconf 83' lang='lat' dir='ltr'><strong>Caritas</strong></span> 
     </span>
    </p>
   </div>
   <div class='ocr_carea' id='block_1_111' title="bbox 2003 4663 3580 4746">
    <p class='ocr_par' dir='ltr' id='par_1_111' title="bbox 2003 4663 3580 4746">
     <span class='ocr_line' id='line_1_111' title="bbox 2003 4663 3580 4746; baseline -0.002 -16"><span class='ocrx_word' id='word_1_864' title='bbox 2003 4679 2208 4746; x_wconf 89' lang='lat' dir='ltr'><strong>patiens</strong></span> <span class='ocrx_word' id='word_1_865' title='bbox 2236 4686 2358 4741; x_wconf 91' lang='lat' dir='ltr'><strong>est,</strong></span> <span class='ocrx_word' id='word_1_866' title='bbox 2389 4674 2584 4728; x_wconf 88' lang='lat' dir='ltr'><strong>caritas</strong></span> <span class='ocrx_word' id='word_1_867' title='bbox 2610 4673 2835 4742; x_wconf 78' lang='lat' dir='ltr'><strong>benigna</strong></span> <span class='ocrx_word' id='word_1_868' title='bbox 2857 4680 2940 4727; x_wconf 91' lang='lat' dir='ltr'><strong>est</strong></span> <span class='ocrx_word' id='word_1_869' title='bbox 2958 4713 2974 4739; x_wconf 97' lang='lat'><strong>,</strong></span> <span class='ocrx_word' id='word_1_870' title='bbox 3002 4673 3198 4728; x_wconf 87' lang='lat' dir='ltr'><strong>caritas</strong></span> <span class='ocrx_word' id='word_1_871' title='bbox 3222 4689 3327 4728; x_wconf 91' lang='lat' dir='ltr'><strong>non</strong></span> <span class='ocrx_word' id='word_1_872' title='bbox 3358 4663 3580 4730; x_wconf 55' lang='lat' dir='ltr'><strong>:emulaé</strong></span> 
     </span>
    </p>
   </div>
   <div class='ocr_carea' id='block_1_112' title="bbox 2003 4763 3576 4839">
    <p class='ocr_par' dir='ltr' id='par_1_112' title="bbox 2003 4763 3576 4839">
     <span class='ocr_line' id='line_1_112' title="bbox 2003 4763 3576 4839; baseline 0 -16"><span class='ocrx_word' id='word_1_873' title='bbox 2003 4778 2089 4823; x_wconf 92' lang='lat' dir='ltr'><strong>tur</strong></span> <span class='ocrx_word' id='word_1_874' title='bbox 2111 4810 2125 4834; x_wconf 96' lang='lat'><strong>,</strong></span> <span class='ocrx_word' id='word_1_875' title='bbox 2161 4784 2266 4822; x_wconf 90' lang='lat' dir='ltr'><strong>non</strong></span> <span class='ocrx_word' id='word_1_876' title='bbox 2297 4765 2512 4820; x_wconf 84' lang='lat' dir='ltr'><strong>inﬂatur</strong></span> <span class='ocrx_word' id='word_1_877' title='bbox 2535 4805 2552 4828; x_wconf 92' lang='lat'><strong>,</strong></span> <span class='ocrx_word' id='word_1_878' title='bbox 2581 4764 2760 4818; x_wconf 87' lang='lat' dir='ltr'><strong>omnia</strong></span> <span class='ocrx_word' id='word_1_879' title='bbox 2796 4765 3063 4829; x_wconf 82' lang='lat' dir='ltr'><strong>sustinet,</strong></span> <span class='ocrx_word' id='word_1_880' title='bbox 3093 4767 3270 4820; x_wconf 87' lang='lat' dir='ltr'><strong>omnia</strong></span> <span class='ocrx_word' id='word_1_881' title='bbox 3299 4767 3469 4821; x_wconf 90' lang='lat' dir='ltr'><strong>credit</strong></span> <span class='ocrx_word' id='word_1_882' title='bbox 3499 4763 3576 4839; x_wconf 75' lang='grc'><strong>(1.</strong></span> 
     </span>
    </p>
   </div>
   <div class='ocr_carea' id='block_1_113' title="bbox 2003 4845 3582 4930">
    <p class='ocr_par' dir='ltr' id='par_1_113' title="bbox 2003 4845 3582 4930">
     <span class='ocr_line' id='line_1_113' title="bbox 2003 4845 3582 4930; baseline -0.003 -15"><span class='ocrx_word' id='word_1_883' title='bbox 2003 4859 2122 4915; x_wconf 86' lang='lat' dir='ltr'><strong>Cor.</strong></span> <span class='ocrx_word' id='word_1_884' title='bbox 2151 4859 2262 4930; x_wconf 77' lang='lat' dir='ltr'><strong>l3).</strong></span> <span class='ocrx_word' id='word_1_885' title='bbox 2290 4857 2618 4913; x_wconf 89' lang='lat' dir='ltr'><strong>Cunctarum</strong></span> <span class='ocrx_word' id='word_1_886' title='bbox 2647 4856 2899 4910; x_wconf 91' lang='lat' dir='ltr'><strong>virtutum</strong></span> <span class='ocrx_word' id='word_1_887' title='bbox 2938 4865 3110 4912; x_wconf 89' lang='lat' dir='ltr'><strong>mater</strong></span> <span class='ocrx_word' id='word_1_888' title='bbox 3135 4867 3217 4912; x_wconf 85' lang='lat' dir='ltr'><strong>est</strong></span> <span class='ocrx_word' id='word_1_889' title='bbox 3239 4859 3432 4915; x_wconf 88' lang='lat' dir='ltr'><strong>caritas</strong></span> <span class='ocrx_word' id='word_1_890' title='bbox 3456 4874 3473 4926; x_wconf 90' lang='lat'><strong>;</strong></span> <span class='ocrx_word' id='word_1_891' title='bbox 3521 4845 3582 4916; x_wconf 64' lang='lat' dir='ltr'><strong>et</strong></span> 
     </span>
    </p>
   </div>
   <div class='ocr_carea' id='block_1_114' title="bbox 2015 5030 3583 5106">
    <p class='ocr_par' dir='ltr' id='par_1_114' title="bbox 2015 5030 3583 5106">
     <span class='ocr_line' id='line_1_114' title="bbox 2015 5030 3583 5106; baseline 0.003 -21"><span class='ocrx_word' id='word_1_892' title='bbox 2015 5096 2027 5106; x_wconf 44' lang='lat'><em>.</em></span> <span class='ocrx_word' id='word_1_893' title='bbox 2069 5034 2141 5106; x_wconf 64' lang='grc' dir='ltr'><strong>(ις)</strong></span> <span class='ocrx_word' id='word_1_894' title='bbox 2174 5032 2418 5106; x_wconf 75' lang='lat' dir='ltr'><strong>Emendat</strong></span> <span class='ocrx_word' id='word_1_895' title='bbox 2439 5032 2746 5106; x_wconf 77' lang='lat' dir='ltr'><strong>Veronensis</strong></span> <span class='ocrx_word' id='word_1_896' title='bbox 2767 5030 2945 5106; x_wconf 44' lang='lat' dir='ltr'><strong>usuin</strong></span> <span class='ocrx_word' id='word_1_897' title='bbox 2963 5035 3113 5106; x_wconf 66' lang='lat' dir='ltr'><strong>editis</strong></span> <span class='ocrx_word' id='word_1_898' title='bbox 3135 5037 3267 5106; x_wconf 86' lang='lat' dir='ltr'><strong>enim</strong></span> <span class='ocrx_word' id='word_1_899' title='bbox 3305 5045 3449 5089; x_wconf 88' lang='lat' dir='ltr'><strong>antea</strong></span> <span class='ocrx_word' id='word_1_900' title='bbox 3465 5043 3583 5106; x_wconf 78' lang='lat' dir='ltr'><strong>erat</strong></span> 
     </span>
    </p>
   </div>
   <div class='ocr_carea' id='block_1_115' title="bbox 1997 5093 3587 5169">
    <p class='ocr_par' dir='ltr' id='par_1_115' title="bbox 1997 5093 3587 5169">
     <span class='ocr_line' id='line_1_115' title="bbox 1997 5093 3587 5169; baseline 0.003 -23"><span class='ocrx_word' id='word_1_901' title='bbox 1997 5093 2149 5169; x_wconf 60' lang='lat' dir='ltr'><strong>juxta</strong></span> <span class='ocrx_word' id='word_1_902' title='bbox 2169 5095 2293 5169; x_wconf 75' lang='lat' dir='ltr'><strong>quod</strong></span> <span class='ocrx_word' id='word_1_903' title='bbox 2318 5093 2538 5169; x_wconf 63' lang='lat' dir='ltr'><strong>legionis,</strong></span> <span class='ocrx_word' id='word_1_904' title='bbox 2564 5096 2757 5169; x_wconf 74' lang='lat' dir='ltr'><strong>vitiose,</strong></span> <span class='ocrx_word' id='word_1_905' title='bbox 2781 5104 2838 5146; x_wconf 89' lang='lat' dir='ltr'><strong>ut</strong></span> <span class='ocrx_word' id='word_1_906' title='bbox 2855 5095 3040 5162; x_wconf 84' lang='lat' dir='ltr'><strong>liquido</strong></span> <span class='ocrx_word' id='word_1_907' title='bbox 3059 5103 3248 5148; x_wconf 74' lang='lat' dir='ltr'><strong>constat</strong></span> <span class='ocrx_word' id='word_1_908' title='bbox 3271 5113 3334 5150; x_wconf 90' lang='lat' dir='ltr'><strong>ex</strong></span> <span class='ocrx_word' id='word_1_909' title='bbox 3356 5103 3587 5152; x_wconf 85' lang='lat' dir='ltr'><strong>orationis</strong></span> 
     </span>
    </p>
   </div>
   <div class='ocr_carea' id='block_1_116' title="bbox 2006 5164 2688 5218">
    <p class='ocr_par' dir='ltr' id='par_1_116' title="bbox 2006 5164 2688 5218">
     <span class='ocr_line' id='line_1_116' title="bbox 2006 5164 2688 5218; baseline -0.004 -10"><span class='ocrx_word' id='word_1_910' title='bbox 2006 5164 2158 5218; x_wconf 86' lang='lat' dir='ltr'><strong>serie,</strong></span> <span class='ocrx_word' id='word_1_911' title='bbox 2185 5165 2238 5207; x_wconf 80' lang='lat' dir='ltr'><strong>et.</strong></span> <span class='ocrx_word' id='word_1_912' title='bbox 2261 5164 2472 5206; x_wconf 82' lang='lat' dir='ltr'><strong>auctoris</strong></span> <span class='ocrx_word' id='word_1_913' title='bbox 2498 5164 2688 5218; x_wconf 86' lang='lat' dir='ltr'><strong>mente.</strong></span> 
     </span>
    </p>
   </div>
   <div class='ocr_carea' id='block_1_117' title="bbox 2079 5217 3586 5284">
    <p class='ocr_par' dir='ltr' id='par_1_117' title="bbox 2079 5217 3586 5284">
     <span class='ocr_line' id='line_1_117' title="bbox 2079 5217 3586 5284; baseline 0.003 -16"><span class='ocrx_word' id='word_1_914' title='bbox 2079 5219 2145 5284; x_wconf 74' lang='grc'><strong>,(1)</strong></span> <span class='ocrx_word' id='word_1_915' title='bbox 2170 5219 2445 5284; x_wconf 40' lang='lat' dir='ltr'><strong>“Sequimur</strong></span> <span class='ocrx_word' id='word_1_916' title='bbox 2467 5217 2555 5284; x_wconf 72' lang='lat' dir='ltr'><strong>Vel</strong></span> <span class='ocrx_word' id='word_1_917' title='bbox 2569 5220 2765 5284; x_wconf 70' lang='lat' dir='ltr'><strong>oneusis</strong></span> <span class='ocrx_word' id='word_1_918' title='bbox 2775 5218 3028 5284; x_wconf 10' lang='lat' dir='ltr'><strong>uastique</strong></span> <span class='ocrx_word' id='word_1_919' title='bbox 3045 5233 3108 5271; x_wconf 88' lang='lat' dir='ltr'><strong>ex</strong></span> <span class='ocrx_word' id='word_1_920' title='bbox 3121 5226 3260 5284; x_wconf 87' lang='lat' dir='ltr'><strong>parte</strong></span> <span class='ocrx_word' id='word_1_921' title='bbox 3270 5224 3457 5271; x_wconf 84' lang='lat' dir='ltr'><strong>veteris</strong></span> <span class='ocrx_word' id='word_1_922' title='bbox 3481 5223 3586 5272; x_wconf 86' lang='lat' dir='ltr'><strong>edi-</strong></span> 
     </span>
    </p>
   </div>
   <div class='ocr_carea' id='block_1_118' title="bbox 2010 5279 3586 5354">
    <p class='ocr_par' dir='ltr' id='par_1_118' title="bbox 2010 5279 3586 5354">
     <span class='ocr_line' id='line_1_118' title="bbox 2010 5279 3586 5354; baseline 0.001 -23"><span class='ocrx_word' id='word_1_923' title='bbox 2010 5279 2153 5354; x_wconf 68' lang='lat' dir='ltr'><strong>tionis</strong></span> <span class='ocrx_word' id='word_1_924' title='bbox 2165 5279 2306 5354; x_wconf 76' lang='lat' dir='ltr'><strong>(idem</strong></span> <span class='ocrx_word' id='word_1_925' title='bbox 2320 5293 2334 5340; x_wconf 90' lang='lat'><strong>;</strong></span> <span class='ocrx_word' id='word_1_926' title='bbox 2351 5280 2434 5328; x_wconf 90' lang='lat' dir='ltr'><strong>alii</strong></span> <span class='ocrx_word' id='word_1_927' title='bbox 2447 5280 2573 5329; x_wconf 84' lang='lat' dir='ltr'><strong>enim</strong></span> <span class='ocrx_word' id='word_1_928' title='bbox 2590 5279 2938 5354; x_wconf 27' lang='lat' dir='ltr'><strong>impressi‘libri</strong></span> <span class='ocrx_word' id='word_1_929' title='bbox 2948 5279 3152 5354; x_wconf 66' lang='lat' dir='ltr'><strong>ialso,_e&#39;t</strong></span> <span class='ocrx_word' id='word_1_930' title='bbox 3161 5285 3422 5354; x_wconf 64' lang='lat' dir='ltr'><strong>incongrue</strong></span> <span class='ocrx_word' id='word_1_931' title='bbox 3435 5297 3586 5332; x_wconf 85' lang='lat' dir='ltr'><strong>sensu</strong></span> 
     </span>
    </p>
   </div>
   <div class='ocr_carea' id='block_1_119' title="bbox 2008 5342 3588 5414">
    <p class='ocr_par' dir='ltr' id='par_1_119' title="bbox 2008 5342 3588 5414">
     <span class='ocr_line' id='line_1_119' title="bbox 2008 5342 3588 5414; baseline 0.001 -23"><span class='ocrx_word' id='word_1_932' title='bbox 2008 5343 2270 5414; x_wconf 75' lang='lat' dir='ltr'><strong>habebant,</strong></span> <span class='ocrx_word' id='word_1_933' title='bbox 2295 5354 2380 5414; x_wconf 81' lang='lat' dir='ltr'><strong>nos</strong></span> <span class='ocrx_word' id='word_1_934' title='bbox 2401 5353 2601 5414; x_wconf 68' lang='lat' dir='ltr'><strong>pergere</strong></span> <span class='ocrx_word' id='word_1_935' title='bbox 2614 5347 2791 5414; x_wconf 42' lang='grc' dir='ltr'><strong>μιαίνῃ.</strong></span> <span class='ocrx_word' id='word_1_936' title='bbox 2802 5351 3029 5414; x_wconf 59' lang='lat' dir='ltr'><strong>nontam,</strong></span> <span class='ocrx_word' id='word_1_937' title='bbox 3055 5342 3358 5414; x_wconf 55' lang='grc' dir='ltr'><strong>βεβασιεὼ</strong></span> <span class='ocrx_word' id='word_1_938' title='bbox 3374 5355 3588 5414; x_wconf 68' lang='lat' dir='ltr'><strong>comnm-</strong></span> 
     </span>
    </p>
   </div>
   <div class='ocr_carea' id='block_1_120' title="bbox 2007 5402 3587 5462">
    <p class='ocr_par' dir='ltr' id='par_1_120' title="bbox 2007 5402 3587 5462">
     <span class='ocr_line' id='line_1_120' title="bbox 2007 5402 3587 5462; baseline 0.001 -8"><span class='ocrx_word' id='word_1_939' title='bbox 2007 5405 2174 5454; x_wconf 79' lang='lat' dir='ltr'><strong>nicare</strong></span> <span class='ocrx_word' id='word_1_940' title='bbox 2203 5402 2275 5461; x_wconf 88' lang='lat' dir='ltr'><strong>ei,</strong></span> <span class='ocrx_word' id='word_1_941' title='bbox 2303 5402 2527 5452; x_wconf 67' lang='lat' dir='ltr'><strong>etc.&#39;tut&#39;n</strong></span> <span class='ocrx_word' id='word_1_942' title='bbox 2549 5408 2694 5452; x_wconf 87' lang='lat' dir='ltr'><strong>vetus</strong></span> <span class='ocrx_word' id='word_1_943' title='bbox 2716 5404 2866 5453; x_wconf 87' lang='lat' dir='ltr'><strong>editio</strong></span> <span class='ocrx_word' id='word_1_944' title='bbox 2884 5402 3162 5454; x_wconf 62' lang='lat' dir='ltr'><strong>haud&#39;male</strong></span> <span class='ocrx_word' id='word_1_945' title='bbox 3185 5417 3216 5451; x_wconf 90' lang='lat' dir='ltr'><strong>a</strong></span> <span class='ocrx_word' id='word_1_946' title='bbox 3237 5415 3330 5462; x_wconf 85' lang='lat' dir='ltr'><strong>quo</strong></span> <span class='ocrx_word' id='word_1_947' title='bbox 3354 5402 3587 5462; x_wconf 80' lang='lat' dir='ltr'><strong>jubemur</strong></span> 
     </span>
    </p>
   </div>
   <div class='ocr_carea' id='block_1_121' title="bbox 2011 5463 3584 5529">
    <p class='ocr_par' dir='ltr' id='par_1_121' title="bbox 2011 5463 3584 5529">
     <span class='ocr_line' id='line_1_121' title="bbox 2011 5463 3584 5529; baseline 0 -13"><span class='ocrx_word' id='word_1_948' title='bbox 2011 5465 2335 5529; x_wconf 76' lang='lat' dir='ltr'><strong>communione</strong></span> <span class='ocrx_word' id='word_1_949' title='bbox 2358 5463 2594 5529; x_wconf 50' lang='lat' dir='ltr'><strong>separari.</strong></span> <span class='ocrx_word' id='word_1_950' title='bbox 2618 5463 2932 5529; x_wconf 63' lang='lat' dir='ltr'><strong>Nuncautqn</strong></span> <span class='ocrx_word' id='word_1_951' title='bbox 2955 5463 3431 5529; x_wconf 70' lang='lat' dir='ltr'><strong>perspicueﬂieron.</strong></span> <span class='ocrx_word' id='word_1_952' title='bbox 3446 5477 3584 5529; x_wconf 75' lang='lat' dir='ltr'><strong>arcu,</strong></span> 
     </span>
    </p>
   </div>
   <div class='ocr_carea' id='block_1_122' title="bbox 2012 5523 3587 5598">
    <p class='ocr_par' dir='ltr' id='par_1_122' title="bbox 2012 5523 3587 5598">
     <span class='ocr_line' id='line_1_122' title="bbox 2012 5523 3587 5598; baseline -0.001 -21"><span class='ocrx_word' id='word_1_953' title='bbox 2012 5541 2107 5598; x_wconf 78' lang='lat' dir='ltr'><strong>non</strong></span> <span class='ocrx_word' id='word_1_954' title='bbox 2129 5527 2223 5577; x_wconf 87' lang='lat' dir='ltr'><strong>sibi</strong></span> <span class='ocrx_word' id='word_1_955' title='bbox 2243 5539 2366 5598; x_wconf 68' lang='lat' dir='ltr'><strong>Opus</strong></span> <span class='ocrx_word' id='word_1_956' title='bbox 2385 5523 2499 5597; x_wconf 67' lang='lat' dir='ltr'><strong>esse</strong></span> <span class='ocrx_word' id='word_1_957' title='bbox 2512 5524 2772 5598; x_wconf 76' lang='lat' dir='ltr'><strong>Theophili</strong></span> <span class='ocrx_word' id='word_1_958' title='bbox 2791 5541 2847 5575; x_wconf 90' lang='lat' dir='ltr'><strong>ac</strong></span> <span class='ocrx_word' id='word_1_959' title='bbox 2866 5523 3350 5598; x_wconf 12' lang='lat' dir='ltr'><strong>Iiorhanéillieclesia</strong></span> <span class='ocrx_word' id='word_1_960' title='bbox 3372 5523 3587 5598; x_wconf 52' lang='lat' dir='ltr'><strong>commuf</strong></span> 
     </span>
    </p>
   </div>
   <div class='ocr_carea' id='block_1_123' title="bbox 2013 5582 3588 5652">
    <p class='ocr_par' dir='ltr' id='par_1_123' title="bbox 2013 5582 3588 5652">
     <span class='ocr_line' id='line_1_123' title="bbox 2013 5582 3588 5652; baseline -0.005 -14"><span class='ocrx_word' id='word_1_961' title='bbox 2013 5592 2208 5639; x_wconf 88' lang='lat' dir='ltr'><strong>nionem</strong></span> <span class='ocrx_word' id='word_1_962' title='bbox 2219 5582 2438 5652; x_wconf 73' lang='lat' dir='ltr'><strong>proferre</strong></span> <span class='ocrx_word' id='word_1_963' title='bbox 2462 5588 2511 5635; x_wconf 92' lang='lat' dir='ltr'><strong>in</strong></span> <span class='ocrx_word' id='word_1_964' title='bbox 2533 5582 2764 5652; x_wconf 77' lang='lat' dir='ltr'><strong>medium,</strong></span> <span class='ocrx_word' id='word_1_965' title='bbox 2789 5601 2854 5638; x_wconf 89' lang='lat' dir='ltr'><strong>ne</strong></span> <span class='ocrx_word' id='word_1_966' title='bbox 2871 5582 3350 5652; x_wconf 78' lang='lat' dir='ltr'><strong>a_b_Jerosolymitana</strong></span> <span class='ocrx_word' id='word_1_967' title='bbox 3373 5590 3588 5652; x_wconf 65' lang='lat' dir='ltr'><strong>separari</strong></span> 
     </span>
    </p>
   </div>
   <div class='ocr_carea' id='block_1_124' title="bbox 2017 5646 3589 5710">
    <p class='ocr_par' dir='ltr' id='par_1_124' title="bbox 2017 5646 3589 5710">
     <span class='ocr_line' id='line_1_124' title="bbox 2017 5646 3589 5710; baseline -0.001 -9"><span class='ocrx_word' id='word_1_968' title='bbox 2017 5646 2256 5710; x_wconf 74' lang='lat' dir='ltr'><strong>videatur,</strong></span> <span class='ocrx_word' id='word_1_969' title='bbox 2280 5661 2387 5698; x_wconf 85' lang='lat' dir='ltr'><strong>cum</strong></span> <span class='ocrx_word' id='word_1_970' title='bbox 2412 5648 2647 5710; x_wconf 4' lang='lat' dir='ltr'><strong>eoqmodo</strong></span> <span class='ocrx_word' id='word_1_971' title='bbox 2667 5649 2717 5697; x_wconf 87' lang='lat' dir='ltr'><strong>in</strong></span> <span class='ocrx_word' id='word_1_972' title='bbox 2739 5651 2840 5710; x_wconf 76' lang='lat' dir='ltr'><strong>ipsa</strong></span> <span class='ocrx_word' id='word_1_973' title='bbox 2871 5646 3221 5710; x_wconf 60' lang='lat' dir='ltr'><strong>Palastina__qc</strong></span> <span class='ocrx_word' id='word_1_974' title='bbox 3254 5657 3346 5706; x_wconf 89' lang='lat' dir='ltr'><strong>per</strong></span> <span class='ocrx_word' id='word_1_975' title='bbox 3369 5646 3589 5708; x_wconf 79' lang='lat' dir='ltr'><strong>ejusdem</strong></span> 
     </span>
    </p>
   </div>
   <div class='ocr_carea' id='block_1_125' title="bbox 2015 5705 3589 5774">
    <p class='ocr_par' dir='ltr' id='par_1_125' title="bbox 2015 5705 3589 5774">
     <span class='ocr_line' id='line_1_125' title="bbox 2015 5705 3589 5774; baseline -0.001 -12"><span class='ocrx_word' id='word_1_976' title='bbox 2015 5705 2431 5774; x_wconf 74' lang='lat' dir='ltr'><strong>Jerosolyinitana:</strong></span> <span class='ocrx_word' id='word_1_977' title='bbox 2463 5708 2698 5759; x_wconf 72' lang='lat' dir='ltr'><strong>Ecclesiae</strong></span> <span class='ocrx_word' id='word_1_978' title='bbox 2745 5705 3066 5770; x_wconf 75' lang='lat' dir='ltr'><strong>Presbyteros</strong></span> <span class='ocrx_word' id='word_1_979' title='bbox 3103 5705 3198 5754; x_wconf 86' lang='lat' dir='ltr'><strong>sibi</strong></span> <span class='ocrx_word' id='word_1_980' title='bbox 3251 5705 3589 5773; x_wconf 68' lang='lat' dir='ltr'><strong>communione</strong></span> 
     </span>
    </p>
   </div>
   <div class='ocr_carea' id='block_1_126' title="bbox 2021 5773 2852 5837">
    <p class='ocr_par' dir='ltr' id='par_1_126' title="bbox 2021 5773 2852 5837">
     <span class='ocr_line' id='line_1_126' title="bbox 2021 5773 2852 5837; baseline -0.008 -15"><span class='ocrx_word' id='word_1_981' title='bbox 2021 5773 2228 5837; x_wconf 69' lang='lat' dir='ltr'><strong>iunctos,</strong></span> <span class='ocrx_word' id='word_1_982' title='bbox 2251 5774 2310 5822; x_wconf 88' lang='lat' dir='ltr'><strong>ah</strong></span> <span class='ocrx_word' id='word_1_983' title='bbox 2332 5773 2431 5833; x_wconf 89' lang='lat' dir='ltr'><strong>ipsa</strong></span> <span class='ocrx_word' id='word_1_984' title='bbox 2455 5783 2549 5820; x_wconf 89' lang='lat' dir='ltr'><strong>non</strong></span> <span class='ocrx_word' id='word_1_985' title='bbox 2580 5777 2852 5832; x_wconf 86' lang='lat' dir='ltr'><strong>separetur.</strong></span> 
     </span>
    </p>
   </div>
   <div class='ocr_carea' id='block_1_127' title="bbox 2705 5851 3232 5934">
    <p class='ocr_par' dir='ltr' id='par_1_127' title="bbox 2705 5851 3232 5934">
     <span class='ocr_line' id='line_1_127' title="bbox 2705 5851 3232 5934; baseline -0.004 -18"><span class='ocrx_word' id='word_1_986' title='bbox 2705 5851 3232 5934; x_wconf 77' lang='lat' dir='ltr'><strong>(Vingt-qttatre.)</strong></span> 
     </span>
    </p>
   </div>
  </div>
