4106 6340
350 411 460 471 745

353 522 480 597 rint)
504 523 887 580 detrahendum
918 533 1020 589 est,
1056 538 1154 580 nec
1183 522 1472 580 amicorum
1499 521 1763 579 laudanda
1799 529 1925 576 sunt

356 617 476 670 vitia
505 636 518 680 ;
545 633 612 672 ιτ
652 633 1032 682 υκωιρυουρυε
1072 633 1177 670 non
1211 631 1558 686 personarum
1579 658 1595 681 ,
1627 615 1719 668 sed
1747 628 1926 668 rerum

351 706 587 776 pondere
624 706 966 776 judicandum
1005 717 1104 762 est.
1149 707 1416 761 Mordetur
1447 716 1500 761 et
1541 706 1615 777 (a)
1655 705 1924 768 Lucilius,

351 798 491 868 quod
524 798 875 868 incomposito
899 811 1078 868 currat
1109 801 1281 870 pede;
1324 809 1380 854 ct
1423 807 1599 854 tamen
1639 799 1779 853 sales
1810 798 1928 867 ejus

349 888 602 958 leposque
639 891 936 945 laudantur.

419 980 472 1036 5.
515 982 648 1035 Dum
679 997 853 1036 essem
887 983 1100 1051 juvenis
1121 1024 1136 1047 ,
1162 983 1304 1037 miro
1333 981 1568 1036 discendi
1599 979 1809 1036 ferebar
1835 995 1924 1032 ar-

347 1073 500 1138 dore,
525 1090 622 1129 nec
644 1074 791 1143 juxta
813 1075 1166 1145 quorumdam
1189 1075 1678 1144 praesumptionem.
1705 1075 1816 1140 ipse
1840 1085 1925 1126 me

346 1167 520 1222 docui.
572 1167 955 1236 Apollinarium
1000 1167 1360 1222 Laodicennm
1409 1165 1585 1221 audivi
1631 1164 1925 1220 Antiochiae

345 1257 676 1328 frequenter,
713 1269 774 1314 et
802 1260 977 1324 colui;
1004 1267 1057 1314 et
1096 1275 1215 1314 eum
1245 1274 1331 1313 me
1373 1259 1425 1312 in
1457 1257 1654 1312 sanctis
1684 1255 1925 1324 Scriptuo

344 1349 420 1403 ris
440 1347 698 1414 erudiret,
725 1364 991 1418 nunquam
1050 1346 1210 1421 524
1260 1349 1398 1402 illius
1430 1347 1818 1402 contentiosum
1845 1344 1922 1416 (ὑ)

343 1454 504 1510 Super
533 1455 690 1494 sensu
734 1441 924 1511 dogma
959 1445 1186 1510 suscepi.
1234 1439 1350 1494 Jatn
1388 1440 1535 1494 canis
1575 1438 1923 1508 Spargebatur

343 1539 522 1601 caput,
549 1540 603 1586 et
626 1534 934 1602 magistrum
961 1532 1136 1601 potius
1155 1547 1312 1601 quam
1333 1531 1652 1599 discipulum
1677 1529 1918 1583 decebat.

342 1619 559 1675 Perrexi
611 1629 788 1674 tamen
827 1621 1245 1686 Alexandriam,
1291 1620 1468 1674 audivi
1511 1619 1790 1688 Didymum
1821 1635 1835 1672 :
1869 1618 1920 1671 in

340 1713 522 1767 multis
542 1713 591 1767 ei
617 1715 812 1782 gratias
833 1729 950 1783 ago.
977 1713 1128 1782 Quod
1155 1713 1373 1779 nescivi,
1397 1711 1558 1766 didici
1584 1729 1596 1763 :
1621 1711 1762 1782 quod
1787 1711 1923 1764 scie-

339 1804 484 1871 bam,
515 1805 608 1859 illo
633 1805 706 1876 (c)
735 1805 982 1871 docente,
1014 1821 1118 1860 non
1147 1804 1374 1874 perdidi.
1419 1804 1679 1860 Putabant
1707 1819 1792 1856 me
1820 1801 1919 1853 ho-

340 1898 510 1952 mines
539 1897 698 1952 ﬁnem
729 1896 920 1952 fecisse
948 1897 1208 1952 discendi.
1241 1896 1371 1951 Veni
1403 1911 1612 1950 rursum
1647 1893 1921 1961 Jerosoly-

338 2005 478 2044 mam
503 2001 555 2045 et
576 1990 869 2045 Bethleem.
894 1992 1012 2060 Quo
1040 1992 1239 2055 labore,
1265 2006 1370 2059 quo
1390 1990 1564 2060 pretio
1601 1988 1916 2042 Baraninam

339 2090 655 2136 nocturnum
701 2083 858 2136 habui
907 2083 1322 2152 przcceptorem!
1368 2079 1616 2134 Timebat
1657 2079 1797 2132 enim
1827 2077 1919 2130 Ju-

337 2172 516 2238 d:cos,
547 2183 601 2228 et
631 2174 760 2228 mihi
793 2176 1018 2230 alterum
1050 2173 1335 2229 exhibebat
1363 2172 1706 2228 Nicodemum
1736 2169 1914 2237 (Jonn‘.

330 2267 388 2323 3.
424 2267 498 2338 l).
545 2267 744 2322 Horum
776 2267 1014 2321 omnium
1057 2265 1361 2333 frequenter
1399 2265 1452 2316 in
1484 2261 1756 2331 epusculis
1786 2262 1918 2314 uicis

333 2360 472 2416 facio
501 2364 850 2415 mentionem.
877 2357 1036 2413 Certe
1060 2357 1369 2424 Apollinarii
1393 2365 1448 2410 et
1470 2355 1675 2425 Didymi
1701 2355 1839 2408 inter
1859 2370 1916 2406 se

330 2453 523 2523 dogma
553 2451 877 2506 contrarium
909 2458 1012 2503 est.
1045 2449 1236 2518 Rapiat
1267 2463 1350 2501 tne
1386 2463 1515 2518 ergo
1547 2439 1776 2514 utraque
1807 2457 1916 2497 tur-

331 2560 418 2599 ma
451 2545 719 2598 diversmn
752 2541 1072 2594 altrinsecus
1092 2581 1106 2604 ,
1135 2540 1257 2608 quia
1299 2539 1606 2608 magistrum
1635 2545 1916 2604 utrumque

328 2634 610 2688 confiteor.
639 2632 692 2686 Si
722 2629 936 2697 expedit
959 2629 1137 2683 odisse
1173 2629 1448 2692 homines,
1480 2635 1532 2681 et
1562 2638 1771 2696 gentem
1813 2626 1912 2680 aii-

326 2740 489 2794 quam
528 2722 816 2786 detestari,
846 2721 981 2775 miro
1007 2719 1132 2774 odio
1156 2719 1412 2773 adversor
1435 2716 1512 2790 (i)
1539 2717 1909 2771 circumcisus.

330 2816 512 2886 Usque
539 2813 699 2868 hodie
736 2813 877 2867 enim
917 2819 1310 2882 persequuntur
1349 2809 1630 2864 Dominum
1671 2815 1910 2862 nostrum

328 2908 510 2964 Iesum
542 2905 812 2960 Christum
855 2905 906 2958 in
950 2904 1231 2975 synagogis
1259 2901 1487 2958 Satanae.
1523 2899 1748 2970 Objiciat
1777 2901 1904 2954 mihi

327 3002 612 3073 quispiam,
640 3015 737 3054 cur
763 2998 1031 3052 hominem
1054 2997 1293 3052 Jtnltnnm
1319 2996 1593 3049 habuerim
1620 3003 1911 3064 praecepto-

329 3092 487 3146 retn?
529 3091 592 3144 Et
617 3090 774 3143 audet
805 3088 1020 3159 quidam
1055 3086 1294 3157 proferre
1317 3086 1521 3140 litteras
1552 3099 1698 3139 meas
1726 3085 1792 3139 ad
1824 3084 1911 3138 Di-

326 3187 544 3257 dymtnn
568 3227 582 3250 ,
613 3185 761 3253 quasi
801 3183 869 3237 ad
909 3181 1252 3252 Magistrum?
1282 3173 1494 3235 Grande
1521 3181 1721 3235 crimen
1750 3179 1910 3234 disci-

330 3277 476 3347 puli,
528 3277 572 3330 si
625 3275 892 3328 hominem
944 3274 1208 3328 eruditum
1260 3283 1313 3326 et
1359 3287 1544 3326 senem
1598 3273 1908 3340 magistrum

327 3369 572 3424 dixerim.
607 3367 672 3421 Et
703 3376 883 3422 tamen
923 3365 1046 3418 volo
1078 3364 1344 3434 inspicere
1377 3364 1544 3432 ipsam
1577 3363 1868 3432 Epistulam
1890 3402 1905 3426 ,

327 3479 444 3532 qua:
474 3470 621 3515 tanto
648 3471 888 3528 tempore
915 3460 965 3513 in
990 3459 1311 3513 calumniam
1343 3467 1610 3512 reservata
1641 3467 1742 3511 est.
1767 3455 1907 3510 Nihil

331 3563 524 3623 ιιτωιει·
552 3553 808 3607 honorem
829 3561 885 3606 et
905 3552 1277 3605 salutationem
1301 3551 1559 3606 continet.
1583 3547 1764 3616 Inepta
1787 3557 1910 3602 sunt

327 3647 442 3700 haec
459 3655 510 3700 et
528 3644 734 3700 frivola.
757 3643 978 3712 Argnite
992 3644 1166 3711 potius
1184 3641 1272 3695 ubi
1289 3641 1537 3695 barresim
1554 3640 1906 3703 defenderint,

329 3737 418 3791 ubi
447 3751 662 3806 pravum
702 3735 946 3802 Urigcnis
972 3732 1164 3801 dogma
1206 3730 1554 3785 laudaverim.
1587 3728 1644 3784 In
1676 3730 1908 3784 lectione

328 3829 476 3884 lsai:e
505 3827 654 3898 (Cap.
694 3827 770 3895 6),
800 3828 851 3879 in
882 3841 983 3896 qua
1013 3826 1119 3878 duo
1158 3821 1442 3889 Seraphim
1484 3822 1768 3876 clamantia
1811 3821 1908 3875 de-

328 3921 653 3983 scribuntur,
680 3920 770 3972 illo
794 3918 1180 3986 interpretante
1207 3913 1398 3968 Filium
1422 3921 1478 3968 et
1497 3912 1752 3982 Spiritum
1775 3912 1912 3966 San-

325 4023 470 4067 ctum
491 4054 508 4077 ,
545 4027 722 4065 nonne
756 4023 856 4079 ego
885 4006 1254 4061 detestandam
1295 4004 1686 4076 expositionem
1719 4003 1772 4056 in
1803 4003 1909 4057 duo

329 4105 670 4159 Testamenta
703 4099 938 4156 mutavi?
970 4099 1206 4154 Habetur
1234 4097 1367 4152 liber
1392 4098 1443 4151 in
1475 4095 1753 4160 manibus,
1786 4104 1910 4150 ante

327 4197 511 4267 viginti
551 4211 722 4250 annos
761 4193 950 4247 editus.
992 4190 1095 4246 Tot
1124 4190 1378 4260 opuscula
1417 4203 1563 4252 mea,
1595 4197 1650 4244 et
1679 4187 1911 4242 maxime

329 4289 727 4353 Commentarii,
750 4288 898 4358 juxta
921 4285 1370 4356 opportunitatem
1396 4284 1631 4336 locorum
1657 4281 1909 4352 gentilem

330 4393 528 4438 sectam
557 4381 812 4436 lacerant.
845 4378 994 4444 Quod
1025 4388 1200 4432 autem
1230 4383 1526 4446 Opponunt,
1555 4387 1910 4443 congregasse

330 4491 417 4530 me
465 4475 630 4528 libros
676 4471 850 4539 illius,
896 4486 1057 4540 super
1104 4477 1327 4523 cunctos
1377 4465 1623 4519 homines
1661 4463 1908 4518 :utinam

392 4652 464 4713 (a)
496 4649 572 4698 Ex
595 4647 761 4713 Horat;
790 4645 825 4694 l.
851 4645 896 4694 l.
920 4645 1079 4708 Satyr.
1104 4644 1151 4692 4.
1179 4644 1262 4692 ubi
1293 4642 1358 4692 de
1388 4639 1576 4690 Lucilio
1615 4639 1755 4697 dixit,
1781 4639 1910 4702 quod

327 4708 553 4762 nimirum
577 4716 710 4756 esset
731 4708 928 4768 fruetus,

518 4766 760 4818 Burman:
789 4767 949 4822 naris,
973 4766 1127 4827 durus
1149 4776 1428 4827 componere
1451 4775 1631 4827 versus.

395 4832 468 4894 (ὁ)
493 4831 652 4894 Abest
667 4843 692 4877 a
717 4827 1002 4894 quibusdam
1027 4826 1227 4894 Mss._et_
1244 4823 1499 4894 vetustiori
1521 4823 1740 4894 editione
1763 4835 1910 4894 super

329 4881 490 4946 satist}.
517 4891 654 4952 Quod
672 4881 840 4952 tat-neu
859 4886 1335 4952 rectissimehabent
1359 4881 1584 4946 plerique
1605 4882 1704 4952 alii,
1731 4881 1911 4952 estque

331 4945 553 5021 perinde
566 4951 954 5021 intelligendum,
973 4962 1035 5021 ac
1053 4948 1324 5021 sIIdixisset
1355 4945 1718 5021 supepment‘e,
1738 4945 1910 5021 autde

334 5005 490 5069 indue
513 5029 531 5074 ;
557 5027 683 5074 nam,
709 5005 763 5062 ιῖι
784 5005 1050 5074 Νεωθείιιδ
1070 5011 1298 5074 observa,t
1321 5021 1366 5074 0,·
1393 5005 1438 5056 ί·
1463 5005 1544 5074 d9.
1569 5012 1736 5074 Νίέίην·
1767 5015 1906 5055 ¹¹⁰¹¹³·

333 5067 814 5143 Ᾰροηὶιὶπίιιεῖιιιιξι
851 5073 1206 5143 Platonicorum
1237 5068 1412 5143 placita
1441 5067 1793 5143 arbitfabatur,
1825 5075 1910 5143 νῇν

334 5129 556 5200 ruentem,
581 5152 671 5188 seu
678 5129 831 5199 ’ςνιςμι
845 5133 1086 5199 spiritum,
1108 5129 1502 5200 esseouamdam
1511 5129 1828 5200 substantiam
1849 5130 1912 5200 ab

333 5189 492 5252 anima
512 5189 834 5263 separabilem
853 5189 881 5258 ς’
893 5189 1102 5257 cumque
1116 5257 1125 5263 _
1133 5189 1400 5263 aestimaret
1421 5203 1451 5241 e
1473 5191 1660 5263 duabus
1669 5189 1914 5263 perfectis

505 5250 712 5324 integris
731 5250 882 5329 rebus
903 5250 1049 5329 unum
1084 5255 1272 5318 aliquod
1296 5253 1518 5329 componi
1532 5250 1713 5329 μεως
1724 5264 1911 5329 :

338 5316 762 5386 boiainemjuem
786 5322 1020 5386 Dominus
1041 5316 1363 5386 assumpserat
1386 5329 1446 5386 ea
1469 5320 1748 5386 p_arte,_qua
1767 5316 1915 5386 ratio-

337 5375 463 5438 nalis
483 5393 559 5437 est
579 5375 602 5444 ,’
618 5375 855 5434 mutilavit
873 5417 888 5441 ,
915 5381 1118 5444 ejusque
1143 5375 1299 5444 munia
1321 5381 1366 5425 in
1390 5375 1611 5426 Verbum
1633 5375 1912 5434 transtulit,

337 5457 392 5499 ut
410 5441 632 5509 Christus
648 5461 776 5509 unus
798 5459 858 5509 ex
884 5441 974 5494 suo
993 5441 1134 5509 captu
1156 5441 1420 5509 diceretur.
1577 5497 1607 5509 η

405 5497 472 5573 (ἓ)
507 5497 624 5573 Diuo,
648 5508 763 5557 Mss.
798 5497 1099 5573 Veronensis
1129 5515 1184 5550 ac
1223 5500 1407 5573 [legitis
1440 5497 1525 5568 illo
1555 5497 1799 5548 diversum
1829 5499 1914 5573 do:

335 5559 488 5622 cetité.
527 5571 628 5621 Sed.
653 5577 838 5619 vartant
861 5566 1002 5630 paulo
1027 5565 1148 5630 intra
1189 5564 1246 5611 ad
1278 5559 1532 5630 [furant'nw
1555 5573 1730 5630 nomen
1748 5599 1762 5616 ,
1784 5559 1912 5622 quod

338 5621 459 5682 cum
475 5634 726 5682 veteribus
749 5621 895 5680 editis
918 5629 1036 5678 Mss.
1061 5626 1141 5674 alii
1169 5637 1262 5672 non
1285 5625 1438 5684 pauci
1469 5621 1913 5670 Barabbmtum’vo-

336 5703 476 5767 cant,
499 5692 906 5769 quemadmodum
931 5699 984 5740 et
1025 5687 1244 5736 Bullinus
1284 5683 1511 5746 legerat,
1555 5695 1705 5744 quem
1749 5691 1914 5732 tamen

335 5755 479 5805 Etet.
513 5763 776 5805 nnnuznat.
831 5787 852 5799 -
1471 5803 1476 5805 Α
1511 5803 1518 5805 Α
1838 5804 1844 5805 ,

390 5758 479 5806 iet.
513 5758 776 5806 impugnat.
831 5787 852 5799 .

403 5770 479 5929 ὦ
512 5767 965 5928 :pﬂ'ragio
985 5811 1174 5870 veteris
1196 5807 1308 5859 libri
1343 5803 1657 5858 conrisiancm
1690 5804 1914 5866 mavult,

403 5922 404 5925 η
489 5892 584 5929 non
622 5892 706 5929 oro
741 5889 868 5927 aur.

337 5880 470 5943 quad
489 5892 584 5932 non
621 5880 868 5943 probatur.

1689 407 2016 466 EPISTOLA
2058 405 2339 463 LXXXIV.

3499 412 3614 472 ’116

2034 521 2270 575 omnium
2302 521 2669 576 Tractatnrnm
2702 523 2954 582 haberem
2988 528 3274 597 volumina,
3303 536 3362 587 ut
3388 532 3616 588 tarditao

2033 618 2142 665 tem
2183 612 2397 681 ingenii,
2476 615 2634 686 535
2709 615 2952 672 lectionis
2993 619 3263 688 diligentia
3294 636 3613 691 compensa-

2034 715 2168 755 rem.
2201 700 2527 774 Congregavi
2561 705 2726 758 libros
2755 707 2892 774 ejus,
2927 707 3126 772 fateor;
3159 722 3212 764 et
3253 711 3373 765 ideo
3398 727 3614 770 errores

2033 809 2142 847 non
2171 809 2386 865 sequor,
2409 798 2528 866 quia
2558 797 2671 852 scio
2699 798 2942 852 universa
2979 816 3097 870 quae
3135 804 3368 872 scripsit.
3394 807 3612 863 Credite

2031 899 2292 953 experto,
2322 888 2472 955 quasi
2502 885 2839 942 Christianus
2879 887 3197 944 Christianis
3237 895 3425 963 loquor
3455 913 3468 948 :
3501 895 3612 949 Ve-

2031 986 2226 1030 nenata
2253 986 2376 1031 stmt
2403 977 2544 1032 illius
2575 978 2818 1046 dogmata
2839 1019 2854 1044 ,
2891 980 3064 1033 aliena
3100 994 3129 1032 a
3169 980 3455 1051 Srripturis
3484 999 3614 1036 san-

2030 1067 2166 1134 ctis,
2209 1068 2314 1121 vim
2359 1068 2652 1137 Scripturis
2694 1069 2958 1123 facientia.
3002 1070 3163 1140 Legi,
3214 1071 3425 1141 inquam
3451 1115 3466 1137 ,
3511 1075 3614 1145 legi

2030 1160 2351 1230 Origenem;
2393 1169 2448 1217 et
2491 1163 2534 1218 si
2582 1162 2634 1215 in
2677 1161 2902 1232 legendo
2945 1163 3147 1216 crimen
3195 1173 3278 1218 est
3320 1165 3524 1231 fateor;
3559 1178 3616 1222 et

2030 1263 2270 1306 nostrum
2294 1253 2620 1321 marsupium
2646 1254 3019 1308 Alexandrina:
3043 1254 3242 1309 charta:
3261 1269 3611 1313 evacuarunt.

2028 1343 2082 1399 Si
2126 1343 2256 1398 mihi
2299 1345 2549 1408 creditis,
2596 1345 2926 1415 Origeuistes
2965 1361 3232 1416 nunquam
3279 1346 3385 1411 fui;
3418 1347 3462 1401 si
3503 1363 3612 1403 non

2027 1434 2276 1499 creditis,
2313 1451 2453 1490 nunc
2486 1451 2606 1490 esse
2631 1436 2856 1491 cessavi.
2886 1436 3037 1504 Quod
3067 1437 3112 1491 si
3153 1453 3252 1492 nec
3279 1440 3356 1492 sic
3383 1437 3614 1494 adduci-

2029 1529 2158 1582 mini
2188 1529 2252 1582 ad
2281 1527 2472 1593 fidem,
2497 1529 2820 1598 compellitis
2864 1545 2947 1583 tne
2972 1529 3038 1584 ad
3069 1529 3437 1585 defensionem
3467 1532 3608 1600 mei,

2026 1627 2211 1672 contra
2241 1619 2504 1673 amasium
2529 1629 2765 1674 vestrum
2793 1620 3028 1674 scribere
3055 1636 3070 1674 :
3099 1629 3154 1674 ut
3182 1622 3224 1674 si
3255 1636 3360 1676 non
3391 1622 3611 1677 creditis

2027 1709 2260 1778 neganti,
2284 1709 2520 1764 credatis
2540 1710 2731 1764 saltem
2754 1710 3044 1764 accosanti.
3075 1710 3178 1783 Sed
3204 1711 3454 1768 libentius
3478 1714 3610 1768 mihi

2026 1799 2224 1853 erranti
2252 1799 2509 1863 creditur,
2541 1814 2699 1868 quam
2729 1809 2993 1854 correcto.
3038 1799 3146 1855 Nec
3173 1803 3384 1865 tuirum,
3420 1813 3612 1872 putant

2023 1893 2168 1945 enim
2214 1906 2298 1945 me
2338 1907 2492 1944 suum
2533 1907 2653 1946 esse
2694 1899 2996 1960 συμμὺστημν,
3028 1903 3082 1947 et
3112 1903 3331 1963 propter
3353 1897 3611 1953 animales

2022 1991 2077 2036 et
2100 1983 2271 2036 luteos
2290 1983 2432 2037 nolle
2456 1984 2624 2052 palam
2647 1982 2892 2052 dogmata
2912 1984 3178 2038 enuliteri.
3204 1984 3441 2054 Ipsorum
3464 1990 3611 2042 enim

2023 2075 2294 2130 decretum
2322 2084 2425 2140 est,
2454 2091 2562 2129 non
2594 2074 2748 2130 facile
2772 2077 3088 2145 margaritas
3117 2087 3242 2133 ante
3271 2093 3463 2147 porcos
3490 2095 3612 2137 esse

2021 2166 2338 2230 mittendas,
2372 2181 2472 2222 nec
2499 2166 2731 2221 dandum
2767 2176 3009 2222 sanctum
3037 2170 3257 2224 canibus
3282 2171 3499 2241 (Matth.
3527 2175 3606 2243 7),

2021 2267 2077 2310 ct
2113 2273 2232 2311 cum
2279 2258 2441 2312 David
2472 2259 2650 2312 dicere
2681 2276 2693 2311 :
2730 2261 2978 2312 Αἰνείου(ίί
3007 2261 3060 2314 in
3087 2263 3239 2315 corde
3266 2279 3375 2318 meo
3403 2266 3608 2335 eloquia

2020 2363 2132 2415 tua,
2164 2362 2216 2404 ut
2246 2370 2343 2406 non
2375 2370 2567 2422 peccem
2595 2355 2682 2406 tibi
2712 2353 2831 2424 (Ps.
2866 2355 2983 2408 H8.
3028 2355 3135 2424 ll).
3179 2357 3240 2410 Et
3269 2357 3321 2410 in
3352 2358 3456 2412 alio
3486 2358 3605 2413 loco

2019 2459 2180 2513 super
2199 2443 2342 2514 justo
2372 2460 2386 2497 :
2417 2445 2516 2512 Qui
2551 2445 2794 2514 loquitur,
2830 2446 3017 2514 inquit,
3055 2447 3307 2500 veritatem
3333 2465 3446 2501 cum
3479 2467 3603 2520 pro-

2017 2537 2154 2589 ximo
2183 2553 2276 2589 suo
2304 2535 2420 2604 (Ps.
2453 2537 2538 2591 li.
2570 2538 2622 2591 5.
2668 2549 2714 2590 et
2749 2538 2838 2592 ‘23.
2868 2539 2945 2608 4).
2987 2538 3039 2592 id
3079 2547 3191 2600 est,
3221 2557 3342 2594 cum
3390 2540 3473 2595 his
3509 2542 3601 2611 qui

2017 2625 2294 2680 domestici
2328 2626 2445 2681 fidei
2475 2637 2618 2682 sunt.
2655 2628 2732 2682 Ex
2762 2643 2869 2699 quo
2908 2629 3091 2682 volunt
3117 2630 3359 2699 intelligi,
3391 2630 3473 2703 (ά)
3503 2647 3602 2686 nos

2017 2718 2104 2787 qni
2151 2717 2378 2772 necdum
2422 2719 2614 2772 initiati
2657 2735 2880 2785 sumus,
2913 2719 3110 2775 debere
3149 2722 3333 2777 audire
3375 2723 3600 2777 menda-

2015 2811 2154 2864 cium
2182 2829 2194 2863 :
2221 2826 2288 2864 ne
2314 2811 2518 2882 parvuli
2541 2821 2699 2881 atque
2726 2812 2981 2868 lactentes
3005 2812 3274 2868 solidioris
3293 2813 3397 2869 eihi
3418 2814 3599 2869 edulio

2015 2902 2354 2957 sufl'ocemur.
2387 2902 2536 2970 Quod
2565 2911 2741 2958 autem
2771 2903 3121 2974 perjuriorum
3144 2913 3303 2975 atque
3332 2905 3598 2961 mendacii

2015 2996 2155 3050 inter
2182 3011 2240 3051 se
2267 2995 2432 3066 orgiis
2465 2994 2820 3061 ftedcrentur,
2866 3005 3050 3052 sextus
3086 2995 3426 3053 Stromateon
3461 2998 3599 3054 liber

2018 3090 2094 3161 (in
2122 3105 2228 3160 quo
2255 3087 2324 3162 [e]
2355 3089 2591 3144 Platonis
2618 3089 2898 3144 sententia:
2939 3097 3180 3144 nostrum
3220 3092 3413 3162 dogma
3443 3106 3598 3147 com-

2014 3182 2182 3253 ponit)
2210 3181 2519 3252 planissime
2546 3183 2722 3236 docet.
3360 3184 3370 3200 ‘

2085 3280 2136 3335 4.
2182 3275 2316 3344 Quid
2346 3276 2504 3341 igitur
2523 3274 2745 3326 hiciuu?
2775 3272 2968 3343 Negent
2997 3290 3083 3329 me
3104 3273 3346 3343 ejusdem
3370 3277 3596 3348 dogma.

2013 3374 2080 3426 tis
2109 3369 2264 3427 esse?
2291 3367 2403 3422 Non
2433 3367 2672 3421 credent.
2704 3365 2930 3420 Jurcm?
2957 3364 3223 3422 [lidebant
3244 3410 3259 3433 ,
3298 3379 3352 3423 et
3370 3369 3550 3426 dicent
3577 3389 3596 3430 :

2011 3464 2158 3518 domi
2191 3460 2344 3516 nobis
2389 3460 2488 3514 ista
2527 3469 2839 3513 nascuntur.
2875 3456 3087 3514 Faciam
3118 3461 3258 3530 quod
3299 3462 3473 3517 solum
3502 3479 3599 3520 ca-

2015 3561 2162 3617 vent,
2203 3560 2260 3604 ut
2302 3565 2452 3604 sacra
2496 3563 2681 3604 eorum
2728 3558 2887 3618 atque
2929 3551 3178 3619 mysteria
3225 3553 3277 3604 in
3323 3553 3596 3622 publicum

2013 3642 2304 3716 proferam,
2327 3651 2380 3695 et
2405 3641 2580 3694 omnis
2616 3638 2892 3708 prudentia
2925 3654 3109 3693 eorum
3141 3657 3243 3710 qua
3271 3656 3370 3696 nos
3387 3644 3598 3712 simpli-

2011 3751 2104 3792 ces
2129 3734 2338 3798 ludunt,
2369 3733 2420 3786 in
2451 3733 2728 3802 propatulo
2749 3733 2819 3784 sit
2851 3747 2864 3783 :
2892 3743 2944 3785 et
2974 3732 3064 3800 qui
3097 3734 3308 3802 neganti
3340 3735 3458 3789 voci
3489 3751 3596 3790 nou

2013 3825 2261 3891 credunt,
2282 3823 2504 3878 credant
2533 3823 2720 3876 saltem
2752 3823 2994 3890 arguenti
3020 3823 3180 3893 stylo.
3207 3823 3319 3878 Hoc
3343 3827 3486 3881 enim
3514 3833 3598 3884 vel

2013 3919 2247 3973 maxime
2289 3925 2500 3982 cavent,
2541 3929 2610 3968 ne
2647 3912 2862 3982 quando
2895 3925 3082 3968 contra
3117 3925 3394 3970 auctorem
3440 3935 3598 3975 suum

2013 4023 2201 4065 eorum
2247 4006 2441 4076 scripta
2490 4012 2790 4059 teneantur.
2843 4002 3020 4057 Facile
3067 4003 3251 4058 dicunt
3284 4019 3404 4060 cum
3445 4007 3600 4078 jura-

2015 4110 2217 4166 mcnto,
2242 4096 2380 4168 quod
2404 4104 2586 4168 postea
2604 4095 2712 4149 alio
2738 4094 2948 4150 solvant
3008 4095 3171 4167 526
3221 4096 3481 4166 perjurio.
3514 4101 3595 4156 Ad

2015 4192 2458 4262 subscriptionem
2505 4187 2964 4258 tergiversantur,
3003 4197 3356 4258 quaeruntque
3384 4190 3454 4262 (f)
3485 4193 3600 4246 sur.

2016 4286 2175 4356 fngia.
2220 4283 2387 4346 Alius,
2416 4279 2534 4334 Non
2581 4293 2798 4349 possum
2824 4318 2840 4345 ,
2885 4277 3090 4348 inquit,
3129 4277 3386 4335 damnare
3409 4323 3425 4348 ,
3453 4285 3596 4351 quod

2015 4393 2173 4434 nemo
2191 4373 2480 4430 damnavit.
2500 4371 2670 4434 Alius,
2696 4371 2832 4425 Nihil
2859 4386 3020 4441 super
3041 4371 3143 4426 hoc
3162 4387 3193 4424 a
3215 4371 3459 4427 Patribus
3485 4385 3599 4426 sta-

2017 4481 2188 4526 tutum
2209 4477 2290 4523 est
2320 4487 2332 4519 :
2362 4474 2418 4519 ut
2446 4465 2569 4518 dum
2601 4464 2763 4517 totius
2779 4462 2924 4516 orbis
2944 4469 3259 4530 provocatur
3284 4463 3596 4531 auctoritas,

2014 4558 2382 4620 subscribendi
2456 4556 2750 4610 necessitas
2817 4552 3111 4606 differatur.
3160 4551 3384 4618 Quidam
3436 4569 3643 4626 cons-7

2017 4655 2234 4720 tantius,
2265 4649 2543 4720 Quomodo
2568 4689 2583 4713 ,
2616 4645 2784 4714 inquit
2805 4684 2819 4707 ,
2848 4643 3240 4708 damnabimus,
3267 4661 3401 4715 quos
3428 4644 3601 4717 Syno-

2016 4747 2118 4802 dus
2137 4743 2349 4798 Nicmna
2381 4755 2482 4794 non
2528 4734 2732 4805 tetigit?
2755 4733 2884 4800 Qua:
2913 4733 3054 4787 enim
3085 4733 3356 4790 damnavit
3384 4737 3593 4802 Arium,

2016 4837 2325 4892 damnasset
2350 4831 2530 4896 utique
2557 4839 2607 4880 et
2633 4825 2918 4896 Origenem
2945 4866 2960 4890 ,
2990 4825 3032 4878 si
3062 4825 3201 4879 illius
3230 4825 3474 4898 dogmata
3508 4845 3625 4886 red

2019 4926 2317 4997 probasset.
2370 4918 2586 4974 Scilicet
2635 4930 2740 4970 uno
2793 4914 3147 4971 medicamine
3193 4931 3384 4973 omnes
3434 4919 3596 4976 simul

2017 5018 2235 5074 morbos
2264 5011 2336 5084 (g)
2366 5011 2599 5067 debuere
2625 5023 2846 5073 curare;
2869 5016 2924 5063 et
2947 5007 3145 5063 ideirco
3164 5007 3394 5078 Spiritus
3417 5010 3600 5069 Sancti

2019 5106 2261 5180 neganda
2287 5104 2539 5174 majestas
2567 5109 2670 5165 est,
2701 5100 2823 5170 quia
2853 5099 2904 5153 in
2936 5098 3024 5154 ilia
3043 5099 3260 5170 Synodo
3284 5115 3447 5171 super
3475 5085 3621 5158 sub?

2080 5239 2160 5304 (ά)
2193 5237 2398 5304 Videtur
2423 5248 2489 5285 ex
2514 5233 2824 5304 defensorum
2847 5230 3077 5304 Origenis
3097 5244 3305 5295 persona
3317 5229 3492 5304 _|oqui;
3515 5233 3605 5283 an-

2017 5293 2100 5353 ter
2124 5293 2254 5352 enim
2280 5298 2422 5362 paulo
2442 5310 2601 5362 supra
2643 5307 2700 5343 se
2741 5293 2970 5362 origenis
3007 5293 3247 5362 ςυμμξισ-ςην,
3287 5293 3410 5344 εἰτό
3441 5309 3610 5362 causa.

2018 5354 2455 5422 cerdotem'putari
2479 5354 2687 5422 dixerat.
2713 5356 2798 5418 qui
2820 5358 2884 5405 ob
2906 5354 3129 5422 rusticos
3143 5355 3417 5422 luteosque
3439 5354 3610 5422 homi-

2019 5414 2130 5482 nes,
2155 5437 2289 5489 quos.
2303 5414 2427 5489 infra
2447 5417 2705 5489 Retust'otas
2724 5414 2882 5489 vocat,
2905 5416 3059 5489 nollet
3083 5414 3238 5484 palam
3257 5414 3482 5475 dogmata
3499 5428 3613 5466 οοιι.

2018 5478 2250 5546 ﬁteri,'et
2271 5485 2521 5546 mendacio
2542 5487 2813 5546 opportune
2838 5478 3096 5546 utereturi
3160 5478 3174 5546 ρ

2190 5535 2274 5598 Sic
2310 5535 2621 5610 vetustiores
2647 5541 2767 5610 editi
2785 5547 2862 5610 _ct
2901 5538 3125 5610 plerique
3155 5535 3435 5610 βιζίιιε
3479 5538 3610 5610 eligi!!!

2023 5595 2475 5662 οτὲῖεὲίριαωηίε
2512 5601 2760 5654 sententia.
2785 5595 2939 5662 Porr'o
2959 5595 3133 5647 decem
3155 5595 3464 5646 Strouiateon
3503 5597 3612 5648 on-

2020 5661 2166 5740 genis
2187 5661 2603 5740 librijatttprjdem
2625 5661 3000 5740 interciderunt.

2185 5716 2432 5799 iii—338%;
2452 5716 2558 5799 iis.
2585 5740 2641 5775 ac
2662 5721 2918 5774 vetustiori
2957 5719 3172 5770 editione
3207 5716 3470 5782 sudi‘aw.
3516 5719 3618 5772 τοῖ’·

2023 5793 2156 5850 tasse
2180 5793 2365 5850 verius,
2391 5793 2616 5840 habetur.

2088 5839 2161 5922 ὦ
2189 5839 2382 5905 Vitatis;
2404 5839 2549 5902 antea
2573 5855 2680 5897 erat
2703 5842 2876 5894 debere
2892 5877 2908 5904 ,
2929 5839 3059 5906 quod
3085 5839 3401 5892 emendamus
3435 5856 3458 5893 c
3490 5843 3616 5895 ass.
