4106 6340
522 400 638 456 ἺΔἹ

524 512 722 566 stantia
775 512 891 579 ejus
940 506 1203 562 silentium
1244 504 1359 559 fuit.
1410 503 1486 558 De
1527 502 1655 558 Ario
1703 515 1847 567 tunc,
1891 498 2103 557 nonde

527 602 757 671 Origene
779 599 1000 669 qtnnstio
1028 595 1125 651 fuit
1146 610 1160 650 :
1178 595 1253 652 de
1264 594 1427 660 Filio,
1452 608 1557 649 non
1575 592 1641 649 dc
1659 591 1859 663 Spiritu
1880 590 2100 646 Sancto.

526 694 783 748 Consistit
810 706 943 745 SUNI‘
982 689 1123 760 quod
1173 689 1466 759 negabatur
1514 705 1525 739 :
1577 690 1858 740 tacuerunt
1906 681 1973 736 de
1997 695 2103 750 quo

512 797 691 838 nemo
728 780 1017 850 quairebat.
1062 780 1371 848 Quanquam
1418 778 1640 831 latenter
1680 773 1958 841 Origenem
1988 768 2103 824 fon-

531 884 637 927 tem
681 870 790 925 Arii
842 877 1254 939 percusserunt;
1301 868 1615 921 danmantcs
1663 862 1804 917 enim
1834 875 1963 926 eos,
2012 858 2102 928 qui

510 960 720 1016 .Filium
748 960 816 1014 de
844 959 1016 1014 Patris
1056 967 1249 1029 negant
1271 974 1388 1011 esse
1428 953 1745 1017 substantia,
1777 951 1924 1005 illum
1956 948 2100 1019 pari-

531 1065 633 1117 ter,
655 1053 947 1120 Ariumque
972 1050 1373 1104 damnaverunt.
1403 1045 1613 1113 Alioqui
1644 1044 1745 1100 hoc
1764 1049 2100 1111 argumento,

506 1159 630 1209 .nee
654 1142 965 1198 Valentinus
985 1180 1005 1207 ,
1038 1155 1139 1194 nec
1163 1139 1418 1204 Marcion,
1452 1151 1548 1191 nec
1572 1134 1935 1204 Cataphryges
1950 1171 1971 1196 ,
2007 1144 2105 1184 nec

511 1232 853 1300 _Mattichieus
883 1230 1123 1286 damnari
1167 1229 1365 1284 debent
1394 1245 1407 1281 :
1441 1227 1563 1297 quia
1614 1223 1862 1295 Synodus
1890 1220 2103 1307 Νἰοιιιυα

514 1339 627 1391 eos
654 1339 757 1379 non
784 1323 1022 1387 nominat
1049 1340 1064 1374 :
1103 1333 1238 1390 quos
1265 1328 1411 1374 certe
1435 1328 1559 1371 ante
1590 1314 1868 1387 Synodum
1919 1312 2101 1375 fuisse,

532 1430 641 1470 non
666 1414 880 1470 dubiutn
914 1420 1015 1479 est.
1045 1409 1196 1477 Quod
1226 1410 1269 1463 si
1295 1406 1508 1478 quando
1538 1406 1714 1476 urgeri
1743 1401 2022 1472 coeperint,
2052 1408 2106 1453 et

514 1494 628 1575 ,aut
652 1501 1087 1560 subscribendum
1111 1503 1194 1554 eis
1235 1498 1413 1563 fuerit,
1446 1505 1536 1550 attt
1562 1493 1864 1552 exeundum
1907 1489 1977 1545 de
2006 1489 2106 1543 Ec-

532 1596 696 1651 clesia
720 1635 737 1654 .
765 1594 927 1648 miras
954 1591 1204 1660 strophas
1242 1589 1444 1644 videas.
1473 1585 1562 1641 Sic
1591 1584 1751 1641 verba
1785 1588 2102 1653 temperant,

534 1689 611 1742 sic
632 1685 881 1755 ordinem
908 1692 1139 1745 vertunt,
1169 1689 1224 1735 et
1244 1680 1486 1749 ambigua
1502 1691 1731 1747 qumque
1756 1673 2104 1736 eonciuttant,

514 1789 596 1847 _ttt
617 1786 919 1834 etttoslram
937 1786 991 1830 et
1006 1773 1428 1827 adversariorum
1450 1767 1836 1843 confessionem
1868 1771 2103 1824 teneant,

537 1881 589 1925 ttt
639 1871 791 1927 aliter
836 1868 1136 1924 hazreticus.
1169 1865 1324 1917 aliter
1369 1861 1662 1917 catholicus
1705 1857 1903 1911 audiat.
1945 1854 2104 1922 Quasi

536 1977 642 2015 non
689 1961 878 2016 eodem
925 1957 1114 2027 spiritu
1152 1963 1207 2010 et
1263 1954 1337 2025 (α)
1381 1952 1572 2022 Apollo
1615 1948 1914 2016 Delphicus,
1949 1954 2109 2022 atque

535 2053 729 2107 Loxias
748 2048 963 2105 oracula
993 2048 1186 2111 fuderit
1210 2047 1398 2102 (Στωεο
1423 2054 1477 2099 et
1507 2042 1709 2113 Pyrrho
1725 2039 1952 2095 diversis
1978 2048 2111 2093 tem-

519 2143 776 2217 poribus,
829 2138 925 2196 sed
971 2138 1082 2209 pari
1124 2136 1353 2193 illudens
1384 2133 1639 2204 strepha'l
1670 2131 1908 2201 Exempli
1952 2143 2107 2185 causa

520 2304 523 2309 Ι
539 2248 701 2303 pauca
730 2231 1026 2300 subjiciam.
1828 2296 1833 2299 _

604 2324 661 2379 Β.
704 2323 1013 2385 Credimus,
1061 2320 1333 2388 inquiunt,
1389 2315 1835 2372 resurrectionem
1882 2314 2107 2366 futuram

532 2429 842 2485 corporum.
870 2413 984 2469 lloc
1020 2412 1067 2468 si
1095 2411 1232 2467 bene
1255 2410 1482 2474 dicatur,
1523 2424 1653 2479 pura
1699 2404 1967 2461 confessio
2003 2414 2106 2458 est.

524 2506 642 2561 Sed
669 2486 793 2576 quia
820 2518 1046 2573 corpora
1073 2510 1197 2558 sunt
1224 2501 1458 2556 ctelestia
1489 2508 1544 2555 et
1589 2496 1858 2553 terrestria
1884 2536 1901 2562 ,
1929 2502 1984 2550 et
2019 2509 2111 2548 aer

522 2597 641 2665 iste
661 2604 719 2651 et
743 2611 870 2651 aura
903 2595 1098 2655 tenuis,
1116 2594 1265 2662 juxta
1312 2604 1552 2645 naturam
1585 2604 1735 2644 suam
1759 2601 1987 2658 corpora
2014 2600 2112 2641 no-

526 2690 831 2753 minantur,
860 2701 1072 2756 scut-pus
1121 2693 1343 2755 ponunt,
1386 2700 1500 2738 .uon
1541 2696 1781 2748 carnem,
1829 2690 1888 2734 ut
1922 2681 2109 2733 ortho-

539 2782 710 2832 dosus
755 2791 950 2846 corpus
998 2758 1253 2839 audiens,
1307 2787 1523 2827 carnem
1574 2778 1762 2841 putet;
1832 2766 2112 2824 haereticus

528 2869 788 2947 spiritum
807 2876 1173 2938 recognoscat.
1208 2864 1333 2919 llaec
1405 2863 1562 2935 5”
1636 2872 1721 2917 est
1740 2876 1923 2916 eorum
1945 2860 2113 2930 prima

540 2958 783 3027 decipula
815 2973 831 3012 :
862 2972 982 3027 quae
1008 2957 1052 3011 si
1082 2954 1413 3025 deprehensa
1464 2952 1663 3014 fuerit,
1696 2952 1960 3005 instrttunt
1987 2948 2110 3019 (Ms.

538 3048 760 3121 struunt]
784 3048 916 3102 alios
940 3047 1117 3113 dolos,
1149 3056 1203 3101 et
1232 3043 1590 3099 innocentiam
1627 3041 1898 3105 simulant,
1925 3049 1980 3094 et
2004 3055 2117 3093 ma-

539 3141 749 3196 litiosos
784 3156 882 3194 nos
927 3149 1135 3203 vocant,
1180 3147 1235 3192 et
1272 3135 1421 3207 quasi
1448 3134 1765 3205 simpliciter
1811 3131 2110 3197 credentes,

539 3232 688 3284 aiimt
723 3228 1046 3285 :Credimus
1089 3227 1540 3285 resurrectionem
1592 3225 1788 3280 carnis.
1836 3223 1946 3278 lloc
1984 3237 2115 3277 vero

538 3338 662 3375 cum
706 3323 956 3385 dixerint,
1000 3320 1188 3388 vulgus
1225 3319 1494 3375 indoctum
1542 3326 1694 3389 putat
1744 3316 1842 3372 sibi
1869 3314 2115 3371 sufficere

541 3412 660 3484 (iis.
694 3430 840 3488 posse
857 3410 1123 3484 sumsere],
1143 3412 1377 3467 maxime
1407 3411 1527 3481 quia
1558 3410 1784 3479 idipsum
1805 3419 1860 3463 et
1880 3409 1932 3463 in
1955 3407 2113 3479 Sym-

541 3505 667 3558 holo
686 3503 936 3559 creditur.
954 3502 1258 3573 .lnterroges
1282 3504 1440 3568 ultra,
1473 3500 1663 3555 circuli
1689 3499 1943 3570 strepitus
1966 3514 2115 3554 com-

542 3604 804 3662 movetur,
837 3594 1069 3649 fautores
1093 3593 1367 3648 clamitant
1396 3610 1409 3646 :
1442 3592 1649 3646 Audisti
1668 3590 2114 3645 resurrectionem

540 3687 737 3751 carnis,
765 3683 892 3757 quid
916 3683 1114 3755 quaeris
1137 3681 1400 3752 amplius?
1431 3692 1485 3738 et
1510 3682 1560 3736 in
1583 3696 1895 3753 perversum
1927 3681 2116 3737 studiis

540 3779 900 3841 commutatis,
933 3776 1035 3831 nos
1051 3774 1419 3848 sycophantas,
1446 3773 1522 3828 illi
1549 3771 1820 3842 simplices
1839 3773 2113 3843 appellan-

542 3882 644 3923 tur.
672 3869 821 3938 Quod
848 3872 892 3922 si
908 3867 1265 3922 obduraveris
1286 3865 1547 3931 frontem,
1573 3872 1626 3918 et
1653 3877 1840 3933 urgere
1864 3862 2115 3932 caperis,

533 3973 753 4025 eat-nem
790 3960 968 4032 digitis
1004 3969 1214 4025 tenens,
1254 3974 1329 4013 an
1363 3960 1530 4027 ipsam
1560 3955 1740 4011 dicant
1777 3964 2112 4011 resurrectu-

542 4068 677 4117 rant,
707 4067 825 4122 quae
849 4050 1084 4106 cernitur
1104 4090 1118 4112 ,
1148 4063 1268 4119 qua:
1291 4047 1548 4116 tangitur,
1584 4060 1700 4115 quae
1728 4043 1926 4099 incedit
1950 4053 2003 4099 ct
2027 4044 2113 4099 lo-

542 4145 754 4215 quitur;
778 4143 948 4213 primo
978 4142 1173 4203 rident,
1195 4138 1390 4209 deinde
1411 4146 1668 4192 annuunt.
1698 4135 2118 4206 ‘Dicentibusque

544 4233 701 4287 nobis
721 4272 736 4298 ,
764 4241 940 4287 utrum
970 4231 1189 4300 capillos
1213 4242 1268 4282 et
1305 4229 1495 4299 dentes
1514 4268 1530 4293 ,
1562 4237 1744 4296 pectus
1770 4235 1825 4281 et
1851 4237 2117 4291 ventrem,

546 4337 733 4378 manus
762 4330 816 4376 et
836 4319 1032 4391 pedes,
1061 4329 1392 4388 ceterosque
1431 4330 1579 4373 arms
1603 4334 1668 4373 ex
1693 4319 1909 4388 integro
1934 4333 2119 4373 resur-

546 4411 713 4468 rectio
742 4409 991 4466 exhibeat
1020 4425 1035 4463 :
1066 4416 1190 4462 tunc
1228 4422 1358 4462 vero
1405 4408 1515 4461 risu
1547 4421 1606 4462 se
1630 4414 1815 4461 tenere
1849 4420 1955 4461 non
2001 4420 2123 4476 pos-

545 4512 708 4569 sunt,
759 4500 1129 4570 cacliinnoque
1178 4512 1272 4554 ora
1318 4496 1625 4562 solventes,
1664 4505 1920 4551 tonsores
1968 4496 2123 4551 nobis

544 4592 670 4664 [δίε.
698 4588 860 4663 bonis]
889 4588 1221 4645 necessarios
1246 4626 1262 4653 ,
1285 4595 1337 4642 et
1367 4574 1659 4657 placentas,
1686 4594 1741 4640 et
1778 4583 2033 4650 medicos,
2060 4600 2125 4641 ac

549 4690 757 4735 sutores
778 4682 1041 4751 ingerunt.
1071 4678 1328 4748 Ultroque
1354 4676 1704 4746 interrogant,
1733 4682 1909 4730 utrum
1936 4674 2125 4731 creda-

551 4785 672 4825 mus
696 4779 751 4824 et
774 4769 1022 4839 genitalia
1047 4769 1321 4838 utriusque
1351 4782 1514 4822 sexus
1543 4781 1824 4836 resurgere
1848 4807 1864 4831 ,
1912 4778 2124 4822 nostras

509 4902 515 4911 .
550 4874 716 4931 genas
741 4859 905 4913 hirtas
934 4898 951 4925 ,
982 4858 1299 4915 feminarum
1326 4859 1488 4913 lieres
1521 4858 1656 4923 fore,
1683 4867 1738 4913 et
1760 4857 2125 4914 habitudinem

553 4948 797 5017 corporis
821 4962 917 5018 pro
942 4949 1105 5002 maris
1132 4962 1196 5001 ac
1221 4946 1433 5001 femina:
1461 4948 1801 5003 distinctione
1840 4947 2124 5003 diversam.

552 5037 707 5105 Quod
728 5038 771 5091 si
787 5037 1110 5102 dederimus,
1133 5037 1311 5090 statim
1325 5046 1582 5106 expetunt
1600 5037 1810 5091 vulvam
1835 5047 1885 5092 et
1904 5040 2124 5103 coitum,

550 5138 609 5182 et
635 5136 825 5182 caetera
866 5141 985 5197 quae
1031 5127 1083 5181 in
1114 5134 1298 5182 ventre
1327 5135 1449 5180 sunt
1475 5138 1527 5181 et
1553 5127 1651 5182 sub
1680 5139 1885 5183 ventre.
1912 5130 2126 5200 Singula

618 5366 703 5430 (α),
723 5364 899 5430 Confer
921 5364 1206 5430 Ciceronem
1231 5363 1319 5430 l_ib.
1341 5366 1388 5413 2.
1413 5367 1478 5430 de
1500 5367 1708 5418 Divinat.
1730 5374 1784 5419 et
1808 5369 2041 5424 Herodoti
2069 5374 2127 5423 li-

554 5426 949 5499 drutr't'primum,
974 5427 1055 5499 ubi
1078 5426 1192 5499 quid
1228 5426 1395 5477 Crasso
1416 5428 1682 5499 Delphicus
1716 5431 1888 5499 Apollo
1923 5447 2127 5499 resima-

555 5489 710 5564 derit,
724 5489 963 5564 lnarrat.‘
1202 5500 1376 5564 γεγρα,
1400 5489 1525 5564 sive
1550 5502 1711 5564 Magn.
1735 5489 1815 5542 alii
1839 5495 1901 5564 ab
1922 5496 2130 5564 obliquis

556 5551 823 5619 reSponsis,
849 5550 924 5598 alii
942 5549 1005 5598 ab
1028 5549 1230 5622 oblique
1243 5546 1429 5598 Zodiaci
1454 5563 1598 5600 cursu
1619 5546 1713 5602 dici
1740 5554 1965 5604 eunxlem
1982 5546 2131 5618 Αρυι-

557 5607 710 5659 linem
749 5609 931 5659 volunt.
980 5610 1233 5661 Proverhn
1271 5618 1439 5661 autem
1482 5611 1588 5661 loco
1630 5622 1755 5664 erat.
1782 5614 1922 5665 Unde
1956 5617 2135 5667 Marius

558 5669 796 5738 Mercator
833 5673 883 5720 in
911 5671 1194 5724 Commonit.
1238 5684 1350 5738 pag.
1373 5670 1453 5738 μ.
1486 5691 1510 5719 ι
1530 5673 1666 5738 Rogo
1686 5676 1728 5738 si
1752 5676 2056 5738 simpliciter,
2082 5686 2136 5728 et

559 5743 654 5807 non
692 5731 1014 5807 dilemmatus,
1039 5731 1343 5807 tauquam_a:d
1365 5731 1587 5807 Cymsuni
1604 5731 1657 5786 ct
1686 5731 1923 5807 Pyrrhum
1961 5731 2135 5789 Loitias

562 5803 684 5841 unus
707 5799 757 5841 et
781 5799 830 5842 tu
856 5807 983 5845 nunc
1002 5793 1183 5844 erroris
1203 5795 1373 5855 spiritu
1402 5793 1634 5860 loqueris,
1658 5811 1681 5842 ν
1712 5793 1808 5847 étc.

1824 383 2066 444 SANCTI
2103 383 2480 443 lllERONYHl

3671 390 3785 449 πε.

2210 500 2447 554 membra
2478 508 2692 570 negant,
2716 509 2772 556 ct
2795 515 2987 572 corpus
3010 502 3153 574 quod
3169 513 3376 561 constat
3402 521 3468 561 ex
3496 508 3771 578 membris,

2203 587 2281 661 (ὁ)
2306 590 2489 644 dicunt
2517 604 2812 660 resurgere.
3424 638 3427 641 .
3654 648 3657 653 .
3737 664 3747 672 ,

2201 743 2205 748 ,
2277 682 2331 737 6.
2359 682 2472 745 Non
2520 690 2603 736 cst
2644 683 2797 752 hujus
2838 686 3093 754 temporis
3118 696 3304 742 contra
3331 688 3522 758 dogma
3554 705 3773 760 perver-

2207 786 2325 827 sum
2366 772 2690 828 rhetoricum
2716 774 2921 842 jactare
2944 790 3270 833 sermonem.
3311 779 3424 834 Non
3452 780 3580 834 mihi
3624 781 3776 841 direa

2206 862 2480 919 Ciceronis
2506 864 2680 936 lingua
2707 866 2936 922 sufﬁciat
2959 908 2973 928 ,
3004 883 3108 922 non
3153 868 3364 933 fervens
3399 872 3774 932 Demosthenis

2206 953 2377 1006 oratio
2413 954 2575 1008 animi
2616 955 2721 1010 mei
2757 958 2922 1025 possit
2952 958 3173 1027 implere
3201 958 3503 1024 fervorem,
3544 962 3589 1016 si
3618 965 3775 1027 velim

2153 1118 2161 1125 .
2208 1041 2586 1099 [hereticorum
2617 1043 3000 1102 fraudulentias
3022 1048 3246 1117 prodere
3269 1091 3284 1115 ,
3314 1051 3404 1120 qui
3434 1052 3594 1118 verbo
3621 1062 3777 1110 tenus

2208 1133 2654 1189 resurrectionem
2688 1134 2932 1200 fatentes.
2965 1139 3145 1194 animo
3172 1151 3388 1210 negant.
3417 1141 3604 1211 Solent
3631 1146 3774 1209 enim

2210 1220 2536 1278 muliercula:
2571 1239 2757 1280 eorum
2791 1243 3049 1285 mammas
3086 1240 3269 1288 tenere
3294 1275 3309 1301 ,
3342 1236 3511 1299 ventri
3551 1238 3777 1307 applau-

2206 1313 2357 1380 dcre,
2379 1315 2590 1383 lumbos
2615 1328 2667 1373 et
2696 1320 2900 1374 semina
2927 1332 2980 1375 et
3009 1320 3081 1396 (c-)
3107 1335 3293 1393 putres
3321 1335 3610 1383 attrectare
3636 1332 3777 1385 axil-

2209 1404 2309 1469 las,
2351 1415 2407 1459 et
2448 1406 2625 1461 dicere
2675 1426 2688 1462 :
2736 1410 2872 1477 Quid
2919 1412 3072 1467 nobis
3118 1415 3335 1483 prodest
3359 1421 3699 1486 resurrectio,
3730 1424 3777 1477 si

2210 1493 2395 1565 fragile
2432 1511 2626 1566 corpus
2654 1502 2932 1570 resurget?
2961 1502 3028 1557 Et
3065 1503 3253 1560 futurae
3280 1508 3601 1578 Angelorum
3624 1514 3776 1567 simi-

2211 1585 2289 1640 les
2315 1585 2394 1657 (d)
2421 1588 2741 1655 Angelorum
2773 1590 3087 1665 habebimus
3111 1604 3166 1649 et
3184 1608 3447 1655 naturam.
3480 1601 3779 1671 Dedignatu-

2202 1687 2293 1739 _tur
2345 1679 2591 1733 videlicet
2634 1696 2753 1736 cum
2785 1699 2945 1739 carne
2985 1693 3041 1740 et
3066 1688 3273 1742 ossibus
3303 1706 3585 1761 resurgere
3609 1736 3625 1760 ,
3655 1711 3776 1751 cum

2208 1772 2401 1841 quibus
2424 1774 2711 1828 resurrexit
2735 1783 2792 1829 et
2817 1774 3078 1847 Christus.
3103 1779 3206 1835 Sed
3230 1780 3313 1837 fac
3366 1783 3530 1856 528
3582 1803 3669 1852 me
3688 1805 3778 1849 er,-

2211 1877 2358 1916 rasse
2415 1864 2465 1916 in
2516 1865 2908 1933 adulescentia,
2944 1878 3012 1924 et
3058 1869 3520 1943 Philosophorum,
3573 1878 3627 1933 id
3675 1893 3776 1946 est,

2211 1951 2499 2007 Gentilium
2541 1955 2731 2009 Slttdiis
2773 1957 3059 2024 eruditum,
3100 1962 3150 2015 in
3191 1966 3461 2035 principio
3509 1967 3629 2023 fidei
3676 1971 3779 2023 dn-

2210 2054 2387 2126 gtnata
2415 2046 2686 2114 ignorasse
2718 2047 3021 2104 Christiana
3052 2068 3066 2104 :
3098 2062 3152 2107 et
3188 2053 3288 2109 hoc
3317 2069 3538 2126 putasse
3564 2059 3616 2115 in
3640 2036 3781 2131 Apo-

2212 2133 2364 2188 stolis
2389 2176 2404 2200 ,
2435 2135 2574 2204 quod
2604 2137 2653 2191 itt
2679 2138 2977 2210 Pythagora
3007 2153 3057 2197 et
3088 2143 3305 2201 Platone
3345 2156 3401 2201 et
3446 2150 3773 2218 Empedocli:

2212 2224 2441 2293 legeram
2502 2244 2515 2280 :
2560 2227 2666 2281 Cur
2708 2231 2913 2300 parvuli
2960 2232 3011 2287 in
3056 2233 3272 2289 Christo
3324 2246 3481 2308 atque
3538 2240 3782 2309 lactentis

2212 2330 2450 2370 errorem
2479 2319 2803 2388 sequimini?
2846 2337 2942 2377 cur
2981 2323 3050 2378 ab
3074 2338 3141 2379 eo
3187 2327 3509 2396 impietatem
3551 2331 3777 2400 discitis,

2212 2407 2301 2473 qui
2332 2408 2560 2462 necdum
2598 2411 2841 2478 pietatem
2872 2416 3125 2469 noverat?
3147 2415 3395 2474 Secunda
3422 2432 3540 2490 post
3565 2426 3779 2478 naufra-

2212 2498 2355 2568 gium
2382 2501 2558 2559 tabula
2587 2511 2690 2565 est,
2719 2504 2929 2574 culpam
2956 2505 3269 2575 simpliciter
3295 2510 3561 2566 confiteri.
3588 2514 3780 2571 linitati

2214 2595 2345 2644 estis
2369 2603 2635 2646 errantem
2661 2633 2677 2658 ,
2709 2594 2984 2649 imitamini
3024 2605 3077 2651 et
3106 2607 3425 2654 correctum.
3475 2602 3782 2658 Erraviutus

2209 2682 2432 2752 juvenes
2461 2723 2478 2751 ,
2522 2685 2866 2757 emendentur
2892 2702 3066 2742 senes.
3098 2687 3388 2760 Jungamus
3413 2694 3640 2762 gemitus
3660 2737 3676 2761 ,
3710 2697 3786 2755 lag-

2213 2788 2425 2844 cryntas
2468 2775 2818 2844 conttlemus,
2868 2778 3159 2847 plorenms,
3204 2790 3254 2834 et
3306 2796 3682 2841 convertamur
3716 2789 3781 2843 ad

2218 2864 2516 2931 Dominum,
2545 2870 2632 2936 qui
2659 2869 2789 2924 ferit
2823 2887 2870 2924 nt
2892 2869 3108 2943 s(Psal.
3138 2871 3228 2943 9i)
3260 2892 3272 2925 :
3302 2889 3408 2928 non
3439 2888 3781 2946 expectemus

2214 2956 2410 3011 diaboli
2434 2962 2826 3028 penitentiam.
2855 2961 2997 3016 Vana
3027 2974 3107 3018 est
3134 2964 3224 3018 illa
3244 2944 3617 3035 .pra-Stttttptio.
3651 2982 3701 3024 et
3725 2944 3779 3026 iu

2213 3049 2471 3119 gehennm
2500 3051 2715 3107 trahens
2743 3054 3059 3122 profundum
3086 3072 3098 3107 :
3131 3055 3215 3110 hic
3248 3067 3337 3109 aut
3370 3060 3627 3127 quietitur
3654 3064 3782 3130 vita,

2214 3151 2302 3194 aut
2354 3143 2631 3197 amittitur.
2676 3144 2731 3199 Si
2775 3144 3054 3216 Origenem
3083 3164 3347 3216 nunquam
3386 3162 3599 3208 secutus
3625 3170 3781 3229 sum,

2218 3232 2410 3286 frustra
2440 3234 2695 3290 infamare
2732 3252 2817 3292 me
2837 3240 3075 3307 quaeritis
3115 3240 3234 3315 [Ms.
3273 3246 3480 3318 cupitis]
3507 3264 3521 3310 ;
3550 3250 3593 3303 si
3625 3249 3783 3303 disci-

2218 3323 2373 3394 pulus
2414 3325 2532 3392 ejus
2586 3327 2692 3393 fui,
2743 3328 3018 3386 imitamini
3066 3333 3429 3403 pmttilentem.
3472 3337 3784 3399 Credidistis

2215 3415 2489 3471 conliteuti
2523 3434 2536 3470 :
2567 3419 2767 3473 credite
2790 3430 2843 3473 et
2871 3423 3101 3493 neganti.

2287 3504 2339 3558 7.
2372 3506 2426 3560 Si
2456 3506 2572 3570 ista,
2607 3518 2660 3561 ttt
2687 3509 2786 3574 ais,
2819 3511 3007 3581 inquit,
3042 3528 3285 3582 noveras,
3327 3531 3422 3572 cur
3451 3534 3572 3575 cum
3603 3522 3786 3578 lauda-

2218 3594 2286 3647 sti
2333 3596 2382 3649 in
2429 3599 2696 3665 opusculis
2727 3600 2868 3654 tuis?
2904 3601 2969 3656 Ει
3017 3603 3178 3658 hodie
3228 3584 3518 3674 laudarem,
3558 3613 3657 3667 nisi
3692 3631 3785 3672 vos

2217 3684 2333 3755 ejus
2377 3687 2662 3743 laudaretis
2687 3706 2945 3748 errores:
2992 3710 3096 3748 non
3134 3695 3262 3751 mihi
3288 3695 3597 3766 displiceret
3641 3705 3784 3773 inge-

2220 3778 2385 3839 nium.
2412 3780 2510 3834 nisi
2540 3781 2854 3850 quibusdam
2883 3784 3000 3854 ejus
3025 3785 3114 3858 [al.
3146 3785 3315 3860 etiam]
3345 3790 3575 3861 placeret
3604 3796 3788 3865 impie-

2222 3880 2322 3922 tas.
2370 3870 2439 3925 Et
2483 3872 2772 3942 Apostolus
2830 3876 3108 3945 priecipit:
3165 3877 3347 3932 Omnia
3392 3880 3605 3952 legentes
3632 3924 3647 3949 ,
3675 3903 3790 3955 qua:

2222 3964 2351 4016 bona
2378 3974 2494 4017 siml
2516 3966 2780 4020 retinentes
2806 3966 2880 4040 (Ι.
2913 3967 3089 4023 Thess.
3222 3971 3525 4028 Lactantius
3555 3976 3606 4029 in
3634 3977 3783 4032 lihris

2222 4054 2357 4118 suis,
2386 4062 2444 4109 et
2471 4056 2698 4111 maxime
2723 4056 2780 4110 in
2808 4058 3049 4129 epistolis
3076 4061 3141 4115 ad
3178 4062 3587 4136 Detnetriauum,
3622 4065 3793 4136 Spiri-

2225 4152 2310 4198 tus
2353 4146 2521 4201 srncti
2567 4145 2636 4219 (ε)
2680 4150 2898 4203 omnino
2927 4161 3083 4219 negat
3107 4153 3488 4221 substantiam,
3521 4167 3571 4210 et
3609 4174 3791 4216 errore

2222 4233 2446 4289 Judaico
2469 4236 2597 4290 dicit
2618 4253 2736 4292 eum
2768 4238 2853 4293 vel
2876 4238 2942 4294 ad
2972 4239 3180 4297 Patrem
3220 4242 3431 4312 referri,
3462 4247 3544 4300 vel
3570 4246 3788 4323 Filium,

2225 4331 2279 4376 et
2303 4324 2769 4382 sattcrilicationem
2814 4330 3084 4400 utriusque
3122 4345 3361 4403 persona:
3395 4335 3493 4390 sub
3532 4336 3646 4404 ejus
3699 4353 3794 4391 no-

2228 4413 2370 4467 tnine
2394 4414 2768 4473 demonstrari.
2797 4421 2928 4487 Quis
2956 4423 3084 4478 mihi
3113 4422 3431 4481 interdicere
3473 4437 3645 4496 potest
3671 4471 3686 4493 ,
3723 4404 3790 4485 ne

2228 4507 2395 4576 legant
2420 4506 2815 4566 lnstitntionum
2841 4513 2958 4581 ejus
2998 4514 3182 4581 libros,
3210 4517 3402 4587 quibus
3438 4528 3793 4589 contragen.

2229 4608 2309 4653 tes
2335 4598 2547 4668 scripsit
2576 4600 2861 4657 fortissime
2881 4645 2897 4669 ,
2929 4603 3048 4673 quia
3090 4606 3333 4675 superior
3361 4609 3617 4664 sententia
3644 4609 3795 4666 dete-

2228 4688 2413 4744 standa
2439 4690 2560 4744 est?
2588 4692 2941 4760 Apollinaritts
2971 4704 3153 4748 contra
3200 4696 3549 4769 Porphyrium
3581 4702 3793 4771 egregia

2228 4779 2444 4849 scripsit
2471 4780 2735 4836 volumina
2759 4825 2774 4850 ,
2805 4785 2968 4853 probo
3004 4785 3237 4840 laborem
3269 4790 3397 4853 viri,
3432 4789 3554 4844 lict-1
3595 4790 3795 4849 fatuum

2224 4871 2282 4925 in
2323 4873 2592 4943 plerisque
2633 4875 2822 4942 dogma
2853 4884 3206 4931 contemnam.
3237 4877 3574 4935 Confitemini
3624 4893 3679 4937 et
3706 4900 3800 4940 vos

2293 5070 2380 5144 (b)_
2398 5069 2640 5144 Emendat
2660 5070 2935 5144 Veronens.
2961 5070 3085 5121 liber
3107 5073 3377 5144 quodfalso
3393 5114 3407 5134 ,
3424 5089 3498 5144 _ac
3518 5077 3804 5144 Hieronymi

2230 5132 2646 5202 mentieoutrario
2663 5143 2830 5190 sensu,
2853 5132 3105 5202 hocusque
3127 5132 3261 5202 editi
3293 5132 3558 5202 habebant,
3581 5144 3636 5189 et
3657 5132 3804 5202 [ιιέτὶ-

2231 5206 2331 5255 que
2355 5193 2499 5240 etiam
2522 5191 2634 5240 Mss.
2660 5204 2770 5240 cum
2807 5191 3040 5253 negandi'
3057 5195 3312 5303 gracula,
3336 5196 3501 5248 dicunt
3521 5191 3617 5249 rion
3639 5191 3803 5252 ἀεν-

2231 5265 2363 5303 aere.
2388 5252 2639 5302 Lectionis
2658 5260 2834 5301 11061.ηὲ
2856 5254 3037 5303 veritas
3135 5254 3198 5303 ile
3224 5269 3288 5303 ex
3311 5265 3546 5303 contextu
3569 5259 3741 5303 linunt-

2231 5252 2363 5324 gere.
2388 5252 2639 5324 bectionis
2658 5260 2839 5324 nostrae
2856 5252 3037 5324 veritas
3057 5252 3198 5324 facile
3224 5269 3288 5324 ea
3298 5252 3546 5310 contextu
3569 5259 3741 5324 liquet.

2295 5313 2514 5382 (c)__‘Alit.
2538 5322 2758 5363 Femora.
2784 5311 3017 5377 Plerique
3051 5322 3215 5365 autem
3237 5316 3353 5369 Iss.
3376 5332 3526 5382 pw‘us
3547 5311 3804 5374 attrectare

2299 5409 2587 5500 ὧῖῖὲιεῃο
2608 5445 2778 5500 vocem
2803 5434 3101 5500 mrum,
3123 5449 3269 5499 quam
3307 5440 3453 5491 etiam
3493 5438 3710 5493 Bullinus
3732 5444 3805 5494 le-

2236 5493 2395 5557 gerat,
2420 5493 2779 5559 ex_Veroncnsi
2803 5493 2892 5546 Ms".
2918 5493 3123 5559 aliisque
3141 5493 3434 5559 repetimus.
3459 5501 3588 5551 Olim
3625 5513 3733 5555 erat
3760 5493 3807 5555 et

2237 5555 2446 5618 itmporc
2468 5555 2647 5617 futura
2683 5555 3055 5607 ruat-rectitude
3084 5555 3370 5622 angelorum
3410 5561 3687 5616 habebam
3719 5579 3807 5616 και

2236 5624 2509 5739 “lanio;
2530 5675 2721 5727 omnino
2742 5690 2896 5739 penes
2914 5677 3245 5739 Martianaiutn
3264 5681 3453 5734 deerat.
3476 5683 3810 5737 Conferendus

2239 5749 2358 5802 vero
2382 5745 2458 5802 est
2479 5737 2615 5802 locus
2637 5739 2728 5787 iste
2745 5737 3280 5802 cum‘alioﬁjeronymi
3314 5746 3465 5797 nostri
3488 5748 3536 5796 in
3558 5746 3807 5800 Commen-

2241 5798 2376 5847 tariis
2397 5799 2445 5847 iu
2467 5799 2514 5848 4.
2540 5806 2680 5860 caruit
2703 5799 2922 5861 epistola:
2938 5799 2998 5848 ad
3019 5798 3247 5853 Galatas“
