4106 6340
350 443 455 502 789

349 562 402 617 iu
439 554 750 629 quibusdam
776 565 955 610 errare
978 547 1303 618 Origenem';
1325 550 1376 598 et
1406 538 1480 613 (α)
1507 554 1594 593 mu
1613 538 1761 591 ‘ultra
1810 546 1930 589 non

347 624 558 708 faciam.
604 647 773 703 Dicite
805 658 926 701 eum
954 643 1093 698 male
1115 639 1350 695 sensisse
1378 633 1445 689 de
1469 632 1606 688 Filio
1629 673 1642 696 ,
1679 624 1830 699 pejus
1855 625 1922 680 de

347 744 547 815 Spiritu
580 748 798 803 sancto;
825 737 1118 792 animarum
1147 731 1215 786 de
1239 728 1380 786 calo
1404 726 1590 782 ruinas
1612 722 1923 790 impie‘pro-

290 836 297 844 ’
352 832 535 890 tulisse
557 848 572 896 ;
601 827 1044 886 resurrectionem
1064 824 1240 878 carnis
1256 820 1419 876 verbo
1435 825 1635 871 tantum
1652 808 1920 873 conliteri,

350 936 601 981 ueterum
629 920 923 976 assertione
949 914 1256 978 destruere;
1278 921 1331 968 et
1357 919 1475 981 post
1498 907 1660 962 multa
1701 902 1919 967 saecula,

351 1027 511 1084 atque
553 1028 710 1067 unam
755 1009 990 1065 omnium
1043 998 1555 1065 restitutionem,'id‘
1593 997 1763 1067 ipsum
1807 992 1922 1046 fore

352 1082 672 1165 Gabrielcm,
714 1100 855 1171 quod
906 1097 1211 1158 diabolum;
1268 1093 1509 1156 Paulum,
1546 1086 1686 1160 quod
1763 1082 1926 1155 529

351 1196 629 1265 Caipltam,
675 1192 926 1262 virgines,
956 1187 1094 1259 quod
1133 1184 1470 1257 prostibulas.
1510 1179 1643 1234 Cum
1695 1178 1808 1228 Ita‘c
1835 1188 1925 1228 re-

349 1287 601 1358 jcceritis,
652 1296 706 1339 et
758 1284 905 1353 quasi
949 1279 1189 1335 censoria
1234 1275 1434 1346 virgula
1476 1266 1852 1343 scparaveritis
1893 1279 1924 1319 a

356 1355 460 1435 lltle
481 1375 759 1438 Ecclesim,
784 1382 896 1428 tuto
915 1372 1088 1442 legant
1108 1378 1340 1431 cratera;
1367 1379 1466 1420 nec
1490 1376 1692 1417 venena
1716 1359 1824 1428 jam
1854 1355 1926 1411 ti-

356 1467 543 1531 mebo,
569 1481 688 1521 cum
716 1463 1010 1519 antidotum
1039 1460 1351 1531 praebibero.
1383 1455 1497 1511 Non
1542 1452 1667 1507 mihi
1692 1449 1923 1511 nocebit,

357 1558 405 1613 si
421 1558 639 1613 dixero:
660 1554 936 1625 Origenes,
966 1566 1087 1606 cum
1114 1551 1166 1604 in
1187 1548 1395 1604 caeteris
1418 1544 1566 1600 libris
1584 1552 1771 1595 omnes
1795 1540 1928 1593 vit-e-

358 1651 447 1715 rit,
474 1650 526 1703 iu
546 1646 765 1703 Cantico
778 1643 1107 1700 canticorum
1124 1643 1235 1710 ipse
1247 1655 1306 1695 se
1322 1639 1447 1693 vicit
1469 1653 1484 1703 ;
1513 1651 1610 1690 nec
1633 1631 1929 1714 formidabo

359 1740 698 1804 sententiam,
729 1753 833 1807 qua
876 1737 1026 1791 illum
1064 1734 1340 1789 doctorem
1378 1726 1733 1785 Ecclesiarum
1760 1737 1931 1794 quon-

359 1831 479 1886 dam
512 1829 591 1902 (l)
623 1822 1047 1883 adolescentulus
1069 1820 1357 1879 nominavi.
1375 1818 1486 1875 Nisi
1514 1817 1651 1873 forte
1675 1828 1932 1869 accusare

359 1921 536 1985 debui,
563 1919 717 1989 cujus
741 1927 926 1988 rogatu
950 1915 1045 1990 [ιιι.
1085 1910 1315 1986 rogatus]
1345 1909 1601 1979 epuscula
1634 1903 1932 1961 transfere-

360 2013 502 2078 bam,
531 2022 584 2066 et
609 2011 788 2066 dicere
812 2012 864 2063 in
902 2007 1119 2079 prologo
1150 2021 1163 2058 :
1192 2003 1290 2060 Hic
1324 2000 1475 2070 cujus
1511 1998 1836 2066 interpretor
1861 1993 1930 2047 li-

360 2104 488 2159 bros
517 2102 796 2158 haereticus
819 2109 923 2166 est,
946 2113 1075 2154 cave
1100 2098 1289 2159 lector,
1319 2107 1386 2148 ne
1411 2092 1559 2160 legas
1586 2106 1601 2142 :
1634 2087 1755 2156 fuge
1780 2086 1933 2152 vipe-

360 2211 476 2249 ram
505 2212 519 2248 :
552 2202 640 2247 aut
666 2193 711 2248 si
740 2192 918 2261 legere
946 2167 1197 2250 volueris,
1220 2185 1364 2240 scito
1391 2197 1429 2236 a
1448 2179 1600 2235 matis
1627 2175 1932 2231 hominibus

361 2296 417 2340 et
437 2285 697 2339 haereticis
718 2290 965 2350 corrupta
993 2293 1137 2339 esse,
1163 2290 1279 2344 quae
1296 2270 1576 2334 transtuli;
1605 2279 1911 2337 quanquam

360 2376 551 2428 timere
582 2390 686 2426 nou
733 2372 968 2432 debeas;
1020 2381 1120 2436 ego
1156 2364 1301 2419 enim
1338 2361 1540 2424 omnia,
1585 2372 1704 2429 quat
1744 2356 1930 2409 vitiata

362 2468 593 2530 fuerant,
639 2462 867 2517 correxi.
915 2458 1029 2514 Hoc
1071 2466 1150 2512 est
1192 2454 1311 2509 aliis
1347 2451 1525 2508 verbis
1554 2450 1737 2506 dicere
1767 2465 1780 2502 :
1812 2462 1939 2530 ego,

360 2558 454 2628 qui
485 2558 840 2624 interpretor,
866 2548 1161 2605 catholicus
1196 2560 1350 2609 sum;
1398 2543 1516 2607 llic,
1566 2554 1724 2613 quem
1771 2538 1936 2595 inter-

363 2656 568 2719 pretor,
598 2645 883 2700 limreticus
907 2653 1009 2698 eat.
1041 2639 1277 2708 Denique
1297 2645 1350 2692 et
1385 2650 1480 2690 vos
1514 2635 1644 2689 satis
1673 2629 1934 2699 simplici-

366 2751 469 2806 ter,
496 2748 552 2793 et
577 2738 825 2806 ingenue,
856 2743 914 2789 et'
939 2748 1043 2788 nou
1076 2730 1369 2791 malitiose,
1397 2726 1544 2797 parvi
1570 2723 1774 2778 scilicet
1800 2736 1901 2791 pen
1920 2742 1936 2758 ο
1975 2738 1979 2742 ·

362 2831 554 2885 dentes
584 2834 845 2897 pra'cepta
877 2824 1165 2887 rhetorica,
1208 2829 1264 2875 et
1307 2815 1598 2888 przestigias
1637 2821 1932 2877 oratorum,

362 2922 491 2976 dum
530 2919 693 2973 libros
721 2916 835 2988 ejus
864 2926 964 2986 περὶ
990 2903 1150 2987 Ᾱρχῶν
1177 2912 1454 2966 luereticos
1493 2898 1839 2967 conﬁtemini,
1880 2910 1935 2956 et

363 3012 419 3067 in
438 3012 571 3065 alios
592 3010 795 3064 crimen
823 3007 1111 3062 transferre
1140 3004 1317 3067 vultis,
1347 3000 1605 3070 injecistis
1635 2996 1935 3069 legentibus

365 3103 689 3172 scrupulum,
742 3109 798 3153 ut
824 3108 987 3153 totam
1033 3096 1266 3152 auctoris
1296 3094 1454 3148 vitam
1483 3090 1835 3153 discuterent,
1880 3094 1935 3139 et

364 3212 427 3250 ex
458 3194 667 3250 caneris
695 3192 843 3247 libris
862 3189 976 3259 ejus
1002 3190 1364 3259 conjecturam
1393 3184 1670 3255 praesentis
1697 3181 1937 3235 facerent

364 3285 695 3357 quaestionis.
726 3283 837 3354 Ego
861 3283 1103 3344 callidus,
1137 3282 1223 3350 qui
1250 3276 1529 3335 emendavi
1557 3316 1572 3341 ,
1603 3276 1765 3329 silens
1794 3270 1935 3343 quod

366 3377 543 3440 volui,
596 3385 651 3432 et
700 3374 1039 3430 dissimulans
1076 3371 1330 3432 crimina,
1389 3383 1495 3423 non
1546 3366 1645 3422 feci
1685 3364 1937 3419 invidiam

367 3471 673 3526 criminose.
699 3468 860 3522 Aiunt
877 3477 930 3521 et
956 3464 1165 3529 medici,
1191 3461 1418 3533 grandes
1445 3458 1662 3514 morbos
1689 3470 1793 3510 non
1815 3467 1938 3509 esse

367 3561 650 3623 curandos,
675 3557 772 3614 sed
799 3554 1147 3612 dimittendos
1176 3561 1403 3616 naturae,
1428 3566 1496 3604 ne
1528 3546 1734 3602 medela
1764 3545 1940 3614 langue

372 3664 483 3703 rem
529 3653 828 3716 exasperet.
881 3643 1109 3697 Centum
1160 3638 1541 3709 quinquaginta
1598 3634 1723 3689 anni
1775 3646 1941 3702 prepe

369 3749 512 3805 sunt,
540 3756 609 3794 ex.
626 3753 734 3807 quo
749 3734 1012 3805 Origenes
1031 3742 1274 3786 mortuus
1293 3738 1377 3785 est
1398 3727 1546 3798 Tyri.
1571 3725 1701 3791 Quis
1719 3723 1941 3776 Latino-

370 3849 498 3890 rum
524 3848 685 3886 ausus
718 3822 801 3885 est
829 3841 1061 3895 unquam
1094 3824 1381 3878 transferre
1422 3821 1587 3873 libros
1612 3816 1727 3885 ejus
1752 3815 1821 3868 de
1854 3827 1942 3867 re-

372 3925 719 3986 surrectiOue,
754 3929 857 3989 περὶ
884 3910 1066 3988 Ᾰρκῶν,
1096 3919 1395 3983 στρωματὲας
1414 3916 1470 3963 et
1494 3904 1567 3979 (b)
1586 3904 1795 3973 τόμουςῗ
1824 3902 1942 3973 quis

376 4030 467 4083 per
492 4015 684 4067 infame
713 4025 847 4080 opus
879 4023 939 4062 se
978 4008 1152 4075 ipsum
1195 4003 1359 4056 voluit
1388 3997 1671 4055 infamari?
1708 3994 1819 4050 Nec
1856 3994 1942 4049 di-

371 4105 626 4159 sertiores
653 4116 838 4156 sumus
868 4098 1084 4161 llilario,
1113 4107 1213 4149 nec
1232 4091 1499 4146 lideliores
1530 4086 1821 4149 Victorino,
1854 4083 1944 4153 qui

372 4199 488 4263 ejus
528 4201 784 4249 tractatus
832 4208 863 4243 n
890 4206 935 4243 ιη
985 4197 1039 4240 ut
1085 4188 1423 4252 interpretes,
1466 4179 1560 4235 sed
1591 4187 1649 4233 ut
1698 4184 1945 4230 auctores

377 4287 569 4355 proprii
599 4284 776 4352 aperis
813 4281 1214 4335 transtulerunt.
1242 4274 1420 4342 Nuper
1455 4273 1680 4326 Sanctus
1709 4269 1942 4321 Anthro-

375 4377 485 4430 sius
528 4376 605 4430 sic
660 4373 1025 4426 Hexaemeron
1087 4368 1225 4420 illius
1271 4361 1611 4432 compilavit,
1663 4367 1720 4413 ut
1776 4358 1943 4427 magis

377 4466 642 4537 Hippolyti
670 4463 959 4519 sententias
980 4458 1264 4528 ftasiliiqu'e
1302 4463 1635 4526 sequeretur.
1668 4452 1778 4522 Ego
1807 4451 1941 4519 ipse,

366 4559 527 4629 ’cujus
571 4556 913 4630 temulatores
954 4567 1075 4608 esse
1112 4564 1208 4604 vos
1254 4548 1450 4612 dicitis,
1497 4543 1667 4613 et,‘ad
1713 4552 1948 4599 caeteros

378 4651 534 4717 talpas
558 4687 574 4712 ,
617 4658 925 4712 caprearum
964 4643 1014 4695 in
1042 4655 1133 4694 me
1159 4639 1347 4694 oculos
1374 4637 1658 4706 possidetis
1684 4676 1700 4701 ,
1731 4635 1775 4688 si
1808 4634 1946 4687 malo

379 4740 556 4791 animo
597 4736 813 4788 fuissem
860 4748 982 4801 erga
1007 4732 1311 4800 Origenem,
1344 4731 1724 4796 interpretatus
1768 4740 1945 4781 essem

381 4826 479 4881 hos
526 4826 691 4896 ipsos,
738 4838 871 4891 quos
910 4836 1067 4888 supra
1106 4819 1212 4871 dixi
1244 4857 1259 4882 ,
1306 4817 1508 4882 libros,
1550 4826 1609 4869 nt
1649 4815 1789 4869 mala
1833 4816 1949 4883 ejus

380 4918 539 4974 etiam
569 4914 770 4970 Latinis
811 4923 933 4966 nota
970 4911 1197 4964 facerem
1225 4906 1365 4973 ;Ased
1441 4905 1601 4977 53o
1676 4919 1947 4973 nunquam

381 5009 507 5067 feci.
555 5015 615 5062 et
652 5005 831 5060 multis
880 5001 1186 5071 rogantibus
1222 4998 1562 5065 acquiescere
1615 4995 1781 5050 nolui.
1835 4995 1950 5050 Non

381 5102 527 5157 enim
577 5099 826 5156 consuevi
867 5111 1057 5151 eorum
1093 5093 1346 5149 insultare
1390 5088 1680 5154 erroribus,
1724 5103 1950 5158 quorum

383 5193 548 5249 miror
578 5191 806 5260 ingenia.
834 5189 969 5257 Ipse,
1011 5186 1056 5240 si
1090 5184 1264 5241 adhuc
1289 5182 1507 5237 viveret.
1551 5179 1811 5248 Origenes
1845 5178 1954 5232 ira-

383 5294 621 5340 sceretur
642 5282 793 5336 vobis
823 5278 1118 5334 [amoribus
1153 5276 1291 5340 suis,
1316 5284 1513 5330 etcum
1537 5264 1702 5328 Iacob
1723 5269 1948 5335 diceret,

322 5434 329 5443 _
389 5374 634 5430 Odiosum
663 5389 741 5438 uie
765 5370 949 5442 fecistis
969 5370 1021 5422 in
1042 5366 1229 5421 utendo
1255 5365 1408 5440 (Gen.
1441 5362 1559 5436 54).

456 5466 515 5522 8.
566 5464 692 5521 Vult
739 5460 931 5531 aliquis
997 5457 1213 5513 laudare
1258 5454 1576 5525 Origeuem?
1622 5451 1842 5516 laudet,
1897 5460 1955 5505 ut

387 5556 543 5621 laudo
581 5572 597 5612 :
636 5568 860 5624 magnus
902 5566 978 5604 γη·
1015 5552 1082 5602 ab
1133 5546 1350 5603 infantia
1377 5586 1393 5613 ,
1430 5555 1485 5600 et
1529 5559 1656 5600 vere
1698 5541 1958 5613 martyris

454 5758 526 5810 (ul
562 5756 671 5806 Vid.
695 5756 849 5817 Epist.
883 5752 951 5801 t2.
977 5748 1321 5817 adAulunitun
1341 5744 1462 5817 Nota
1485 5756 1555 5814 ea

559 5804 794 5872 Abest,'et
812 5829 967 5879 τίςιτηςε
987 5827 1014 5862 a
1032 5804 1300 5879 Vereor-nsi
1322 5822 1378 5855 ac
1402 5806 1555 5879 ιιι-διο
1579 5804 1960 5879 quempraribus.

457 5865 523 5945 lli
559 5865 616 5930 lit
634 5865 826 5930 l’rtel‘at.
854 5865 903 5926 id
926 5865 1157 5927 llomilias
1176 5871 1382 5934 Origeu.
1408 5870 1456 5918 iu
1479 5865 1811 5919 Ezechielem.

1652 416 1975 478 EPlS‘l’OLvl
2020 413 2307 470 LXXXIV.

3428 432 3431 433 '
3497 415 3609 472 750

2031 526 2583 600 [LeonidisMartyris]
2611 522 2748 584 illius
2777 549 2790 586 :
2816 525 3157 587 Alexandria:
3179 529 3615 586 ecclesiasticam

2029 618 2265 674 scholam
2287 618 2473 685 tenuit,
2496 618 2789 676 succedens
2816 622 3179 678 eruditissimo
3204 620 3598 677 viroClementi

2029 709 2342 780 presbytero
2380 726 2394 763 :
2427 709 2723 781 voluptates
2750 712 2803 765 in
2842 720 3043 767 tantum
3077 713 3227 784 fugit,
3259 721 3316 767 ut
3341 712 3456 767 zelo
3482 711 3601 775 Dei,

2030 799 2132 854 sed
2150 810 2327 855 tamen
2359 817 2461 856 non
2488 801 2777 857 secundum
2807 803 3084 858 scientiam
3117 802 3190 876 (ε)
3217 806 3361 860 ferro
3385 815 3603 858 trunca-

2030 901 2112 945 ret
2132 892 2378 962 genitalia
2412 910 2426 946 :
2456 892 2678 947 calcavit
2704 894 2979 948 avaritiam
3016 893 3357 962 :Scripturas
3394 908 3602 947 metuo-

2031 983 2165 1037 riter
2187 984 2373 1050 tenuit,
2400 993 2455 1038 et
2479 984 2532 1038 iu
2564 984 2741 1039 studio
2769 984 3157 1054 explanationis
3183 998 3388 1048 earum,
3417 983 3607 1037 diebus

2031 1072 2312 1128 desudavit
2337 1090 2399 1129 ac
2428 1073 2865 1130 noctibuscttille
2902 1083 2958 1128 et
2995 1089 3060 1128 eo
3086 1074 3311 1142 amplius
3352 1081 3609 1128 tractatus

2037 1165 2115 1235 (Δ)
2146 1165 2197 1220 in
2222 1164 2459 1221 Ecclesia
2487 1167 2693 1222 locutus
2714 1177 2798 1222 est
2817 1183 2833 1222 :
2850 1167 3013 1222 edidit
3031 1166 3442 1221 innumerabiles
3468 1181 3608 1235 pra:-

2033 1264 2177 1312 terea
2202 1258 2636 1323 commentarios,
2655 1261 2794 1327 quos
2810 1257 2925 1328 ipse
2947 1257 3181 1328 appellat
3198 1266 3387 1325 τόμους,
3411 1265 3612 1323 etquos

2033 1362 2175 1403 nunc
2187 1356 2469 1418 praetereo,
2485 1362 2553 1404 ne
2575 1348 2764 1403 videar
2783 1364 3002 1419 operum
3024 1345 3142 1419 ejus
3158 1348 3387 1405 indicem
3404 1348 3608 1403 texere.

2033 1438 2164 1507 Quis
2193 1448 2434 1494 nostrum
2467 1444 2617 1494 lauta
2652 1447 2832 1510 potest
2857 1427 3084 1511 legere,
3114 1449 3310 1510 quanta
3361 1439 3449 1493 ille
3484 1453 3613 1511 con-

2035 1529 2289 1599 scripsit?
2328 1530 2447 1599 qtris
2490 1523 2767 1585 ardentem
2797 1530 2850 1584 in
2894 1510 3182 1600 Scripturis
3224 1530 3459 1584 animant
3503 1510 3610 1581 non

2037 1619 2302 1675 miretur?
2328 1617 2480 1686 Quod
2506 1621 2551 1673 si
2578 1620 2699 1689 quis
2712 1619 2740 1674 .l
2749 1619 2882 1675 udas
2899 1621 3101 1676 zelotes
3122 1620 3432 1690 opposuerit
3456 1618 3612 1673 nobis
3628 1616 3641 1695 λῃ

2036 1724 2248 1765 errores
2271 1708 2416 1779 ejus,
2448 1682 2631 1765 audiat
2656 1711 2825 1766 libere
2855 1727 2870 1764 :
3157 1682 3175 1690 ’
3196 1682 3210 1690 ’
3635 1682 3641 1695 ’
3680 1682 3697 1721 ³

2174 1818 2180 1823 ’
2250 1822 2513 1878 Interdum
2540 1841 2752 1896 magnus
2774 1826 3014 1879 dormitat
3040 1824 3308 1890 Ilouterus.

2118 1912 2301 1969 Verum
2326 1931 2476 1986 opere
2493 1917 2545 1969 in
2571 1915 2722 1987 longe
2746 1921 2826 1987 fus
2846 1926 2918 1970 est
2947 1919 3184 1987 obrepere
3202 1931 3455 1970 sonorum.

2914 2006 3144 2078 (Ῐίοιιλτ.
3183 2008 3294 2063 Art.
3328 2005 3474 2063 Poet.

2109 2134 2224 2191 Non
2255 2135 2522 2191 imitemur
2547 2135 2662 2205 ejus
2689 2136 2838 2203 vitia,
2861 2138 3016 2207 cujus
3042 2138 3264 2196 virtutes
3292 2157 3400 2198 non
3429 2158 3622 2213 possu-

2038 2241 2159 2281 mus
2182 2228 2353 2297 sequi.
2384 2228 2707 2283 Erravcrunt
2738 2229 2790 2282 in
2834 2228 2938 2283 tlde
2964 2229 3052 2284 alii
3080 2240 3184 2285 tam
3213 2220 3384 2289 αι·εὲοὶ
3411 2274 3427 2296 .
3456 2252 3619 2304 quam

2038 2316 2233 2383 Latini,
2261 2333 2489 2388 quorum
2518 2335 2624 2373 non
2657 2335 2878 2375 necesse
2904 2331 2988 2377 est
3019 2322 3258 2392 proferre
3282 2325 3520 2390 nomina,
3551 2344 3619 2382 ne

2039 2407 2323 2464 videamur.
2341 2424 2463 2465 eum
2489 2425 2593 2462 non
2633 2409 2716 2464 sui
2745 2412 2973 2476 merito,
3022 2410 3114 2466 sed
3161 2412 3387 2469 aliorum
3430 2431 3620 2470 errore

2038 2497 2343 2554 defendere.
2364 2498 2475 2554 lloc
2495 2515 2598 2553 non
2622 2508 2722 2565 est,
2754 2500 2978 2570 inquies,
3007 2516 3274 2558 excusare
3300 2504 3609 2575 Origenem,

2039 2589 2133 2646 sed
2162 2604 2413 2647 accusare
2447 2601 2702 2646 cancros.
2724 2591 2954 2647 Pulchre
2978 2631 3001 2658 ν
3021 2593 3079 2647 si
3107 2609 3229 2650 eum
3254 2610 3466 2652 errasse
3505 2613 3612 2652 non

2038 2681 2291 2745 dicerem,
2324 2681 2369 2735 si
2398 2681 2452 2735 in
2483 2680 2610 2737 ﬁdet
2636 2683 2894 2751 pravitate
2917 2684 3104 2739 saltem
3136 2685 3451 2754 Apostolum
3480 2688 3618 2743 Pau-

2039 2772 2192 2837 lum,
2235 2771 2323 2826 vel
2369 2772 2629 2842 'Angelum
2676 2773 2743 2828 de
2789 2772 2927 2829 celo
2973 2774 3294 2831 audiendum
3340 2777 3618 2834 crederem

2040 2863 2234 2936 (Galal.
2282 2866 2359 2931 t).
2391 2863 2540 2919 Nunc
2571 2878 2719 2932 vero,
2748 2881 2869 2921 cuin
2896 2868 3211 2936 simpliciter
3237 2883 3476 2925 errorem
3499 2871 3616 2941 ejus

2042 2957 2209 3011 mittar
2230 2996 2246 3018 ,
2269 2957 2348 3010 sic
2387 2956 2556 3026 legam
2579 2965 2637 3011 ut
2659 2964 2918 3025 caeteros,
2946 2959 3070 3029 quia
3092 2958 3170 3014 sic
3198 2962 3397 3015 erravit
3422 2971 3482 3016 ut
3504 2977 3617 3016 ca:-

2042 3049 2165 3103 teri.
2206 3047 2311 3105 Sed
2337 3047 2484 3103 dicas
2520 3064 2535 3102 :
2577 3047 2624 3102 si
2655 3050 2940 3103 multorum
2982 3051 3282 3105 communis
3318 3060 3402 3107 est
3442 3056 3614 3115 error;

2041 3155 2138 3196 cur
2164 3141 2337 3195 solum
2369 3140 2791 3210 persequimini?
2818 3141 2952 3209 Quia
2981 3158 3076 3197 vos
3100 3144 3272 3198 solum
3302 3143 3532 3200 laudatis
3556 3157 3611 3200 ut

2042 3232 2379 3301 Apostolum.
2409 3233 2560 3288 Tolle
2604 3235 2803 3288 amoris
2832 3241 3085 3305 ὓπιρϐθλὴν
3106 3274 3121 3301 ,
3149 3245 3206 3291 et
3232 3252 3330 3291 nos
3383 3238 3615 3293 tollimus

2042 3325 2147 3380 odii
2175 3326 2615 3397 magnitudinem.
2640 3326 2964 3382 Cattcrorum
2992 3327 3117 3382 vitia
3146 3328 3214 3383 de
3240 3328 3406 3384 libris
3417 3332 3528 3384 suis
3552 3332 3619 3385 ad

2044 3417 2148 3474 hoc
2174 3426 2376 3475 tantum
2404 3420 2717 3491 excerpitis,
2744 3429 2802 3475 ut
2830 3418 2985 3489 hujus
3008 3418 3311 3477 defendatis
3337 3437 3582 3479 errorem
3607 3441 3618 3476 :

2044 3513 2326 3584 Origenem
2356 3513 2435 3568 sic
2467 3511 2618 3568 fertis
2642 3514 2694 3567 in
2736 3514 2929 3568 caelum
2954 3552 2971 3577 ,
3014 3523 3073 3568 ut
3103 3512 3235 3568 nihil
3258 3529 3621 3570 cumrerrasse

2045 3605 2256 3662 dicatis.
2301 3605 2553 3674 Quisquis
2579 3621 2640 3659 es
2685 3614 2924 3660 assertor
2970 3604 3576 3674 novorumvdogmatum
3602 3644 3618 3667 ,

2045 3711 2231 3768 quaso
2266 3704 2341 3758 te,
2370 3705 2428 3750 ut
2456 3709 2642 3764 pareas
2662 3694 2918 3749 Romanis
2945 3694 3164 3748 auribus
3194 3712 3211 3749 :
3242 3707 3434 3762 parcas
3475 3691 3620 3757 fidei,

2047 3802 2166 3856 quia
2193 3786 2430 3856 Apostoli
2470 3800 2600 3839 voce
2630 3784 2838 3839 laudata
2862 3793 2964 3838 est.
2992 3784 3097 3839 Cur
3122 3794 3240 3852 post
3264 3782 3624 3854 quadringen-

2051 3887 2134 3932 tos
2191 3877 2347 3949 531
2388 3891 2557 3929 annos
2583 3874 2779 3929 docere
2800 3888 2900 3927 nos
2925 3873 3129 3939 nitaris,
3149 3872 3291 3942 quod
3314 3882 3443 3927 ante
3459 3872 3631 3926 nesci-

2049 3966 2263 4022 vimus?
2288 3981 2384 4021 cur
2404 3964 2610 4034 profers
2632 3964 2685 4018 in
2715 3962 2991 4027 medium,
3013 3962 3152 4032 quod
3182 3962 3372 4016 Petrus
3399 3971 3455 4016 et
3482 3960 3593 4016 Pan
3610 3989 3625 4002 ο

2049 4057 2134 4113 lus
2167 4056 2331 4112 edere
2356 4054 2683 4110 noluerunt?
2709 4052 2891 4124 Usque
2927 4052 2994 4108 ad
3028 4055 3175 4108 hunc
3208 4052 3352 4107 diem
3381 4051 3502 4107 sine
3531 4049 3628 4105 ista

2049 4148 2293 4204 doctrina
2321 4144 2553 4201 mundus
2573 4144 2905 4200 Christianus
2931 4143 3048 4198 fuit.
3077 4144 3228 4200 Illam
3255 4156 3417 4196 senex
3442 4138 3636 4196 tenebo

2053 4240 2209 4297 tidem
2235 4280 2251 4304 ,
2278 4238 2332 4293 in
2359 4254 2461 4308 qua
2509 4253 2638 4304 puer
2665 4236 2737 4308 (ε)
2765 4245 2984 4291 renatus
3011 4251 3155 4290 sum.
3200 4230 3511 4288 Pelusiotas-
3528 4242 3627 4283 nos

2041 4331 2371 4402 appellant,
2403 4338 2456 4384 et
2484 4329 2656 4383 Iuleos
2680 4326 3045 4396 animalesqne
3068 4367 3083 4393 ,
3115 4333 3174 4382 et
3209 4338 3460 4387 carueos,
3488 4319 3631 4392 quod

2056 4439 2159 4477 non
2200 4420 2521 4490 recipiamus
2564 4432 2626 4473 ea
2652 4431 2817 4488 ,.qute
2851 4415 3074 4486 spiritus
3117 4423 3287 4478 sunt;
3327 4411 3402 4465 illi
3433 4410 3641 4466 scilicet

2052 4511 2461 4582 Jerosolymitaa,
2490 4522 2720 4579 quomin
2764 4515 2936 4560 mater
2960 4505 3011 4557 in
3047 4506 3191 4561 cado
3221 4510 3323 4557 est.
3350 4500 3467 4555 Non
3508 4514 3640 4555 cou-

2059 4617 2239 4661 temuo
2259 4618 2473 4658 carnem
2503 4641 2521 4667 ,
2547 4601 2723 4669 inqua
2752 4598 2998 4652 Christus
3038 4609 3200 4651 natus
3224 4603 3307 4649 cst
3329 4633 3346 4656 ,
3373 4604 3430 4649 et
3456 4608 3642 4648 resur-

2060 4697 2197 4751 rexit
2227 4712 2241 4747 :
2273 4708 2378 4748 non
2407 4690 2642 4759 despicio
2663 4690 2851 4749 lotum,
2881 4685 3024 4756 quod
3053 4694 3335 4741 excoctum
3368 4683 3421 4739 in
3451 4694 3639 4739 testam

2059 4784 2413 4855 purissimam,
2463 4786 2650 4850 regnat
2686 4778 2736 4831 in
2780 4777 2957 4841 cmlo;
3002 4784 3058 4831 et
3086 4787 3265 4832 tamen
3309 4774 3496 4847 miror,
3543 4793 3641 4835 cur

2056 4876 2201 4932 carni
2247 4871 2608 4935 detrahentes,
2664 4868 2846 4922 vivant
2895 4869 3200 4931 carnaliter,
3252 4879 3306 4925 et
3359 4869 3637 4927 inimicam

2058 4981 2207 5021 suam
2234 4961 2301 5035 (f)
2328 4961 2559 5024 foveant,
2588 4967 2643 5014 et
2682 4960 2920 5013 nutriant
2945 4958 3196 5029 delicate,
3228 4961 3329 5016 nisi
3359 4963 3498 5016 forte
3527 4963 3625 5018 iiu—

2060 5051 2209 5119 plere
2251 5047 2434 5101 volunt
2469 5045 2798 5112 Scripturam
2840 5043 3150 5098 dicentem:
3182 5047 3360 5099 Amata
3402 5047 3663 5101 inimicor-

2060 5149 2247 5193 restros
2277 5152 2296 5191 :
2325 5136 2605 5207 benefacite
2643 5136 2742 5216 iis,
2789 5133 2876 5205 qui
2919 5145 3286 5204 persequuntur
3343 5151 3428 5191 vos
3474 5136 3628 5209 (an.

2125 5251 2194 5314 (c)
2229 5248 2532 5312 Nicepliorus
2548 5232 2633 5297 lib.
2656 5248 2706 5297 5.
2728 5259 2772 5296 θ.
2798 5246 2846 5294 8.
2871 5260 2969 5295 non
2992 5247 3122 5295 ferro
3141 5255 3405 5305 truncasse,
3430 5249 3635 5301 sedmee

2060 5313 2331 5362 diamento
2370 5311 2642 5359 exsiccasse
2690 5308 2858 5362 tradit,
2884 5308 3031 5362 .qaod
3074 5308 3185 5358 aliis
3223 5321 3505 5362 persuasum
3537 5317 3630 5359 est.

2062 5308 2331 5362 dit-armato
2352 5308 2642 5359 'exsiccasse
2690 5308 2858 5368 tradit,
2884 5308 3031 5369 .qaod
3074 5308 3185 5358 aliis
3221 5321 3505 5372 persuasum
3537 5317 3630 5359 est.

2062 5374 2354 5440 Epiphanius
2372 5379 2539 5440 autem
2561 5373 2608 5420 in
2633 5371 2818 5440 incerto
2847 5368 3100 5440 relinquit.
3185 5396 3191 5403 ο
3232 5428 3243 5440 ⁸
3264 5428 3275 5440 _
3434 5434 3439 5439 η
3561 5437 3570 5440 Α

2127 5428 2219 5497 (ξι).
2240 5432 2606 5497 Voculammgos
2640 5428 3137 5497 Victoriuspui'ittit;
3163 5428 3354 5491 quidam
3392 5434 3439 5477 ο·
3465 5437 3634 5479 coittra

2064 5487 2433 5568 Mss."tfgctatu_s
2457 5487 2569 5568 legi,
2590 5504 2785 5568 gaesa}
2801 5487 3153 5568 ξλοξςδὶιμυιθ.

2126 5558 2195 5621 (ε)
2220 5557 2379 5621 Minus
2409 5551 2540 5621 bene
2558 5551 2638 5603 alii
2661 5553 2777 5621 editi
2796 5563 2854 5621 ac
2890 5551 3004 5621 Mss.
3021 5555 3273 5621 patriapro
3292 5554 3501 5621 feriatus,
3523 5563 3635 5600 cum

2063 5607 2406 5681 de‘ibaptismo
2426 5616 2538 5665 heic
2560 5613 2825 5681 eum_loqui
2850 5617 3056 5660 constet.
3094 5607 3355 5681 Pelusiotae
3397 5621 3636 5681 vergun-

2065 5694 2178 5731 nien
2200 5669 2456 5729 deducitur
2480 5691 2506 5724 a
2525 5687 2638 5735 nm
2673 5669 2842 5723 Gram
2879 5683 3018 5728 voce,
3041 5680 3357 5735 quaerente»
3378 5669 3634 5732 signiticet,

2065 5728 2198 5792 unde
2216 5800 2224 5802 Α
2242 5737 2391 5802 luteas
2422 5728 2806 5802 _i_nterpret_au_tr,_
2831 5743 2957 5802 non“,
2980 5728 3109 5791 quod
3147 5728 3380 5780 Baronius
3422 5728 3581 5793 ptuat,
3606 5728 3635 5783 ἁ

2510 5830 2525 5850 ο
2548 5792 2675 5857 quod
2698 5793 2810 5857 alibi
2832 5792 3137 5857 castigamus.

2070 5816 2191 5852 voce
2213 5797 2508 5852 latinaspilus

2133 5816 2191 5852 ce
2213 5800 2372 5849 latinas
2422 5798 2525 5850 ἠδ.
2548 5798 2675 5857 quod
2698 5798 2810 5841 alibi
2832 5798 3137 5851 castigamus.

2133 5863 2210 5927 (Ῑ)
2244 5860 2335 5911 Ms.
2507 5857 2690 5921 [coeunt
2715 5850 3002 5915 voluptuose,
3023 5855 3069 5900 et
3092 5848 3303 5901 maritim
3327 5850 3557 5906 delicate,
