4106 6340
478 399 578 458 ’158

1764 388 2007 446 SANCTI
2044 387 2437 450 ιιιεκοιιιιιι·

3632 391 3748 452 753

476 517 542 576 vi;
572 511 760 567 Manli.
784 508 860 584 5).
882 511 1017 567 Amo
1034 478 1251 566 carnem
1267 515 1490 575 castam,
1511 506 1793 578 virginem,
1814 505 2052 576 jejunan-
2158 503 2300 560 unde
2328 505 2486 575 igitur
2529 507 2717 575 sciam,
2736 506 2887 580 quod
2912 507 3176 577 t'atnphili
3205 507 3318 564 sit?
3345 507 3599 567 videlicet
3622 516 3747 578 aly-

478 615 589 659 rem
617 619 631 656 :
660 616 782 657 amo
807 601 987 657 carnis
1010 615 1118 657 non
1146 614 1309 670 opera
1335 640 1353 666 ,
1376 598 1470 654 sed
1496 596 1850 655 substantiam
1886 613 1900 649 :
1932 609 2056 648 amo

477 708 715 756 carnem,
746 707 865 760 qua)
887 690 1232 763 jutlicandam
1261 704 1323 745 se
1360 703 1482 745 esse
1504 689 1650 743 novit
1683 706 1695 740 :
1725 702 1847 741 amo
1875 685 2054 748 illam,

477 798 599 850 qua:
639 797 736 852 pro
759 780 974 837 Christo
999 782 1052 836 in
1075 780 1332 854 martyrio
1357 778 1601 844 creditur,
1644 778 1894 845 laniatur,
1922 790 2059 831 exu-

479 875 635 927 ritur.

2157 596 2241 651 ius
2265 606 2322 651 et
2360 597 2528 653 saliva
2556 597 2756 655 docere
2782 615 2868 655 me
2907 602 3122 670 poterit.
3170 600 3455 674 Nunquam
3481 599 3698 657 credam
3724 636 3747 665 ,

2156 688 2298 758 quod
2324 688 2514 745 doctus
2538 693 2621 747 vir
2647 693 2851 762 primos
2873 694 3069 764 ingenii
3090 694 3172 750 sui
3195 693 3403 751 fructus
3428 691 3745 765 quaestioni—

2162 782 2260 836 bus
2278 791 2333 837 et
2357 781 2587 840 infamiae
2612 784 2874 840 dedicarit
2911 801 2926 839 :
2957 792 3015 840 et
3040 785 3216 856 ipsum
3260 799 3457 840 nomen
3492 783 3749 856 apologe-

2162 874 2248 926 tici
2269 872 2502 928 ostendit
2530 876 2929 931 accusationem
2954 892 2972 932 :
2996 891 3102 932 non
3121 877 3266 933 enim
3286 875 3610 940 defenditur,
3638 873 3743 929 nisi

553 965 639 1020 l0.
680 966 755 1020 An
776 966 1007 1035 corrupti
1040 962 1277 1036 Origenis
1297 964 1413 1019 libri
1434 964 1462 1017 2
1485 949 1555 1004 σέ-
1575 960 1711 1016 illud
1738 973 1888 1025 vero,
1915 957 2061 1029 quod
2160 965 2302 1034 quod
2334 966 2385 1019 in
2416 966 2639 1022 crimine
2667 977 2768 1022 est.
2792 966 2969 1024 Unum
2997 983 3140 1024 nunc
3167 968 3435 1039 proferam
3458 1007 3474 1032 ,
3501 967 3586 1020 cui
3616 980 3749 1022 con-

477 1065 748 1122 asserunt,
777 1071 808 1109 a
835 1055 1156 1126 quibusdam
1175 1055 1444 1110 haereticis
1461 1063 1516 1110 et
1535 1052 1812 1109 malevolis
1831 1050 2061 1106 homini-

477 1149 579 1202 bus
605 1148 774 1203 libros
787 1148 906 1218 ejus
928 1163 1049 1204 esse
1078 1149 1320 1213 violatos,
1350 1162 1508 1217 quam
1541 1146 1782 1216 ineptum
1810 1145 1900 1212 sit,
1931 1143 2055 1198 hinc

482 1239 696 1307 probari
727 1250 918 1309 potest.
965 1240 1096 1309 Quis
1137 1239 1450 1310 prudentior
1474 1279 1490 1304 ,
1516 1237 1761 1303 doctior,
1806 1236 2035 1307 eloqnen

481 1332 588 1385 tior
608 1330 861 1394 Eusebio.
884 1340 940 1387 et
966 1331 1213 1404 Didyme,
1234 1331 1594 1387 assertoribus
1620 1329 1886 1400 Origenis,
1916 1328 2063 1382 inve-

480 1422 584 1477 niri
609 1425 823 1493 potest?
842 1439 1071 1494 quorum
1096 1425 1237 1478 alter
1261 1438 1357 1478 sex
1392 1422 1757 1479 voluminibus
1774 1437 1860 1483 τῆς
1882 1424 2060 1477 ἀπολο-

480 1526 587 1580 νίας
611 1515 680 1569 ita
708 1531 854 1580 eum,
884 1525 942 1571 ut
962 1531 1042 1579 se,
1066 1517 1301 1571 sensisse
1324 1515 1610 1572 eontirmat
1638 1532 1654 1567 :
1683 1515 1822 1569 alter
1844 1514 1922 1567 sic
1948 1512 2067 1581 ejus

480 1622 695 1664 errores
737 1608 924 1663 nititur
946 1622 1226 1668 excusare,
1284 1616 1342 1661 ut
1384 1616 1561 1661 tamen
1593 1604 1735 1659 illius
1754 1619 1873 1660 es~e
1901 1603 2036 1658 fatea

482 1709 603 1765 tur;
654 1714 757 1754 non
805 1702 1062 1770 scriptum
1106 1714 1328 1771 negans,
1384 1698 1478 1754 sed
1519 1712 1735 1754 sensum
1781 1696 2067 1751 scribentis

480 1794 808 1848 edisserens.
861 1792 1019 1847 Aliud
1058 1802 1163 1858 est,
1210 1793 1255 1847 si
1305 1807 1410 1862 qua
1457 1793 1525 1846 ab
1575 1790 1841 1845 increticis
1887 1788 2065 1842 addita

480 1893 627 1948 sunt,
657 1881 734 1955 (α)
755 1882 898 1937 aliud
921 1884 966 1938 si
991 1882 1112 1954 quis
1139 1883 1290 1953 quasi
1317 1883 1452 1936 bene
1481 1881 1620 1936 dicta
1657 1879 1929 1935 defendat.
1956 1877 2065 1933 So-

481 1975 567 2031 lus
594 1976 843 2030 inventus
877 1982 962 2029 cst
983 1973 1276 2044 Origenes,
1309 1973 1463 2041 cujus
1490 1974 1687 2040 scripta
1719 1972 1772 2024 in
1795 1978 1907 2025 toto
1935 1968 2069 2023 orbe

482 2064 823 2128 falsarentnr,
846 2073 923 2128 et,
953 2064 1103 2133 quasi
1130 2061 1198 2116 ad
1225 2062 1300 2134 (b)
1319 2059 1870 2125 Mithridatislitteras,
1891 2059 2068 2113 omnis

483 2155 681 2210 veritas
719 2167 826 2208 uno
869 2152 959 2207 die
991 2153 1059 2207 de
1100 2151 1460 2204 voluminibus
1506 2150 1647 2203 illius
1671 2148 1969 2204 raderetur.
2012 2147 2070 2203 Si

486 2247 886 2309 unusviolatus
926 2255 1010 2299 est
1056 2243 1211 2308 liber,
1257 2257 1384 2296 num
1431 2242 1679 2296 universa
1726 2240 1844 2309 ejus
1882 2253 2068 2309 opera,

484 2352 607 2407 qua:
641 2335 870 2391 diversis
909 2344 964 2389 et
1013 2334 1144 2388 locis
1189 2342 1245 2387 et
1287 2330 1616 2400 temporibus
1661 2329 1862 2393 edidit,
1911 2327 2072 2384 simul

486 2425 759 2497 corrumpi
794 2422 1282 2495 potuerunt'tipse
1307 2421 1567 2487 Origenes
1616 2421 1667 2474 in
1710 2418 1961 2489 epistola,
2003 2417 2075 2488 (c)

487 2530 646 2586 quam
670 2516 856 2573 scribit
876 2516 946 2570 ad
970 2514 1258 2569 Fabianum
1282 2513 1534 2567 ltomzune
1551 2511 1697 2566 urbis
1722 2510 2071 2579 Episcopum,

487 2605 858 2677 penitentiam
899 2604 1061 2677 532
1097 2606 1225 2673 agit,
1271 2619 1367 2658 cur
1388 2603 1511 2657 talia
1543 2602 1838 2671 scripserit,
1871 2609 1928 2654 et
1950 2615 2109 2659 cau-,

488 2712 579 2751 sas
626 2697 943 2751 temeritatis
972 2696 1025 2749 in
1072 2694 1417 2749 Ambrosium
1459 2694 1623 2747 rel'crt
1648 2734 1661 2753 ,
1695 2692 1834 2759 quod
1864 2700 2077 2745 secreto

490 2787 656 2853 edita,
706 2787 759 2841 in
793 2786 1062 2856 publicum
1108 2784 1392 2856 protulerit
1445 2794 1549 2839 :et
1599 2784 1728 2854 quid
1772 2783 1949 2838 adhuc
1998 2784 2079 2853 (tl)

491 2884 875 2950 ιυροοιλογοῡσιν,
907 2877 1082 2932 aliena
1111 2891 1254 2943 esse,
1285 2890 1405 2947 qua:
1433 2874 1758 2946 displicent?

564 2972 654 3026 ll.
673 2971 755 3024 An
777 2969 1081 3041 Pamphilus
1104 2967 1340 3040 Origenis
1361 2969 1696 3024 luudator.—
1721 2967 1913 3028 Porro,
1932 2965 2077 3036 quod

498 3059 839 3130 Pamphilum
886 3058 1163 3130 proferunt
1193 3060 1522 3114 laudatorem
1568 3061 1701 3129 ejus,
1731 3059 1931 3128 gratias
1973 3059 2080 3111 illis

494 3166 597 3221 ago
650 3167 772 3207 meo
820 3154 1067 3219 nomine,
1117 3152 1255 3222 quod
1307 3152 1527 3220 dignum
1581 3168 1666 3204 me
1721 3159 2075 3221 putaverunt,

494 3258 657 3312 quem
683 3256 807 3297 cum
851 3251 1087 3313 martyre
1115 3242 1586 3296 calumniarentur.
1619 3242 1673 3294 Si
1701 3243 1843 3295 enim
1875 3241 1943 3295 ab
1981 3241 2081 3295 ini-

498 3335 656 3389 micis
685 3333 931 3404 Origenis
978 3334 1144 3389 libros
1182 3334 1298 3403 ejus
1351 3334 1529 3387 dicitis
1573 3349 1692 3387 esse
1732 3333 1976 3395 violatos.
2024 3343 2081 3388 ut

499 3426 890 3483 iniamarentur
934 3444 949 3480 :
995 3440 1160 3496 quare
1215 3425 1343 3479 mihi
1398 3440 1502 3479 non
1555 3426 1710 3480 liceat
1753 3425 1955 3488 dicere,
2013 3428 2081 3480 ab

501 3518 690 3574 amicis
718 3518 837 3589 ejus
868 3526 922 3571 et
951 3517 1302 3573 sectatoribus
1341 3516 1695 3585 compositura
1717 3531 1837 3571 esse
1862 3517 1962 3571 sub
1987 3533 2083 3572 no-

501 3605 650 3668 mine
674 3610 935 3680 Pamphili
964 3612 1231 3675 volumen,
1264 3606 1407 3679 quod
1432 3610 1577 3663 illum
1608 3609 1915 3663 testimonio
1940 3623 2084 3663 mar-

501 3706 634 3778 tyris
666 3705 735 3760 ab
772 3703 989 3760 infamia
1034 3701 1329 3758 vindicaret
1349 3703 1374 3755 ‘l
1402 3701 1541 3757 Ecce
1579 3715 1673 3756 vos
1703 3700 2003 3756 emendatis
2029 3701 2082 3755 in

501 3797 748 3869 Origenis
780 3796 954 3860 libris,
977 3795 1118 3865 quod
1152 3795 1241 3850 ille
1267 3808 1374 3849 non
1416 3792 1631 3863 scripsit
1660 3811 1671 3847 :
1703 3802 1761 3848 et
1789 3792 2081 3862 miramini,

501 3891 547 3946 si
573 3889 698 3945 edat
722 3890 912 3960 aliquis
937 3888 1131 3944 librum
1163 3928 1179 3956 ,
1221 3901 1379 3958 quem
1406 3887 1496 3942 ille
1529 3900 1634 3941 non
1661 3884 1864 3941 edidit?
1892 3883 2001 3941 Vos
2031 3886 2086 3941 in

502 3979 649 4036 edito
674 3994 836 4050 opere
861 3980 1086 4051 potestis
1110 3977 1324 4047 coargui
1354 3994 1370 4033 :
1398 3977 1506 4039 ille,
1532 3977 1623 4047 qui
1654 3976 1785 4031 nibil
1805 3976 1951 4052 aliud
1975 3976 2089 4032 edi-

502 4072 602 4138 dit,
651 4071 858 4126 facilius
901 4079 1046 4141 patet
1095 4070 1398 4125 calumniae.
1444 4071 1573 4124 Date
1624 4068 1903 4139 quodlibet
1937 4067 2087 4123 aliud

501 4179 639 4236 opus
666 4163 921 4234 Pamphili
950 4180 964 4216 :
988 4177 1250 4233 nusquam
1281 4162 1560 4230 reperietis
1590 4178 1605 4215 :
1635 4161 1743 4216 hoc’
1773 4175 1937 4215 unum
1964 4170 2086 4226 est;

567 4316 864 4390 (a).Didynmi
891 4329 1081 4389 nomen
1103 4317 1169 4390 ad.
1188 4315 1295 4387 libri
1319 4327 1469 4390 oram,
1498 4315 1845 4390 ut_bodienum
1887 4318 1935 4390 in
1965 4318 2091 4390 auti-

502 4375 741 4443 quis'simo
769 4375 939 4442 Regio
976 4375 1247 4443 exetnplari
1289 4377 1456 4443 videre
1502 4385 1605 4443 est“,
1640 4386 1933 4443 _non_ne_mo
1972 4375 2089 4426 olim

500 4436 807 4512 ascripserat,
938 4441 1049 4512 quis
1093 4436 1178 4512 ille
1220 4436 1369 4512 fuerit
1392 4437 1527 4512 ξ,(ιιιί
1553 4436 1799 4512 -Οςξςεξηξβ
1832 4437 2087 4512 dogmata,

501 4497 644 4565 quasi
667 4497 938 4554 benedicta
957 4497 1271 4565 defenderet,
1297 4497 1585 4565 explicaret.
1624 4497 1723 4546 Sed
1762 4497 1949 4565 tactum
1976 4497 2091 4565 inde

504 4559 679 4622 est,‘ut
716 4577 778 4613 eo
810 4564 1005 4613 nomine
1030 4564 1076 4610 in
1099 4569 1293 4612 textum
1316 4559 1505 4624 intruso
1524 4598 1537 4616 ,
1565 4571 1710 4624 voces
1747 4559 1883 4609 aliud
1905 4559 1960 4624 si
1985 4561 2093 4624 quis

503 4620 765 4687 perperam
803 4629 1213 4687 expungerentnr
1238 4625 1284 4687 in
1307 4621 1416 4687 aliis
1452 4620 1676 4671 omnibus
1696 4654 1712 4679 ,
1730 4620 2091 4687 _quos__vi_dcre

506 4679 650 4748 nobis
670 4679 894 4748 contigit;
919 4679 1131 4748 ex'cepto
1152 4684 1330 4748 Regio,
1356 4683 1471 4732 Mss.
1496 4689 1649 4748 atque
1680 4679 1826 4748 editis
1863 4679 2019 4748 libris,
2044 4688 2091 4735 in

503 4747 682 4809 quibus
717 4742 896 4809 hiulco,
919 4742 1068 4809 atque
1091 4742 1380 4809 imperfecto
1418 4742 1577 4809 sensu
1601 4742 1802 4809 legitur,
1829 4742 2092 4809 gaudeat,

502 4803 548 4857 si
577 4818 688 4867 que
709 4808 772 4856 ab
796 4803 1036 4857 lueretir'is
1058 4803 1228 4857 addita
1246 4814 1372 4864 sunt,
1402 4804 1639 4868 Didymus
1656 4803 1802 4866 quasi
1822 4803 1938 4868 bene
1960 4805 2094 4857 dicta

504 4868 943 4938 defendatasolus,
969 4876 1066 4917 etc.
1091 4868 1261 4917 Debes
1280 4867 1438 4929 Regio
1459 4866 1611 4925 codici
1647 4881 1809 4917 veram
1832 4866 2095 4918 lectionem

502 4944 650 4993 quam
674 4933 990 4993 restituimns.

573 4990 637 5054 (ὁ)
678 4990 965 5054 Mithridatis
1003 4987 1201 5054 litteras,
1226 4991 1329 5039 sive
1354 4987 1881 5054 edictumbujusmodi
1907 4989 2013 5049 fuit,
2039 5000 2094 5043 ut

502 5048 695 5110 mones,
718 5052 802 5112 qui
844 5053 892 5099 iu
919 5057 1015 5098 tota
1047 5052 1162 5099 Asia
1189 5055 1346 5109 erant,
1386 5048 1590 5112 liomani
1629 5052 1833 5112 geniti-is
1872 5052 2094 5102 bmnines

505 5115 707 5175 pariter,
730 5110 879 5175 atque
904 5123 1009 5175 uno
1022 5118 1242 5175 tempore
1266 5110 1678 5175 interﬁcerentnr.
1712 5110 1892 5161 Auctor
1914 5115 2092 5175 Appi..-

505 5170 614 5236 ἕως,
634 5170 939 5236 Plutarchus,
959 5170 1146 5236 Florus]
1165 5171 1368 5236 aliique,
1390 5172 1478 5220 sed
1503 5184 1563 5221 ex
1589 5171 1825 5236 Cicerone
1846 5187 1931 5236 |.l‘0
1956 5170 2092 5236 Lege

505 5186 614 5230 nus,
634 5186 939 5231 t'tutarcnus,
961 5186 983 5219 ιε
999 5186 1146 5227 torus,
1165 5186 1368 5280 altique,
1390 5186 1478 5220 seu
1503 5186 1563 5221 ex
1589 5186 1825 5222 etceroue
1846 5187 1931 5236 |.l‘0
1957 5186 2091 5241 Lege

502 5233 698 5303 Manilia
720 5235 987 5303 suziipsisse
1022 5232 1257 5303 videtur]
1284 5235 1578 5303 igronymus.
1604 5232 1872 5303 Estautem
1897 5240 2091 5303 concin-

503 5299 616 5363 uius
636 5298 763 5363 quod
791 5311 819 5345 e
836 5292 932 5345 Ms.
956 5307 1046 5344 suo
1066 5292 1498 5356 quodaurGravius
1521 5295 1662 5357 legit,
1688 5297 1737 5345 in
1756 5301 1852 5347 toto
1873 5310 1916 5347 ο)
1929 5300 1985 5351 be
2008 5312 2092 5363 pa-

503 5311 616 5346 nnis
672 5311 763 5345 una
791 5311 819 5345 e
842 5311 932 5345 ius.

500 5357 627 5423 riter
636 5311 955 5423 ﬁngerentur.

568 5415 652 5485 (c)'
689 5419 939 5485 ῂιιρςοὶιιίι
982 5418 1210 5485 genuina.
1236 5415 1404 5485 istbmc
1441 5418 1500 5485 at}
1547 5417 1811 5485 Fabianum
1856 5422 2091 5485 epistola,

540 5476 649 5547 nam
691 5480 913 5547 Bullinus
950 5476 1148 5543 quoque
1190 5476 1424 5528 Iuvectiv.
1454 5477 1510 5547 _l.
1556 5483 1603 5529 in
1638 5479 1732 5547 line
1767 5494 1829 5532 ert
1866 5476 1958 5547 hoc
1989 5476 2093 5547 ipso

540 5497 649 5532 nam
693 5497 913 5531 norimus
950 5497 1148 5543 quoque
1191 5497 1424 5528 mvecuv.
1472 5497 1510 5529 ι.
1556 5497 1603 5529 ιιι
1638 5497 1732 5529 nne
1767 5497 1829 5532 BI
1866 5497 1958 5531 HOC
1989 5498 2089 5547 ipso

499 5497 940 5608 ﬁieronymijoco
973 5547 1245 5608 memorat:
1273 5545 1546 5592 Lomentum
1579 5543 1728 5608 enim,
1753 5544 1882 5606 quod
1908 5552 2089 5608 exstat,

450 5632 454 5637 ~
499 5602 760 5669 ipsumque
784 5605 1149 5669 AHicronymtnn
1185 5602 1506 5669 interpretem
1550 5602 1824 5669 mentitt_rr,_
1852 5602 2094 5669 sequioris

498 5663 656 5719 aetatis
677 5663 757 5729 est
778 5665 938 5717 fretus.
960 5663 1073 5729 για.
1098 5663 1277 5714 Euseb.
1303 5663 1389 5729 Vl.
1407 5664 1485 5714 56.
1514 5673 1566 5716 et
1589 5664 1768 5715 Gelasii
1791 5663 2092 5729 Catalogum.

562 5731 641 5791 (τι)
675 5728 889 5791 Veteres
911 5727 1028 5791 editi
1049 5738 1325 5791 μιτωιοταῡσιχ.
1346 5727 1393 5777 id
1436 5734 1517 5776 est.
1536 5731 1811 5784 causantur,
1838 5727 2096 5790 quos'plu-

498 5787 636 5838 ribus
674 5787 888 5852 confutat
923 5787 1250 5852 Martiautcus.
1274 5788 1442 5852 Porro
1473 5798 1705 5852 ιυρισιληιιν
1729 5793 1806 5836 est
1830 5787 2096 5852 ubgacibus

499 5863 648 5912 atque
673 5864 734 5901 ex
760 5851 952 5908 quisitis
973 5852 1136 5901 verbis
1156 5848 1412 5914 looui,_ant
1434 5848 1750 5913 contendere.

2163 1056 2424 1113 tradicere
2465 1059 2550 1113 vel
2597 1060 2744 1115 stulti
2790 1062 2880 1127 sit,
2927 1061 3009 1116 vel
3057 1060 3400 1132 impudentis.
3448 1060 3596 1115 Sexti
3625 1058 3751 1114 libri

2167 1146 2378 1202 Eusebii
2421 1162 2584 1218 super
2606 1149 2852 1220 Origenis
2880 1150 3191 1207 defensione
3219 1151 3539 1220 principium
3576 1163 3750 1218 usque

2164 1237 2231 1292 ad
2248 1239 2392 1293 mille
2413 1236 2580 1295 ferme
2610 1255 2795 1296 versus
2815 1243 2948 1297 liber
2974 1242 3095 1309 iste,
3129 1244 3219 1312 qui
3249 1241 3511 1310 Pamphili
3530 1239 3751 1305 dicitur,

2166 1328 2420 1384 rantinel.
2462 1328 2532 1384 Et
2560 1331 2612 1385 in
2642 1332 2861 1402 reliquis
2886 1334 3116 1404 scriptor
3150 1332 3390 1403 ejusdem
3417 1332 3597 1399 aperis
3624 1344 3752 1399 pro-

2168 1416 2269 1472 fert
2312 1420 2637 1487 testimonia,
2668 1424 2864 1492 quibus
2894 1425 3079 1480 nititur
3123 1424 3428 1494 approbare
3451 1423 3745 1492 Origenem

2169 1505 2332 1564 fuisse
2374 1511 2719 1566 catholicum.
2768 1514 3034 1571 Eusebius
3088 1525 3143 1569 et
3192 1514 3502 1584 Pamphilus
3547 1522 3758 1569 tantam

2170 1600 2307 1655 inter
2331 1616 2390 1656 se
2420 1600 2654 1657 habuere
2697 1606 3062 1671 coactu-diam,
3097 1616 3154 1660 ut
3185 1606 3341 1660 unius
3368 1606 3561 1660 anima:
3586 1603 3754 1659 homi-

2171 1709 2265 1747 nes
2287 1704 2460 1763 pntes,
2488 1697 2630 1750 etab
2653 1712 2757 1751 uno
2780 1699 2915 1752 alter
2941 1714 3134 1753 nomen
3153 1698 3447 1767 acceperit.
3470 1697 3760 1764 Quomodo

2172 1784 2328 1853 igitur
2370 1785 2510 1839 inter
2544 1801 2603 1840 se
2644 1785 2930 1843 dissentire
2972 1797 3281 1856 potuerunt,
3315 1798 3371 1842 ut
3406 1787 3672 1843 Eusebius
3698 1788 3760 1844 in

2173 1887 2283 1931 toto
2305 1894 2470 1947 opere
2497 1894 2595 1932 suo
2614 1878 2899 1949 Origenem
2930 1882 3111 1935 Ariani
3152 1882 3344 1951 probet
3371 1880 3566 1952 dogma
3579 1880 3670 1945 tis,
3701 1890 3758 1935 et

2174 1967 2479 2037 Pamphilus
2503 1968 2732 2024 Nicanor:
2752 1972 2963 2043 synodi,
2983 1987 3101 2041 qua:
3131 1971 3230 2026 fuit
3267 1981 3479 2043 postea,
3507 1969 3761 2026 defenso-

2174 2062 2330 2116 rem?
2359 2060 2434 2118 Ex
2462 2077 2571 2132 quo
2597 2064 2930 2129 ostenditur,
2959 2065 3041 2117 vel
3073 2064 3284 2136 Didymi
3310 2105 3327 2129 ,
3364 2063 3445 2118 vel
3472 2062 3760 2131 cujuslibet

2177 2151 2398 2206 alterius
2461 2169 2582 2208 esse
2638 2155 2992 2222 opusculum,
3048 2155 3141 2224 qui
3188 2155 3333 2209 sexti
3403 2154 3523 2208 libri
3599 2152 3762 2225 533

2173 2246 2349 2316 capite
2400 2246 2736 2308 detruncato,
2786 2258 2980 2302 canora
3043 2246 3286 2303 membra
3337 2246 3580 2300 sociarit.
3651 2244 3762 2299 Sed

2174 2341 2551 2408 concedamus,
2585 2357 2650 2398 ex
2691 2345 2984 2411 superﬂuo,
3013 2352 3071 2397 ut
3098 2342 3359 2412 Pamphili
3389 2342 3480 2404 sit,
3514 2339 3608 2395 sed
3638 2353 3765 2393 nee—

2175 2432 2301 2487 dnm
2332 2434 2621 2505 martyris;
2649 2442 2774 2489 ante
2798 2435 2942 2490 enim
2983 2433 3222 2504 scripsit,
3251 2450 3410 2504 quam
3442 2433 3756 2503 martyrium

2180 2534 2556 2592 perpeteretnr.
2579 2523 2646 2578 Et
2673 2541 2778 2595 quo
2804 2525 2983 2589 uredo,
3014 2526 3246 2596 inquies,
3284 2525 3539 2594 martyrio
3567 2523 3769 2593 dignus

2180 2612 2320 2667 fuit?
2348 2612 2561 2669 Scilicet
2591 2625 2649 2670 ut
2675 2616 2932 2687 rnartyric
2963 2615 3173 2672 deleret
3197 2630 3462 2679 errorem,
3509 2623 3566 2668 ut
3602 2630 3764 2668 ouant

2177 2705 2387 2776 culpam
2417 2708 2692 2777 sanguinis
2735 2709 2818 2763 sui
2871 2707 3130 2764 cﬂ'usione
3160 2717 3432 2779 purgaret.
3471 2705 3664 2774 Quanti
3708 2705 3769 2762 in

2181 2806 2291 2852 toto
2335 2798 2466 2851 orbe
2517 2809 2803 2869 martyres,
2850 2811 3133 2871 antequam
3175 2799 3551 2862 caederentur,
3602 2798 3766 2854 variis

2182 2887 2504 2956 subjacnere
2531 2890 2803 2960 peccantis?
2838 2891 3195 2947 Defendamus
3217 2906 3355 2963 ergo
3382 2900 3619 2961 peccata,
3642 2893 3770 2963 quia

2179 2978 2267 3047 qui
2292 2988 2473 3047 postea
2497 2991 2779 3052 martyres,
2813 2984 2958 3052 prius
2986 2993 3298 3051 peccatores
3319 2984 3555 3039 fuerunt.

2252 3070 2341 3126 l2.
2390 3072 2546 3135 Haec.
2581 3074 2775 3131 fratres
2810 3076 3198 3142 amantissimi,
3240 3075 3309 3131 ad
3339 3076 3625 3146 epistolam
3676 3091 3769 3132 ve-

2181 3174 2345 3217 stram
2372 3166 2536 3221 celeri
2565 3183 2819 3224 sermone
2842 3168 3057 3234 dictavi,
3081 3169 3307 3225 vincens
3335 3170 3684 3239 propositum,
3711 3180 3768 3225 ut

2182 3266 2370 3309 contra
2401 3272 2522 3310 cum
2550 3260 2868 3326 scriberem,
2892 3262 3046 3330 cujus
3068 3259 3342 3331 ingenium
3370 3269 3496 3316 ante
3520 3261 3771 3316 laudave-

2184 3363 2298 3401 ram
2327 3368 2337 3401 :
2365 3348 2573 3402 malens
2627 3351 3024 3407 existimatione
3078 3348 3411 3422 periclitari,
3439 3366 3598 3422 quam
3640 3350 3769 3407 lide.

2183 3437 2299 3494 Hoc
2338 3439 2470 3493 mibi
2518 3444 2884 3510 praestiterunt
2923 3445 3082 3499 amici
3133 3445 3277 3508 mei,
3326 3452 3386 3497 ut
3439 3444 3483 3497 si
3533 3452 3773 3509 tacuere,

2185 3547 2311 3586 reus
2340 3548 2353 3586 :
2384 3532 2431 3587 si
2460 3533 2811 3601 respondero,
2844 3536 3091 3590 inimicus
3115 3534 3346 3605 judicer.
3372 3533 3517 3588 Dura
3548 3543 3776 3604 utraque

2184 3624 2453 3689 conditio;
2483 3624 2578 3679 sed
2601 3640 2633 3680 e
2681 3625 2895 3681 duobus
2921 3626 3114 3696 eligam
3145 3624 3290 3696 quod
3341 3626 3512 3679 levius
3550 3635 3671 3683 est:
3701 3630 3779 3680 si—

2187 3716 2382 3769 multas
2407 3716 2761 3786 redintegrari
2807 3724 2980 3785 potest
3008 3757 3023 3781 ,
3054 3715 3394 3786 blaSpbemla
3424 3718 3634 3771 veniam
3664 3732 3775 3773 non

2189 3814 2444 3861 meretur.
2488 3806 2625 3874 Quid
2670 3815 2850 3861 autem
2880 3807 3081 3862 laboris
3111 3809 3163 3861 in
3194 3804 3348 3861 libris
3391 3807 3783 3877 transferendis

2188 3908 2294 3967 περι
2338 3888 2504 3967 Ᾱρχῶν
2550 3897 2918 3962 sustinuerim,
2950 3906 3133 3951 vestro
3175 3896 3374 3967 judicio
3420 3897 3776 3968 derelinquo;

2188 3987 2314 4040 dum
2345 3994 2400 4041 ct
2423 3998 2631 4041 mutare
2656 3984 2930 4056 quippiam
2966 3986 3035 4043 de
3064 3986 3278 4051 Grmco,
3311 4001 3417 4041 non
3439 3996 3527 4042 est
3555 3998 3774 4043 verten-

2191 4077 2260 4131 tis
2288 4077 2382 4131 sed
2411 4078 2702 4132 evertentis
2731 4094 2747 4129 :
2777 4088 2831 4133 et
2856 4079 3045 4133 eadem
3086 4079 3154 4133 ad
3196 4078 3419 4133 verbum
3447 4078 3774 4148 exprimere,

2192 4168 2677 4237 ltt'quatlltamcjtlS,
2695 4168 2786 4238 qui
2810 4183 3028 4224 servare
3046 4170 3173 4223 velit
3195 4170 3391 4239 eloquii
3415 4178 3771 4226 venustatem.

2600 4299 2933 4356 EPISTOLA
2990 4300 3226 4356 Lxxxv
3280 4302 3373 4375 (ρ).

2787 4417 2867 4468 An
2898 4430 3181 4470 ιιΑυιιΝωι.

2195 4529 2357 4582 Alteri
2381 4545 2409 4583 ε
2436 4529 2635 4583 duabus
2680 4529 2888 4584 Paulini
2931 4531 3296 4601 qmstiorribus
3344 4531 3438 4585 sibi
3501 4531 3777 4600 preposid!

2269 4619 2481 4675 breviter
2527 4620 2844 4689 respondet:
2871 4622 3094 4695 priorem
3118 4662 3130 4684 ,
3175 4621 3313 4691 quod
3381 4623 3433 4675 in
3494 4620 3635 4676 libris
3673 4633 3781 4691 περι

2266 4712 2445 4782 Δ¹ρκῶν
2490 4729 2522 4766 a
2551 4729 2606 4766 se
2630 4729 2793 4781 nuper
2828 4712 3017 4768 Latine
3049 4716 3206 4768 versis
3231 4713 3542 4780 enuclretur,
3573 4716 3779 4768 omittit.

2267 4803 2400 4860 Tum
2424 4821 2524 4877 quo
2548 4807 2719 4861 animo
2749 4805 3019 4877 Origenem
3051 4807 3248 4877 legerit,
3277 4809 3443 4861 docet.
3610 4832 3637 4847 ο

2272 4920 2323 4974 ι.
2360 4918 2500 4976 Voce
2531 4936 2618 4975 me
2668 4936 2927 4989 provocas
2952 4921 3020 4974 ad
3066 4923 3432 4986 scribendum,
3465 4933 3638 4978 terres
3666 4924 3782 4979 elo-

2196 5012 2413 5080 quentia
2440 5026 2455 5074 ;
2489 5022 2543 5065 et
2571 5013 2621 5064 in
2641 5010 2917 5081 epistulari
2948 5015 3090 5080 ston
3123 5028 3291 5081 prope
3317 5013 3550 5068 Tullium
3580 5029 3782 5083 reprte-

2196 5114 2397 5158 seutas.
2429 5103 2583 5171 Quod
2615 5105 2878 5172 quereris,
2914 5120 3000 5159 Ine
3053 5108 3120 5176 (f)
3169 5122 3357 5175 parvas
3390 5115 3445 5161 et
3483 5108 3783 5177 ineuntplas

2199 5197 2461 5251 litterulas
2491 5197 2722 5258 mittere,
2767 5213 2873 5249 non
2908 5198 3053 5251 venit
3085 5199 3153 5253 de
3191 5199 3415 5265 incuria,
3447 5199 3542 5255 sed
3574 5200 3774 5256 timore

2198 5289 2295 5353 tui,
2344 5304 2411 5342 ne
2438 5287 2716 5341 verbosius
2734 5286 2801 5340 ad
2841 5295 2891 5342 te
2919 5288 3165 5357 loquens,
3200 5290 3350 5359 plura
3379 5290 3786 5360 reprehenden-

2198 5380 2263 5433 da
2287 5378 2641 5433 transmittam
2674 5386 2766 5433 :et
2790 5389 2851 5433 ut
2888 5390 3086 5435 sancta:
3133 5381 3302 5434 menti
3336 5370 3437 5435 tua:
3464 5382 3784 5453 simpliciter

2194 5471 2391 5536 fatear,
2420 5484 2528 5523 uno
2553 5468 2620 5523 ad
2640 5468 2989 5526 Occidentem
3023 5472 3307 5541 navigandi
3331 5482 3597 5542 tempore,
3622 5483 3782 5527 ιδιιιςε

2198 5582 2227 5619 a
2261 5579 2345 5618 me
2368 5563 2527 5617 simul
2555 5564 2801 5632 epistola:
2835 5564 3163 5635 flagitantur,
3189 5572 3248 5619 ut
3274 5566 3319 5620 si
3346 5574 3542 5621 cuncta
3567 5565 3633 5620 ad
3660 5566 3777 5620 siu-

2196 5655 2348 5725 gulos
2383 5655 2539 5710 velim
2584 5656 2904 5723 rescribere,
2945 5671 3238 5712 occurrere
3292 5670 3575 5727 nequeam.
3623 5656 3774 5713 Unde

2260 5792 2329 5854 (ε)
2358 5789 2484 5841 Alias
2506 5790 2615 5840 155.
2637 5789 2829 5899 scripta
2848 5788 2993 5862 paulo

2268 5856 2330 5903 tri
2352 5853 2615 5903 Brevlores
2639 5852 2714 5903 ha:
2768 5859 2925 5903 utet-ae
2948 5866 2993 5901 vi

3123 5788 3437 5853 superiorem.

2268 5852 2330 5907 tri
2352 5853 2615 5904 Brevlores
2639 5852 2714 5905 ha:

2805 5859 2925 5903 teras
2948 5852 3535 5904 videntur'intcrcidisse.
