  <div class='ocr_page' id='page_1' title='image "/cluster/home/n/w/nwhite01/storage/ocr_20150623/22/hvd.32044015471378/443.png"; bbox 0 0 4106 6340; ppageno 0'>
   <div class='ocr_carea' id='block_1_1' title="bbox 579 430 680 486">
    <p class='ocr_par' dir='ltr' id='par_1_1' title="bbox 579 430 680 486">
     <span class='ocr_line' id='line_1_1' title="bbox 579 430 680 486; baseline -0.04 0"><span class='ocrx_word' id='word_1_1' title='bbox 579 430 680 486; x_wconf 74' lang='grc' dir='ltr'><strong><em>ῗϐἹ</em></strong></span> 
     </span>
    </p>
   </div>
   <div class='ocr_carea' id='block_1_2' title="bbox 575 527 2144 606">
    <p class='ocr_par' dir='ltr' id='par_1_2' title="bbox 575 527 2144 606">
     <span class='ocr_line' id='line_1_2' title="bbox 575 527 2144 606; baseline -0.01 -11"><span class='ocrx_word' id='word_1_2' title='bbox 575 535 898 606; x_wconf 74' lang='lat' dir='ltr'><strong><em>contemplati</em></strong></span> <span class='ocrx_word' id='word_1_3' title='bbox 921 544 1034 589; x_wconf 87' lang='lat' dir='ltr'><strong><em>sunt</em></strong></span> <span class='ocrx_word' id='word_1_4' title='bbox 1061 533 1248 599; x_wconf 82' lang='lat' dir='ltr'><strong><em>sidera,</em></strong></span> <span class='ocrx_word' id='word_1_5' title='bbox 1281 532 1506 586; x_wconf 87' lang='lat' dir='ltr'><strong><em>nuntient</em></strong></span> <span class='ocrx_word' id='word_1_6' title='bbox 1535 529 1643 594; x_wconf 86' lang='lat' dir='ltr'><strong><em>tibi,</em></strong></span> <span class='ocrx_word' id='word_1_7' title='bbox 1667 527 1788 597; x_wconf 85' lang='lat' dir='ltr'><strong><em>quid</em></strong></span> <span class='ocrx_word' id='word_1_8' title='bbox 1808 545 1960 597; x_wconf 86' lang='lat' dir='ltr'><strong><em>super</em></strong></span> <span class='ocrx_word' id='word_1_9' title='bbox 1985 537 2031 581; x_wconf 89' lang='lat' dir='ltr'><strong><em>te</em></strong></span> <span class='ocrx_word' id='word_1_10' title='bbox 2057 529 2144 597; x_wconf 76' lang='lat' dir='ltr'><strong><em>fu-</em></strong></span> 
     </span>
    </p>
   </div>
   <div class='ocr_carea' id='block_1_3' title="bbox 579 617 2148 699">
    <p class='ocr_par' dir='ltr' id='par_1_3' title="bbox 579 617 2148 699">
     <span class='ocr_line' id='line_1_3' title="bbox 579 617 2148 699; baseline -0.008 -16"><span class='ocrx_word' id='word_1_11' title='bbox 579 641 743 682; x_wconf 88' lang='lat' dir='ltr'><strong><em>turum</em></strong></span> <span class='ocrx_word' id='word_1_12' title='bbox 776 628 839 680; x_wconf 84' lang='lat' dir='ltr'><strong><em>sit</em></strong></span> <span class='ocrx_word' id='word_1_13' title='bbox 867 625 1016 699; x_wconf 86' lang='lat' dir='ltr'><strong><em>(lsai.</em></strong></span> <span class='ocrx_word' id='word_1_14' title='bbox 1047 626 1133 679; x_wconf 75' lang='lat' dir='ltr'><strong><em>tl&#39;l.</em></strong></span> <span class='ocrx_word' id='word_1_15' title='bbox 1170 623 1254 678; x_wconf 69' lang='lat' dir='ltr'><strong><em>l2.</em></strong></span> <span class='ocrx_word' id='word_1_16' title='bbox 1287 625 1374 678; x_wconf 79' lang='lat' dir='ltr'><strong><em>l3.</em></strong></span> <span class='ocrx_word' id='word_1_17' title='bbox 1395 625 1550 691; x_wconf 73' lang='lat' dir='ltr'><strong><em>juxta</em></strong></span> <span class='ocrx_word' id='word_1_18' title='bbox 1573 618 1765 690; x_wconf 76' lang='lat' dir='ltr'><strong><em>LXX).</em></strong></span> <span class='ocrx_word' id='word_1_19' title='bbox 1801 619 2062 674; x_wconf 68' lang='lat' dir='ltr'><strong><em>Prattcrea</em></strong></span> <span class='ocrx_word' id='word_1_20' title='bbox 2094 617 2148 671; x_wconf 91' lang='lat' dir='ltr'><strong><em>in</em></strong></span> 
     </span>
    </p>
   </div>
   <div class='ocr_carea' id='block_1_4' title="bbox 579 709 2143 787">
    <p class='ocr_par' dir='ltr' id='par_1_4' title="bbox 579 709 2143 787">
     <span class='ocr_line' id='line_1_4' title="bbox 579 709 2143 787; baseline -0.008 -14"><span class='ocrx_word' id='word_1_21' title='bbox 579 720 728 774; x_wconf 80' lang='lat' dir='ltr'><strong><em>libris</em></strong></span> <span class='ocrx_word' id='word_1_22' title='bbox 749 725 1035 787; x_wconf 74' lang='grc' dir='ltr'><strong><em>περιΑρκῶν</em></strong></span> <span class='ocrx_word' id='word_1_23' title='bbox 1062 725 1116 770; x_wconf 83' lang='grc' dir='ltr'><strong><em>ει</em></strong></span> <span class='ocrx_word' id='word_1_24' title='bbox 1143 714 1248 769; x_wconf 86' lang='lat' dir='ltr'><strong><em>hoc</em></strong></span> <span class='ocrx_word' id='word_1_25' title='bbox 1287 713 1612 784; x_wconf 81' lang='lat' dir='ltr'><strong><em>persuadere</em></strong></span> <span class='ocrx_word' id='word_1_26' title='bbox 1665 719 1906 774; x_wconf 89' lang='lat' dir='ltr'><strong><em>conatur,</em></strong></span> <span class='ocrx_word' id='word_1_27' title='bbox 1979 709 2143 780; x_wconf 80' lang='lat'><strong><em>551</em></strong></span> 
     </span>
    </p>
   </div>
   <div class='ocr_carea' id='block_1_5' title="bbox 580 799 2150 876">
    <p class='ocr_par' dir='ltr' id='par_1_5' title="bbox 580 799 2150 876">
     <span class='ocr_line' id='line_1_5' title="bbox 580 799 2150 876; baseline -0.006 -18"><span class='ocrx_word' id='word_1_28' title='bbox 580 808 719 876; x_wconf 85' lang='lat' dir='ltr'><strong><em>quod</em></strong></span> <span class='ocrx_word' id='word_1_29' title='bbox 760 810 944 860; x_wconf 83' lang='lat' dir='ltr'><strong><em>vivens</em></strong></span> <span class='ocrx_word' id='word_1_30' title='bbox 973 805 1064 859; x_wconf 87' lang='lat' dir='ltr'><strong><em>Dei</em></strong></span> <span class='ocrx_word' id='word_1_31' title='bbox 1106 804 1181 876; x_wconf 83' lang='grc' dir='ltr'><strong><em>(α)</em></strong></span> <span class='ocrx_word' id='word_1_32' title='bbox 1217 804 1410 858; x_wconf 89' lang='lat' dir='ltr'><strong><em>Sermo</em></strong></span> <span class='ocrx_word' id='word_1_33' title='bbox 1433 819 1539 856; x_wconf 91' lang='lat' dir='ltr'><strong><em>non</em></strong></span> <span class='ocrx_word' id='word_1_34' title='bbox 1561 799 1908 869; x_wconf 83' lang='lat' dir='ltr'><strong><em>assumpserit</em></strong></span> <span class='ocrx_word' id='word_1_35' title='bbox 1953 811 2150 866; x_wconf 85' lang='lat' dir='ltr'><strong><em>corpus</em></strong></span> 
     </span>
    </p>
   </div>
   <div class='ocr_carea' id='block_1_6' title="bbox 577 887 2151 964">
    <p class='ocr_par' dir='ltr' id='par_1_6' title="bbox 577 887 2151 964">
     <span class='ocr_line' id='line_1_6' title="bbox 577 887 2151 964; baseline -0.008 -13"><span class='ocrx_word' id='word_1_36' title='bbox 577 897 890 960; x_wconf 88' lang='lat' dir='ltr'><strong><em>humanum,</em></strong></span> <span class='ocrx_word' id='word_1_37' title='bbox 919 906 972 949; x_wconf 91' lang='lat' dir='ltr'><strong><em>et</em></strong></span> <span class='ocrx_word' id='word_1_38' title='bbox 989 905 1174 949; x_wconf 87' lang='lat' dir='ltr'><strong><em>contra</em></strong></span> <span class='ocrx_word' id='word_1_39' title='bbox 1200 894 1440 964; x_wconf 63' lang='grc' dir='ltr'><strong><em>Αροςιυιί</em></strong></span> <span class='ocrx_word' id='word_1_40' title='bbox 1459 891 1661 947; x_wconf 88' lang='lat' dir='ltr'><strong><em>vadens</em></strong></span> <span class='ocrx_word' id='word_1_41' title='bbox 1681 889 1997 944; x_wconf 88' lang='lat' dir='ltr'><strong><em>sententiam</em></strong></span> <span class='ocrx_word' id='word_1_42' title='bbox 2026 887 2151 941; x_wconf 88' lang='lat' dir='ltr'><strong><em>scri-</em></strong></span> 
     </span>
    </p>
   </div>
   <div class='ocr_carea' id='block_1_7' title="bbox 573 977 2146 1058">
    <p class='ocr_par' dir='ltr' id='par_1_7' title="bbox 573 977 2146 1058">
     <span class='ocr_line' id='line_1_7' title="bbox 573 977 2146 1058; baseline -0.006 -18"><span class='ocrx_word' id='word_1_43' title='bbox 573 990 700 1058; x_wconf 84' lang='lat' dir='ltr'><strong><em>psit,</em></strong></span> <span class='ocrx_word' id='word_1_44' title='bbox 723 988 874 1053; x_wconf 74' lang='lat' dir='ltr'><strong><em>Quod</em></strong></span> <span class='ocrx_word' id='word_1_45' title='bbox 901 987 992 1054; x_wconf 85' lang='lat' dir='ltr'><strong><em>qui</em></strong></span> <span class='ocrx_word' id='word_1_46' title='bbox 1017 987 1070 1041; x_wconf 86' lang='lat' dir='ltr'><strong><em>ia</em></strong></span> <span class='ocrx_word' id='word_1_47' title='bbox 1098 986 1262 1040; x_wconf 72' lang='lat' dir='ltr'><strong><em>forma</em></strong></span> <span class='ocrx_word' id='word_1_48' title='bbox 1289 983 1380 1038; x_wconf 86' lang='lat' dir='ltr'><strong><em>Dei</em></strong></span> <span class='ocrx_word' id='word_1_49' title='bbox 1401 981 1622 1052; x_wconf 79' lang='lat' dir='ltr'><strong><em>:cqualis</em></strong></span> <span class='ocrx_word' id='word_1_50' title='bbox 1643 990 1758 1034; x_wconf 85' lang='lat' dir='ltr'><strong><em>crat</em></strong></span> <span class='ocrx_word' id='word_1_51' title='bbox 1788 979 1897 1034; x_wconf 89' lang='lat' dir='ltr'><strong><em>Deo</em></strong></span> <span class='ocrx_word' id='word_1_52' title='bbox 1925 977 2146 1048; x_wconf 80' lang='lat' dir='ltr'><strong><em>(Philip.</em></strong></span> 
     </span>
    </p>
   </div>
   <div class='ocr_carea' id='block_1_8' title="bbox 575 1067 2148 1148">
    <p class='ocr_par' dir='ltr' id='par_1_8' title="bbox 575 1067 2148 1148">
     <span class='ocr_line' id='line_1_8' title="bbox 575 1067 2148 1148; baseline -0.006 -16"><span class='ocrx_word' id='word_1_53' title='bbox 575 1079 632 1132; x_wconf 77' lang='grc'><strong>2.</strong></span> <span class='ocrx_word' id='word_1_54' title='bbox 664 1076 757 1148; x_wconf 88' lang='lat'><strong><em>7),</em></strong></span> <span class='ocrx_word' id='word_1_55' title='bbox 782 1093 886 1130; x_wconf 86' lang='lat' dir='ltr'><strong><em>non</em></strong></span> <span class='ocrx_word' id='word_1_56' title='bbox 918 1075 1079 1132; x_wconf 66' lang='lat' dir='ltr'><strong><em>loeti;</em></strong></span> <span class='ocrx_word' id='word_1_57' title='bbox 1107 1075 1345 1130; x_wconf 73' lang='lat' dir='ltr'><strong><em>Verbum</em></strong></span> <span class='ocrx_word' id='word_1_58' title='bbox 1377 1074 1493 1138; x_wconf 86' lang='lat' dir='ltr'><strong><em>Dei,</em></strong></span> <span class='ocrx_word' id='word_1_59' title='bbox 1523 1071 1616 1126; x_wconf 92' lang='lat' dir='ltr'><strong><em>sed</em></strong></span> <span class='ocrx_word' id='word_1_60' title='bbox 1643 1071 1820 1125; x_wconf 89' lang='lat' dir='ltr'><strong><em>anima</em></strong></span> <span class='ocrx_word' id='word_1_61' title='bbox 1848 1068 1917 1124; x_wconf 91' lang='lat' dir='ltr'><strong><em>de</em></strong></span> <span class='ocrx_word' id='word_1_62' title='bbox 1944 1067 2148 1123; x_wconf 73' lang='lat' dir='ltr'><strong><em>ccelesti</em></strong></span> 
     </span>
    </p>
   </div>
   <div class='ocr_carea' id='block_1_9' title="bbox 573 1159 2151 1236">
    <p class='ocr_par' dir='ltr' id='par_1_9' title="bbox 573 1159 2151 1236">
     <span class='ocr_line' id='line_1_9' title="bbox 573 1159 2151 1236; baseline -0.008 -15"><span class='ocrx_word' id='word_1_63' title='bbox 573 1168 790 1236; x_wconf 81' lang='lat' dir='ltr'><strong><em>regione</em></strong></span> <span class='ocrx_word' id='word_1_64' title='bbox 819 1167 1170 1231; x_wconf 86' lang='lat' dir='ltr'><strong><em>descendens,</em></strong></span> <span class='ocrx_word' id='word_1_65' title='bbox 1197 1175 1253 1220; x_wconf 88' lang='lat' dir='ltr'><strong><em>et</em></strong></span> <span class='ocrx_word' id='word_1_66' title='bbox 1281 1179 1340 1218; x_wconf 90' lang='lat' dir='ltr'><strong><em>se</em></strong></span> <span class='ocrx_word' id='word_1_67' title='bbox 1368 1164 1434 1217; x_wconf 90' lang='lat' dir='ltr'><strong><em>de</em></strong></span> <span class='ocrx_word' id='word_1_68' title='bbox 1465 1162 1634 1216; x_wconf 86' lang='lat' dir='ltr'><strong><em>forma</em></strong></span> <span class='ocrx_word' id='word_1_69' title='bbox 1665 1171 1881 1215; x_wconf 71' lang='lat' dir='ltr'><strong><em>mterna:</em></strong></span> <span class='ocrx_word' id='word_1_70' title='bbox 1910 1159 2151 1225; x_wconf 86' lang='lat' dir='ltr'><strong><em>majesta-</em></strong></span> 
     </span>
    </p>
   </div>
   <div class='ocr_carea' id='block_1_10' title="bbox 575 1247 2148 1321">
    <p class='ocr_par' dir='ltr' id='par_1_10' title="bbox 575 1247 2148 1321">
     <span class='ocr_line' id='line_1_10' title="bbox 575 1247 2148 1321; baseline -0.009 -9"><span class='ocrx_word' id='word_1_71' title='bbox 575 1260 644 1312; x_wconf 89' lang='lat' dir='ltr'><strong><em>tis</em></strong></span> <span class='ocrx_word' id='word_1_72' title='bbox 668 1271 948 1317; x_wconf 88' lang='lat' dir='ltr'><strong><em>evaeuans,</em></strong></span> <span class='ocrx_word' id='word_1_73' title='bbox 981 1256 1265 1309; x_wconf 90' lang='lat' dir='ltr'><strong><em>hum-anum</em></strong></span> <span class='ocrx_word' id='word_1_74' title='bbox 1292 1267 1486 1321; x_wconf 90' lang='lat' dir='ltr'><strong><em>corpus</em></strong></span> <span class='ocrx_word' id='word_1_75' title='bbox 1510 1251 1881 1319; x_wconf 85' lang='lat' dir='ltr'><strong><em>assumpserit.</em></strong></span> <span class='ocrx_word' id='word_1_76' title='bbox 1909 1248 2038 1314; x_wconf 57' lang='lat' dir='ltr'><strong><em>Quae</em></strong></span> <span class='ocrx_word' id='word_1_77' title='bbox 2063 1247 2148 1299; x_wconf 88' lang='lat' dir='ltr'><strong><em>di-</em></strong></span> 
     </span>
    </p>
   </div>
   <div class='ocr_carea' id='block_1_11' title="bbox 572 1334 2150 1414">
    <p class='ocr_par' dir='ltr' id='par_1_11' title="bbox 572 1334 2150 1414">
     <span class='ocr_line' id='line_1_11' title="bbox 572 1334 2150 1414; baseline -0.008 -14"><span class='ocrx_word' id='word_1_78' title='bbox 572 1363 702 1401; x_wconf 88' lang='lat' dir='ltr'><strong><em>cens</em></strong></span> <span class='ocrx_word' id='word_1_79' title='bbox 730 1346 918 1400; x_wconf 85' lang='lat' dir='ltr'><strong><em>.Ioanni</em></strong></span> <span class='ocrx_word' id='word_1_80' title='bbox 946 1346 1277 1414; x_wconf 73' lang='lat' dir='ltr'><strong><em>apertissime</em></strong></span> <span class='ocrx_word' id='word_1_81' title='bbox 1304 1341 1619 1397; x_wconf 74' lang='lat' dir='ltr'><strong><em>Contradicit</em></strong></span> <span class='ocrx_word' id='word_1_82' title='bbox 1650 1337 1928 1400; x_wconf 86' lang='lat' dir='ltr'><strong><em>scribenti,</em></strong></span> <span class='ocrx_word' id='word_1_83' title='bbox 1953 1346 2006 1391; x_wconf 89' lang='lat' dir='ltr'><strong><em>et</em></strong></span> <span class='ocrx_word' id='word_1_84' title='bbox 2035 1334 2150 1388; x_wconf 79' lang='lat' dir='ltr'><strong><em>Ver-</em></strong></span> 
     </span>
    </p>
   </div>
   <div class='ocr_carea' id='block_1_12' title="bbox 575 1425 2148 1504">
    <p class='ocr_par' dir='ltr' id='par_1_12' title="bbox 575 1425 2148 1504">
     <span class='ocr_line' id='line_1_12' title="bbox 575 1425 2148 1504; baseline -0.008 -15"><span class='ocrx_word' id='word_1_85' title='bbox 575 1439 691 1490; x_wconf 66' lang='lat' dir='ltr'><strong><em>bum</em></strong></span> <span class='ocrx_word' id='word_1_86' title='bbox 719 1452 838 1489; x_wconf 84' lang='lat' dir='ltr'><strong><em>coro</em></strong></span> <span class='ocrx_word' id='word_1_87' title='bbox 865 1439 1054 1504; x_wconf 80' lang='lat' dir='ltr'><strong><em>factum</em></strong></span> <span class='ocrx_word' id='word_1_88' title='bbox 1079 1443 1149 1488; x_wconf 82' lang='lat' dir='ltr'><strong><em>est</em></strong></span> <span class='ocrx_word' id='word_1_89' title='bbox 1175 1433 1371 1504; x_wconf 83' lang='lat' dir='ltr'><strong><em>(Joan.</em></strong></span> <span class='ocrx_word' id='word_1_90' title='bbox 1402 1433 1454 1486; x_wconf 82' lang='lat' dir='ltr'><strong><em>l.</em></strong></span> <span class='ocrx_word' id='word_1_91' title='bbox 1485 1432 1550 1485; x_wconf 72' lang='grc' dir='ltr'>Ν</span> <span class='ocrx_word' id='word_1_92' title='bbox 1569 1428 1606 1500; x_wconf 92' lang='grc'><strong>).</strong></span> <span class='ocrx_word' id='word_1_93' title='bbox 1634 1429 1744 1484; x_wconf 87' lang='lat' dir='ltr'><strong><em>Nec</em></strong></span> <span class='ocrx_word' id='word_1_94' title='bbox 1775 1436 1948 1497; x_wconf 83' lang='lat' dir='ltr'><strong><em>potest</em></strong></span> <span class='ocrx_word' id='word_1_95' title='bbox 1972 1425 2148 1479; x_wconf 79' lang='lat' dir='ltr'><strong><em>anima</em></strong></span> 
     </span>
    </p>
   </div>
   <div class='ocr_carea' id='block_1_13' title="bbox 575 1518 2150 1587">
    <p class='ocr_par' dir='ltr' id='par_1_13' title="bbox 575 1518 2150 1587">
     <span class='ocr_line' id='line_1_13' title="bbox 575 1518 2150 1587; baseline -0.006 -7"><span class='ocrx_word' id='word_1_96' title='bbox 575 1528 719 1581; x_wconf 76' lang='lat' dir='ltr'><strong><em>credi</em></strong></span> <span class='ocrx_word' id='word_1_97' title='bbox 753 1525 1064 1587; x_wconf 86' lang='lat' dir='ltr'><strong><em>Salvatoris,</em></strong></span> <span class='ocrx_word' id='word_1_98' title='bbox 1087 1536 1142 1579; x_wconf 90' lang='lat' dir='ltr'><strong><em>et</em></strong></span> <span class='ocrx_word' id='word_1_99' title='bbox 1169 1541 1271 1577; x_wconf 88' lang='lat' dir='ltr'><strong><em>non</em></strong></span> <span class='ocrx_word' id='word_1_100' title='bbox 1304 1525 1441 1577; x_wconf 89' lang='lat' dir='ltr'><strong><em>Deus</em></strong></span> <span class='ocrx_word' id='word_1_101' title='bbox 1465 1521 1719 1582; x_wconf 84' lang='lat' dir='ltr'><strong><em>Verbum,</em></strong></span> <span class='ocrx_word' id='word_1_102' title='bbox 1747 1528 1799 1572; x_wconf 87' lang='lat' dir='ltr'><strong><em>et</em></strong></span> <span class='ocrx_word' id='word_1_103' title='bbox 1828 1518 2073 1582; x_wconf 88' lang='lat' dir='ltr'><strong><em>formam,</em></strong></span> <span class='ocrx_word' id='word_1_104' title='bbox 2095 1524 2150 1570; x_wconf 89' lang='lat' dir='ltr'><strong><em>et</em></strong></span> 
     </span>
    </p>
   </div>
   <div class='ocr_carea' id='block_1_14' title="bbox 575 1607 2150 1687">
    <p class='ocr_par' dir='ltr' id='par_1_14' title="bbox 575 1607 2150 1687">
     <span class='ocr_line' id='line_1_14' title="bbox 575 1607 2150 1687; baseline -0.006 -17"><span class='ocrx_word' id='word_1_105' title='bbox 575 1619 930 1687; x_wconf 78' lang='lat' dir='ltr'><strong><em>a:qoalitatem</em></strong></span> <span class='ocrx_word' id='word_1_106' title='bbox 979 1626 1213 1685; x_wconf 73' lang='lat' dir='ltr'><strong><em>paterna:</em></strong></span> <span class='ocrx_word' id='word_1_107' title='bbox 1261 1610 1556 1682; x_wconf 87' lang='lat' dir='ltr'><strong><em>majestatis</em></strong></span> <span class='ocrx_word' id='word_1_108' title='bbox 1603 1610 1872 1664; x_wconf 76' lang='lat' dir='ltr'><strong><em>habuisse.</em></strong></span> <span class='ocrx_word' id='word_1_109' title='bbox 1925 1607 1980 1662; x_wconf 90' lang='lat' dir='ltr'><strong><em>lu</em></strong></span> <span class='ocrx_word' id='word_1_110' title='bbox 2019 1608 2150 1661; x_wconf 86' lang='lat' dir='ltr'><strong><em>alias</em></strong></span> 
     </span>
    </p>
   </div>
   <div class='ocr_carea' id='block_1_15' title="bbox 573 1695 2148 1776">
    <p class='ocr_par' dir='ltr' id='par_1_15' title="bbox 573 1695 2148 1776">
     <span class='ocr_line' id='line_1_15' title="bbox 573 1695 2148 1776; baseline -0.007 -16"><span class='ocrx_word' id='word_1_111' title='bbox 573 1723 788 1776; x_wconf 86' lang='lat' dir='ltr'><strong><em>quoque</em></strong></span> <span class='ocrx_word' id='word_1_112' title='bbox 829 1708 1128 1776; x_wconf 87' lang='lat' dir='ltr'><strong><em>impietates</em></strong></span> <span class='ocrx_word' id='word_1_113' title='bbox 1173 1703 1484 1758; x_wconf 81' lang='lat' dir='ltr'><strong><em>furibundus</em></strong></span> <span class='ocrx_word' id='word_1_114' title='bbox 1512 1701 1742 1755; x_wconf 78' lang='lat' dir='ltr'><strong><em>exsultat</em></strong></span> <span class='ocrx_word' id='word_1_115' title='bbox 1772 1697 1892 1771; x_wconf 82' lang='lat' dir='ltr'><strong><em>[.\ls.</em></strong></span> <span class='ocrx_word' id='word_1_116' title='bbox 1917 1695 2148 1770; x_wconf 74' lang='lat' dir='ltr'><strong><em>exultat],</em></strong></span> 
     </span>
    </p>
   </div>
   <div class='ocr_carea' id='block_1_16' title="bbox 575 1787 2151 1864">
    <p class='ocr_par' dir='ltr' id='par_1_16' title="bbox 575 1787 2151 1864">
     <span class='ocr_line' id='line_1_16' title="bbox 575 1787 2151 1864; baseline -0.006 -16"><span class='ocrx_word' id='word_1_117' title='bbox 575 1797 760 1850; x_wconf 84' lang='lat' dir='ltr'><strong><em>volens</em></strong></span> <span class='ocrx_word' id='word_1_118' title='bbox 783 1811 928 1860; x_wconf 89' lang='lat' dir='ltr'><strong><em>eum,</em></strong></span> <span class='ocrx_word' id='word_1_119' title='bbox 955 1795 1042 1864; x_wconf 91' lang='lat' dir='ltr'><strong><em>qui</em></strong></span> <span class='ocrx_word' id='word_1_120' title='bbox 1069 1794 1122 1847; x_wconf 87' lang='lat' dir='ltr'><strong><em>in</em></strong></span> <span class='ocrx_word' id='word_1_121' title='bbox 1149 1791 1614 1848; x_wconf 90' lang='lat' dir='ltr'><strong><em>consummatione</em></strong></span> <span class='ocrx_word' id='word_1_122' title='bbox 1638 1789 1954 1843; x_wconf 70' lang='lat' dir='ltr'><strong><em>surculorum</em></strong></span> <span class='ocrx_word' id='word_1_123' title='bbox 1971 1827 1986 1850; x_wconf 88' lang='lat'><strong><em>,</em></strong></span> <span class='ocrx_word' id='word_1_124' title='bbox 2013 1794 2068 1840; x_wconf 89' lang='lat' dir='ltr'><strong><em>et</em></strong></span> <span class='ocrx_word' id='word_1_125' title='bbox 2097 1787 2151 1840; x_wconf 90' lang='lat' dir='ltr'><strong><em>itt</em></strong></span> 
     </span>
    </p>
   </div>
   <div class='ocr_carea' id='block_1_17' title="bbox 573 1880 2151 1958">
    <p class='ocr_par' dir='ltr' id='par_1_17' title="bbox 573 1880 2151 1958">
     <span class='ocr_line' id='line_1_17' title="bbox 573 1880 2151 1958; baseline -0.008 -14"><span class='ocrx_word' id='word_1_126' title='bbox 573 1890 937 1944; x_wconf 85' lang='lat' dir='ltr'><strong><em>destructione</em></strong></span> <span class='ocrx_word' id='word_1_127' title='bbox 967 1887 1165 1958; x_wconf 86' lang='lat' dir='ltr'><strong><em>peccati</em></strong></span> <span class='ocrx_word' id='word_1_128' title='bbox 1196 1885 1362 1940; x_wconf 87' lang='lat' dir='ltr'><strong><em>semel</em></strong></span> <span class='ocrx_word' id='word_1_129' title='bbox 1393 1899 1580 1952; x_wconf 90' lang='lat' dir='ltr'><strong><em>passus</em></strong></span> <span class='ocrx_word' id='word_1_130' title='bbox 1603 1889 1708 1946; x_wconf 79' lang='lat' dir='ltr'><strong><em>est,</em></strong></span> <span class='ocrx_word' id='word_1_131' title='bbox 1741 1880 2020 1934; x_wconf 89' lang='lat' dir='ltr'><strong><em>Dominum</em></strong></span> <span class='ocrx_word' id='word_1_132' title='bbox 2051 1893 2151 1932; x_wconf 81' lang='lat' dir='ltr'><strong><em>no-</em></strong></span> 
     </span>
    </p>
   </div>
   <div class='ocr_carea' id='block_1_18' title="bbox 575 1973 2147 2046">
    <p class='ocr_par' dir='ltr' id='par_1_18' title="bbox 575 1973 2147 2046">
     <span class='ocr_line' id='line_1_18' title="bbox 575 1973 2147 2046; baseline -0.008 -10"><span class='ocrx_word' id='word_1_133' title='bbox 575 1990 746 2036; x_wconf 71' lang='lat' dir='ltr'><strong><em>strum</em></strong></span> <span class='ocrx_word' id='word_1_134' title='bbox 786 1979 969 2035; x_wconf 82' lang='lat' dir='ltr'><strong><em>Jcsum</em></strong></span> <span class='ocrx_word' id='word_1_135' title='bbox 1007 1978 1273 2034; x_wconf 83' lang='lat' dir='ltr'><strong><em>Christum</em></strong></span> <span class='ocrx_word' id='word_1_136' title='bbox 1322 1976 1394 2046; x_wconf 84' lang='lat' dir='ltr'><strong><em>(b)</em></strong></span> <span class='ocrx_word' id='word_1_137' title='bbox 1428 1991 1522 2044; x_wconf 88' lang='lat' dir='ltr'><strong><em>pro</em></strong></span> <span class='ocrx_word' id='word_1_138' title='bbox 1555 1973 1890 2028; x_wconf 82' lang='lat' dir='ltr'><strong><em>Daunonibus</em></strong></span> <span class='ocrx_word' id='word_1_139' title='bbox 1915 1987 2147 2041; x_wconf 87' lang='lat' dir='ltr'><strong><em>quoque,</em></strong></span> 
     </span>
    </p>
   </div>
   <div class='ocr_carea' id='block_1_19' title="bbox 577 2065 2150 2144">
    <p class='ocr_par' dir='ltr' id='par_1_19' title="bbox 577 2065 2150 2144">
     <span class='ocr_line' id='line_1_19' title="bbox 577 2065 2150 2144; baseline -0.006 -18"><span class='ocrx_word' id='word_1_140' title='bbox 577 2087 625 2126; x_wconf 87' lang='lat' dir='ltr'><strong><em>et</em></strong></span> <span class='ocrx_word' id='word_1_141' title='bbox 646 2071 1011 2144; x_wconf 83' lang='lat' dir='ltr'><strong><em>spiritualibus</em></strong></span> <span class='ocrx_word' id='word_1_142' title='bbox 1031 2068 1280 2140; x_wconf 54' lang='lat' dir='ltr'><strong><em>nequitiis</em></strong></span> <span class='ocrx_word' id='word_1_143' title='bbox 1300 2084 1512 2121; x_wconf 82' lang='lat' dir='ltr'><strong><em>crucem</em></strong></span> <span class='ocrx_word' id='word_1_144' title='bbox 1535 2065 1821 2134; x_wconf 77' lang='lat' dir='ltr'><strong><em>aliquando</em></strong></span> <span class='ocrx_word' id='word_1_145' title='bbox 1845 2079 2150 2134; x_wconf 87' lang='lat' dir='ltr'><strong><em>passurum.</em></strong></span> 
     </span>
    </p>
   </div>
   <div class='ocr_carea' id='block_1_20' title="bbox 577 2158 2155 2227">
    <p class='ocr_par' dir='ltr' id='par_1_20' title="bbox 577 2158 2155 2227">
     <span class='ocr_line' id='line_1_20' title="bbox 577 2158 2155 2227; baseline -0.006 -9"><span class='ocrx_word' id='word_1_146' title='bbox 577 2162 687 2219; x_wconf 80' lang='lat' dir='ltr'><strong><em>Nec</em></strong></span> <span class='ocrx_word' id='word_1_147' title='bbox 717 2163 960 2217; x_wconf 72' lang='lat' dir='ltr'><strong><em>meminit</em></strong></span> <span class='ocrx_word' id='word_1_148' title='bbox 986 2161 1134 2216; x_wconf 82' lang='lat' dir='ltr'><strong><em>Pauli</em></strong></span> <span class='ocrx_word' id='word_1_149' title='bbox 1163 2159 1470 2220; x_wconf 77' lang='lat' dir='ltr'><strong><em>scribentis.</em></strong></span> <span class='ocrx_word' id='word_1_150' title='bbox 1498 2158 1820 2227; x_wconf 79' lang='lat' dir='ltr'><strong><em>[inpossibile</em></strong></span> <span class='ocrx_word' id='word_1_151' title='bbox 1845 2168 1936 2220; x_wconf 89' lang='lat' dir='ltr'><strong><em>est,</em></strong></span> <span class='ocrx_word' id='word_1_152' title='bbox 1960 2172 2043 2208; x_wconf 89' lang='lat' dir='ltr'><strong><em>eos</em></strong></span> <span class='ocrx_word' id='word_1_153' title='bbox 2069 2158 2155 2220; x_wconf 88' lang='lat' dir='ltr'><strong><em>qui</em></strong></span> 
     </span>
    </p>
   </div>
   <div class='ocr_carea' id='block_1_21' title="bbox 577 2249 2155 2321">
    <p class='ocr_par' dir='ltr' id='par_1_21' title="bbox 577 2249 2155 2321">
     <span class='ocr_line' id='line_1_21' title="bbox 577 2249 2155 2321; baseline -0.007 -11"><span class='ocrx_word' id='word_1_154' title='bbox 577 2257 730 2310; x_wconf 81' lang='lat' dir='ltr'><strong><em>semel</em></strong></span> <span class='ocrx_word' id='word_1_155' title='bbox 754 2268 868 2309; x_wconf 87' lang='lat' dir='ltr'><strong><em>sunt</em></strong></span> <span class='ocrx_word' id='word_1_156' title='bbox 897 2253 1188 2316; x_wconf 81' lang='lat' dir='ltr'><strong><em>illuminati,</em></strong></span> <span class='ocrx_word' id='word_1_157' title='bbox 1217 2260 1538 2321; x_wconf 83' lang='lat' dir='ltr'><strong><em>gustaverttnt</em></strong></span> <span class='ocrx_word' id='word_1_158' title='bbox 1565 2262 1611 2303; x_wconf 90' lang='lat' dir='ltr'><strong><em>et</em></strong></span> <span class='ocrx_word' id='word_1_159' title='bbox 1643 2251 1828 2302; x_wconf 88' lang='lat' dir='ltr'><strong><em>donum</em></strong></span> <span class='ocrx_word' id='word_1_160' title='bbox 1855 2249 2048 2300; x_wconf 67' lang='lat' dir='ltr'><strong><em>caeleste</em></strong></span> <span class='ocrx_word' id='word_1_161' title='bbox 2065 2289 2082 2310; x_wconf 93' lang='lat'><strong><em>,</em></strong></span> <span class='ocrx_word' id='word_1_162' title='bbox 2108 2255 2155 2299; x_wconf 89' lang='lat' dir='ltr'><strong><em>et</em></strong></span> 
     </span>
    </p>
   </div>
   <div class='ocr_carea' id='block_1_22' title="bbox 583 2337 2156 2413">
    <p class='ocr_par' dir='ltr' id='par_1_22' title="bbox 583 2337 2156 2413">
     <span class='ocr_line' id='line_1_22' title="bbox 583 2337 2156 2413; baseline -0.008 -13"><span class='ocrx_word' id='word_1_163' title='bbox 583 2348 855 2411; x_wconf 78' lang='lat' dir='ltr'><strong><em>participes</em></strong></span> <span class='ocrx_word' id='word_1_164' title='bbox 883 2355 995 2398; x_wconf 88' lang='lat' dir='ltr'><strong><em>sunt</em></strong></span> <span class='ocrx_word' id='word_1_165' title='bbox 1023 2345 1145 2413; x_wconf 79' lang='lat' dir='ltr'><strong><em>{acti</em></strong></span> <span class='ocrx_word' id='word_1_166' title='bbox 1179 2344 1400 2412; x_wconf 78' lang='lat' dir='ltr'><strong><em>Spiritus</em></strong></span> <span class='ocrx_word' id='word_1_167' title='bbox 1423 2343 1618 2397; x_wconf 82' lang='lat' dir='ltr'><strong><em>Sancti.</em></strong></span> <span class='ocrx_word' id='word_1_168' title='bbox 1639 2346 1959 2409; x_wconf 78' lang='lat' dir='ltr'><strong><em>gttstuverunt</em></strong></span> <span class='ocrx_word' id='word_1_169' title='bbox 1977 2337 2156 2389; x_wconf 85' lang='lat' dir='ltr'><strong><em>nihilo-</em></strong></span> 
     </span>
    </p>
   </div>
   <div class='ocr_carea' id='block_1_23' title="bbox 581 2428 2157 2500">
    <p class='ocr_par' dir='ltr' id='par_1_23' title="bbox 581 2428 2157 2500">
     <span class='ocr_line' id='line_1_23' title="bbox 581 2428 2157 2500; baseline -0.006 -10"><span class='ocrx_word' id='word_1_170' title='bbox 581 2439 746 2490; x_wconf 88' lang='lat' dir='ltr'><strong><em>minus</em></strong></span> <span class='ocrx_word' id='word_1_171' title='bbox 774 2438 955 2489; x_wconf 89' lang='lat' dir='ltr'><strong><em>bonum</em></strong></span> <span class='ocrx_word' id='word_1_172' title='bbox 980 2435 1072 2488; x_wconf 87' lang='lat' dir='ltr'><strong><em>Dei</em></strong></span> <span class='ocrx_word' id='word_1_173' title='bbox 1103 2432 1316 2486; x_wconf 83' lang='lat' dir='ltr'><strong><em>Verbum</em></strong></span> <span class='ocrx_word' id='word_1_174' title='bbox 1346 2434 1646 2500; x_wconf 77' lang='lat' dir='ltr'><strong><em>virtutesque</em></strong></span> <span class='ocrx_word' id='word_1_175' title='bbox 1671 2429 1842 2484; x_wconf 69' lang='lat' dir='ltr'><strong><em>seaculi</em></strong></span> <span class='ocrx_word' id='word_1_176' title='bbox 1865 2428 2079 2489; x_wconf 80' lang='lat' dir='ltr'><strong><em>venturi,</em></strong></span> <span class='ocrx_word' id='word_1_177' title='bbox 2111 2437 2157 2480; x_wconf 86' lang='lat' dir='ltr'><strong><em>et</em></strong></span> 
     </span>
    </p>
   </div>
   <div class='ocr_carea' id='block_1_24' title="bbox 582 2523 2158 2598">
    <p class='ocr_par' dir='ltr' id='par_1_24' title="bbox 582 2523 2158 2598">
     <span class='ocr_line' id='line_1_24' title="bbox 582 2523 2158 2598; baseline -0.006 -19"><span class='ocrx_word' id='word_1_178' title='bbox 582 2529 807 2598; x_wconf 79' lang='lat' dir='ltr'><strong><em>prolapsi</em></strong></span> <span class='ocrx_word' id='word_1_179' title='bbox 837 2536 972 2587; x_wconf 86' lang='lat' dir='ltr'><strong><em>sunt,</em></strong></span> <span class='ocrx_word' id='word_1_180' title='bbox 1003 2525 1233 2577; x_wconf 77' lang='lat' dir='ltr'><strong><em>renovari</em></strong></span> <span class='ocrx_word' id='word_1_181' title='bbox 1260 2525 1438 2576; x_wconf 88' lang='lat' dir='ltr'><strong><em>iterum</em></strong></span> <span class='ocrx_word' id='word_1_182' title='bbox 1463 2523 1529 2574; x_wconf 84' lang='lat' dir='ltr'><strong><em>ad</em></strong></span> <span class='ocrx_word' id='word_1_183' title='bbox 1557 2524 1924 2592; x_wconf 74' lang='lat' dir='ltr'><strong><em>paenitentiam,</em></strong></span> <span class='ocrx_word' id='word_1_184' title='bbox 1953 2536 2158 2572; x_wconf 87' lang='lat' dir='ltr'><strong><em>rursum</em></strong></span> 
     </span>
    </p>
   </div>
   <div class='ocr_carea' id='block_1_25' title="bbox 581 2611 2156 2688">
    <p class='ocr_par' dir='ltr' id='par_1_25' title="bbox 581 2611 2156 2688">
     <span class='ocr_line' id='line_1_25' title="bbox 581 2611 2156 2688; baseline -0.004 -16"><span class='ocrx_word' id='word_1_185' title='bbox 581 2621 926 2688; x_wconf 77' lang='lat' dir='ltr'><strong><em>cruaﬁgentes</em></strong></span> <span class='ocrx_word' id='word_1_186' title='bbox 945 2618 1138 2670; x_wconf 77' lang='lat' dir='ltr'><strong><em>sibimet</em></strong></span> <span class='ocrx_word' id='word_1_187' title='bbox 1155 2616 1277 2680; x_wconf 83' lang='lat' dir='ltr'><strong><em>ipsis</em></strong></span> <span class='ocrx_word' id='word_1_188' title='bbox 1297 2614 1484 2669; x_wconf 83' lang='lat' dir='ltr'><strong><em>Filium</em></strong></span> <span class='ocrx_word' id='word_1_189' title='bbox 1502 2614 1617 2678; x_wconf 86' lang='lat' dir='ltr'><strong><em>Dei,</em></strong></span> <span class='ocrx_word' id='word_1_190' title='bbox 1633 2626 1679 2665; x_wconf 85' lang='lat' dir='ltr'><strong><em>et</em></strong></span> <span class='ocrx_word' id='word_1_191' title='bbox 1697 2613 1910 2665; x_wconf 77' lang='lat' dir='ltr'><strong><em>ostentui</em></strong></span> <span class='ocrx_word' id='word_1_192' title='bbox 1923 2611 2156 2666; x_wconf 69' lang='lat' dir='ltr'><strong><em>[iubentes</em></strong></span> 
     </span>
    </p>
   </div>
   <div class='ocr_carea' id='block_1_26' title="bbox 584 2701 2159 2780">
    <p class='ocr_par' dir='ltr' id='par_1_26' title="bbox 584 2701 2159 2780">
     <span class='ocr_line' id='line_1_26' title="bbox 584 2701 2159 2780; baseline -0.004 -18"><span class='ocrx_word' id='word_1_193' title='bbox 584 2709 770 2780; x_wconf 75' lang='lat' dir='ltr'><strong><em>(Hebr.</em></strong></span> <span class='ocrx_word' id='word_1_194' title='bbox 798 2716 849 2761; x_wconf 77' lang='lat'><strong><em>6.</em></strong></span> <span class='ocrx_word' id='word_1_195' title='bbox 880 2709 955 2770; x_wconf 77' lang='lat' dir='ltr'><strong><em>ti).</em></strong></span> <span class='ocrx_word' id='word_1_196' title='bbox 988 2707 1042 2761; x_wconf 93' lang='lat' dir='ltr'><strong><em>Si</em></strong></span> <span class='ocrx_word' id='word_1_197' title='bbox 1071 2705 1170 2758; x_wconf 92' lang='lat' dir='ltr'><strong><em>hoc</em></strong></span> <span class='ocrx_word' id='word_1_198' title='bbox 1199 2708 1336 2759; x_wconf 90' lang='lat' dir='ltr'><strong><em>scire</em></strong></span> <span class='ocrx_word' id='word_1_199' title='bbox 1361 2707 1605 2758; x_wconf 77' lang='lat' dir='ltr'><strong><em>voluisset</em></strong></span> <span class='ocrx_word' id='word_1_200' title='bbox 1629 2703 1748 2774; x_wconf 56' lang='grc' dir='ltr'><strong><em>[31ης.</em></strong></span> <span class='ocrx_word' id='word_1_201' title='bbox 1775 2701 2020 2774; x_wconf 77' lang='lat' dir='ltr'><strong><em>voluisti],</em></strong></span> <span class='ocrx_word' id='word_1_202' title='bbox 2053 2703 2159 2756; x_wconf 89' lang='lat' dir='ltr'><strong><em>imo</em></strong></span> 
     </span>
    </p>
   </div>
   <div class='ocr_carea' id='block_1_27' title="bbox 588 2793 2156 2869">
    <p class='ocr_par' dir='ltr' id='par_1_27' title="bbox 588 2793 2156 2869">
     <span class='ocr_line' id='line_1_27' title="bbox 588 2793 2156 2869; baseline -0.005 -15"><span class='ocrx_word' id='word_1_203' title='bbox 588 2804 632 2856; x_wconf 89' lang='lat' dir='ltr'><strong><em>si</em></strong></span> <span class='ocrx_word' id='word_1_204' title='bbox 686 2816 880 2856; x_wconf 86' lang='lat' dir='ltr'><strong><em>nonea</em></strong></span> <span class='ocrx_word' id='word_1_205' title='bbox 907 2816 1026 2869; x_wconf 73' lang='lat' dir='ltr'><strong><em>qum</em></strong></span> <span class='ocrx_word' id='word_1_206' title='bbox 1071 2799 1190 2859; x_wconf 90' lang='lat' dir='ltr'><strong><em>scil,</em></strong></span> <span class='ocrx_word' id='word_1_207' title='bbox 1245 2806 1614 2850; x_wconf 85' lang='lat' dir='ltr'><strong><em>contemneret</em></strong></span> <span class='ocrx_word' id='word_1_208' title='bbox 1664 2794 1782 2865; x_wconf 63' lang='lat' dir='ltr'><strong><em>(iis.</em></strong></span> <span class='ocrx_word' id='word_1_209' title='bbox 1833 2793 2156 2866; x_wconf 86' lang='lat' dir='ltr'><strong><em>contemnet],</em></strong></span> 
     </span>
    </p>
   </div>
   <div class='ocr_carea' id='block_1_28' title="bbox 585 2886 2160 2962">
    <p class='ocr_par' dir='ltr' id='par_1_28' title="bbox 585 2886 2160 2962">
     <span class='ocr_line' id='line_1_28' title="bbox 585 2886 2160 2962; baseline -0.005 -16"><span class='ocrx_word' id='word_1_210' title='bbox 585 2907 855 2962; x_wconf 85' lang='lat' dir='ltr'><strong><em>nunquam</em></strong></span> <span class='ocrx_word' id='word_1_211' title='bbox 903 2889 1158 2958; x_wconf 71' lang='lat' dir='ltr'><strong><em>Apostolo</em></strong></span> <span class='ocrx_word' id='word_1_212' title='bbox 1205 2888 1621 2950; x_wconf 73' lang='lat' dir='ltr'><strong><em>contradicens,</em></strong></span> <span class='ocrx_word' id='word_1_213' title='bbox 1679 2901 1774 2954; x_wconf 90' lang='lat' dir='ltr'><strong><em>pro</em></strong></span> <span class='ocrx_word' id='word_1_214' title='bbox 1825 2886 1978 2938; x_wconf 74' lang='lat' dir='ltr'><strong><em>[lauit</em></strong></span> <span class='ocrx_word' id='word_1_215' title='bbox 2006 2887 2160 2938; x_wconf 91' lang='lat' dir='ltr'><strong><em>nibus</em></strong></span> 
     </span>
    </p>
   </div>
   <div class='ocr_carea' id='block_1_29' title="bbox 584 2977 2162 3054">
    <p class='ocr_par' dir='ltr' id='par_1_29' title="bbox 584 2977 2162 3054">
     <span class='ocr_line' id='line_1_29' title="bbox 584 2977 2162 3054; baseline -0.004 -18"><span class='ocrx_word' id='word_1_216' title='bbox 584 3001 795 3054; x_wconf 84' lang='lat' dir='ltr'><strong><em>quoque</em></strong></span> <span class='ocrx_word' id='word_1_217' title='bbox 834 2984 1035 3037; x_wconf 79' lang='lat' dir='ltr'><strong><em>diceret</em></strong></span> <span class='ocrx_word' id='word_1_218' title='bbox 1071 2979 1189 3052; x_wconf 80' lang='lat' dir='ltr'><strong><em>[.\IS.</em></strong></span> <span class='ocrx_word' id='word_1_219' title='bbox 1227 2977 1400 3050; x_wconf 82' lang='lat' dir='ltr'><strong><em>dicet].</em></strong></span> <span class='ocrx_word' id='word_1_220' title='bbox 1440 2977 1711 3032; x_wconf 72' lang='lat' dir='ltr'><strong><em>Christum</em></strong></span> <span class='ocrx_word' id='word_1_221' title='bbox 1763 2991 2074 3046; x_wconf 64' lang='lat' dir='ltr'><strong><em>pasSurmn,</em></strong></span> <span class='ocrx_word' id='word_1_222' title='bbox 2107 2987 2162 3030; x_wconf 86' lang='lat' dir='ltr'><strong><em>et</em></strong></span> 
     </span>
    </p>
   </div>
   <div class='ocr_carea' id='block_1_30' title="bbox 585 3070 2158 3147">
    <p class='ocr_par' dir='ltr' id='par_1_30' title="bbox 585 3070 2158 3147">
     <span class='ocr_line' id='line_1_30' title="bbox 585 3070 2158 3147; baseline -0.006 -14"><span class='ocrx_word' id='word_1_223' title='bbox 585 3093 705 3133; x_wconf 85' lang='lat' dir='ltr'><strong><em>eum</em></strong></span> <span class='ocrx_word' id='word_1_224' title='bbox 746 3077 1010 3147; x_wconf 55' lang='lat' dir='ltr'><strong><em>praeberet</em></strong></span> <span class='ocrx_word' id='word_1_225' title='bbox 1052 3072 1169 3145; x_wconf 56' lang='grc' dir='ltr'><strong>[διε.</strong></span> <span class='ocrx_word' id='word_1_226' title='bbox 1202 3070 1406 3143; x_wconf 65' lang='lat' dir='ltr'><strong><em>praebet]</em></strong></span> <span class='ocrx_word' id='word_1_227' title='bbox 1445 3071 1676 3124; x_wconf 86' lang='lat' dir='ltr'><strong><em>ostentui</em></strong></span> <span class='ocrx_word' id='word_1_228' title='bbox 1711 3071 1928 3124; x_wconf 86' lang='lat' dir='ltr'><strong><em>:clausa</em></strong></span> <span class='ocrx_word' id='word_1_229' title='bbox 1955 3110 1970 3135; x_wconf 89' lang='lat'><strong><em>,</em></strong></span> <span class='ocrx_word' id='word_1_230' title='bbox 2016 3071 2158 3140; x_wconf 88' lang='lat' dir='ltr'><strong><em>quod</em></strong></span> 
     </span>
    </p>
   </div>
   <div class='ocr_carea' id='block_1_31' title="bbox 587 3161 2160 3236">
    <p class='ocr_par' dir='ltr' id='par_1_31' title="bbox 587 3161 2160 3236">
     <span class='ocr_line' id='line_1_31' title="bbox 587 3161 2160 3236; baseline -0.003 -16"><span class='ocrx_word' id='word_1_231' title='bbox 587 3167 853 3236; x_wconf 83' lang='lat' dir='ltr'><strong><em>legimus,</em></strong></span> <span class='ocrx_word' id='word_1_232' title='bbox 907 3179 1038 3219; x_wconf 88' lang='lat' dir='ltr'><strong><em>aure</em></strong></span> <span class='ocrx_word' id='word_1_233' title='bbox 1088 3161 1491 3229; x_wconf 81' lang='lat' dir='ltr'><strong><em>pertr.:nsiens,</em></strong></span> <span class='ocrx_word' id='word_1_234' title='bbox 1543 3162 1772 3215; x_wconf 79' lang='lat' dir='ltr'><strong><em>Christus</em></strong></span> <span class='ocrx_word' id='word_1_235' title='bbox 1819 3177 2084 3232; x_wconf 85' lang='lat' dir='ltr'><strong><em>resurgens</em></strong></span> <span class='ocrx_word' id='word_1_236' title='bbox 2127 3179 2160 3216; x_wconf 88' lang='lat' dir='ltr'><strong><em>a</em></strong></span> 
     </span>
    </p>
   </div>
   <div class='ocr_carea' id='block_1_32' title="bbox 585 3253 2162 3322">
    <p class='ocr_par' dir='ltr' id='par_1_32' title="bbox 585 3253 2162 3322">
     <span class='ocr_line' id='line_1_32' title="bbox 585 3253 2162 3322; baseline -0.003 -12"><span class='ocrx_word' id='word_1_237' title='bbox 585 3258 818 3320; x_wconf 82' lang='lat' dir='ltr'><strong><em>mortuis,</em></strong></span> <span class='ocrx_word' id='word_1_238' title='bbox 844 3257 978 3309; x_wconf 85' lang='lat' dir='ltr'><strong><em>ultra</em></strong></span> <span class='ocrx_word' id='word_1_239' title='bbox 1005 3272 1106 3307; x_wconf 86' lang='lat' dir='ltr'><strong><em>non</em></strong></span> <span class='ocrx_word' id='word_1_240' title='bbox 1134 3254 1345 3306; x_wconf 89' lang='lat' dir='ltr'><strong><em>moritur</em></strong></span> <span class='ocrx_word' id='word_1_241' title='bbox 1368 3268 1387 3306; x_wconf 91' lang='lat'><strong><em>:</em></strong></span> <span class='ocrx_word' id='word_1_242' title='bbox 1410 3269 1542 3304; x_wconf 86' lang='lat' dir='ltr'><strong><em>mors</em></strong></span> <span class='ocrx_word' id='word_1_243' title='bbox 1573 3254 1616 3304; x_wconf 89' lang='lat' dir='ltr'><strong><em>ei</em></strong></span> <span class='ocrx_word' id='word_1_244' title='bbox 1648 3267 1964 3322; x_wconf 80' lang='lat' dir='ltr'><strong><em>nequaquam</em></strong></span> <span class='ocrx_word' id='word_1_245' title='bbox 1997 3253 2162 3306; x_wconf 82' lang='lat' dir='ltr'><strong><em>domi-</em></strong></span> 
     </span>
    </p>
   </div>
   <div class='ocr_carea' id='block_1_33' title="bbox 587 3348 2158 3410">
    <p class='ocr_par' dir='ltr' id='par_1_33' title="bbox 587 3348 2158 3410">
     <span class='ocr_line' id='line_1_33' title="bbox 587 3348 2158 3410; baseline -0.001 -10"><span class='ocrx_word' id='word_1_246' title='bbox 587 3349 803 3400; x_wconf 79' lang='lat' dir='ltr'><strong><em>nubitur.</em></strong></span> <span class='ocrx_word' id='word_1_247' title='bbox 853 3349 1003 3409; x_wconf 74' lang='lat' dir='ltr'><strong><em>Quod</em></strong></span> <span class='ocrx_word' id='word_1_248' title='bbox 1041 3348 1170 3396; x_wconf 88' lang='lat' dir='ltr'><strong><em>enim</em></strong></span> <span class='ocrx_word' id='word_1_249' title='bbox 1208 3357 1430 3396; x_wconf 85' lang='lat' dir='ltr'><strong><em>mortuus</em></strong></span> <span class='ocrx_word' id='word_1_250' title='bbox 1458 3353 1528 3397; x_wconf 81' lang='lat' dir='ltr'><strong><em>est</em></strong></span> <span class='ocrx_word' id='word_1_251' title='bbox 1567 3355 1768 3410; x_wconf 76' lang='lat' dir='ltr'><strong><em>peccato</em></strong></span> <span class='ocrx_word' id='word_1_252' title='bbox 1791 3384 1803 3404; x_wconf 85' lang='lat'><strong><em>,</em></strong></span> <span class='ocrx_word' id='word_1_253' title='bbox 1837 3354 2062 3396; x_wconf 86' lang='lat' dir='ltr'><strong><em>mortuus</em></strong></span> <span class='ocrx_word' id='word_1_254' title='bbox 2086 3355 2158 3398; x_wconf 84' lang='lat' dir='ltr'><strong><em>est</em></strong></span> 
     </span>
    </p>
   </div>
   <div class='ocr_carea' id='block_1_34' title="bbox 586 3435 2156 3506">
    <p class='ocr_par' dir='ltr' id='par_1_34' title="bbox 586 3435 2156 3506">
     <span class='ocr_line' id='line_1_34' title="bbox 586 3435 2156 3506; baseline -0.001 -13"><span class='ocrx_word' id='word_1_255' title='bbox 586 3437 759 3500; x_wconf 81' lang='lat' dir='ltr'><strong><em>semel,</em></strong></span> <span class='ocrx_word' id='word_1_256' title='bbox 789 3438 924 3506; x_wconf 83' lang='lat' dir='ltr'><strong><em>quod</em></strong></span> <span class='ocrx_word' id='word_1_257' title='bbox 953 3446 1118 3490; x_wconf 84' lang='lat' dir='ltr'><strong><em>autem</em></strong></span> <span class='ocrx_word' id='word_1_258' title='bbox 1145 3437 1280 3500; x_wconf 79' lang='lat' dir='ltr'><strong><em>vivit,</em></strong></span> <span class='ocrx_word' id='word_1_259' title='bbox 1310 3437 1424 3488; x_wconf 82' lang='lat' dir='ltr'><strong><em>vivit</em></strong></span> <span class='ocrx_word' id='word_1_260' title='bbox 1450 3435 1508 3488; x_wconf 88' lang='lat' dir='ltr'><strong><em>in</em></strong></span> <span class='ocrx_word' id='word_1_261' title='bbox 1539 3435 1755 3488; x_wconf 83' lang='lat' dir='ltr'><strong><em>Domino</em></strong></span> <span class='ocrx_word' id='word_1_262' title='bbox 1798 3435 1990 3506; x_wconf 79' lang='lat' dir='ltr'><strong><em>(Rcui.</em></strong></span> <span class='ocrx_word' id='word_1_263' title='bbox 2021 3436 2070 3491; x_wconf 85' lang='lat'><strong><em>6.</em></strong></span> <span class='ocrx_word' id='word_1_264' title='bbox 2103 3436 2156 3491; x_wconf 84' lang='lat'><strong><em>9.</em></strong></span> 
     </span>
    </p>
   </div>
   <div class='ocr_carea' id='block_1_35' title="bbox 592 3527 2158 3599">
    <p class='ocr_par' dir='ltr' id='par_1_35' title="bbox 592 3527 2158 3599">
     <span class='ocr_line' id='line_1_35' title="bbox 592 3527 2158 3599; baseline -0.003 -15"><span class='ocrx_word' id='word_1_265' title='bbox 592 3532 715 3599; x_wconf 72' lang='grc'><strong>10).</strong></span> <span class='ocrx_word' id='word_1_266' title='bbox 749 3529 860 3584; x_wconf 90' lang='lat' dir='ltr'><strong><em>lloc</em></strong></span> <span class='ocrx_word' id='word_1_267' title='bbox 888 3529 1029 3583; x_wconf 91' lang='lat' dir='ltr'><strong><em>enim</em></strong></span> <span class='ocrx_word' id='word_1_268' title='bbox 1057 3528 1196 3597; x_wconf 87' lang='lat' dir='ltr'><strong><em>quod</em></strong></span> <span class='ocrx_word' id='word_1_269' title='bbox 1224 3527 1415 3582; x_wconf 90' lang='lat' dir='ltr'><strong><em>dicitur</em></strong></span> <span class='ocrx_word' id='word_1_270' title='bbox 1437 3527 1589 3580; x_wconf 87' lang='lat' dir='ltr'><strong><em>semel</em></strong></span> <span class='ocrx_word' id='word_1_271' title='bbox 1619 3543 1724 3580; x_wconf 91' lang='lat' dir='ltr'><strong><em>non</em></strong></span> <span class='ocrx_word' id='word_1_272' title='bbox 1753 3528 2042 3581; x_wconf 87' lang='lat' dir='ltr'><strong><em>secundum</em></strong></span> <span class='ocrx_word' id='word_1_273' title='bbox 2071 3544 2158 3581; x_wconf 82' lang='lat' dir='ltr'><strong><em>re-</em></strong></span> 
     </span>
    </p>
   </div>
   <div class='ocr_carea' id='block_1_36' title="bbox 589 3619 2162 3691">
    <p class='ocr_par' dir='ltr' id='par_1_36' title="bbox 589 3619 2162 3691">
     <span class='ocr_line' id='line_1_36' title="bbox 589 3619 2162 3691; baseline -0.004 -13"><span class='ocrx_word' id='word_1_274' title='bbox 589 3621 736 3691; x_wconf 81' lang='lat' dir='ltr'><strong><em>cipit,</em></strong></span> <span class='ocrx_word' id='word_1_275' title='bbox 763 3635 859 3676; x_wconf 90' lang='lat' dir='ltr'><strong><em>nec</em></strong></span> <span class='ocrx_word' id='word_1_276' title='bbox 884 3621 1094 3674; x_wconf 86' lang='lat' dir='ltr'><strong><em>tertium</em></strong></span> <span class='ocrx_word' id='word_1_277' title='bbox 1121 3638 1134 3673; x_wconf 90' lang='lat'><strong>:</strong></span> <span class='ocrx_word' id='word_1_278' title='bbox 1160 3619 1299 3673; x_wconf 83' lang='lat' dir='ltr'><strong><em>unde</em></strong></span> <span class='ocrx_word' id='word_1_279' title='bbox 1329 3619 1619 3687; x_wconf 79' lang='lat' dir='ltr'><strong><em>Aposmlns</em></strong></span> <span class='ocrx_word' id='word_1_280' title='bbox 1641 3619 1817 3671; x_wconf 84' lang='lat' dir='ltr'><strong><em>sciens</em></strong></span> <span class='ocrx_word' id='word_1_281' title='bbox 1847 3634 1966 3670; x_wconf 89' lang='lat' dir='ltr'><strong><em>eum</em></strong></span> <span class='ocrx_word' id='word_1_282' title='bbox 1996 3619 2162 3672; x_wconf 79' lang='lat' dir='ltr'><strong><em>semel</em></strong></span> 
     </span>
    </p>
   </div>
   <div class='ocr_carea' id='block_1_37' title="bbox 589 3709 2162 3785">
    <p class='ocr_par' dir='ltr' id='par_1_37' title="bbox 589 3709 2162 3785">
     <span class='ocr_line' id='line_1_37' title="bbox 589 3709 2162 3785; baseline -0.004 -14"><span class='ocrx_word' id='word_1_283' title='bbox 589 3716 846 3785; x_wconf 75' lang='lat' dir='ltr'><strong><em>crucifigi,</em></strong></span> <span class='ocrx_word' id='word_1_284' title='bbox 867 3724 972 3768; x_wconf 86' lang='lat' dir='ltr'><strong><em>tota</em></strong></span> <span class='ocrx_word' id='word_1_285' title='bbox 997 3714 1061 3767; x_wconf 92' lang='lat' dir='ltr'><strong><em>ad</em></strong></span> <span class='ocrx_word' id='word_1_286' title='bbox 1085 3713 1336 3767; x_wconf 71' lang='lat' dir='ltr'><strong><em>llebrmos</em></strong></span> <span class='ocrx_word' id='word_1_287' title='bbox 1357 3712 1588 3766; x_wconf 80' lang='lat' dir='ltr'><strong><em>afﬁrmat</em></strong></span> <span class='ocrx_word' id='word_1_288' title='bbox 1607 3711 1826 3765; x_wconf 77' lang='lat' dir='ltr'><strong><em>audacia</em></strong></span> <span class='ocrx_word' id='word_1_289' title='bbox 1854 3731 1867 3764; x_wconf 85' lang='lat'><strong>:</strong></span> <span class='ocrx_word' id='word_1_290' title='bbox 1897 3709 1947 3763; x_wconf 83' lang='grc'><em>11</em></span> <span class='ocrx_word' id='word_1_291' title='bbox 1953 3727 2010 3764; x_wconf 84' lang='lat' dir='ltr'><strong><em>oc</em></strong></span> <span class='ocrx_word' id='word_1_292' title='bbox 2033 3713 2162 3765; x_wconf 85' lang='lat' dir='ltr'><strong><em>enim</em></strong></span> 
     </span>
    </p>
   </div>
   <div class='ocr_carea' id='block_1_38' title="bbox 587 3805 1809 3880">
    <p class='ocr_par' dir='ltr' id='par_1_38' title="bbox 587 3805 1809 3880">
     <span class='ocr_line' id='line_1_38' title="bbox 587 3805 1809 3880; baseline -0.005 -16"><span class='ocrx_word' id='word_1_293' title='bbox 587 3812 705 3880; x_wconf 77' lang='lat' dir='ltr'><strong><em>fecit</em></strong></span> <span class='ocrx_word' id='word_1_294' title='bbox 731 3808 883 3864; x_wconf 87' lang='lat' dir='ltr'><strong><em>semel</em></strong></span> <span class='ocrx_word' id='word_1_295' title='bbox 904 3826 956 3862; x_wconf 90' lang='lat' dir='ltr'><strong><em>se</em></strong></span> <span class='ocrx_word' id='word_1_296' title='bbox 983 3809 1147 3878; x_wconf 86' lang='lat' dir='ltr'><strong><em>ipsum</em></strong></span> <span class='ocrx_word' id='word_1_297' title='bbox 1176 3805 1392 3873; x_wconf 72' lang='lat' dir='ltr'><strong><em>o/ferens</em></strong></span> <span class='ocrx_word' id='word_1_298' title='bbox 1422 3805 1580 3877; x_wconf 82' lang='lat' dir='ltr'><strong><em>(lleb.</em></strong></span> <span class='ocrx_word' id='word_1_299' title='bbox 1610 3807 1664 3862; x_wconf 89' lang='lat'><strong><em>7.</em></strong></span> <span class='ocrx_word' id='word_1_300' title='bbox 1691 3805 1809 3875; x_wconf 72' lang='lat'><strong><em>27).</em></strong></span> 
     </span>
    </p>
   </div>
   <div class='ocr_carea' id='block_1_39' title="bbox 661 3897 2163 3969">
    <p class='ocr_par' dir='ltr' id='par_1_39' title="bbox 661 3897 2163 3969">
     <span class='ocr_line' id='line_1_39' title="bbox 661 3897 2163 3969; baseline -0.004 -13"><span class='ocrx_word' id='word_1_301' title='bbox 661 3901 715 3956; x_wconf 82' lang='lat'><strong><em>5.</em></strong></span> <span class='ocrx_word' id='word_1_302' title='bbox 743 3901 822 3955; x_wconf 73' lang='grc' dir='ltr'><strong><em>οι»</em></strong></span> <span class='ocrx_word' id='word_1_303' title='bbox 851 3903 962 3952; x_wconf 81' lang='lat' dir='ltr'><strong><em>lure</em></strong></span> <span class='ocrx_word' id='word_1_304' title='bbox 987 3909 1039 3952; x_wconf 85' lang='lat' dir='ltr'><strong><em>et</em></strong></span> <span class='ocrx_word' id='word_1_305' title='bbox 1065 3897 1168 3951; x_wconf 88' lang='lat' dir='ltr'><strong><em>alia</em></strong></span> <span class='ocrx_word' id='word_1_306' title='bbox 1201 3897 1445 3967; x_wconf 86' lang='lat' dir='ltr'><strong><em>plurima,</em></strong></span> <span class='ocrx_word' id='word_1_307' title='bbox 1475 3897 1543 3951; x_wconf 86' lang='lat' dir='ltr'><strong><em>de</em></strong></span> <span class='ocrx_word' id='word_1_308' title='bbox 1565 3898 1758 3966; x_wconf 89' lang='lat' dir='ltr'><strong><em>quibus</em></strong></span> <span class='ocrx_word' id='word_1_309' title='bbox 1781 3898 2017 3952; x_wconf 86' lang='lat' dir='ltr'><strong><em>scribere</em></strong></span> <span class='ocrx_word' id='word_1_310' title='bbox 2047 3904 2163 3969; x_wconf 76' lang='lat' dir='ltr'><strong><em>epi-</em></strong></span> 
     </span>
    </p>
   </div>
   <div class='ocr_carea' id='block_1_40' title="bbox 589 3987 2165 4058">
    <p class='ocr_par' dir='ltr' id='par_1_40' title="bbox 589 3987 2165 4058">
     <span class='ocr_line' id='line_1_40' title="bbox 589 3987 2165 4058; baseline -0.003 -11"><span class='ocrx_word' id='word_1_311' title='bbox 589 3991 803 4047; x_wconf 79' lang='lat' dir='ltr'><strong><em>stolaris</em></strong></span> <span class='ocrx_word' id='word_1_312' title='bbox 830 4004 1007 4044; x_wconf 86' lang='lat' dir='ltr'><strong><em>sermo</em></strong></span> <span class='ocrx_word' id='word_1_313' title='bbox 1029 4004 1132 4043; x_wconf 90' lang='lat' dir='ltr'><strong><em>non</em></strong></span> <span class='ocrx_word' id='word_1_314' title='bbox 1161 3989 1374 4058; x_wconf 90' lang='lat' dir='ltr'><strong><em>patitur,</em></strong></span> <span class='ocrx_word' id='word_1_315' title='bbox 1403 3987 1740 4041; x_wconf 88' lang='lat' dir='ltr'><strong><em>condemnati</em></strong></span> <span class='ocrx_word' id='word_1_316' title='bbox 1764 3996 1908 4050; x_wconf 92' lang='lat' dir='ltr'><strong><em>sunt,</em></strong></span> <span class='ocrx_word' id='word_1_317' title='bbox 1937 3998 1990 4041; x_wconf 89' lang='lat' dir='ltr'><strong><em>et</em></strong></span> <span class='ocrx_word' id='word_1_318' title='bbox 2011 3989 2165 4056; x_wconf 77' lang='lat' dir='ltr'><strong><em>ojecti</em></strong></span> 
     </span>
    </p>
   </div>
   <div class='ocr_carea' id='block_1_41' title="bbox 590 4077 2163 4147">
    <p class='ocr_par' dir='ltr' id='par_1_41' title="bbox 590 4077 2163 4147">
     <span class='ocr_line' id='line_1_41' title="bbox 590 4077 2163 4147; baseline -0.005 -10"><span class='ocrx_word' id='word_1_319' title='bbox 590 4083 658 4137; x_wconf 89' lang='lat' dir='ltr'><strong><em>de</em></strong></span> <span class='ocrx_word' id='word_1_320' title='bbox 687 4081 953 4143; x_wconf 72' lang='lat' dir='ltr'><strong><em>Ecclesia;</em></strong></span> <span class='ocrx_word' id='word_1_321' title='bbox 986 4079 1079 4133; x_wconf 90' lang='lat' dir='ltr'><strong><em>sed</em></strong></span> <span class='ocrx_word' id='word_1_322' title='bbox 1105 4078 1327 4132; x_wconf 86' lang='lat' dir='ltr'><strong><em>fatuitati</em></strong></span> <span class='ocrx_word' id='word_1_323' title='bbox 1349 4078 1534 4146; x_wconf 84' lang='lat' dir='ltr'><strong><em>juncta</em></strong></span> <span class='ocrx_word' id='word_1_324' title='bbox 1564 4077 1839 4144; x_wconf 87' lang='lat' dir='ltr'><strong><em>superbia,</em></strong></span> <span class='ocrx_word' id='word_1_325' title='bbox 1870 4078 2163 4147; x_wconf 81' lang='lat' dir='ltr'><strong><em>Episcopo-</em></strong></span> 
     </span>
    </p>
   </div>
   <div class='ocr_carea' id='block_1_42' title="bbox 587 4170 2162 4245">
    <p class='ocr_par' dir='ltr' id='par_1_42' title="bbox 587 4170 2162 4245">
     <span class='ocr_line' id='line_1_42' title="bbox 587 4170 2162 4245; baseline -0.003 -16"><span class='ocrx_word' id='word_1_326' title='bbox 587 4191 705 4230; x_wconf 89' lang='lat' dir='ltr'><strong><em>rum</em></strong></span> <span class='ocrx_word' id='word_1_327' title='bbox 748 4174 908 4245; x_wconf 71' lang='lat'><strong><em>552</em></strong></span> <span class='ocrx_word' id='word_1_328' title='bbox 941 4172 1152 4239; x_wconf 72' lang='lat' dir='ltr'><strong><em>iudiciis</em></strong></span> <span class='ocrx_word' id='word_1_329' title='bbox 1185 4172 1580 4230; x_wconf 86' lang='lat' dir='ltr'><strong><em>contradicunt,</em></strong></span> <span class='ocrx_word' id='word_1_330' title='bbox 1603 4170 1982 4224; x_wconf 73' lang='lat' dir='ltr'><strong><em>Colunt-elicum</em></strong></span> <span class='ocrx_word' id='word_1_331' title='bbox 2010 4186 2162 4225; x_wconf 83' lang='lat' dir='ltr'><strong><em>soum</em></strong></span> 
     </span>
    </p>
   </div>
   <div class='ocr_carea' id='block_1_43' title="bbox 593 4262 2168 4332">
    <p class='ocr_par' dir='ltr' id='par_1_43' title="bbox 593 4262 2168 4332">
     <span class='ocr_line' id='line_1_43' title="bbox 593 4262 2168 4332; baseline -0.003 -12"><span class='ocrx_word' id='word_1_332' title='bbox 593 4267 823 4320; x_wconf 86' lang='lat' dir='ltr'><strong><em>nitentes</em></strong></span> <span class='ocrx_word' id='word_1_333' title='bbox 852 4264 1118 4318; x_wconf 85' lang='lat' dir='ltr'><strong><em>seditione</em></strong></span> <span class='ocrx_word' id='word_1_334' title='bbox 1155 4262 1476 4325; x_wconf 82' lang='lat' dir='ltr'><strong><em>defendere,</em></strong></span> <span class='ocrx_word' id='word_1_335' title='bbox 1510 4271 1564 4314; x_wconf 90' lang='lat' dir='ltr'><strong><em>et</em></strong></span> <span class='ocrx_word' id='word_1_336' title='bbox 1605 4277 1696 4330; x_wconf 84' lang='lat' dir='ltr'><strong><em>per</em></strong></span> <span class='ocrx_word' id='word_1_337' title='bbox 1725 4262 1926 4316; x_wconf 87' lang='lat' dir='ltr'><strong><em>alienas</em></strong></span> <span class='ocrx_word' id='word_1_338' title='bbox 1953 4265 2168 4332; x_wconf 84' lang='lat' dir='ltr'><strong><em>provin-</em></strong></span> 
     </span>
    </p>
   </div>
   <div class='ocr_carea' id='block_1_44' title="bbox 655 4409 2168 4478">
    <p class='ocr_par' dir='ltr' id='par_1_44' title="bbox 655 4409 2168 4478">
     <span class='ocr_line' id='line_1_44' title="bbox 655 4409 2168 4478; baseline 0 -14"><span class='ocrx_word' id='word_1_339' title='bbox 655 4416 743 4478; x_wconf 59' lang='grc' dir='ltr'><strong><em>(αλ</em></strong></span> <span class='ocrx_word' id='word_1_340' title='bbox 762 4415 835 4464; x_wconf 85' lang='lat' dir='ltr'><strong><em>Ex</em></strong></span> <span class='ocrx_word' id='word_1_341' title='bbox 861 4413 1016 4478; x_wconf 67' lang='lat' dir='ltr'><strong><em>Griec.</em></strong></span> <span class='ocrx_word' id='word_1_342' title='bbox 1033 4426 1138 4478; x_wconf 58' lang='lat' dir='ltr'><strong><em>tum</em></strong></span> <span class='ocrx_word' id='word_1_343' title='bbox 1159 4413 1285 4478; x_wconf 82' lang='lat' dir='ltr'><strong><em>quod</em></strong></span> <span class='ocrx_word' id='word_1_344' title='bbox 1310 4420 1384 4461; x_wconf 89' lang='lat' dir='ltr'><strong><em>est</em></strong></span> <span class='ocrx_word' id='word_1_345' title='bbox 1415 4409 1637 4478; x_wconf 78' lang='lat' dir='ltr'><strong><em>Verbum.</em></strong></span> <span class='ocrx_word' id='word_1_346' title='bbox 1662 4411 1799 4478; x_wconf 75' lang='lat' dir='ltr'><strong><em>Hauc</em></strong></span> <span class='ocrx_word' id='word_1_347' title='bbox 1818 4426 1963 4475; x_wconf 90' lang='lat' dir='ltr'><strong><em>porro</em></strong></span> <span class='ocrx_word' id='word_1_348' title='bbox 1983 4413 2046 4463; x_wconf 88' lang='lat' dir='ltr'><strong><em>de</em></strong></span> <span class='ocrx_word' id='word_1_349' title='bbox 2063 4417 2168 4465; x_wconf 80' lang='lat' dir='ltr'><strong><em>ani-</em></strong></span> 
     </span>
    </p>
   </div>
   <div class='ocr_carea' id='block_1_45' title="bbox 592 4474 2164 4534">
    <p class='ocr_par' dir='ltr' id='par_1_45' title="bbox 592 4474 2164 4534">
     <span class='ocr_line' id='line_1_45' title="bbox 592 4474 2164 4534; baseline 0 -8"><span class='ocrx_word' id='word_1_350' title='bbox 592 4474 671 4526; x_wconf 80' lang='lat' dir='ltr'><strong><em>ma</em></strong></span> <span class='ocrx_word' id='word_1_351' title='bbox 709 4474 886 4526; x_wconf 48' lang='lat' dir='ltr'><strong><em>’Christl</em></strong></span> <span class='ocrx_word' id='word_1_352' title='bbox 929 4474 1193 4524; x_wconf 84' lang='lat' dir='ltr'><strong><em>doctrinam</em></strong></span> <span class='ocrx_word' id='word_1_353' title='bbox 1234 4474 1380 4534; x_wconf 78' lang='lat' dir='ltr'><strong><em>longe</em></strong></span> <span class='ocrx_word' id='word_1_354' title='bbox 1421 4474 1867 4534; x_wconf 20' lang='lat' dir='ltr'><strong><em>absonamﬂiteru’m</em></strong></span> <span class='ocrx_word' id='word_1_355' title='bbox 1905 4486 2164 4526; x_wconf 80' lang='lat' dir='ltr'><strong><em>execratur</em></strong></span> 
     </span>
    </p>
   </div>
   <div class='ocr_carea' id='block_1_46' title="bbox 589 4533 2161 4600">
    <p class='ocr_par' dir='ltr' id='par_1_46' title="bbox 589 4533 2161 4600">
     <span class='ocr_line' id='line_1_46' title="bbox 589 4533 2161 4600; baseline -0.001 -11"><span class='ocrx_word' id='word_1_356' title='bbox 589 4538 890 4600; x_wconf 77' lang='lat' dir='ltr'><strong><em>&#39;l‘bettphilus</em></strong></span> <span class='ocrx_word' id='word_1_357' title='bbox 913 4537 960 4584; x_wconf 91' lang='lat' dir='ltr'><strong><em>in</em></strong></span> <span class='ocrx_word' id='word_1_358' title='bbox 989 4537 1032 4600; x_wconf 72' lang='lat' dir='ltr'><strong><em>l.</em></strong></span> <span class='ocrx_word' id='word_1_359' title='bbox 1060 4535 1378 4600; x_wconf 83' lang='lat' dir='ltr'><strong><em>Pasclt._quod</em></strong></span> <span class='ocrx_word' id='word_1_360' title='bbox 1420 4548 1599 4595; x_wconf 84' lang='lat' dir='ltr'><strong><em>nempe</em></strong></span> <span class='ocrx_word' id='word_1_361' title='bbox 1626 4533 1742 4581; x_wconf 92' lang='lat' dir='ltr'><strong><em>illud</em></strong></span> <span class='ocrx_word' id='word_1_362' title='bbox 1778 4535 1923 4600; x_wconf 76' lang='lat' dir='ltr'><strong><em>Pauli</em></strong></span> <span class='ocrx_word' id='word_1_363' title='bbox 1954 4537 2161 4600; x_wconf 74' lang='lat' dir='ltr'><strong><em>Philipp.</em></strong></span> 
     </span>
    </p>
   </div>
   <div class='ocr_carea' id='block_1_47' title="bbox 590 4596 2160 4659">
    <p class='ocr_par' dir='ltr' id='par_1_47' title="bbox 590 4596 2160 4659">
     <span class='ocr_line' id='line_1_47' title="bbox 590 4596 2160 4659; baseline 0.001 -13"><span class='ocrx_word' id='word_1_364' title='bbox 590 4600 638 4647; x_wconf 73' lang='lat'><strong><em>2.</em></strong></span> <span class='ocrx_word' id='word_1_365' title='bbox 662 4602 712 4649; x_wconf 89' lang='lat'><strong><em>7.</em></strong></span> <span class='ocrx_word' id='word_1_366' title='bbox 733 4596 767 4644; x_wconf 63' lang='grc' dir='ltr'><strong><em>ἰ</em></strong></span> <span class='ocrx_word' id='word_1_367' title='bbox 788 4598 896 4647; x_wconf 84' lang='lat' dir='ltr'><strong><em>Non</em></strong></span> <span class='ocrx_word' id='word_1_368' title='bbox 919 4597 1132 4659; x_wconf 74' lang='lat' dir='ltr'><strong><em>rapinam</em></strong></span> <span class='ocrx_word' id='word_1_369' title='bbox 1155 4597 1413 4659; x_wconf 74' lang='lat' dir='ltr'><strong><em>arbitratus</em></strong></span> <span class='ocrx_word' id='word_1_370' title='bbox 1439 4605 1532 4651; x_wconf 69' lang='lat' dir='ltr'><strong><em>est,</em></strong></span> <span class='ocrx_word' id='word_1_371' title='bbox 1559 4608 1670 4643; x_wconf 75' lang='lat' dir='ltr'><strong><em>esse</em></strong></span> <span class='ocrx_word' id='word_1_372' title='bbox 1693 4609 1749 4659; x_wconf 85' lang='lat' dir='ltr'><strong><em>se</em></strong></span> <span class='ocrx_word' id='word_1_373' title='bbox 1772 4596 2007 4651; x_wconf 61' lang='lat' dir='ltr'><strong><em>aqualem</em></strong></span> <span class='ocrx_word' id='word_1_374' title='bbox 2033 4596 2160 4658; x_wconf 79' lang='lat' dir='ltr'><strong><em>Deo,</em></strong></span> 
     </span>
    </p>
   </div>
   <div class='ocr_carea' id='block_1_48' title="bbox 592 4657 2164 4720">
    <p class='ocr_par' dir='ltr' id='par_1_48' title="bbox 592 4657 2164 4720">
     <span class='ocr_line' id='line_1_48' title="bbox 592 4657 2164 4720; baseline -0.003 -12"><span class='ocrx_word' id='word_1_375' title='bbox 592 4663 677 4708; x_wconf 69' lang='lat' dir='ltr'><strong><em>sed</em></strong></span> <span class='ocrx_word' id='word_1_376' title='bbox 700 4657 1016 4720; x_wconf 75' lang='lat' dir='ltr'><strong><em>semetipsum</em></strong></span> <span class='ocrx_word' id='word_1_377' title='bbox 1043 4659 1334 4720; x_wconf 83' lang='lat' dir='ltr'><strong><em>exinanivit,</em></strong></span> <span class='ocrx_word' id='word_1_378' title='bbox 1360 4657 1558 4705; x_wconf 85' lang='lat' dir='ltr'><strong><em>fortnam</em></strong></span> <span class='ocrx_word' id='word_1_379' title='bbox 1583 4657 1712 4704; x_wconf 80' lang='lat' dir='ltr'><strong><em>servi</em></strong></span> <span class='ocrx_word' id='word_1_380' title='bbox 1735 4659 2015 4720; x_wconf 76' lang='lat' dir='ltr'><strong><em>accipiens,</em></strong></span> <span class='ocrx_word' id='word_1_381' title='bbox 2041 4677 2063 4704; x_wconf 70' lang='grc' dir='ltr'><strong><em>ι</em></strong></span> <span class='ocrx_word' id='word_1_382' title='bbox 2105 4665 2164 4710; x_wconf 72' lang='grc' dir='ltr'><strong>αι]</strong></span> 
     </span>
    </p>
   </div>
   <div class='ocr_carea' id='block_1_49' title="bbox 593 4718 2161 4782">
    <p class='ocr_par' dir='ltr' id='par_1_49' title="bbox 593 4718 2161 4782">
     <span class='ocr_line' id='line_1_49' title="bbox 593 4718 2161 4782; baseline -0.001 -11"><span class='ocrx_word' id='word_1_383' title='bbox 593 4722 767 4772; x_wconf 81' lang='lat' dir='ltr'><strong><em>Christi</em></strong></span> <span class='ocrx_word' id='word_1_384' title='bbox 790 4718 1236 4782; x_wconf 40' lang='lat' dir='ltr'><strong><em>anit‘namrotulerit</em></strong></span> <span class='ocrx_word' id='word_1_385' title='bbox 1255 4753 1268 4773; x_wconf 85' lang='lat'><strong><em>,</em></strong></span> <span class='ocrx_word' id='word_1_386' title='bbox 1293 4732 1436 4782; x_wconf 85' lang='lat' dir='ltr'><strong><em>quam</em></strong></span> <span class='ocrx_word' id='word_1_387' title='bbox 1464 4720 1568 4765; x_wconf 84' lang='lat' dir='ltr'><strong><em>Deo</em></strong></span> <span class='ocrx_word' id='word_1_388' title='bbox 1591 4718 1829 4782; x_wconf 67' lang='lat' dir='ltr'><strong><em>tequaletn</em></strong></span> <span class='ocrx_word' id='word_1_389' title='bbox 1866 4722 2128 4773; x_wconf 83' lang='lat' dir='ltr'><strong><em>crediderit</em></strong></span> <span class='ocrx_word' id='word_1_390' title='bbox 2148 4763 2161 4782; x_wconf 84' lang='lat'><strong><em>,</em></strong></span> 
     </span>
    </p>
   </div>
   <div class='ocr_carea' id='block_1_50' title="bbox 595 4781 2163 4843">
    <p class='ocr_par' dir='ltr' id='par_1_50' title="bbox 595 4781 2163 4843">
     <span class='ocr_line' id='line_1_50' title="bbox 595 4781 2163 4843; baseline -0.004 -11"><span class='ocrx_word' id='word_1_391' title='bbox 595 4793 642 4832; x_wconf 83' lang='lat' dir='ltr'><strong><em>et</em></strong></span> <span class='ocrx_word' id='word_1_392' title='bbox 675 4797 767 4830; x_wconf 92' lang='lat' dir='ltr'><strong><em>non</em></strong></span> <span class='ocrx_word' id='word_1_393' title='bbox 795 4783 946 4843; x_wconf 69' lang='lat' dir='ltr'><strong><em>ipsum</em></strong></span> <span class='ocrx_word' id='word_1_394' title='bbox 969 4781 1184 4843; x_wconf 68' lang='lat' dir='ltr'><strong><em>V&#39;_erbum</em></strong></span> <span class='ocrx_word' id='word_1_395' title='bbox 1205 4819 1217 4834; x_wconf 81' lang='lat'><strong><em>,</em></strong></span> <span class='ocrx_word' id='word_1_396' title='bbox 1243 4784 1328 4827; x_wconf 79' lang='lat' dir='ltr'><strong><em>sed</em></strong></span> <span class='ocrx_word' id='word_1_397' title='bbox 1353 4781 1500 4827; x_wconf 85' lang='lat' dir='ltr'><strong><em>solam</em></strong></span> <span class='ocrx_word' id='word_1_398' title='bbox 1527 4781 1858 4843; x_wconf 48' lang='lat' dir='ltr'><strong><em>ejusauimam</em></strong></span> <span class='ocrx_word' id='word_1_399' title='bbox 1884 4782 1940 4843; x_wconf 81' lang='lat' dir='ltr'><strong><em>ad</em></strong></span> <span class='ocrx_word' id='word_1_400' title='bbox 1966 4781 2163 4833; x_wconf 70' lang='lat' dir='ltr'><strong><em>terrena</em></strong></span> 
     </span>
    </p>
   </div>
   <div class='ocr_carea' id='block_1_51' title="bbox 595 4840 2164 4912">
    <p class='ocr_par' dir='ltr' id='par_1_51' title="bbox 595 4840 2164 4912">
     <span class='ocr_line' id='line_1_51' title="bbox 595 4840 2164 4912; baseline -0.001 -22"><span class='ocrx_word' id='word_1_401' title='bbox 595 4840 1308 4912; x_wconf 63' lang='lat' dir='ltr'><strong><em>venisse.&#39;\&#39;_ide_Justiuianum</em></strong></span> <span class='ocrx_word' id='word_1_402' title='bbox 1335 4843 1474 4912; x_wconf 72' lang='lat' dir='ltr'><strong><em>epist.</em></strong></span> <span class='ocrx_word' id='word_1_403' title='bbox 1506 4840 1562 4887; x_wconf 85' lang='lat' dir='ltr'><strong><em>ad</em></strong></span> <span class='ocrx_word' id='word_1_404' title='bbox 1603 4841 1792 4888; x_wconf 79' lang='lat' dir='ltr'><strong><em>Menam</em></strong></span> <span class='ocrx_word' id='word_1_405' title='bbox 1828 4843 1873 4888; x_wconf 89' lang='lat' dir='ltr'><strong><em>in</em></strong></span> <span class='ocrx_word' id='word_1_406' title='bbox 1911 4841 2039 4912; x_wconf 43' lang='lat' dir='ltr'><strong><em>litui,</em></strong></span> <span class='ocrx_word' id='word_1_407' title='bbox 2073 4847 2164 4912; x_wconf 23' lang='lat' dir='ltr'><strong><em>‘ubi</em></strong></span> 
     </span>
    </p>
   </div>
   <div class='ocr_carea' id='block_1_52' title="bbox 595 4901 2164 4965">
    <p class='ocr_par' dir='ltr' id='par_1_52' title="bbox 595 4901 2164 4965">
     <span class='ocr_line' id='line_1_52' title="bbox 595 4901 2164 4965; baseline 0.001 -11"><span class='ocrx_word' id='word_1_408' title='bbox 595 4905 823 4954; x_wconf 86' lang='lat' dir='ltr'><strong><em>delirium</em></strong></span> <span class='ocrx_word' id='word_1_409' title='bbox 859 4905 984 4952; x_wconf 82' lang='lat' dir='ltr'><strong><em>istud</em></strong></span> <span class='ocrx_word' id='word_1_410' title='bbox 1007 4903 1226 4965; x_wconf 51' lang='lat' dir='ltr'><strong><em>euagitat</em></strong></span> <span class='ocrx_word' id='word_1_411' title='bbox 1249 4916 1311 4950; x_wconf 79' lang='lat' dir='ltr'><strong><em>ex</em></strong></span> <span class='ocrx_word' id='word_1_412' title='bbox 1350 4901 1488 4950; x_wconf 88' lang='lat' dir='ltr'><strong><em>libris</em></strong></span> <span class='ocrx_word' id='word_1_413' title='bbox 1508 4914 1588 4963; x_wconf 61' lang='lat' dir='ltr'><strong><em>iuet</em></strong></span> <span class='ocrx_word' id='word_1_414' title='bbox 1618 4915 1747 4965; x_wconf 70' lang='grc' dir='ltr'><strong><em>ἀηῡν,</em></strong></span> <span class='ocrx_word' id='word_1_415' title='bbox 1781 4915 1889 4949; x_wconf 89' lang='lat' dir='ltr'><strong><em>nam</em></strong></span> <span class='ocrx_word' id='word_1_416' title='bbox 1915 4903 1964 4950; x_wconf 87' lang='lat' dir='ltr'><strong><em>in</em></strong></span> <span class='ocrx_word' id='word_1_417' title='bbox 1987 4902 2164 4956; x_wconf 67' lang='lat' dir='ltr'><strong><em>Bullini</em></strong></span> 
     </span>
    </p>
   </div>
   <div class='ocr_carea' id='block_1_53' title="bbox 597 4962 1185 5017">
    <p class='ocr_par' dir='ltr' id='par_1_53' title="bbox 597 4962 1185 5017">
     <span class='ocr_line' id='line_1_53' title="bbox 597 4962 1185 5017; baseline -0.009 -1"><span class='ocrx_word' id='word_1_418' title='bbox 597 4967 822 5017; x_wconf 82' lang='lat' dir='ltr'><strong><em>versione</em></strong></span> <span class='ocrx_word' id='word_1_419' title='bbox 843 4962 1185 5012; x_wconf 87' lang='lat' dir='ltr'><strong><em>dissimulatur.</em></strong></span> 
     </span>
    </p>
   </div>
   <div class='ocr_carea' id='block_1_54' title="bbox 660 5023 2165 5087">
    <p class='ocr_par' dir='ltr' id='par_1_54' title="bbox 660 5023 2165 5087">
     <span class='ocr_line' id='line_1_54' title="bbox 660 5023 2165 5087; baseline 0.001 -12"><span class='ocrx_word' id='word_1_420' title='bbox 660 5027 732 5087; x_wconf 90' lang='lat' dir='ltr'><strong><em>(b)</em></strong></span> <span class='ocrx_word' id='word_1_421' title='bbox 765 5026 882 5074; x_wconf 57' lang='lat' dir='ltr'><strong><em>Haec</em></strong></span> <span class='ocrx_word' id='word_1_422' title='bbox 903 5038 1092 5074; x_wconf 91' lang='lat' dir='ltr'><strong><em>rursum</em></strong></span> <span class='ocrx_word' id='word_1_423' title='bbox 1119 5025 1422 5087; x_wconf 82' lang='lat' dir='ltr'><strong><em>devoventur</em></strong></span> <span class='ocrx_word' id='word_1_424' title='bbox 1441 5023 1656 5072; x_wconf 88' lang='lat' dir='ltr'><strong><em>Paschal.</em></strong></span> <span class='ocrx_word' id='word_1_425' title='bbox 1687 5023 1881 5087; x_wconf 69' lang='lat' dir='ltr'><strong><em>Lquod</em></strong></span> <span class='ocrx_word' id='word_1_426' title='bbox 1905 5023 2165 5087; x_wconf 66' lang='lat' dir='ltr'><strong><em>Christum,</em></strong></span> 
     </span>
    </p>
   </div>
   <div class='ocr_carea' id='block_1_55' title="bbox 595 5083 2166 5150">
    <p class='ocr_par' dir='ltr' id='par_1_55' title="bbox 595 5083 2166 5150">
     <span class='ocr_line' id='line_1_55' title="bbox 595 5083 2166 5150; baseline 0.003 -14"><span class='ocrx_word' id='word_1_427' title='bbox 595 5083 775 5150; x_wconf 65' lang='lat' dir='ltr'><strong><em>dixerit</em></strong></span> <span class='ocrx_word' id='word_1_428' title='bbox 797 5088 1057 5150; x_wconf 66' lang='grc' dir='ltr'><strong><em>Ονίεςεηεξ⁸</em></strong></span> <span class='ocrx_word' id='word_1_429' title='bbox 1063 5098 1151 5147; x_wconf 90' lang='lat' dir='ltr'><strong><em>pro</em></strong></span> <span class='ocrx_word' id='word_1_430' title='bbox 1174 5083 1507 5150; x_wconf 72' lang='lat' dir='ltr'><strong><em>pwnwm&#39;btts_,</em></strong></span> <span class='ocrx_word' id='word_1_431' title='bbox 1535 5098 1604 5150; x_wconf 79' lang='lat' dir='ltr'><strong><em>_a_t_:</em></strong></span> <span class='ocrx_word' id='word_1_432' title='bbox 1627 5083 1923 5150; x_wconf 67' lang='lat' dir='ltr'><strong><em>spiritalibus</em></strong></span> <span class='ocrx_word' id='word_1_433' title='bbox 1944 5083 2166 5150; x_wconf 77' lang='lat' dir='ltr'><strong><em>nequitiis</em></strong></span> 
     </span>
    </p>
   </div>
   <div class='ocr_carea' id='block_1_56' title="bbox 598 5144 2166 5212">
    <p class='ocr_par' dir='ltr' id='par_1_56' title="bbox 598 5144 2166 5212">
     <span class='ocr_line' id='line_1_56' title="bbox 598 5144 2166 5212; baseline 0.001 -15"><span class='ocrx_word' id='word_1_434' title='bbox 598 5147 730 5212; x_wconf 81' lang='lat' dir='ltr'><strong><em>apud</em></strong></span> <span class='ocrx_word' id='word_1_435' title='bbox 752 5144 948 5212; x_wconf 61' lang='lat' dir='ltr'><strong><em>super?»</em></strong></span> <span class='ocrx_word' id='word_1_436' title='bbox 978 5144 1439 5212; x_wconf 32' lang='lat' dir='ltr'><strong><em>«(ﬁgendum-cruci.</em></strong></span> <span class='ocrx_word' id='word_1_437' title='bbox 1460 5146 1520 5195; x_wconf 88' lang='lat' dir='ltr'><strong><em>Et</em></strong></span> <span class='ocrx_word' id='word_1_438' title='bbox 1535 5144 1674 5212; x_wconf 75' lang='lat' dir='ltr'><strong><em>Hier.</em></strong></span> <span class='ocrx_word' id='word_1_439' title='bbox 1695 5148 1952 5212; x_wconf 78' lang='lat' dir='ltr'><strong><em>Apologet.</em></strong></span> <span class='ocrx_word' id='word_1_440' title='bbox 1981 5144 2029 5197; x_wconf 82' lang='lat' dir='ltr'><strong><em>iii</em></strong></span> <span class='ocrx_word' id='word_1_441' title='bbox 2050 5150 2166 5199; x_wconf 82' lang='lat' dir='ltr'><strong><em>Ruf-</em></strong></span> 
     </span>
    </p>
   </div>
   <div class='ocr_carea' id='block_1_57' title="bbox 597 5207 2164 5270">
    <p class='ocr_par' dir='ltr' id='par_1_57' title="bbox 597 5207 2164 5270">
     <span class='ocr_line' id='line_1_57' title="bbox 597 5207 2164 5270; baseline 0.001 -11"><span class='ocrx_word' id='word_1_442' title='bbox 597 5207 744 5259; x_wconf 78' lang='lat' dir='ltr'><strong><em>linum</em></strong></span> <span class='ocrx_word' id='word_1_443' title='bbox 768 5207 852 5258; x_wconf 87' lang='lat' dir='ltr'><strong><em>lib.</em></strong></span> <span class='ocrx_word' id='word_1_444' title='bbox 883 5210 924 5256; x_wconf 88' lang='lat' dir='ltr'><strong><em>l.</em></strong></span> <span class='ocrx_word' id='word_1_445' title='bbox 951 5207 1055 5270; x_wconf 77' lang='lat' dir='ltr'><strong><em>cap.</em></strong></span> <span class='ocrx_word' id='word_1_446' title='bbox 1080 5211 1126 5258; x_wconf 79' lang='grc'><strong>5.</strong></span> <span class='ocrx_word' id='word_1_447' title='bbox 1160 5227 1182 5254; x_wconf 79' lang='grc' dir='ltr'><strong><em>ι</em></strong></span> <span class='ocrx_word' id='word_1_448' title='bbox 1201 5207 1403 5268; x_wconf 79' lang='lat' dir='ltr'><strong><em>Origeni</em></strong></span> <span class='ocrx_word' id='word_1_449' title='bbox 1431 5215 1513 5256; x_wconf 92' lang='lat' dir='ltr'><strong><em>tuo</em></strong></span> <span class='ocrx_word' id='word_1_450' title='bbox 1531 5244 1544 5265; x_wconf 93' lang='lat'><strong><em>,</em></strong></span> <span class='ocrx_word' id='word_1_451' title='bbox 1569 5207 1748 5269; x_wconf 72' lang='lat' dir='ltr'><strong><em>inqutt,</em></strong></span> <span class='ocrx_word' id='word_1_452' title='bbox 1777 5207 1890 5260; x_wconf 71' lang='lat' dir='ltr'><strong><em>licet</em></strong></span> <span class='ocrx_word' id='word_1_453' title='bbox 1923 5211 2164 5261; x_wconf 79' lang='lat' dir='ltr'><strong><em>Christum</em></strong></span> 
     </span>
    </p>
   </div>
   <div class='ocr_carea' id='block_1_58' title="bbox 596 5271 2166 5334">
    <p class='ocr_par' dir='ltr' id='par_1_58' title="bbox 596 5271 2166 5334">
     <span class='ocr_line' id='line_1_58' title="bbox 596 5271 2166 5334; baseline 0 -13"><span class='ocrx_word' id='word_1_454' title='bbox 596 5273 764 5334; x_wconf 77' lang='lat' dir='ltr'><strong><em>dicere</em></strong></span> <span class='ocrx_word' id='word_1_455' title='bbox 786 5283 917 5332; x_wconf 78' lang='lat' dir='ltr'><strong><em>saepe</em></strong></span> <span class='ocrx_word' id='word_1_456' title='bbox 938 5283 1129 5331; x_wconf 83' lang='lat' dir='ltr'><strong><em>passum</em></strong></span> <span class='ocrx_word' id='word_1_457' title='bbox 1149 5309 1163 5326; x_wconf 89' lang='lat'><strong><em>,</em></strong></span> <span class='ocrx_word' id='word_1_458' title='bbox 1189 5275 1241 5318; x_wconf 88' lang='lat' dir='ltr'><strong><em>et</em></strong></span> <span class='ocrx_word' id='word_1_459' title='bbox 1272 5271 1449 5330; x_wconf 61' lang='lat' dir='ltr'><strong><em>saepius</em></strong></span> <span class='ocrx_word' id='word_1_460' title='bbox 1473 5283 1721 5333; x_wconf 83' lang='lat' dir='ltr'><strong><em>passurum</em></strong></span> <span class='ocrx_word' id='word_1_461' title='bbox 1742 5307 1756 5330; x_wconf 92' lang='lat'><strong><em>,</em></strong></span> <span class='ocrx_word' id='word_1_462' title='bbox 1781 5280 1835 5320; x_wconf 89' lang='lat' dir='ltr'><strong><em>ut</em></strong></span> <span class='ocrx_word' id='word_1_463' title='bbox 1855 5272 1985 5334; x_wconf 89' lang='lat' dir='ltr'><strong><em>quod</em></strong></span> <span class='ocrx_word' id='word_1_464' title='bbox 2007 5274 2166 5322; x_wconf 86' lang='lat' dir='ltr'><strong><em>semel</em></strong></span> 
     </span>
    </p>
   </div>
   <div class='ocr_carea' id='block_1_59' title="bbox 629 5331 2169 5395">
    <p class='ocr_par' dir='ltr' id='par_1_59' title="bbox 629 5331 2169 5395">
     <span class='ocr_line' id='line_1_59' title="bbox 629 5331 2169 5395; baseline 0.001 -14"><span class='ocrx_word' id='word_1_465' title='bbox 629 5331 814 5395; x_wconf 66' lang='lat' dir='ltr'><strong><em>tofuit,</em></strong></span> <span class='ocrx_word' id='word_1_466' title='bbox 847 5345 1042 5395; x_wconf 84' lang='lat' dir='ltr'><strong><em>semper</em></strong></span> <span class='ocrx_word' id='word_1_467' title='bbox 1086 5334 1234 5395; x_wconf 84' lang='lat' dir='ltr'><strong><em>prosit</em></strong></span> <span class='ocrx_word' id='word_1_468' title='bbox 1267 5331 1576 5395; x_wconf 65' lang='lat' dir='ltr'><strong><em>assumptum</em></strong></span> <span class='ocrx_word' id='word_1_469' title='bbox 1604 5345 1617 5380; x_wconf 91' lang='lat'><strong>:</strong></span> <span class='ocrx_word' id='word_1_470' title='bbox 1641 5348 1664 5377; x_wconf 72' lang='grc' dir='ltr'><strong><em>ι</em></strong></span> <span class='ocrx_word' id='word_1_471' title='bbox 1707 5331 2169 5395; x_wconf 58' lang='lat' dir='ltr'><strong><em>quméxaggerans</em></strong></span> 
     </span>
    </p>
   </div>
   <div class='ocr_carea' id='block_1_60' title="bbox 595 5347 2163 5458">
    <p class='ocr_par' dir='ltr' id='par_1_60' title="bbox 595 5347 2163 5458">
     <span class='ocr_line' id='line_1_60' title="bbox 629 5347 2163 5395; baseline 0.001 -14"><span class='ocrx_word' id='word_1_472' title='bbox 629 5347 772 5384; x_wconf 83' lang='lat' dir='ltr'><strong><em>rotutt</em></strong></span> <span class='ocrx_word' id='word_1_473' title='bbox 790 5371 804 5386; x_wconf 87' lang='lat'><strong><em>,</em></strong></span> <span class='ocrx_word' id='word_1_474' title='bbox 847 5347 1042 5392; x_wconf 86' lang='lat' dir='ltr'><strong><em>semper</em></strong></span> <span class='ocrx_word' id='word_1_475' title='bbox 1086 5347 1234 5394; x_wconf 88' lang='lat' dir='ltr'><strong><em>prosu.</em></strong></span> <span class='ocrx_word' id='word_1_476' title='bbox 1283 5347 1576 5395; x_wconf 73' lang='lat' dir='ltr'><strong><em>assumptum</em></strong></span> <span class='ocrx_word' id='word_1_477' title='bbox 1604 5347 1617 5380; x_wconf 90' lang='lat'><strong>:</strong></span> <span class='ocrx_word' id='word_1_478' title='bbox 1641 5348 1664 5377; x_wconf 72' lang='grc' dir='ltr'><strong><em>ι</em></strong></span> <span class='ocrx_word' id='word_1_479' title='bbox 1707 5347 1818 5395; x_wconf 69' lang='lat' dir='ltr'><strong><em>qua:</em></strong></span> <span class='ocrx_word' id='word_1_480' title='bbox 1861 5347 2163 5395; x_wconf 83' lang='lat' dir='ltr'><strong><em>exaggerans</em></strong></span> 
     </span>
     <span class='ocr_line' id='line_1_61' title="bbox 595 5347 2163 5458; baseline -0.003 -14"><span class='ocrx_word' id='word_1_481' title='bbox 595 5347 748 5458; x_wconf 59' lang='lat' dir='ltr'><strong><em>Epist.</em></strong></span> <span class='ocrx_word' id='word_1_482' title='bbox 761 5394 820 5442; x_wconf 86' lang='lat' dir='ltr'><strong><em>ad</em></strong></span> <span class='ocrx_word' id='word_1_483' title='bbox 830 5393 1023 5443; x_wconf 77' lang='lat' dir='ltr'><strong><em>Avitum</em></strong></span> <span class='ocrx_word' id='word_1_484' title='bbox 1034 5393 1196 5458; x_wconf 57' lang='lat' dir='ltr'><strong><em>capA.</em></strong></span> <span class='ocrx_word' id='word_1_485' title='bbox 1205 5392 1570 5458; x_wconf 21' lang='lat' dir='ltr'><strong><em>indeAconsequi</em></strong></span> <span class='ocrx_word' id='word_1_486' title='bbox 1584 5395 1813 5458; x_wconf 80' lang='lat' dir='ltr'><strong><em>ostendit,</em></strong></span> <span class='ocrx_word' id='word_1_487' title='bbox 1835 5394 1952 5458; x_wconf 78' lang='lat' dir='ltr'><strong><em>licet</em></strong></span> <span class='ocrx_word' id='word_1_488' title='bbox 1978 5412 2000 5440; x_wconf 71' lang='grc' dir='ltr'><strong><em>ι</em></strong></span> <span class='ocrx_word' id='word_1_489' title='bbox 2017 5394 2101 5458; x_wconf 78' lang='lat' dir='ltr'><strong><em>ille</em></strong></span> <span class='ocrx_word' id='word_1_490' title='bbox 2114 5410 2136 5439; x_wconf 68' lang='grc' dir='ltr'><strong>ν</strong></span> <span class='ocrx_word' id='word_1_491' title='bbox 2149 5432 2163 5455; x_wconf 83' lang='lat'><strong><em>,</em></strong></span> 
     </span>
    </p>
   </div>
   <div class='ocr_carea' id='block_1_61' title="bbox 595 5454 2171 5519">
    <p class='ocr_par' dir='ltr' id='par_1_61' title="bbox 595 5454 2171 5519">
     <span class='ocr_line' id='line_1_62' title="bbox 595 5454 2171 5519; baseline 0 -15"><span class='ocrx_word' id='word_1_492' title='bbox 595 5454 856 5519; x_wconf 81' lang='lat' dir='ltr'><strong><em>origenes,</em></strong></span> <span class='ocrx_word' id='word_1_493' title='bbox 889 5467 1025 5519; x_wconf 73' lang='lat' dir='ltr'><strong><em>«non</em></strong></span> <span class='ocrx_word' id='word_1_494' title='bbox 1046 5454 1255 5519; x_wconf 82' lang='lat' dir='ltr'><strong><em>dixerit,</em></strong></span> <span class='ocrx_word' id='word_1_495' title='bbox 1291 5456 1415 5504; x_wconf 82' lang='lat' dir='ltr'><strong><em>sicut</em></strong></span> <span class='ocrx_word' id='word_1_496' title='bbox 1439 5454 1525 5519; x_wconf 78' lang='lat' dir='ltr'><strong><em>pro</em></strong></span> <span class='ocrx_word' id='word_1_497' title='bbox 1559 5456 1835 5519; x_wconf 81' lang='lat' dir='ltr'><strong><em>hominibus</em></strong></span> <span class='ocrx_word' id='word_1_498' title='bbox 1853 5455 1998 5519; x_wconf 71' lang='lat' dir='ltr'><strong><em>homo</em></strong></span> <span class='ocrx_word' id='word_1_499' title='bbox 2019 5454 2171 5504; x_wconf 84' lang='lat' dir='ltr'><strong><em>factus</em></strong></span> 
     </span>
    </p>
   </div>
   <div class='ocr_carea' id='block_1_62' title="bbox 597 5515 2165 5579">
    <p class='ocr_par' dir='ltr' id='par_1_62' title="bbox 597 5515 2165 5579">
     <span class='ocr_line' id='line_1_63' title="bbox 597 5515 2165 5579; baseline -0.003 -12"><span class='ocrx_word' id='word_1_500' title='bbox 597 5515 770 5575; x_wconf 45' lang='lat' dir='ltr'><strong><em>estIut</em></strong></span> <span class='ocrx_word' id='word_1_501' title='bbox 807 5518 1028 5565; x_wconf 79' lang='lat' dir='ltr'><strong><em>homines</em></strong></span> <span class='ocrx_word' id='word_1_502' title='bbox 1058 5515 1318 5570; x_wconf 82' lang='lat' dir='ltr'><strong><em>liberaret.</em></strong></span> <span class='ocrx_word' id='word_1_503' title='bbox 1356 5515 1504 5566; x_wconf 62' lang='lat' dir='ltr'><strong><em>sic&#39;ct</em></strong></span> <span class='ocrx_word' id='word_1_504' title='bbox 1539 5531 1627 5579; x_wconf 88' lang='lat' dir='ltr'><strong><em>pro</em></strong></span> <span class='ocrx_word' id='word_1_505' title='bbox 1665 5515 1823 5564; x_wconf 86' lang='lat' dir='ltr'><strong><em>salute</em></strong></span> <span class='ocrx_word' id='word_1_506' title='bbox 1851 5516 2165 5579; x_wconf 65' lang='lat' dir='ltr'><strong><em>Daemonum,</em></strong></span> 
     </span>
    </p>
   </div>
   <div class='ocr_carea' id='block_1_63' title="bbox 595 5575 2170 5640">
    <p class='ocr_par' dir='ltr' id='par_1_63' title="bbox 595 5575 2170 5640">
     <span class='ocr_line' id='line_1_64' title="bbox 595 5575 2170 5640; baseline -0.002 -14"><span class='ocrx_word' id='word_1_507' title='bbox 595 5579 754 5629; x_wconf 87' lang='lat' dir='ltr'><strong><em>Deum</em></strong></span> <span class='ocrx_word' id='word_1_508' title='bbox 779 5579 986 5640; x_wconf 85' lang='lat' dir='ltr'><strong><em>futurum</em></strong></span> <span class='ocrx_word' id='word_1_509' title='bbox 1011 5580 1137 5640; x_wconf 89' lang='lat' dir='ltr'><strong><em>quod</em></strong></span> <span class='ocrx_word' id='word_1_510' title='bbox 1161 5587 1273 5627; x_wconf 79' lang='lat' dir='ltr'><strong><em>sunt</em></strong></span> <span class='ocrx_word' id='word_1_511' title='bbox 1295 5582 1323 5627; x_wconf 88' lang='lat' dir='ltr'><strong><em>ii</em></strong></span> <span class='ocrx_word' id='word_1_512' title='bbox 1345 5617 1357 5636; x_wconf 92' lang='lat'><strong><em>,</em></strong></span> <span class='ocrx_word' id='word_1_513' title='bbox 1381 5580 1438 5625; x_wconf 89' lang='lat' dir='ltr'><strong><em>ad</em></strong></span> <span class='ocrx_word' id='word_1_514' title='bbox 1461 5575 1583 5640; x_wconf 72' lang='lat' dir='ltr'><strong><em>quos</em></strong></span> <span class='ocrx_word' id='word_1_515' title='bbox 1603 5585 1838 5640; x_wconf 75' lang='lat' dir='ltr'><strong><em>venturus</em></strong></span> <span class='ocrx_word' id='word_1_516' title='bbox 1863 5583 1938 5640; x_wconf 73' lang='lat' dir='ltr'><strong><em>est</em></strong></span> <span class='ocrx_word' id='word_1_517' title='bbox 1961 5575 2170 5640; x_wconf 76' lang='lat' dir='ltr'><strong><em>liberan-</em></strong></span> 
     </span>
    </p>
   </div>
   <div class='ocr_carea' id='block_1_64' title="bbox 593 5636 2166 5702">
    <p class='ocr_par' dir='ltr' id='par_1_64' title="bbox 593 5636 2166 5702">
     <span class='ocr_line' id='line_1_65' title="bbox 593 5636 2166 5702; baseline -0.002 -14"><span class='ocrx_word' id='word_1_518' title='bbox 593 5642 698 5690; x_wconf 90' lang='lat' dir='ltr'><strong><em>dos.</em></strong></span> <span class='ocrx_word' id='word_1_519' title='bbox 723 5656 746 5684; x_wconf 72' lang='grc' dir='ltr'><strong><em>ι</em></strong></span> <span class='ocrx_word' id='word_1_520' title='bbox 777 5638 948 5702; x_wconf 75' lang='lat' dir='ltr'><strong><em>Confer</em></strong></span> <span class='ocrx_word' id='word_1_521' title='bbox 967 5678 981 5696; x_wconf 86' lang='lat'><strong><em>,</em></strong></span> <span class='ocrx_word' id='word_1_522' title='bbox 1006 5636 1069 5689; x_wconf 60' lang='lat' dir='ltr'><strong><em>n&#39;e</em></strong></span> <span class='ocrx_word' id='word_1_523' title='bbox 1093 5639 1341 5702; x_wconf 71' lang='lat' dir='ltr'><strong><em>longiores</em></strong></span> <span class='ocrx_word' id='word_1_524' title='bbox 1363 5636 1513 5702; x_wconf 79' lang='lat' dir='ltr'><strong><em>simus</em></strong></span> <span class='ocrx_word' id='word_1_525' title='bbox 1533 5639 1825 5702; x_wconf 66' lang='lat' dir='ltr'><strong><em>testimoniis</em></strong></span> <span class='ocrx_word' id='word_1_526' title='bbox 1847 5636 2166 5702; x_wconf 70' lang='lat' dir='ltr'><strong><em>atlducemlis,</em></strong></span> 
     </span>
    </p>
   </div>
   <div class='ocr_carea' id='block_1_65' title="bbox 595 5697 2166 5760">
    <p class='ocr_par' dir='ltr' id='par_1_65' title="bbox 595 5697 2166 5760">
     <span class='ocr_line' id='line_1_66' title="bbox 595 5697 2166 5760; baseline -0.006 -8"><span class='ocrx_word' id='word_1_527' title='bbox 595 5702 813 5752; x_wconf 86' lang='lat' dir='ltr'><strong><em>Orosium</em></strong></span> <span class='ocrx_word' id='word_1_528' title='bbox 837 5703 888 5748; x_wconf 88' lang='lat' dir='ltr'><strong><em>in</em></strong></span> <span class='ocrx_word' id='word_1_529' title='bbox 911 5698 1309 5760; x_wconf 79' lang='lat' dir='ltr'><strong><em>Commonitorio,</em></strong></span> <span class='ocrx_word' id='word_1_530' title='bbox 1335 5709 1388 5749; x_wconf 87' lang='lat' dir='ltr'><strong><em>et</em></strong></span> <span class='ocrx_word' id='word_1_531' title='bbox 1417 5701 1657 5749; x_wconf 79' lang='lat' dir='ltr'><strong><em>Severum</em></strong></span> <span class='ocrx_word' id='word_1_532' title='bbox 1689 5698 1945 5760; x_wconf 72' lang='lat' dir='ltr'><strong><em>Sulpitium</em></strong></span> <span class='ocrx_word' id='word_1_533' title='bbox 1970 5697 2166 5760; x_wconf 82' lang='lat' dir='ltr'><strong><em>Dialog.</em></strong></span> 
     </span>
    </p>
   </div>
   <div class='ocr_carea' id='block_1_66' title="bbox 595 5758 2165 5868">
    <p class='ocr_par' dir='ltr' id='par_1_66' title="bbox 595 5758 2165 5868">
     <span class='ocr_line' id='line_1_67' title="bbox 595 5758 2165 5868; baseline -0.003 -55"><span class='ocrx_word' id='word_1_534' title='bbox 595 5765 644 5868; x_wconf 59' lang='lat'><strong><em>&#39;1.</em></strong></span> <span class='ocrx_word' id='word_1_535' title='bbox 667 5777 770 5824; x_wconf 85' lang='lat' dir='ltr'><strong><em>cap.</em></strong></span> <span class='ocrx_word' id='word_1_536' title='bbox 810 5763 850 5810; x_wconf 86' lang='grc' dir='ltr'><strong>ι.</strong></span> <span class='ocrx_word' id='word_1_537' title='bbox 884 5762 1202 5811; x_wconf 86' lang='lat' dir='ltr'><strong><em>Justiniauum</em></strong></span> <span class='ocrx_word' id='word_1_538' title='bbox 1225 5758 1401 5824; x_wconf 51' lang='lat' dir='ltr'><strong><em>saepius</em></strong></span> <span class='ocrx_word' id='word_1_539' title='bbox 1440 5760 1625 5808; x_wconf 89' lang='lat' dir='ltr'><strong><em>laudata</em></strong></span> <span class='ocrx_word' id='word_1_540' title='bbox 1660 5759 1717 5806; x_wconf 90' lang='lat' dir='ltr'><strong><em>ad</em></strong></span> <span class='ocrx_word' id='word_1_541' title='bbox 1759 5758 1948 5807; x_wconf 83' lang='lat' dir='ltr'><strong><em>Menam</em></strong></span> <span class='ocrx_word' id='word_1_542' title='bbox 1982 5758 2165 5820; x_wconf 83' lang='lat' dir='ltr'><strong><em>episto-</em></strong></span> 
     </span>
     <span class='ocr_line' id='line_1_68' title="bbox 614 5836 787 5868; baseline 0 0"><span class='ocrx_word' id='word_1_543' title='bbox 614 5837 640 5868; x_wconf 72' lang='grc' dir='ltr'><strong><em>ξ]</em></strong></span> <span class='ocrx_word' id='word_1_544' title='bbox 657 5860 668 5868; x_wconf 93' lang='grc'>.</span> <span class='ocrx_word' id='word_1_545' title='bbox 692 5836 787 5868; x_wconf 61' lang='grc' dir='ltr'><strong>(λιιι.</strong></span> 
     </span>
    </p>
   </div>
   <div class='ocr_carea' id='block_1_67' title="bbox 614 5836 787 5885">
    <p class='ocr_par' dir='ltr' id='par_1_67' title="bbox 614 5836 787 5885">
     <span class='ocr_line' id='line_1_69' title="bbox 614 5836 787 5885; baseline 0.017 -16"><span class='ocrx_word' id='word_1_546' title='bbox 614 5837 640 5869; x_wconf 82' lang='lat' dir='ltr'><strong><em>a</em></strong></span> <span class='ocrx_word' id='word_1_547' title='bbox 655 5860 669 5885; x_wconf 87' lang='lat'><strong><em>,</em></strong></span> <span class='ocrx_word' id='word_1_548' title='bbox 692 5836 787 5872; x_wconf 75' lang='lat' dir='ltr'><strong><em>etc.</em></strong></span> 
     </span>
    </p>
   </div>
   <div class='ocr_carea' id='block_1_68' title="bbox 1859 409 2524 473">
    <p class='ocr_par' dir='ltr' id='par_1_68' title="bbox 1859 409 2524 473">
     <span class='ocr_line' id='line_1_70' title="bbox 1859 409 2524 473; baseline -0.011 0"><span class='ocrx_word' id='word_1_549' title='bbox 1859 412 2107 473; x_wconf 78' lang='lat' dir='ltr'><strong><em>SANCTI</em></strong></span> <span class='ocrx_word' id='word_1_550' title='bbox 2145 409 2524 466; x_wconf 71' lang='lat' dir='ltr'><strong><em>“IERONYMI</em></strong></span> 
     </span>
    </p>
   </div>
   <div class='ocr_carea' id='block_1_69' title="bbox 3722 417 3828 477">
    <p class='ocr_par' dir='ltr' id='par_1_69' title="bbox 3722 417 3828 477">
     <span class='ocr_line' id='line_1_71' title="bbox 3722 417 3828 477; baseline 0.028 -3"><span class='ocrx_word' id='word_1_551' title='bbox 3722 417 3828 477; x_wconf 69' lang='lat'><strong><em>768</em></strong></span> 
     </span>
    </p>
   </div>
   <div class='ocr_carea' id='block_1_70' title="bbox 2255 524 3830 601">
    <p class='ocr_par' dir='ltr' id='par_1_70' title="bbox 2255 524 3830 601">
     <span class='ocr_line' id='line_1_72' title="bbox 2255 524 3830 601; baseline 0.006 -21"><span class='ocrx_word' id='word_1_552' title='bbox 2255 525 2370 580; x_wconf 88' lang='lat' dir='ltr'><strong><em>cias</em></strong></span> <span class='ocrx_word' id='word_1_553' title='bbox 2393 525 2756 591; x_wconf 87' lang='lat' dir='ltr'><strong><em>suhcrrantes,</em></strong></span> <span class='ocrx_word' id='word_1_554' title='bbox 2781 524 3364 591; x_wconf 69' lang='lat' dir='ltr'><strong><em>damnatLdamnatum</em></strong></span> <span class='ocrx_word' id='word_1_555' title='bbox 3396 530 3592 587; x_wconf 86' lang='lat' dir='ltr'><strong><em>habent</em></strong></span> <span class='ocrx_word' id='word_1_556' title='bbox 3614 531 3830 601; x_wconf 77' lang='lat' dir='ltr'><strong><em>ducem,</em></strong></span> 
     </span>
    </p>
   </div>
   <div class='ocr_carea' id='block_1_71' title="bbox 2252 614 3832 690">
    <p class='ocr_par' dir='ltr' id='par_1_71' title="bbox 2252 614 3832 690">
     <span class='ocr_line' id='line_1_73' title="bbox 2252 614 3832 690; baseline 0.006 -22"><span class='ocrx_word' id='word_1_557' title='bbox 2252 623 2307 668; x_wconf 89' lang='lat' dir='ltr'><strong><em>et</em></strong></span> <span class='ocrx_word' id='word_1_558' title='bbox 2338 614 2494 682; x_wconf 90' lang='lat' dir='ltr'><strong><em>hujus</em></strong></span> <span class='ocrx_word' id='word_1_559' title='bbox 2515 615 2694 685; x_wconf 85' lang='lat' dir='ltr'><strong><em>operis</em></strong></span> <span class='ocrx_word' id='word_1_560' title='bbox 2716 615 3010 686; x_wconf 84' lang='lat' dir='ltr'><strong><em>eriguntur.</em></strong></span> <span class='ocrx_word' id='word_1_561' title='bbox 3040 617 3278 673; x_wconf 87' lang='lat' dir='ltr'><strong><em>Obsecro</em></strong></span> <span class='ocrx_word' id='word_1_562' title='bbox 3299 619 3477 690; x_wconf 87' lang='lat' dir='ltr'><strong><em>itaque</em></strong></span> <span class='ocrx_word' id='word_1_563' title='bbox 3497 636 3614 686; x_wconf 89' lang='lat' dir='ltr'><strong><em>vos,</em></strong></span> <span class='ocrx_word' id='word_1_564' title='bbox 3641 622 3832 678; x_wconf 84' lang='lat' dir='ltr'><strong><em>fratres</em></strong></span> 
     </span>
    </p>
   </div>
   <div class='ocr_carea' id='block_1_72' title="bbox 2252 704 3832 783">
    <p class='ocr_par' dir='ltr' id='par_1_72' title="bbox 2252 704 3832 783">
     <span class='ocr_line' id='line_1_74' title="bbox 2252 704 3832 783; baseline 0.007 -26"><span class='ocrx_word' id='word_1_565' title='bbox 2252 704 2546 770; x_wconf 87' lang='lat' dir='ltr'><strong><em>carissimi,</em></strong></span> <span class='ocrx_word' id='word_1_566' title='bbox 2591 713 2650 758; x_wconf 90' lang='lat' dir='ltr'><strong><em>ut</em></strong></span> <span class='ocrx_word' id='word_1_567' title='bbox 2691 707 2735 758; x_wconf 89' lang='lat' dir='ltr'><strong><em>si</em></strong></span> <span class='ocrx_word' id='word_1_568' title='bbox 2782 706 2916 759; x_wconf 91' lang='lat' dir='ltr'><strong><em>istuc</em></strong></span> <span class='ocrx_word' id='word_1_569' title='bbox 2945 706 3063 778; x_wconf 76' lang='grc' dir='ltr'><strong>[Με.</strong></span> <span class='ocrx_word' id='word_1_570' title='bbox 3091 707 3236 781; x_wconf 76' lang='lat' dir='ltr'><strong><em>illuc]</em></strong></span> <span class='ocrx_word' id='word_1_571' title='bbox 3261 711 3832 783; x_wconf 59' lang='lat' dir='ltr'><strong><em>veniunt,‘pr:eceplis</em></strong></span> 
     </span>
    </p>
   </div>
   <div class='ocr_carea' id='block_1_73' title="bbox 2252 797 3831 870">
    <p class='ocr_par' dir='ltr' id='par_1_73' title="bbox 2252 797 3831 870">
     <span class='ocr_line' id='line_1_75' title="bbox 2252 797 3831 870; baseline 0.006 -20"><span class='ocrx_word' id='word_1_572' title='bbox 2252 797 2580 867; x_wconf 82' lang='lat' dir='ltr'><strong><em>Evangelicis</em></strong></span> <span class='ocrx_word' id='word_1_573' title='bbox 2608 811 2703 852; x_wconf 87' lang='lat' dir='ltr'><strong><em>eos</em></strong></span> <span class='ocrx_word' id='word_1_574' title='bbox 2729 799 2794 852; x_wconf 89' lang='lat' dir='ltr'><strong><em>ad</em></strong></span> <span class='ocrx_word' id='word_1_575' title='bbox 2827 799 3088 869; x_wconf 84' lang='lat' dir='ltr'><strong><em>lacrymas</em></strong></span> <span class='ocrx_word' id='word_1_576' title='bbox 3126 803 3450 870; x_wconf 89' lang='lat' dir='ltr'><strong><em>provocetis.</em></strong></span> <span class='ocrx_word' id='word_1_577' title='bbox 3491 802 3616 858; x_wconf 79' lang='lat' dir='ltr'><strong><em>Voti</em></strong></span> <span class='ocrx_word' id='word_1_578' title='bbox 3661 808 3831 860; x_wconf 88' lang='lat' dir='ltr'><strong><em>nostri</em></strong></span> 
     </span>
    </p>
   </div>
   <div class='ocr_carea' id='block_1_74' title="bbox 2249 888 3828 963">
    <p class='ocr_par' dir='ltr' id='par_1_74' title="bbox 2249 888 3828 963">
     <span class='ocr_line' id='line_1_76' title="bbox 2249 888 3828 963; baseline 0.005 -21"><span class='ocrx_word' id='word_1_579' title='bbox 2249 901 2371 942; x_wconf 87' lang='lat' dir='ltr'><strong><em>esse</em></strong></span> <span class='ocrx_word' id='word_1_580' title='bbox 2391 929 2404 950; x_wconf 86' lang='lat'><strong><em>,</em></strong></span> <span class='ocrx_word' id='word_1_581' title='bbox 2432 899 2486 943; x_wconf 88' lang='lat' dir='ltr'><strong><em>et</em></strong></span> <span class='ocrx_word' id='word_1_582' title='bbox 2513 888 2634 943; x_wconf 85' lang='lat' dir='ltr'><strong><em>illos</em></strong></span> <span class='ocrx_word' id='word_1_583' title='bbox 2653 929 2668 952; x_wconf 87' lang='lat'><strong><em>,</em></strong></span> <span class='ocrx_word' id='word_1_584' title='bbox 2695 897 2751 944; x_wconf 89' lang='lat' dir='ltr'><strong><em>et</em></strong></span> <span class='ocrx_word' id='word_1_585' title='bbox 2776 889 2910 944; x_wconf 85' lang='lat' dir='ltr'><strong><em>alios</em></strong></span> <span class='ocrx_word' id='word_1_586' title='bbox 2932 905 3146 946; x_wconf 87' lang='lat' dir='ltr'><strong><em>errores</em></strong></span> <span class='ocrx_word' id='word_1_587' title='bbox 3175 892 3446 962; x_wconf 88' lang='lat' dir='ltr'><strong><em>corrigere</em></strong></span> <span class='ocrx_word' id='word_1_588' title='bbox 3476 894 3786 963; x_wconf 75' lang='lat' dir='ltr'><strong><em>pmuitentis</em></strong></span> <span class='ocrx_word' id='word_1_589' title='bbox 3813 937 3828 960; x_wconf 89' lang='lat'><strong><em>,</em></strong></span> 
     </span>
    </p>
   </div>
   <div class='ocr_carea' id='block_1_75' title="bbox 2249 979 3832 1055">
    <p class='ocr_par' dir='ltr' id='par_1_75' title="bbox 2249 979 3832 1055">
     <span class='ocr_line' id='line_1_77' title="bbox 2249 979 3832 1055; baseline 0.005 -22"><span class='ocrx_word' id='word_1_590' title='bbox 2249 988 2306 1033; x_wconf 87' lang='lat' dir='ltr'><strong><em>et</em></strong></span> <span class='ocrx_word' id='word_1_591' title='bbox 2338 979 2496 1048; x_wconf 80' lang='lat' dir='ltr'><strong><em>digne</em></strong></span> <span class='ocrx_word' id='word_1_592' title='bbox 2521 995 2619 1034; x_wconf 92' lang='lat' dir='ltr'><strong><em>suo</em></strong></span> <span class='ocrx_word' id='word_1_593' title='bbox 2649 983 2864 1035; x_wconf 88' lang='lat' dir='ltr'><strong><em>nomine</em></strong></span> <span class='ocrx_word' id='word_1_594' title='bbox 2891 991 3275 1037; x_wconf 87' lang='lat' dir='ltr'><strong><em>conversantes</em></strong></span> <span class='ocrx_word' id='word_1_595' title='bbox 3294 1023 3308 1048; x_wconf 88' lang='lat'><strong><em>,</em></strong></span> <span class='ocrx_word' id='word_1_596' title='bbox 3335 981 3408 1055; x_wconf 76' lang='grc' dir='ltr'><strong><em>(ε)</em></strong></span> <span class='ocrx_word' id='word_1_597' title='bbox 3436 994 3492 1038; x_wconf 83' lang='grc' dir='ltr'><strong><em>ιιι</em></strong></span> <span class='ocrx_word' id='word_1_598' title='bbox 3519 986 3609 1055; x_wconf 87' lang='lat' dir='ltr'><strong><em>qui</em></strong></span> <span class='ocrx_word' id='word_1_599' title='bbox 3638 1001 3832 1041; x_wconf 78' lang='lat' dir='ltr'><strong><em>vocan-</em></strong></span> 
     </span>
    </p>
   </div>
   <div class='ocr_carea' id='block_1_76' title="bbox 2249 1069 3831 1145">
    <p class='ocr_par' dir='ltr' id='par_1_76' title="bbox 2249 1069 3831 1145">
     <span class='ocr_line' id='line_1_78' title="bbox 2249 1069 3831 1145; baseline 0.005 -23"><span class='ocrx_word' id='word_1_600' title='bbox 2249 1075 2339 1122; x_wconf 89' lang='lat' dir='ltr'><strong><em>tur</em></strong></span> <span class='ocrx_word' id='word_1_601' title='bbox 2364 1069 2628 1134; x_wconf 77' lang='lat' dir='ltr'><strong><em>Monaclti,</em></strong></span> <span class='ocrx_word' id='word_1_602' title='bbox 2655 1072 2698 1124; x_wconf 93' lang='lat' dir='ltr'><strong><em>si</em></strong></span> <span class='ocrx_word' id='word_1_603' title='bbox 2733 1080 2905 1126; x_wconf 89' lang='lat' dir='ltr'><strong><em>tamen</em></strong></span> <span class='ocrx_word' id='word_1_604' title='bbox 2933 1071 3036 1126; x_wconf 88' lang='lat' dir='ltr'><strong><em>hoc</em></strong></span> <span class='ocrx_word' id='word_1_605' title='bbox 3063 1087 3182 1127; x_wconf 88' lang='lat' dir='ltr'><strong><em>esse</em></strong></span> <span class='ocrx_word' id='word_1_606' title='bbox 3215 1075 3454 1143; x_wconf 89' lang='lat' dir='ltr'><strong><em>cupiunt,</em></strong></span> <span class='ocrx_word' id='word_1_607' title='bbox 3482 1076 3625 1145; x_wconf 91' lang='lat' dir='ltr'><strong><em>quod</em></strong></span> <span class='ocrx_word' id='word_1_608' title='bbox 3651 1077 3831 1130; x_wconf 86' lang='lat' dir='ltr'><strong><em>dicun-</em></strong></span> 
     </span>
    </p>
   </div>
   <div class='ocr_carea' id='block_1_77' title="bbox 2253 1161 3830 1236">
    <p class='ocr_par' dir='ltr' id='par_1_77' title="bbox 2253 1161 3830 1236">
     <span class='ocr_line' id='line_1_79' title="bbox 2253 1161 3830 1236; baseline 0.006 -24"><span class='ocrx_word' id='word_1_609' title='bbox 2253 1168 2339 1212; x_wconf 91' lang='lat' dir='ltr'><strong><em>tur</em></strong></span> <span class='ocrx_word' id='word_1_610' title='bbox 2359 1201 2372 1223; x_wconf 87' lang='lat'><strong><em>,</em></strong></span> <span class='ocrx_word' id='word_1_611' title='bbox 2407 1161 2678 1215; x_wconf 87' lang='lat' dir='ltr'><strong><em>silentium</em></strong></span> <span class='ocrx_word' id='word_1_612' title='bbox 2703 1161 2942 1232; x_wconf 80' lang='lat' dir='ltr'><strong><em>diligant.</em></strong></span> <span class='ocrx_word' id='word_1_613' title='bbox 2971 1172 3025 1216; x_wconf 89' lang='lat' dir='ltr'><strong><em>et</em></strong></span> <span class='ocrx_word' id='word_1_614' title='bbox 3056 1164 3213 1217; x_wconf 82' lang='lat' dir='ltr'><strong><em>iidem</em></strong></span> <span class='ocrx_word' id='word_1_615' title='bbox 3240 1164 3569 1219; x_wconf 84' lang='lat' dir='ltr'><strong><em>Catholicam</em></strong></span> <span class='ocrx_word' id='word_1_616' title='bbox 3593 1205 3610 1230; x_wconf 89' lang='lat'><strong><em>,</em></strong></span> <span class='ocrx_word' id='word_1_617' title='bbox 3638 1167 3830 1236; x_wconf 89' lang='lat' dir='ltr'><strong><em>quibus</em></strong></span> 
     </span>
    </p>
   </div>
   <div class='ocr_carea' id='block_1_78' title="bbox 2259 1249 3826 1330">
    <p class='ocr_par' dir='ltr' id='par_1_78' title="bbox 2259 1249 3826 1330">
     <span class='ocr_line' id='line_1_80' title="bbox 2259 1249 3826 1330; baseline 0.008 -30"><span class='ocrx_word' id='word_1_618' title='bbox 2259 1249 2387 1301; x_wconf 83' lang='lat' dir='ltr'><strong><em>nihil</em></strong></span> <span class='ocrx_word' id='word_1_619' title='bbox 2437 1251 2654 1304; x_wconf 89' lang='lat' dir='ltr'><strong><em>omnino</em></strong></span> <span class='ocrx_word' id='word_1_620' title='bbox 2699 1260 2780 1304; x_wconf 90' lang='lat' dir='ltr'><strong><em>est</em></strong></span> <span class='ocrx_word' id='word_1_621' title='bbox 2827 1252 3216 1319; x_wconf 72' lang='lat' dir='ltr'><strong><em>pra-ferendum</em></strong></span> <span class='ocrx_word' id='word_1_622' title='bbox 3262 1253 3379 1325; x_wconf 80' lang='lat' dir='ltr'><strong><em>[Ms.</em></strong></span> <span class='ocrx_word' id='word_1_623' title='bbox 3423 1259 3826 1330; x_wconf 77' lang='lat' dir='ltr'><strong><em>perferendum].</em></strong></span> 
     </span>
    </p>
   </div>
   <div class='ocr_carea' id='block_1_79' title="bbox 2250 1337 3828 1416">
    <p class='ocr_par' dir='ltr' id='par_1_79' title="bbox 2250 1337 3828 1416">
     <span class='ocr_line' id='line_1_81' title="bbox 2250 1337 3828 1416; baseline 0.007 -25"><span class='ocrx_word' id='word_1_624' title='bbox 2250 1337 2356 1392; x_wconf 78' lang='lat' dir='ltr'><strong><em>Sed</em></strong></span> <span class='ocrx_word' id='word_1_625' title='bbox 2399 1347 2456 1392; x_wconf 89' lang='lat' dir='ltr'><strong><em>ut</em></strong></span> <span class='ocrx_word' id='word_1_626' title='bbox 2487 1338 2665 1405; x_wconf 84' lang='lat' dir='ltr'><strong><em>audio,</em></strong></span> <span class='ocrx_word' id='word_1_627' title='bbox 2696 1339 2962 1394; x_wconf 88' lang='lat' dir='ltr'><strong><em>imitantes</em></strong></span> <span class='ocrx_word' id='word_1_628' title='bbox 2993 1340 3273 1406; x_wconf 83' lang='lat' dir='ltr'><strong><em>Zabnlnm,</em></strong></span> <span class='ocrx_word' id='word_1_629' title='bbox 3306 1345 3410 1398; x_wconf 91' lang='lat' dir='ltr'><strong><em>huc</em></strong></span> <span class='ocrx_word' id='word_1_630' title='bbox 3452 1346 3684 1416; x_wconf 89' lang='lat' dir='ltr'><strong><em>illucque</em></strong></span> <span class='ocrx_word' id='word_1_631' title='bbox 3722 1348 3828 1402; x_wconf 91' lang='lat' dir='ltr'><strong><em>dis-</em></strong></span> 
     </span>
    </p>
   </div>
   <div class='ocr_carea' id='block_1_80' title="bbox 2251 1436 3828 1504">
    <p class='ocr_par' dir='ltr' id='par_1_80' title="bbox 2251 1436 3828 1504">
     <span class='ocr_line' id='line_1_82' title="bbox 2251 1436 3828 1504; baseline 0.007 -20"><span class='ocrx_word' id='word_1_632' title='bbox 2251 1439 2474 1484; x_wconf 89' lang='lat' dir='ltr'><strong><em>currunt</em></strong></span> <span class='ocrx_word' id='word_1_633' title='bbox 2493 1471 2506 1493; x_wconf 88' lang='lat'><strong><em>,</em></strong></span> <span class='ocrx_word' id='word_1_634' title='bbox 2533 1441 2587 1484; x_wconf 90' lang='lat' dir='ltr'><strong><em>et</em></strong></span> <span class='ocrx_word' id='word_1_635' title='bbox 2611 1442 2853 1501; x_wconf 57' lang='lat' dir='ltr'><strong><em>quaerunt</em></strong></span> <span class='ocrx_word' id='word_1_636' title='bbox 2880 1447 3014 1503; x_wconf 90' lang='lat' dir='ltr'><strong><em>quos</em></strong></span> <span class='ocrx_word' id='word_1_637' title='bbox 3043 1436 3155 1488; x_wconf 89' lang='lat' dir='ltr'><strong><em>suis</em></strong></span> <span class='ocrx_word' id='word_1_638' title='bbox 3183 1436 3544 1504; x_wconf 83' lang='lat' dir='ltr'><strong><em>impietatibus</em></strong></span> <span class='ocrx_word' id='word_1_639' title='bbox 3570 1439 3828 1496; x_wconf 87' lang='lat' dir='ltr'><strong><em>devorent</em></strong></span> 
     </span>
    </p>
   </div>
   <div class='ocr_carea' id='block_1_81' title="bbox 2253 1520 3827 1596">
    <p class='ocr_par' dir='ltr' id='par_1_81' title="bbox 2253 1520 3827 1596">
     <span class='ocr_line' id='line_1_83' title="bbox 2253 1520 3827 1596; baseline 0.008 -21"><span class='ocrx_word' id='word_1_640' title='bbox 2253 1520 2328 1590; x_wconf 79' lang='grc' dir='ltr'><strong><em>(Ι.</em></strong></span> <span class='ocrx_word' id='word_1_641' title='bbox 2363 1520 2500 1574; x_wconf 85' lang='lat' dir='ltr'><strong><em>Petr.</em></strong></span> <span class='ocrx_word' id='word_1_642' title='bbox 2527 1522 2582 1578; x_wconf 83' lang='lat'><strong><em>5.</em></strong></span> <span class='ocrx_word' id='word_1_643' title='bbox 2608 1522 2688 1588; x_wconf 88' lang='lat'><strong><em>8.)</em></strong></span> <span class='ocrx_word' id='word_1_644' title='bbox 2720 1523 2914 1578; x_wconf 88' lang='lat' dir='ltr'><strong><em>Putant</em></strong></span> <span class='ocrx_word' id='word_1_645' title='bbox 2947 1524 3088 1578; x_wconf 91' lang='lat' dir='ltr'><strong><em>enim</em></strong></span> <span class='ocrx_word' id='word_1_646' title='bbox 3121 1525 3401 1590; x_wconf 90' lang='lat' dir='ltr'><strong><em>insaniam,</em></strong></span> <span class='ocrx_word' id='word_1_647' title='bbox 3437 1529 3595 1584; x_wconf 77' lang='lat' dir='ltr'><strong><em>fidem</em></strong></span> <span class='ocrx_word' id='word_1_648' title='bbox 3618 1571 3634 1596; x_wconf 87' lang='lat'><strong><em>,</em></strong></span> <span class='ocrx_word' id='word_1_649' title='bbox 3663 1532 3827 1588; x_wconf 81' lang='lat' dir='ltr'><strong><em>auda-</em></strong></span> 
     </span>
    </p>
   </div>
   <div class='ocr_carea' id='block_1_82' title="bbox 2252 1610 3824 1690">
    <p class='ocr_par' dir='ltr' id='par_1_82' title="bbox 2252 1610 3824 1690">
     <span class='ocr_line' id='line_1_84' title="bbox 2252 1610 3824 1690; baseline 0.008 -25"><span class='ocrx_word' id='word_1_650' title='bbox 2252 1610 2412 1676; x_wconf 90' lang='lat' dir='ltr'><strong><em>ciam,</em></strong></span> <span class='ocrx_word' id='word_1_651' title='bbox 2443 1611 2840 1678; x_wconf 89' lang='lat' dir='ltr'><strong><em>fortitudinem;</em></strong></span> <span class='ocrx_word' id='word_1_652' title='bbox 2891 1623 2944 1668; x_wconf 92' lang='lat' dir='ltr'><strong><em>et</em></strong></span> <span class='ocrx_word' id='word_1_653' title='bbox 2981 1615 3182 1670; x_wconf 90' lang='lat' dir='ltr'><strong><em>idcirco</em></strong></span> <span class='ocrx_word' id='word_1_654' title='bbox 3207 1619 3369 1672; x_wconf 87' lang='lat' dir='ltr'><strong><em>erecti</em></strong></span> <span class='ocrx_word' id='word_1_655' title='bbox 3403 1619 3454 1672; x_wconf 90' lang='lat' dir='ltr'><strong><em>in</em></strong></span> <span class='ocrx_word' id='word_1_656' title='bbox 3480 1621 3785 1690; x_wconf 80' lang='lat' dir='ltr'><strong><em>superbiam</em></strong></span> <span class='ocrx_word' id='word_1_657' title='bbox 3807 1662 3824 1688; x_wconf 85' lang='lat'><strong><em>,</em></strong></span> 
     </span>
    </p>
   </div>
   <div class='ocr_carea' id='block_1_83' title="bbox 2257 1701 3828 1783">
    <p class='ocr_par' dir='ltr' id='par_1_83' title="bbox 2257 1701 3828 1783">
     <span class='ocr_line' id='line_1_85' title="bbox 2257 1701 3828 1783; baseline 0.008 -27"><span class='ocrx_word' id='word_1_658' title='bbox 2257 1701 2644 1758; x_wconf 73' lang='lat' dir='ltr'><strong><em>Ecclesiasticm</em></strong></span> <span class='ocrx_word' id='word_1_659' title='bbox 2673 1705 3035 1774; x_wconf 52' lang='lat' dir='ltr'><strong><em>pradicatinni</em></strong></span> <span class='ocrx_word' id='word_1_660' title='bbox 3065 1705 3184 1778; x_wconf 77' lang='lat' dir='ltr'><strong><em>[Ms.</em></strong></span> <span class='ocrx_word' id='word_1_661' title='bbox 3215 1709 3617 1783; x_wconf 54' lang='lat' dir='ltr'><strong><em>praedicationis]</em></strong></span> <span class='ocrx_word' id='word_1_662' title='bbox 3645 1712 3828 1781; x_wconf 79' lang='lat' dir='ltr'><strong><em>Orige-</em></strong></span> 
     </span>
    </p>
   </div>
   <div class='ocr_carea' id='block_1_84' title="bbox 2257 1792 3823 1871">
    <p class='ocr_par' dir='ltr' id='par_1_84' title="bbox 2257 1792 3823 1871">
     <span class='ocr_line' id='line_1_86' title="bbox 2257 1792 3823 1871; baseline 0.009 -26"><span class='ocrx_word' id='word_1_663' title='bbox 2257 1792 2340 1846; x_wconf 92' lang='lat' dir='ltr'><strong><em>nis</em></strong></span> <span class='ocrx_word' id='word_1_664' title='bbox 2363 1792 2684 1859; x_wconf 88' lang='lat' dir='ltr'><strong><em>doctrinam,</em></strong></span> <span class='ocrx_word' id='word_1_665' title='bbox 2710 1811 2830 1865; x_wconf 57' lang='lat' dir='ltr'><strong><em>quae</em></strong></span> <span class='ocrx_word' id='word_1_666' title='bbox 2854 1796 3174 1852; x_wconf 75' lang='lat' dir='ltr'><strong><em>Idololatrize</em></strong></span> <span class='ocrx_word' id='word_1_667' title='bbox 3201 1800 3362 1852; x_wconf 79' lang='lat' dir='ltr'><strong><em>mixta</em></strong></span> <span class='ocrx_word' id='word_1_668' title='bbox 3385 1810 3488 1863; x_wconf 88' lang='lat' dir='ltr'><strong><em>est,</em></strong></span> <span class='ocrx_word' id='word_1_669' title='bbox 3519 1802 3823 1871; x_wconf 61' lang='lat' dir='ltr'><strong><em>praeferunt.</em></strong></span> 
     </span>
    </p>
   </div>
   <div class='ocr_carea' id='block_1_85' title="bbox 2256 1885 3824 1964">
    <p class='ocr_par' dir='ltr' id='par_1_85' title="bbox 2256 1885 3824 1964">
     <span class='ocr_line' id='line_1_87' title="bbox 2256 1885 3824 1964; baseline 0.007 -24"><span class='ocrx_word' id='word_1_670' title='bbox 2256 1885 2436 1940; x_wconf 89' lang='lat' dir='ltr'><strong><em>Sicubi</em></strong></span> <span class='ocrx_word' id='word_1_671' title='bbox 2463 1902 2592 1957; x_wconf 79' lang='lat' dir='ltr'><strong><em>ergo</em></strong></span> <span class='ocrx_word' id='word_1_672' title='bbox 2617 1888 2826 1954; x_wconf 85' lang='lat' dir='ltr'><strong><em>fratres,</em></strong></span> <span class='ocrx_word' id='word_1_673' title='bbox 2856 1898 2910 1944; x_wconf 90' lang='lat' dir='ltr'><strong><em>et</em></strong></span> <span class='ocrx_word' id='word_1_674' title='bbox 2937 1889 3145 1959; x_wconf 88' lang='lat' dir='ltr'><strong><em>plebem</em></strong></span> <span class='ocrx_word' id='word_1_675' title='bbox 3175 1906 3292 1960; x_wconf 73' lang='lat' dir='ltr'><strong><em>qua:</em></strong></span> <span class='ocrx_word' id='word_1_676' title='bbox 3317 1891 3469 1946; x_wconf 85' lang='lat' dir='ltr'><strong><em>vobis</em></strong></span> <span class='ocrx_word' id='word_1_677' title='bbox 3498 1893 3700 1948; x_wconf 86' lang='lat' dir='ltr'><strong><em>credita</em></strong></span> <span class='ocrx_word' id='word_1_678' title='bbox 3725 1905 3824 1964; x_wconf 83' lang='lat' dir='ltr'><strong><em>est,</em></strong></span> 
     </span>
    </p>
   </div>
   <div class='ocr_carea' id='block_1_86' title="bbox 2259 1977 3830 2051">
    <p class='ocr_par' dir='ltr' id='par_1_86' title="bbox 2259 1977 3830 2051">
     <span class='ocr_line' id='line_1_88' title="bbox 2259 1977 3830 2051; baseline 0.008 -21"><span class='ocrx_word' id='word_1_679' title='bbox 2259 1977 2474 2032; x_wconf 85' lang='lat' dir='ltr'><strong><em>turbare</em></strong></span> <span class='ocrx_word' id='word_1_680' title='bbox 2497 1981 2835 2042; x_wconf 87' lang='lat' dir='ltr'><strong><em>tentaverint,</em></strong></span> <span class='ocrx_word' id='word_1_681' title='bbox 2861 1981 3127 2036; x_wconf 83' lang='lat' dir='ltr'><strong><em>custodite</em></strong></span> <span class='ocrx_word' id='word_1_682' title='bbox 3151 1996 3364 2051; x_wconf 78' lang='lat' dir='ltr'><strong><em>gregem</em></strong></span> <span class='ocrx_word' id='word_1_683' title='bbox 3398 1983 3640 2050; x_wconf 89' lang='lat' dir='ltr'><strong><em>Domini,</em></strong></span> <span class='ocrx_word' id='word_1_684' title='bbox 3667 1996 3722 2040; x_wconf 88' lang='lat' dir='ltr'><strong><em>et</em></strong></span> <span class='ocrx_word' id='word_1_685' title='bbox 3749 1987 3830 2042; x_wconf 82' lang='lat' dir='ltr'><strong><em>in-</em></strong></span> 
     </span>
    </p>
   </div>
   <div class='ocr_carea' id='block_1_87' title="bbox 2258 2069 3825 2143">
    <p class='ocr_par' dir='ltr' id='par_1_87' title="bbox 2258 2069 3825 2143">
     <span class='ocr_line' id='line_1_89' title="bbox 2258 2069 3825 2143; baseline 0.006 -21"><span class='ocrx_word' id='word_1_686' title='bbox 2258 2083 2418 2123; x_wconf 84' lang='lat' dir='ltr'><strong><em>sanos</em></strong></span> <span class='ocrx_word' id='word_1_687' title='bbox 2449 2069 2681 2138; x_wconf 89' lang='lat' dir='ltr'><strong><em>impetus</em></strong></span> <span class='ocrx_word' id='word_1_688' title='bbox 2719 2086 2904 2126; x_wconf 89' lang='lat' dir='ltr'><strong><em>eorum</em></strong></span> <span class='ocrx_word' id='word_1_689' title='bbox 2944 2073 3236 2141; x_wconf 91' lang='lat' dir='ltr'><strong><em>reprimite.</em></strong></span> <span class='ocrx_word' id='word_1_690' title='bbox 3265 2072 3402 2127; x_wconf 85' lang='lat' dir='ltr'><strong><em>Nihil</em></strong></span> <span class='ocrx_word' id='word_1_691' title='bbox 3429 2075 3507 2128; x_wconf 91' lang='lat' dir='ltr'><strong><em>eis</em></strong></span> <span class='ocrx_word' id='word_1_692' title='bbox 3531 2077 3825 2143; x_wconf 85' lang='lat' dir='ltr'><strong><em>nocuimus,</em></strong></span> 
     </span>
    </p>
   </div>
   <div class='ocr_carea' id='block_1_88' title="bbox 2260 2161 3828 2240">
    <p class='ocr_par' dir='ltr' id='par_1_88' title="bbox 2260 2161 3828 2240">
     <span class='ocr_line' id='line_1_90' title="bbox 2260 2161 3828 2240; baseline 0.007 -25"><span class='ocrx_word' id='word_1_693' title='bbox 2260 2161 2388 2215; x_wconf 89' lang='lat' dir='ltr'><strong><em>nihil</em></strong></span> <span class='ocrx_word' id='word_1_694' title='bbox 2418 2162 2493 2231; x_wconf 76' lang='grc' dir='ltr'><strong><em>(ά)</em></strong></span> <span class='ocrx_word' id='word_1_695' title='bbox 2523 2163 2737 2217; x_wconf 90' lang='lat' dir='ltr'><strong><em>tulimus</em></strong></span> <span class='ocrx_word' id='word_1_696' title='bbox 2762 2180 2774 2216; x_wconf 91' lang='lat'>:</span> <span class='ocrx_word' id='word_1_697' title='bbox 2795 2179 2896 2217; x_wconf 88' lang='lat' dir='ltr'><strong><em>una</em></strong></span> <span class='ocrx_word' id='word_1_698' title='bbox 2913 2179 3072 2218; x_wconf 89' lang='lat' dir='ltr'><strong><em>causa</em></strong></span> <span class='ocrx_word' id='word_1_699' title='bbox 3093 2167 3144 2218; x_wconf 93' lang='lat' dir='ltr'><strong><em>in</em></strong></span> <span class='ocrx_word' id='word_1_700' title='bbox 3170 2181 3266 2220; x_wconf 88' lang='lat' dir='ltr'><strong><em>nos</em></strong></span> <span class='ocrx_word' id='word_1_701' title='bbox 3301 2167 3550 2222; x_wconf 90' lang='lat' dir='ltr'><strong><em>odiorum</em></strong></span> <span class='ocrx_word' id='word_1_702' title='bbox 3571 2178 3673 2233; x_wconf 90' lang='lat' dir='ltr'><strong><em>est,</em></strong></span> <span class='ocrx_word' id='word_1_703' title='bbox 3692 2169 3828 2240; x_wconf 89' lang='lat' dir='ltr'><strong><em>quod</em></strong></span> 
     </span>
    </p>
   </div>
   <div class='ocr_carea' id='block_1_89' title="bbox 2261 2253 3707 2323">
    <p class='ocr_par' dir='ltr' id='par_1_89' title="bbox 2261 2253 3707 2323">
     <span class='ocr_line' id='line_1_91' title="bbox 2261 2253 3707 2323; baseline 0.006 -18"><span class='ocrx_word' id='word_1_704' title='bbox 2261 2267 2428 2322; x_wconf 88' lang='lat' dir='ltr'><strong><em>usque</em></strong></span> <span class='ocrx_word' id='word_1_705' title='bbox 2458 2253 2522 2305; x_wconf 88' lang='lat' dir='ltr'><strong><em>ad</em></strong></span> <span class='ocrx_word' id='word_1_706' title='bbox 2552 2265 2774 2308; x_wconf 90' lang='lat' dir='ltr'><strong><em>mortem</em></strong></span> <span class='ocrx_word' id='word_1_707' title='bbox 2805 2257 2969 2323; x_wconf 88' lang='lat' dir='ltr'><strong><em>parati</em></strong></span> <span class='ocrx_word' id='word_1_708' title='bbox 2997 2271 3180 2309; x_wconf 90' lang='lat' dir='ltr'><strong><em>sumus</em></strong></span> <span class='ocrx_word' id='word_1_709' title='bbox 3212 2255 3368 2311; x_wconf 86' lang='lat' dir='ltr'><strong><em>tidem</em></strong></span> <span class='ocrx_word' id='word_1_710' title='bbox 3395 2257 3707 2314; x_wconf 79' lang='lat' dir='ltr'><strong><em>defendere.</em></strong></span> 
     </span>
    </p>
   </div>
   <div class='ocr_carea' id='block_1_90' title="bbox 2333 2341 3830 2415">
    <p class='ocr_par' dir='ltr' id='par_1_90' title="bbox 2333 2341 3830 2415">
     <span class='ocr_line' id='line_1_92' title="bbox 2333 2341 3830 2415; baseline 0.007 -19"><span class='ocrx_word' id='word_1_711' title='bbox 2333 2341 2382 2396; x_wconf 86' lang='lat'><strong><em>6.</em></strong></span> <span class='ocrx_word' id='word_1_712' title='bbox 2415 2342 2617 2396; x_wconf 78' lang='lat' dir='ltr'><strong><em>Caetera</em></strong></span> <span class='ocrx_word' id='word_1_713' title='bbox 2652 2345 3000 2412; x_wconf 60' lang='lat' dir='ltr'><strong><em>praetermitto</em></strong></span> <span class='ocrx_word' id='word_1_714' title='bbox 3020 2387 3036 2410; x_wconf 89' lang='lat'><strong><em>,</em></strong></span> <span class='ocrx_word' id='word_1_715' title='bbox 3063 2346 3330 2415; x_wconf 87' lang='lat' dir='ltr'><strong><em>quomodo</em></strong></span> <span class='ocrx_word' id='word_1_716' title='bbox 3358 2348 3512 2402; x_wconf 88' lang='lat' dir='ltr'><strong><em>nobis</em></strong></span> <span class='ocrx_word' id='word_1_717' title='bbox 3538 2365 3723 2404; x_wconf 87' lang='lat' dir='ltr'><strong><em>necem</em></strong></span> <span class='ocrx_word' id='word_1_718' title='bbox 3749 2349 3830 2406; x_wconf 81' lang='lat' dir='ltr'><strong><em>in-</em></strong></span> 
     </span>
    </p>
   </div>
   <div class='ocr_carea' id='block_1_91' title="bbox 2265 2437 3826 2510">
    <p class='ocr_par' dir='ltr' id='par_1_91' title="bbox 2265 2437 3826 2510">
     <span class='ocr_line' id='line_1_93' title="bbox 2265 2437 3826 2510; baseline 0.003 -18"><span class='ocrx_word' id='word_1_719' title='bbox 2265 2437 2403 2493; x_wconf 88' lang='lat' dir='ltr'><strong><em>ferre</em></strong></span> <span class='ocrx_word' id='word_1_720' title='bbox 2427 2440 2761 2502; x_wconf 87' lang='lat' dir='ltr'><strong><em>tentaverint,</em></strong></span> <span class='ocrx_word' id='word_1_721' title='bbox 2782 2448 2836 2494; x_wconf 90' lang='lat' dir='ltr'><strong><em>et</em></strong></span> <span class='ocrx_word' id='word_1_722' title='bbox 2853 2439 3045 2508; x_wconf 86' lang='lat' dir='ltr'><strong><em>quibus</em></strong></span> <span class='ocrx_word' id='word_1_723' title='bbox 3071 2440 3276 2495; x_wconf 87' lang='lat' dir='ltr'><strong><em>insidiis</em></strong></span> <span class='ocrx_word' id='word_1_724' title='bbox 3297 2441 3348 2496; x_wconf 91' lang='lat' dir='ltr'><strong><em>id</em></strong></span> <span class='ocrx_word' id='word_1_725' title='bbox 3372 2441 3662 2496; x_wconf 87' lang='lat' dir='ltr'><strong><em>machinati</em></strong></span> <span class='ocrx_word' id='word_1_726' title='bbox 3687 2453 3826 2510; x_wconf 86' lang='lat' dir='ltr'><strong><em>sunt,</em></strong></span> 
     </span>
    </p>
   </div>
   <div class='ocr_carea' id='block_1_92' title="bbox 2261 2529 3827 2600">
    <p class='ocr_par' dir='ltr' id='par_1_92' title="bbox 2261 2529 3827 2600">
     <span class='ocr_line' id='line_1_94' title="bbox 2261 2529 3827 2600; baseline 0.004 -21"><span class='ocrx_word' id='word_1_727' title='bbox 2261 2529 2473 2597; x_wconf 85' lang='lat' dir='ltr'><strong><em>quando</em></strong></span> <span class='ocrx_word' id='word_1_728' title='bbox 2500 2538 2554 2583; x_wconf 90' lang='lat' dir='ltr'><strong><em>et</em></strong></span> <span class='ocrx_word' id='word_1_729' title='bbox 2585 2530 2874 2585; x_wconf 68' lang='lat' dir='ltr'><strong><em>licclesiam</em></strong></span> <span class='ocrx_word' id='word_1_730' title='bbox 2893 2571 2906 2592; x_wconf 92' lang='lat'><strong><em>,</em></strong></span> <span class='ocrx_word' id='word_1_731' title='bbox 2940 2546 3057 2600; x_wconf 54' lang='lat' dir='ltr'><strong><em>qua)</em></strong></span> <span class='ocrx_word' id='word_1_732' title='bbox 3083 2539 3166 2584; x_wconf 87' lang='lat' dir='ltr'><strong><em>est</em></strong></span> <span class='ocrx_word' id='word_1_733' title='bbox 3192 2531 3242 2584; x_wconf 92' lang='lat' dir='ltr'><strong><em>in</em></strong></span> <span class='ocrx_word' id='word_1_734' title='bbox 3276 2530 3601 2586; x_wconf 74' lang='lat' dir='ltr'><strong><em>Monasterio</em></strong></span> <span class='ocrx_word' id='word_1_735' title='bbox 3626 2531 3827 2596; x_wconf 66' lang='lat' dir='ltr'><strong><em>Nitriae,</em></strong></span> 
     </span>
    </p>
   </div>
   <div class='ocr_carea' id='block_1_93' title="bbox 2264 2619 3833 2689">
    <p class='ocr_par' dir='ltr' id='par_1_93' title="bbox 2264 2619 3833 2689">
     <span class='ocr_line' id='line_1_95' title="bbox 2264 2619 3833 2689; baseline 0.006 -20"><span class='ocrx_word' id='word_1_736' title='bbox 2264 2629 2540 2688; x_wconf 50' lang='lat' dir='ltr'><strong><em>postquam</em></strong></span> <span class='ocrx_word' id='word_1_737' title='bbox 2571 2619 2804 2674; x_wconf 88' lang='lat' dir='ltr'><strong><em>damnati</em></strong></span> <span class='ocrx_word' id='word_1_738' title='bbox 2835 2629 2980 2685; x_wconf 91' lang='lat' dir='ltr'><strong><em>sunt,</em></strong></span> <span class='ocrx_word' id='word_1_739' title='bbox 3004 2631 3432 2689; x_wconf 88' lang='lat' dir='ltr'><strong><em>occupaverunt;</em></strong></span> <span class='ocrx_word' id='word_1_740' title='bbox 3464 2631 3520 2675; x_wconf 92' lang='lat' dir='ltr'><strong><em>ut</em></strong></span> <span class='ocrx_word' id='word_1_741' title='bbox 3549 2630 3604 2677; x_wconf 92' lang='lat' dir='ltr'><strong><em>et</em></strong></span> <span class='ocrx_word' id='word_1_742' title='bbox 3633 2637 3750 2688; x_wconf 83' lang='lat' dir='ltr'><strong><em>nos,</em></strong></span> <span class='ocrx_word' id='word_1_743' title='bbox 3779 2634 3833 2678; x_wconf 87' lang='lat' dir='ltr'><strong><em>et</em></strong></span> 
     </span>
    </p>
   </div>
   <div class='ocr_carea' id='block_1_94' title="bbox 2265 2709 3831 2786">
    <p class='ocr_par' dir='ltr' id='par_1_94' title="bbox 2265 2709 3831 2786">
     <span class='ocr_line' id='line_1_96' title="bbox 2265 2709 3831 2786; baseline 0.003 -25"><span class='ocrx_word' id='word_1_744' title='bbox 2265 2709 2474 2777; x_wconf 89' lang='lat' dir='ltr'><strong><em>plurimi</em></strong></span> <span class='ocrx_word' id='word_1_745' title='bbox 2523 2710 2796 2764; x_wconf 86' lang='lat' dir='ltr'><strong><em>nobiscum</em></strong></span> <span class='ocrx_word' id='word_1_746' title='bbox 2827 2711 3074 2780; x_wconf 88' lang='lat' dir='ltr'><strong><em>Episcopi</em></strong></span> <span class='ocrx_word' id='word_1_747' title='bbox 3123 2710 3239 2786; x_wconf 75' lang='grc' dir='ltr'><strong>[Με.</strong></span> <span class='ocrx_word' id='word_1_748' title='bbox 3276 2713 3507 2781; x_wconf 86' lang='lat' dir='ltr'><strong><em>plurimis</em></strong></span> <span class='ocrx_word' id='word_1_749' title='bbox 3530 2721 3586 2767; x_wconf 90' lang='lat' dir='ltr'><strong><em>et</em></strong></span> <span class='ocrx_word' id='word_1_750' title='bbox 3617 2711 3831 2782; x_wconf 81' lang='lat' dir='ltr'><strong><em>Episco-</em></strong></span> 
     </span>
    </p>
   </div>
   <div class='ocr_carea' id='block_1_95' title="bbox 2264 2798 3836 2871">
    <p class='ocr_par' dir='ltr' id='par_1_95' title="bbox 2264 2798 3836 2871">
     <span class='ocr_line' id='line_1_97' title="bbox 2264 2798 3836 2871; baseline 0.005 -21"><span class='ocrx_word' id='word_1_751' title='bbox 2264 2798 2383 2870; x_wconf 86' lang='lat' dir='ltr'><strong><em>pis].</em></strong></span> <span class='ocrx_word' id='word_1_752' title='bbox 2411 2815 2474 2854; x_wconf 91' lang='lat' dir='ltr'><strong><em>ac</em></strong></span> <span class='ocrx_word' id='word_1_753' title='bbox 2503 2800 2880 2855; x_wconf 80' lang='lat' dir='ltr'><strong><em>Monachorum</em></strong></span> <span class='ocrx_word' id='word_1_754' title='bbox 2913 2812 3110 2871; x_wconf 75' lang='lat' dir='ltr'><strong><em>patres,</em></strong></span> <span class='ocrx_word' id='word_1_755' title='bbox 3135 2813 3188 2855; x_wconf 91' lang='lat' dir='ltr'><strong><em>et</em></strong></span> <span class='ocrx_word' id='word_1_756' title='bbox 3208 2803 3337 2864; x_wconf 87' lang='lat' dir='ltr'><strong><em>vita,</em></strong></span> <span class='ocrx_word' id='word_1_757' title='bbox 3362 2813 3416 2856; x_wconf 91' lang='lat' dir='ltr'><strong><em>et</em></strong></span> <span class='ocrx_word' id='word_1_758' title='bbox 3439 2813 3596 2858; x_wconf 65' lang='lat' dir='ltr'><strong><em>artato</em></strong></span> <span class='ocrx_word' id='word_1_759' title='bbox 3617 2820 3836 2858; x_wconf 84' lang='lat' dir='ltr'><strong><em>venera-</em></strong></span> 
     </span>
    </p>
   </div>
   <div class='ocr_carea' id='block_1_96' title="bbox 2264 2891 3832 2968">
    <p class='ocr_par' dir='ltr' id='par_1_96' title="bbox 2264 2891 3832 2968">
     <span class='ocr_line' id='line_1_98' title="bbox 2264 2891 3832 2968; baseline 0.003 -24"><span class='ocrx_word' id='word_1_760' title='bbox 2264 2891 2399 2946; x_wconf 88' lang='lat' dir='ltr'><strong><em>biles</em></strong></span> <span class='ocrx_word' id='word_1_761' title='bbox 2443 2893 2680 2962; x_wconf 79' lang='lat' dir='ltr'><strong><em>ingressu</em></strong></span> <span class='ocrx_word' id='word_1_762' title='bbox 2729 2893 2846 2961; x_wconf 85' lang='lat' dir='ltr'><strong><em>ejus</em></strong></span> <span class='ocrx_word' id='word_1_763' title='bbox 2891 2895 3296 2964; x_wconf 88' lang='lat' dir='ltr'><strong><em>prohiberentur</em></strong></span> <span class='ocrx_word' id='word_1_764' title='bbox 3319 2892 3437 2966; x_wconf 72' lang='grc' dir='ltr'><strong>[Με.</strong></span> <span class='ocrx_word' id='word_1_765' title='bbox 3466 2895 3832 2968; x_wconf 85' lang='lat' dir='ltr'><strong><em>prohibentur],</em></strong></span> 
     </span>
    </p>
   </div>
   <div class='ocr_carea' id='block_1_97' title="bbox 2263 2981 3837 3056">
    <p class='ocr_par' dir='ltr' id='par_1_97' title="bbox 2263 2981 3837 3056">
     <span class='ocr_line' id='line_1_99' title="bbox 2263 2981 3837 3056; baseline 0.004 -22"><span class='ocrx_word' id='word_1_766' title='bbox 2263 2981 2536 3036; x_wconf 74' lang='lat' dir='ltr'><strong><em>conductis</em></strong></span> <span class='ocrx_word' id='word_1_767' title='bbox 2566 2983 2824 3037; x_wconf 88' lang='lat' dir='ltr'><strong><em>libertinis</em></strong></span> <span class='ocrx_word' id='word_1_768' title='bbox 2858 2994 2914 3038; x_wconf 89' lang='lat' dir='ltr'><strong><em>et</em></strong></span> <span class='ocrx_word' id='word_1_769' title='bbox 2946 2985 3142 3044; x_wconf 90' lang='lat' dir='ltr'><strong><em>servis,</em></strong></span> <span class='ocrx_word' id='word_1_770' title='bbox 3171 2986 3260 3053; x_wconf 85' lang='lat' dir='ltr'><strong><em>qui</em></strong></span> <span class='ocrx_word' id='word_1_771' title='bbox 3306 2996 3521 3053; x_wconf 88' lang='lat' dir='ltr'><strong><em>propter</em></strong></span> <span class='ocrx_word' id='word_1_772' title='bbox 3548 2987 3723 3056; x_wconf 81' lang='lat' dir='ltr'><strong><em>gulam</em></strong></span> <span class='ocrx_word' id='word_1_773' title='bbox 3745 3027 3759 3051; x_wconf 90' lang='lat'><strong><em>,</em></strong></span> <span class='ocrx_word' id='word_1_774' title='bbox 3785 2995 3837 3041; x_wconf 85' lang='lat' dir='ltr'><strong><em>et</em></strong></span> 
     </span>
    </p>
   </div>
   <div class='ocr_carea' id='block_1_98' title="bbox 2265 3075 3840 3147">
    <p class='ocr_par' dir='ltr' id='par_1_98' title="bbox 2265 3075 3840 3147">
     <span class='ocr_line' id='line_1_100' title="bbox 2265 3075 3840 3147; baseline 0.003 -19"><span class='ocrx_word' id='word_1_775' title='bbox 2265 3085 2504 3130; x_wconf 86' lang='lat' dir='ltr'><strong><em>ventrem</em></strong></span> <span class='ocrx_word' id='word_1_776' title='bbox 2527 3076 2591 3129; x_wconf 88' lang='lat' dir='ltr'><strong><em>ad</em></strong></span> <span class='ocrx_word' id='word_1_777' title='bbox 2613 3091 2771 3131; x_wconf 90' lang='lat' dir='ltr'><strong><em>omne</em></strong></span> <span class='ocrx_word' id='word_1_778' title='bbox 2797 3075 3001 3132; x_wconf 88' lang='lat' dir='ltr'><strong><em>facinus</em></strong></span> <span class='ocrx_word' id='word_1_779' title='bbox 3022 3077 3210 3130; x_wconf 87' lang='lat' dir='ltr'><strong><em>armati</em></strong></span> <span class='ocrx_word' id='word_1_780' title='bbox 3232 3083 3374 3130; x_wconf 86' lang='lat' dir='ltr'><strong><em>sunt.</em></strong></span> <span class='ocrx_word' id='word_1_781' title='bbox 3399 3075 3639 3147; x_wconf 85' lang='lat' dir='ltr'><strong><em>Cumque</em></strong></span> <span class='ocrx_word' id='word_1_782' title='bbox 3655 3093 3840 3147; x_wconf 89' lang='lat' dir='ltr'><strong><em>oppor-</em></strong></span> 
     </span>
    </p>
   </div>
   <div class='ocr_carea' id='block_1_99' title="bbox 2266 3165 3835 3237">
    <p class='ocr_par' dir='ltr' id='par_1_99' title="bbox 2266 3165 3835 3237">
     <span class='ocr_line' id='line_1_101' title="bbox 2266 3165 3835 3237; baseline 0.001 -16"><span class='ocrx_word' id='word_1_783' title='bbox 2266 3167 2472 3221; x_wconf 88' lang='lat' dir='ltr'><strong><em>tuniora</em></strong></span> <span class='ocrx_word' id='word_1_784' title='bbox 2499 3166 2752 3220; x_wconf 69' lang='lat' dir='ltr'><strong><em>Ecclesia:</em></strong></span> <span class='ocrx_word' id='word_1_785' title='bbox 2781 3167 2852 3237; x_wconf 83' lang='lat' dir='ltr'><strong><em>(e)</em></strong></span> <span class='ocrx_word' id='word_1_786' title='bbox 2877 3169 3026 3236; x_wconf 89' lang='lat' dir='ltr'><strong><em>quasi</em></strong></span> <span class='ocrx_word' id='word_1_787' title='bbox 3070 3167 3121 3220; x_wconf 91' lang='lat' dir='ltr'><strong><em>in</em></strong></span> <span class='ocrx_word' id='word_1_788' title='bbox 3159 3165 3440 3221; x_wconf 82' lang='lat' dir='ltr'><strong><em>obsidione</em></strong></span> <span class='ocrx_word' id='word_1_789' title='bbox 3473 3167 3620 3220; x_wconf 89' lang='lat' dir='ltr'><strong><em>urbis</em></strong></span> <span class='ocrx_word' id='word_1_790' title='bbox 3641 3207 3656 3231; x_wconf 91' lang='lat'><strong><em>,</em></strong></span> <span class='ocrx_word' id='word_1_791' title='bbox 3687 3175 3835 3222; x_wconf 83' lang='lat' dir='ltr'><strong><em>tene-</em></strong></span> 
     </span>
    </p>
   </div>
   <div class='ocr_carea' id='block_1_100' title="bbox 2266 3257 3836 3328">
    <p class='ocr_par' dir='ltr' id='par_1_100' title="bbox 2266 3257 3836 3328">
     <span class='ocr_line' id='line_1_102' title="bbox 2266 3257 3836 3328; baseline 0.001 -15"><span class='ocrx_word' id='word_1_792' title='bbox 2266 3269 2388 3314; x_wconf 88' lang='lat' dir='ltr'><strong><em>rent</em></strong></span> <span class='ocrx_word' id='word_1_793' title='bbox 2411 3260 2550 3324; x_wconf 88' lang='lat' dir='ltr'><strong><em>loea,</em></strong></span> <span class='ocrx_word' id='word_1_794' title='bbox 2586 3260 2878 3328; x_wconf 90' lang='lat' dir='ltr'><strong><em>palmarum</em></strong></span> <span class='ocrx_word' id='word_1_795' title='bbox 2904 3259 3069 3315; x_wconf 88' lang='lat' dir='ltr'><strong><em>ramis</em></strong></span> <span class='ocrx_word' id='word_1_796' title='bbox 3096 3257 3281 3323; x_wconf 89' lang='lat' dir='ltr'><strong><em>fustes,</em></strong></span> <span class='ocrx_word' id='word_1_797' title='bbox 3314 3266 3368 3312; x_wconf 90' lang='lat' dir='ltr'><strong><em>et</em></strong></span> <span class='ocrx_word' id='word_1_798' title='bbox 3403 3259 3627 3314; x_wconf 89' lang='lat' dir='ltr'><strong><em>bacillos</em></strong></span> <span class='ocrx_word' id='word_1_799' title='bbox 3660 3269 3836 3328; x_wconf 80' lang='lat' dir='ltr'><strong><em>prote-</em></strong></span> 
     </span>
    </p>
   </div>
   <div class='ocr_carea' id='block_1_101' title="bbox 2265 3350 3838 3420">
    <p class='ocr_par' dir='ltr' id='par_1_101' title="bbox 2265 3350 3838 3420">
     <span class='ocr_line' id='line_1_103' title="bbox 2265 3350 3838 3420; baseline -0.001 -16"><span class='ocrx_word' id='word_1_800' title='bbox 2265 3353 2479 3419; x_wconf 82' lang='lat' dir='ltr'><strong><em>gebant,</em></strong></span> <span class='ocrx_word' id='word_1_801' title='bbox 2508 3357 2564 3402; x_wconf 92' lang='lat' dir='ltr'><strong><em>ut</em></strong></span> <span class='ocrx_word' id='word_1_802' title='bbox 2602 3351 2702 3402; x_wconf 88' lang='lat' dir='ltr'><strong><em>sub</em></strong></span> <span class='ocrx_word' id='word_1_803' title='bbox 2745 3350 2890 3418; x_wconf 91' lang='lat' dir='ltr'><strong><em>pacis</em></strong></span> <span class='ocrx_word' id='word_1_804' title='bbox 2935 3351 3228 3420; x_wconf 78' lang='lat' dir='ltr'><strong><em>insignibus</em></strong></span> <span class='ocrx_word' id='word_1_805' title='bbox 3270 3360 3486 3419; x_wconf 83' lang='lat' dir='ltr'><strong><em>paratos</em></strong></span> <span class='ocrx_word' id='word_1_806' title='bbox 3528 3350 3596 3404; x_wconf 89' lang='lat' dir='ltr'><strong><em>ad</em></strong></span> <span class='ocrx_word' id='word_1_807' title='bbox 3641 3351 3838 3404; x_wconf 74' lang='lat' dir='ltr'><strong><em>czedem</em></strong></span> 
     </span>
    </p>
   </div>
   <div class='ocr_carea' id='block_1_102' title="bbox 2267 3439 3842 3509">
    <p class='ocr_par' dir='ltr' id='par_1_102' title="bbox 2267 3439 3842 3509">
     <span class='ocr_line' id='line_1_104' title="bbox 2267 3439 3842 3509; baseline 0.002 -16"><span class='ocrx_word' id='word_1_808' title='bbox 2267 3441 2473 3494; x_wconf 86' lang='lat' dir='ltr'><strong><em>animos</em></strong></span> <span class='ocrx_word' id='word_1_809' title='bbox 2515 3439 2934 3496; x_wconf 85' lang='lat' dir='ltr'><strong><em>dissimularent.</em></strong></span> <span class='ocrx_word' id='word_1_810' title='bbox 2979 3441 3042 3495; x_wconf 88' lang='lat' dir='ltr'><strong><em>Et</em></strong></span> <span class='ocrx_word' id='word_1_811' title='bbox 3067 3449 3125 3495; x_wconf 91' lang='lat' dir='ltr'><strong><em>ut</em></strong></span> <span class='ocrx_word' id='word_1_812' title='bbox 3154 3440 3357 3494; x_wconf 89' lang='lat' dir='ltr'><strong><em>lirtnior</em></strong></span> <span class='ocrx_word' id='word_1_813' title='bbox 3385 3450 3529 3496; x_wconf 89' lang='lat' dir='ltr'><strong><em>esset</em></strong></span> <span class='ocrx_word' id='word_1_814' title='bbox 3570 3440 3760 3509; x_wconf 86' lang='lat' dir='ltr'><strong><em>factio,</em></strong></span> <span class='ocrx_word' id='word_1_815' title='bbox 3787 3450 3842 3497; x_wconf 89' lang='lat' dir='ltr'><strong><em>et</em></strong></span> 
     </span>
    </p>
   </div>
   <div class='ocr_carea' id='block_1_103' title="bbox 2269 3531 3840 3606">
    <p class='ocr_par' dir='ltr' id='par_1_103' title="bbox 2269 3531 3840 3606">
     <span class='ocr_line' id='line_1_105' title="bbox 2269 3531 3840 3606; baseline 0.003 -22"><span class='ocrx_word' id='word_1_816' title='bbox 2269 3531 2563 3600; x_wconf 88' lang='lat' dir='ltr'><strong><em>promptior</em></strong></span> <span class='ocrx_word' id='word_1_817' title='bbox 2585 3547 2786 3586; x_wconf 88' lang='lat' dir='ltr'><strong><em>cuneus</em></strong></span> <span class='ocrx_word' id='word_1_818' title='bbox 2811 3533 2876 3587; x_wconf 89' lang='lat' dir='ltr'><strong><em>ad</em></strong></span> <span class='ocrx_word' id='word_1_819' title='bbox 2916 3533 3190 3588; x_wconf 87' lang='lat' dir='ltr'><strong><em>audaciam</em></strong></span> <span class='ocrx_word' id='word_1_820' title='bbox 3216 3574 3232 3598; x_wconf 93' lang='lat'><strong><em>,</em></strong></span> <span class='ocrx_word' id='word_1_821' title='bbox 3263 3533 3446 3588; x_wconf 90' lang='lat' dir='ltr'><strong><em>multis</em></strong></span> <span class='ocrx_word' id='word_1_822' title='bbox 3479 3533 3640 3606; x_wconf 78' lang='lat'><strong><em>553</em></strong></span> <span class='ocrx_word' id='word_1_823' title='bbox 3694 3536 3840 3605; x_wconf 86' lang='lat' dir='ltr'><strong><em>inge-</em></strong></span> 
     </span>
    </p>
   </div>
   <div class='ocr_carea' id='block_1_104' title="bbox 2270 3613 3841 3692">
    <p class='ocr_par' dir='ltr' id='par_1_104' title="bbox 2270 3613 3841 3692">
     <span class='ocr_line' id='line_1_106' title="bbox 2270 3613 3841 3692; baseline 0.002 -17"><span class='ocrx_word' id='word_1_824' title='bbox 2270 3637 2494 3676; x_wconf 92' lang='lat' dir='ltr'><strong><em>nuorum</em></strong></span> <span class='ocrx_word' id='word_1_825' title='bbox 2537 3625 2785 3691; x_wconf 88' lang='lat' dir='ltr'><strong><em>pecunias</em></strong></span> <span class='ocrx_word' id='word_1_826' title='bbox 2826 3623 3080 3688; x_wconf 87' lang='lat' dir='ltr'><strong><em>divisere,</em></strong></span> <span class='ocrx_word' id='word_1_827' title='bbox 3121 3623 3211 3692; x_wconf 89' lang='lat' dir='ltr'><strong><em>qui</em></strong></span> <span class='ocrx_word' id='word_1_828' title='bbox 3250 3613 3594 3692; x_wconf 85' lang='lat' dir='ltr'><strong><em>acceperunt,</em></strong></span> <span class='ocrx_word' id='word_1_829' title='bbox 3637 3639 3742 3680; x_wconf 88' lang='lat' dir='ltr'><strong><em>non</em></strong></span> <span class='ocrx_word' id='word_1_830' title='bbox 3788 3635 3841 3678; x_wconf 90' lang='lat' dir='ltr'><strong><em>ut</em></strong></span> 
     </span>
    </p>
   </div>
   <div class='ocr_carea' id='block_1_105' title="bbox 2269 3712 3844 3786">
    <p class='ocr_par' dir='ltr' id='par_1_105' title="bbox 2269 3712 3844 3786">
     <span class='ocr_line' id='line_1_107' title="bbox 2269 3712 3844 3786; baseline 0.002 -21"><span class='ocrx_word' id='word_1_831' title='bbox 2269 3712 2459 3766; x_wconf 83' lang='lat' dir='ltr'><strong><em>sceleri</em></strong></span> <span class='ocrx_word' id='word_1_832' title='bbox 2501 3715 2907 3779; x_wconf 87' lang='lat' dir='ltr'><strong><em>consentirent,</em></strong></span> <span class='ocrx_word' id='word_1_833' title='bbox 2965 3714 3059 3768; x_wconf 89' lang='lat' dir='ltr'><strong><em>sed</em></strong></span> <span class='ocrx_word' id='word_1_834' title='bbox 3104 3723 3162 3768; x_wconf 89' lang='lat' dir='ltr'><strong><em>ut</em></strong></span> <span class='ocrx_word' id='word_1_835' title='bbox 3203 3714 3355 3768; x_wconf 85' lang='lat' dir='ltr'><strong><em>nobis</em></strong></span> <span class='ocrx_word' id='word_1_836' title='bbox 3395 3713 3461 3786; x_wconf 69' lang='grc' dir='ltr'><strong><em>(Γ)</em></strong></span> <span class='ocrx_word' id='word_1_837' title='bbox 3493 3715 3844 3784; x_wconf 88' lang='lat' dir='ltr'><strong><em>providerent</em></strong></span> 
     </span>
    </p>
   </div>
   <div class='ocr_carea' id='block_1_106' title="bbox 2269 3805 3842 3876">
    <p class='ocr_par' dir='ltr' id='par_1_106' title="bbox 2269 3805 3842 3876">
     <span class='ocr_line' id='line_1_108' title="bbox 2269 3805 3842 3876; baseline 0.004 -20"><span class='ocrx_word' id='word_1_838' title='bbox 2269 3813 2491 3858; x_wconf 90' lang='lat' dir='ltr'><strong><em>conatus</em></strong></span> <span class='ocrx_word' id='word_1_839' title='bbox 2535 3818 2719 3858; x_wconf 90' lang='lat' dir='ltr'><strong><em>eorum</em></strong></span> <span class='ocrx_word' id='word_1_840' title='bbox 2745 3846 2762 3870; x_wconf 91' lang='lat'><strong><em>,</em></strong></span> <span class='ocrx_word' id='word_1_841' title='bbox 2804 3814 2858 3860; x_wconf 90' lang='lat' dir='ltr'><strong><em>et</em></strong></span> <span class='ocrx_word' id='word_1_842' title='bbox 2909 3815 3121 3876; x_wconf 89' lang='lat' dir='ltr'><strong><em>paratas</em></strong></span> <span class='ocrx_word' id='word_1_843' title='bbox 3176 3805 3395 3860; x_wconf 86' lang='lat' dir='ltr'><strong><em>insidias</em></strong></span> <span class='ocrx_word' id='word_1_844' title='bbox 3437 3806 3737 3876; x_wconf 76' lang='lat' dir='ltr'><strong><em>ponderent</em></strong></span> <span class='ocrx_word' id='word_1_845' title='bbox 3777 3808 3842 3862; x_wconf 80' lang='lat' dir='ltr'><strong><em>ad</em></strong></span> 
     </span>
    </p>
   </div>
   <div class='ocr_carea' id='block_1_107' title="bbox 2270 3896 3844 3962">
    <p class='ocr_par' dir='ltr' id='par_1_107' title="bbox 2270 3896 3844 3962">
     <span class='ocr_line' id='line_1_109' title="bbox 2270 3896 3844 3962; baseline 0.004 -13"><span class='ocrx_word' id='word_1_846' title='bbox 2270 3896 2586 3950; x_wconf 88' lang='lat' dir='ltr'><strong><em>cavendum.</em></strong></span> <span class='ocrx_word' id='word_1_847' title='bbox 2628 3897 2780 3962; x_wconf 79' lang='lat' dir='ltr'><strong><em>Quod</em></strong></span> <span class='ocrx_word' id='word_1_848' title='bbox 2827 3913 2948 3952; x_wconf 88' lang='lat' dir='ltr'><strong><em>cum</em></strong></span> <span class='ocrx_word' id='word_1_849' title='bbox 2991 3908 3237 3953; x_wconf 88' lang='lat' dir='ltr'><strong><em>cerneret</em></strong></span> <span class='ocrx_word' id='word_1_850' title='bbox 3286 3900 3694 3955; x_wconf 88' lang='lat' dir='ltr'><strong><em>innumerabilis</em></strong></span> <span class='ocrx_word' id='word_1_851' title='bbox 3741 3902 3844 3956; x_wconf 84' lang='lat' dir='ltr'><strong><em>fre-</em></strong></span> 
     </span>
    </p>
   </div>
   <div class='ocr_carea' id='block_1_108' title="bbox 2270 3985 3843 4058">
    <p class='ocr_par' dir='ltr' id='par_1_108' title="bbox 2270 3985 3843 4058">
     <span class='ocr_line' id='line_1_110' title="bbox 2270 3985 3843 4058; baseline 0.005 -22"><span class='ocrx_word' id='word_1_852' title='bbox 2270 3987 2483 4054; x_wconf 85' lang='lat' dir='ltr'><strong><em>quentia</em></strong></span> <span class='ocrx_word' id='word_1_853' title='bbox 2509 3985 2910 4053; x_wconf 78' lang='lat' dir='ltr'><strong><em>M0oachorum,</em></strong></span> <span class='ocrx_word' id='word_1_854' title='bbox 2939 3997 3218 4056; x_wconf 71' lang='lat' dir='ltr'><strong><em>coeperunt</em></strong></span> <span class='ocrx_word' id='word_1_855' title='bbox 3245 4003 3432 4044; x_wconf 89' lang='lat' dir='ltr'><strong><em>omnes</em></strong></span> <span class='ocrx_word' id='word_1_856' title='bbox 3453 3989 3764 4058; x_wconf 83' lang='lat' dir='ltr'><strong><em>vociferari,</em></strong></span> <span class='ocrx_word' id='word_1_857' title='bbox 3789 4001 3843 4046; x_wconf 89' lang='lat' dir='ltr'><strong><em>et</em></strong></span> 
     </span>
    </p>
   </div>
   <div class='ocr_carea' id='block_1_109' title="bbox 2271 4075 3841 4146">
    <p class='ocr_par' dir='ltr' id='par_1_109' title="bbox 2271 4075 3841 4146">
     <span class='ocr_line' id='line_1_111' title="bbox 2271 4075 3841 4146; baseline 0.005 -18"><span class='ocrx_word' id='word_1_858' title='bbox 2271 4090 2560 4144; x_wconf 89' lang='lat' dir='ltr'><strong><em>paucorum</em></strong></span> <span class='ocrx_word' id='word_1_859' title='bbox 2589 4075 2823 4131; x_wconf 89' lang='lat' dir='ltr'><strong><em>furorem</em></strong></span> <span class='ocrx_word' id='word_1_860' title='bbox 2849 4093 3088 4132; x_wconf 89' lang='lat' dir='ltr'><strong><em>consono</em></strong></span> <span class='ocrx_word' id='word_1_861' title='bbox 3108 4078 3343 4133; x_wconf 88' lang='lat' dir='ltr'><strong><em>clamore</em></strong></span> <span class='ocrx_word' id='word_1_862' title='bbox 3370 4089 3570 4134; x_wconf 87' lang='lat' dir='ltr'><strong><em>terrere</em></strong></span> <span class='ocrx_word' id='word_1_863' title='bbox 3589 4122 3607 4146; x_wconf 89' lang='lat'><strong><em>,</em></strong></span> <span class='ocrx_word' id='word_1_864' title='bbox 3643 4090 3703 4135; x_wconf 91' lang='lat' dir='ltr'><strong><em>ut</em></strong></span> <span class='ocrx_word' id='word_1_865' title='bbox 3733 4081 3841 4136; x_wconf 87' lang='lat' dir='ltr'><strong><em>sal-</em></strong></span> 
     </span>
    </p>
   </div>
   <div class='ocr_carea' id='block_1_110' title="bbox 2271 4167 3844 4243">
    <p class='ocr_par' dir='ltr' id='par_1_110' title="bbox 2271 4167 3844 4243">
     <span class='ocr_line' id='line_1_112' title="bbox 2271 4167 3844 4243; baseline 0.004 -24"><span class='ocrx_word' id='word_1_866' title='bbox 2271 4173 2376 4220; x_wconf 65' lang='lat' dir='ltr'><strong><em>tt-m</em></strong></span> <span class='ocrx_word' id='word_1_867' title='bbox 2427 4177 2570 4220; x_wconf 89' lang='lat' dir='ltr'><strong><em>metu</em></strong></span> <span class='ocrx_word' id='word_1_868' title='bbox 2615 4168 2902 4224; x_wconf 90' lang='lat' dir='ltr'><strong><em>Collectam</em></strong></span> <span class='ocrx_word' id='word_1_869' title='bbox 2953 4168 3065 4223; x_wconf 79' lang='lat' dir='ltr'><strong><em>ﬁeri</em></strong></span> <span class='ocrx_word' id='word_1_870' title='bbox 3105 4169 3341 4224; x_wconf 90' lang='lat' dir='ltr'><strong><em>sinerent</em></strong></span> <span class='ocrx_word' id='word_1_871' title='bbox 3385 4167 3504 4243; x_wconf 82' lang='lat' dir='ltr'><strong><em>[Ms.</em></strong></span> <span class='ocrx_word' id='word_1_872' title='bbox 3536 4168 3767 4243; x_wconf 85' lang='lat' dir='ltr'><strong><em>sineret],</em></strong></span> <span class='ocrx_word' id='word_1_873' title='bbox 3791 4180 3844 4226; x_wconf 87' lang='lat' dir='ltr'><strong><em>et</em></strong></span> 
     </span>
    </p>
   </div>
   <div class='ocr_carea' id='block_1_111' title="bbox 2270 4257 3841 4330">
    <p class='ocr_par' dir='ltr' id='par_1_111' title="bbox 2270 4257 3841 4330">
     <span class='ocr_line' id='line_1_113' title="bbox 2270 4257 3841 4330; baseline 0.004 -19"><span class='ocrx_word' id='word_1_874' title='bbox 2270 4257 2523 4311; x_wconf 65' lang='lat' dir='ltr'><strong><em>Ecclesiae</em></strong></span> <span class='ocrx_word' id='word_1_875' title='bbox 2538 4258 2658 4327; x_wconf 89' lang='lat' dir='ltr'><strong><em>jura</em></strong></span> <span class='ocrx_word' id='word_1_876' title='bbox 2688 4261 2911 4314; x_wconf 91' lang='lat' dir='ltr'><strong><em>servari.</em></strong></span> <span class='ocrx_word' id='word_1_877' title='bbox 2943 4261 3010 4314; x_wconf 86' lang='lat' dir='ltr'><strong><em>Et</em></strong></span> <span class='ocrx_word' id='word_1_878' title='bbox 3037 4260 3138 4314; x_wconf 88' lang='lat' dir='ltr'><strong><em>nisi</em></strong></span> <span class='ocrx_word' id='word_1_879' title='bbox 3165 4259 3334 4330; x_wconf 83' lang='lat' dir='ltr'><strong><em>gratia</em></strong></span> <span class='ocrx_word' id='word_1_880' title='bbox 3365 4261 3458 4315; x_wconf 90' lang='lat' dir='ltr'><strong><em>Dei</em></strong></span> <span class='ocrx_word' id='word_1_881' title='bbox 3489 4262 3841 4318; x_wconf 78' lang='lat' dir='ltr'><strong><em>multitudinis</em></strong></span> 
     </span>
    </p>
   </div>
   <div class='ocr_carea' id='block_1_112' title="bbox 2271 4348 3843 4423">
    <p class='ocr_par' dir='ltr' id='par_1_112' title="bbox 2271 4348 3843 4423">
     <span class='ocr_line' id='line_1_114' title="bbox 2271 4348 3843 4423; baseline 0.003 -21"><span class='ocrx_word' id='word_1_882' title='bbox 2271 4349 2523 4418; x_wconf 89' lang='lat' dir='ltr'><strong><em>impetum</em></strong></span> <span class='ocrx_word' id='word_1_883' title='bbox 2555 4348 2894 4416; x_wconf 88' lang='lat' dir='ltr'><strong><em>refrenasset,</em></strong></span> <span class='ocrx_word' id='word_1_884' title='bbox 2919 4348 2993 4423; x_wconf 89' lang='lat' dir='ltr'><strong><em>(g)</em></strong></span> <span class='ocrx_word' id='word_1_885' title='bbox 3013 4351 3282 4406; x_wconf 88' lang='lat' dir='ltr'><strong><em>evenisset</em></strong></span> <span class='ocrx_word' id='word_1_886' title='bbox 3301 4351 3518 4422; x_wconf 87' lang='lat' dir='ltr'><strong><em>aliquid,</em></strong></span> <span class='ocrx_word' id='word_1_887' title='bbox 3545 4353 3688 4422; x_wconf 83' lang='lat' dir='ltr'><strong><em>quod</em></strong></span> <span class='ocrx_word' id='word_1_888' title='bbox 3709 4354 3843 4408; x_wconf 88' lang='lat' dir='ltr'><strong><em>solet</em></strong></span> 
     </span>
    </p>
   </div>
   <div class='ocr_carea' id='block_1_113' title="bbox 2269 4438 3842 4506">
    <p class='ocr_par' dir='ltr' id='par_1_113' title="bbox 2269 4438 3842 4506">
     <span class='ocr_line' id='line_1_115' title="bbox 2269 4438 3842 4506; baseline 0.003 -12"><span class='ocrx_word' id='word_1_889' title='bbox 2269 4439 2322 4494; x_wconf 90' lang='lat' dir='ltr'><strong><em>in</em></strong></span> <span class='ocrx_word' id='word_1_890' title='bbox 2353 4438 2702 4494; x_wconf 89' lang='lat' dir='ltr'><strong><em>seditionibus</em></strong></span> <span class='ocrx_word' id='word_1_891' title='bbox 2729 4442 2870 4506; x_wconf 89' lang='lat' dir='ltr'><strong><em>lieri;</em></strong></span> <span class='ocrx_word' id='word_1_892' title='bbox 2905 4443 2955 4495; x_wconf 91' lang='lat' dir='ltr'><strong><em>in</em></strong></span> <span class='ocrx_word' id='word_1_893' title='bbox 2987 4453 3186 4496; x_wconf 87' lang='lat' dir='ltr'><strong><em>tantam</em></strong></span> <span class='ocrx_word' id='word_1_894' title='bbox 3214 4443 3356 4497; x_wconf 89' lang='lat' dir='ltr'><strong><em>enim</em></strong></span> <span class='ocrx_word' id='word_1_895' title='bbox 3383 4445 3568 4498; x_wconf 88' lang='lat' dir='ltr'><strong><em>nefarii</em></strong></span> <span class='ocrx_word' id='word_1_896' title='bbox 3603 4445 3842 4500; x_wconf 89' lang='lat' dir='ltr'><strong><em>homines</em></strong></span> 
     </span>
    </p>
   </div>
   <div class='ocr_carea' id='block_1_114' title="bbox 2271 4531 3842 4602">
    <p class='ocr_par' dir='ltr' id='par_1_114' title="bbox 2271 4531 3842 4602">
     <span class='ocr_line' id='line_1_116' title="bbox 2271 4531 3842 4602; baseline 0.004 -19"><span class='ocrx_word' id='word_1_897' title='bbox 2271 4531 2643 4595; x_wconf 84' lang='lat' dir='ltr'><strong><em>temeritatem,</em></strong></span> <span class='ocrx_word' id='word_1_898' title='bbox 2678 4533 2786 4585; x_wconf 91' lang='lat' dir='ltr'><strong><em>imo</em></strong></span> <span class='ocrx_word' id='word_1_899' title='bbox 2813 4532 3074 4588; x_wconf 89' lang='lat' dir='ltr'><strong><em>insaniam</em></strong></span> <span class='ocrx_word' id='word_1_900' title='bbox 3120 4542 3489 4602; x_wconf 69' lang='lat' dir='ltr'><strong><em>prteruperant</em></strong></span> <span class='ocrx_word' id='word_1_901' title='bbox 3512 4576 3528 4600; x_wconf 92' lang='lat'><strong><em>,</em></strong></span> <span class='ocrx_word' id='word_1_902' title='bbox 3566 4545 3624 4590; x_wconf 90' lang='lat' dir='ltr'><strong><em>ut</em></strong></span> <span class='ocrx_word' id='word_1_903' title='bbox 3648 4545 3842 4590; x_wconf 67' lang='lat' dir='ltr'><strong><em>sanctae</em></strong></span> 
     </span>
    </p>
   </div>
   <div class='ocr_carea' id='block_1_115' title="bbox 2267 4624 3842 4695">
    <p class='ocr_par' dir='ltr' id='par_1_115' title="bbox 2267 4624 3842 4695">
     <span class='ocr_line' id='line_1_117' title="bbox 2267 4624 3842 4695; baseline 0.004 -21"><span class='ocrx_word' id='word_1_904' title='bbox 2267 4637 2480 4692; x_wconf 88' lang='lat' dir='ltr'><strong><em>quoque</em></strong></span> <span class='ocrx_word' id='word_1_905' title='bbox 2507 4624 2933 4678; x_wconf 87' lang='lat' dir='ltr'><strong><em>conversationis</em></strong></span> <span class='ocrx_word' id='word_1_906' title='bbox 2957 4624 3201 4678; x_wconf 85' lang='lat' dir='ltr'><strong><em>Monachi</em></strong></span> <span class='ocrx_word' id='word_1_907' title='bbox 3228 4665 3244 4689; x_wconf 93' lang='lat'><strong><em>,</em></strong></span> <span class='ocrx_word' id='word_1_908' title='bbox 3273 4635 3327 4679; x_wconf 91' lang='lat' dir='ltr'><strong><em>et</em></strong></span> <span class='ocrx_word' id='word_1_909' title='bbox 3355 4639 3571 4695; x_wconf 85' lang='lat' dir='ltr'><strong><em>semper</em></strong></span> <span class='ocrx_word' id='word_1_910' title='bbox 3601 4642 3842 4681; x_wconf 80' lang='lat' dir='ltr'><strong><em>mansue-</em></strong></span> 
     </span>
    </p>
   </div>
   <div class='ocr_carea' id='block_1_116' title="bbox 2271 4713 3839 4791">
    <p class='ocr_par' dir='ltr' id='par_1_116' title="bbox 2271 4713 3839 4791">
     <span class='ocr_line' id='line_1_118' title="bbox 2271 4713 3839 4791; baseline 0.003 -24"><span class='ocrx_word' id='word_1_911' title='bbox 2271 4713 2459 4767; x_wconf 89' lang='lat' dir='ltr'><strong><em>tissimi</em></strong></span> <span class='ocrx_word' id='word_1_912' title='bbox 2504 4729 2691 4769; x_wconf 91' lang='lat' dir='ltr'><strong><em>eorum</em></strong></span> <span class='ocrx_word' id='word_1_913' title='bbox 2739 4713 2974 4770; x_wconf 84' lang='lat' dir='ltr'><strong><em>furorem</em></strong></span> <span class='ocrx_word' id='word_1_914' title='bbox 3019 4715 3283 4771; x_wconf 83' lang='lat' dir='ltr'><strong><em>sustinere</em></strong></span> <span class='ocrx_word' id='word_1_915' title='bbox 3327 4730 3434 4770; x_wconf 90' lang='lat' dir='ltr'><strong><em>non</em></strong></span> <span class='ocrx_word' id='word_1_916' title='bbox 3475 4728 3698 4786; x_wconf 87' lang='lat' dir='ltr'><strong><em>possent</em></strong></span> <span class='ocrx_word' id='word_1_917' title='bbox 3727 4717 3839 4791; x_wconf 75' lang='lat' dir='ltr'><strong><em>[Ms.</em></strong></span> 
     </span>
    </p>
   </div>
   <div class='ocr_carea' id='block_1_117' title="bbox 2332 4906 3842 5016">
    <p class='ocr_par' dir='ltr' id='par_1_117' title="bbox 2332 4906 3842 5016">
     <span class='ocr_line' id='line_1_119' title="bbox 2332 4906 3842 5016; baseline 0.003 -59"><span class='ocrx_word' id='word_1_918' title='bbox 2332 4907 2402 5016; x_wconf 53' lang='grc' dir='ltr'><strong><em>(εἰ</em></strong></span> <span class='ocrx_word' id='word_1_919' title='bbox 2437 4906 2624 4972; x_wconf 88' lang='lat' dir='ltr'><strong><em>Supple</em></strong></span> <span class='ocrx_word' id='word_1_920' title='bbox 2647 4920 2765 4970; x_wconf 86' lang='lat' dir='ltr'><strong><em>esse,</em></strong></span> <span class='ocrx_word' id='word_1_921' title='bbox 2791 4917 2874 4958; x_wconf 86' lang='lat' dir='ltr'><strong><em>aut</em></strong></span> <span class='ocrx_word' id='word_1_922' title='bbox 2897 4910 3062 4959; x_wconf 87' lang='lat' dir='ltr'><strong><em>verius</em></strong></span> <span class='ocrx_word' id='word_1_923' title='bbox 3092 4908 3194 4981; x_wconf 80' lang='lat' dir='ltr'><strong><em>leg.</em></strong></span> <span class='ocrx_word' id='word_1_924' title='bbox 3221 4909 3494 4959; x_wconf 81' lang='lat' dir='ltr'><strong><em>conversari</em></strong></span> <span class='ocrx_word' id='word_1_925' title='bbox 3511 4947 3526 4969; x_wconf 88' lang='lat'><strong><em>,</em></strong></span> <span class='ocrx_word' id='word_1_926' title='bbox 3553 4918 3606 4961; x_wconf 88' lang='lat' dir='ltr'><strong><em>et</em></strong></span> <span class='ocrx_word' id='word_1_927' title='bbox 3626 4911 3725 4986; x_wconf 81' lang='lat' dir='ltr'><strong><em>vid.</em></strong></span> <span class='ocrx_word' id='word_1_928' title='bbox 3750 4911 3842 4962; x_wconf 85' lang='lat' dir='ltr'><strong><em>Pa-</em></strong></span> 
     </span>
     <span class='ocr_line' id='line_1_120' title="bbox 2332 4969 3841 5016; baseline 0 0"><span class='ocrx_word' id='word_1_929' title='bbox 2332 4971 2384 5016; x_wconf 85' lang='lat' dir='ltr'><strong><em>ha</em></strong></span> <span class='ocrx_word' id='word_1_930' title='bbox 2409 5006 2419 5016; x_wconf 93' lang='lat'><strong><em>.</em></strong></span> <span class='ocrx_word' id='word_1_931' title='bbox 2447 4969 2510 5016; x_wconf 90' lang='lat' dir='ltr'><strong><em>ll.</em></strong></span> <span class='ocrx_word' id='word_1_932' title='bbox 2537 4985 2586 5016; x_wconf 84' lang='grc' dir='ltr'><strong>ιι.</strong></span> <span class='ocrx_word' id='word_1_933' title='bbox 2616 4969 2698 5016; x_wconf 74' lang='lat'><strong><em>22.</em></strong></span> <span class='ocrx_word' id='word_1_934' title='bbox 2737 4973 2830 5016; x_wconf 87' lang='lat' dir='ltr'><strong><em>sub</em></strong></span> <span class='ocrx_word' id='word_1_935' title='bbox 2866 4969 3041 5016; x_wconf 84' lang='lat' dir='ltr'><strong><em>ﬁnem.</em></strong></span> <span class='ocrx_word' id='word_1_936' title='bbox 3067 4971 3148 5016; x_wconf 80' lang='lat' dir='ltr'><strong><em>ubi</em></strong></span> <span class='ocrx_word' id='word_1_937' title='bbox 3182 4970 3355 5016; x_wconf 83' lang='lat' dir='ltr'><strong><em>eadem</em></strong></span> <span class='ocrx_word' id='word_1_938' title='bbox 3378 4979 3456 5016; x_wconf 81' lang='lat' dir='ltr'><strong><em>est</em></strong></span> <span class='ocrx_word' id='word_1_939' title='bbox 3489 4982 3740 5016; x_wconf 75' lang='lat' dir='ltr'><strong><em>sententia</em></strong></span> <span class='ocrx_word' id='word_1_940' title='bbox 3779 4972 3841 5016; x_wconf 82' lang='lat' dir='ltr'><strong><em>de</em></strong></span> 
     </span>
    </p>
   </div>
   <div class='ocr_carea' id='block_1_118' title="bbox 2269 4969 3841 5079">
    <p class='ocr_par' dir='ltr' id='par_1_118' title="bbox 2269 4969 3841 5079">
     <span class='ocr_line' id='line_1_121' title="bbox 2269 4969 3841 5079; baseline 0.004 -62"><span class='ocrx_word' id='word_1_941' title='bbox 2269 4969 2586 5079; x_wconf 43' lang='lat' dir='ltr'><strong><em>ﬁgagal’gé&#39;n.</em></strong></span> <span class='ocrx_word' id='word_1_942' title='bbox 2616 4969 2698 5019; x_wconf 74' lang='lat'><strong><em>22.</em></strong></span> <span class='ocrx_word' id='word_1_943' title='bbox 2737 4969 2830 5019; x_wconf 86' lang='lat' dir='ltr'><strong><em>sub</em></strong></span> <span class='ocrx_word' id='word_1_944' title='bbox 2866 4969 3041 5031; x_wconf 84' lang='lat' dir='ltr'><strong><em>ﬁnem,</em></strong></span> <span class='ocrx_word' id='word_1_945' title='bbox 3067 4969 3165 5019; x_wconf 59' lang='lat' dir='ltr'><strong><em>ubi&#39;</em></strong></span> <span class='ocrx_word' id='word_1_946' title='bbox 3182 4970 3355 5020; x_wconf 87' lang='lat' dir='ltr'><strong><em>eadem</em></strong></span> <span class='ocrx_word' id='word_1_947' title='bbox 3378 4979 3456 5022; x_wconf 89' lang='lat' dir='ltr'><strong><em>est</em></strong></span> <span class='ocrx_word' id='word_1_948' title='bbox 3489 4977 3741 5024; x_wconf 82' lang='lat' dir='ltr'><strong><em>sententia</em></strong></span> <span class='ocrx_word' id='word_1_949' title='bbox 3779 4972 3841 5024; x_wconf 86' lang='lat' dir='ltr'><strong><em>de</em></strong></span> 
     </span>
     <span class='ocr_line' id='line_1_122' title="bbox 2353 5046 3684 5078; baseline 0.001 -1"><span class='ocrx_word' id='word_1_950' title='bbox 2353 5046 2379 5078; x_wconf 83' lang='grc' dir='ltr'><strong><em>ιι</em></strong></span> <span class='ocrx_word' id='word_1_951' title='bbox 2517 5065 2527 5074; x_wconf 91' lang='grc'><strong><em>.</em></strong></span> <span class='ocrx_word' id='word_1_952' title='bbox 3681 5047 3684 5050; x_wconf 81' lang='grc'><strong>’</strong></span> 
     </span>
    </p>
   </div>
   <div class='ocr_carea' id='block_1_119' title="bbox 2297 5065 3840 5164">
    <p class='ocr_par' dir='ltr' id='par_1_119' title="bbox 2297 5065 3840 5164">
     <span class='ocr_line' id='line_1_123' title="bbox 2297 5065 3840 5164; baseline -0.005 -25"><span class='ocrx_word' id='word_1_953' title='bbox 2297 5065 2671 5164; x_wconf 48' lang='grc' dir='ltr'><strong><em>ῖῖἆῖξδξιωειξὶ</em></strong></span> <span class='ocrx_word' id='word_1_954' title='bbox 2695 5091 2851 5140; x_wconf 90' lang='lat' dir='ltr'><strong><em>locum</em></strong></span> <span class='ocrx_word' id='word_1_955' title='bbox 2877 5091 3107 5164; x_wconf 76' lang='lat' dir='ltr'><strong><em>iubemus</em></strong></span> <span class='ocrx_word' id='word_1_956' title='bbox 3123 5129 3137 5153; x_wconf 89' lang='lat'><strong><em>,</em></strong></span> <span class='ocrx_word' id='word_1_957' title='bbox 3156 5104 3213 5141; x_wconf 88' lang='lat' dir='ltr'><strong><em>ac</em></strong></span> <span class='ocrx_word' id='word_1_958' title='bbox 3235 5091 3334 5164; x_wconf 63' lang='grc' dir='ltr'><strong>1ῃὶ</strong></span> <span class='ocrx_word' id='word_1_959' title='bbox 3357 5092 3697 5164; x_wconf 55' lang='lat' dir='ltr'><strong><em>nihilinjurirg</em></strong></span> <span class='ocrx_word' id='word_1_960' title='bbox 3717 5095 3840 5164; x_wconf 55' lang='grc' dir='ltr'><strong><em>ίηιιρ-</em></strong></span> 
     </span>
    </p>
   </div>
   <div class='ocr_carea' id='block_1_120' title="bbox 2273 5151 3842 5224">
    <p class='ocr_par' dir='ltr' id='par_1_120' title="bbox 2273 5151 3842 5224">
     <span class='ocr_line' id='line_1_124' title="bbox 2273 5151 3842 5224; baseline 0.003 -22"><span class='ocrx_word' id='word_1_961' title='bbox 2453 5151 2995 5224; x_wconf 45' lang='grc' dir='ltr'><strong>ροὶῄεοιιιιιειελιοξιειιξ</strong></span> <span class='ocrx_word' id='word_1_962' title='bbox 3033 5151 3137 5224; x_wconf 73' lang='lat' dir='ltr'><strong><em>ipse</em></strong></span> <span class='ocrx_word' id='word_1_963' title='bbox 3164 5151 3762 5224; x_wconf 46' lang='grc' dir='ltr'><strong><em>Δ(ξριιίῖιίηξιιςιίιιέοριιίμιιδ</em></strong></span> <span class='ocrx_word' id='word_1_964' title='bbox 3795 5159 3842 5206; x_wconf 86' lang='lat' dir='ltr'><strong><em>in</em></strong></span> 
     </span>
    </p>
   </div>
   <div class='ocr_carea' id='block_1_121' title="bbox 2271 5212 3839 5284">
    <p class='ocr_par' dir='ltr' id='par_1_121' title="bbox 2271 5212 3839 5284">
     <span class='ocr_line' id='line_1_125' title="bbox 2271 5212 3839 5284; baseline 0.002 -21"><span class='ocrx_word' id='word_1_965' title='bbox 2271 5212 2486 5284; x_wconf 79' lang='lat' dir='ltr'><strong><em>Paschali</em></strong></span> <span class='ocrx_word' id='word_1_966' title='bbox 2512 5212 2665 5284; x_wconf 86' lang='lat' dir='ltr'><strong><em>altera</em></strong></span> <span class='ocrx_word' id='word_1_967' title='bbox 2689 5228 2737 5262; x_wconf 87' lang='grc' dir='ltr'><strong>ιι.</strong></span> <span class='ocrx_word' id='word_1_968' title='bbox 2764 5213 2842 5262; x_wconf 74' lang='grc'><strong><em>23.</em></strong></span> <span class='ocrx_word' id='word_1_969' title='bbox 2867 5212 2995 5264; x_wconf 72' lang='lat' dir='ltr'><strong><em>Nihil</em></strong></span> <span class='ocrx_word' id='word_1_970' title='bbox 3015 5212 3084 5265; x_wconf 85' lang='lat' dir='ltr'><strong><em>eis</em></strong></span> <span class='ocrx_word' id='word_1_971' title='bbox 3105 5213 3352 5264; x_wconf 87' lang='lat' dir='ltr'><strong><em>intulimus</em></strong></span> <span class='ocrx_word' id='word_1_972' title='bbox 3374 5212 3737 5278; x_wconf 65' lang='lat' dir='ltr'><strong><em>injuriw,&#39;nihil</em></strong></span> <span class='ocrx_word' id='word_1_973' title='bbox 3758 5229 3839 5266; x_wconf 86' lang='lat' dir='ltr'><strong><em>no-</em></strong></span> 
     </span>
    </p>
   </div>
   <div class='ocr_carea' id='block_1_122' title="bbox 2273 5283 3841 5401">
    <p class='ocr_par' dir='ltr' id='par_1_122' title="bbox 2273 5283 3841 5401">
     <span class='ocr_line' id='line_1_126' title="bbox 2319 5283 2597 5322; baseline 0 0"><span class='ocrx_word' id='word_1_974' title='bbox 2319 5288 2459 5322; x_wconf 84' lang='lat' dir='ltr'><strong><em>nmus</em></strong></span> <span class='ocrx_word' id='word_1_975' title='bbox 2501 5283 2597 5322; x_wconf 88' lang='lat' dir='ltr'><strong><em>etc.</em></strong></span> 
     </span>
     <span class='ocr_line' id='line_1_127' title="bbox 2273 5288 3841 5401; baseline 0.003 -19"><span class='ocrx_word' id='word_1_976' title='bbox 2273 5288 2403 5401; x_wconf 58' lang='lat' dir='ltr'><strong><em>m(e_)</em></strong></span> <span class='ocrx_word' id='word_1_977' title='bbox 2437 5311 2518 5382; x_wconf 70' lang='lat' dir='ltr'><strong><em>Sic</em></strong></span> <span class='ocrx_word' id='word_1_978' title='bbox 2551 5336 2851 5401; x_wconf 23' lang='lat' dir='ltr'><strong><em>chingenio</em></strong></span> <span class='ocrx_word' id='word_1_979' title='bbox 2883 5335 3038 5401; x_wconf 75' lang='lat' dir='ltr'><strong><em>locum</em></strong></span> <span class='ocrx_word' id='word_1_980' title='bbox 3079 5337 3394 5401; x_wconf 82' lang='lat' dir='ltr'><strong><em>emendamus</em></strong></span> <span class='ocrx_word' id='word_1_981' title='bbox 3419 5376 3432 5394; x_wconf 88' lang='lat'><strong><em>,</em></strong></span> <span class='ocrx_word' id='word_1_982' title='bbox 3473 5337 3841 5401; x_wconf 73' lang='lat' dir='ltr'><strong><em>legendumque</em></strong></span> 
     </span>
    </p>
   </div>
   <div class='ocr_carea' id='block_1_123' title="bbox 2272 5397 3844 5461">
    <p class='ocr_par' dir='ltr' id='par_1_123' title="bbox 2272 5397 3844 5461">
     <span class='ocr_line' id='line_1_128' title="bbox 2272 5397 3844 5461; baseline 0.003 -17"><span class='ocrx_word' id='word_1_983' title='bbox 2272 5397 2464 5444; x_wconf 88' lang='lat' dir='ltr'><strong><em>omnino</em></strong></span> <span class='ocrx_word' id='word_1_984' title='bbox 2487 5397 2840 5461; x_wconf 81' lang='lat' dir='ltr'><strong><em>constituimus,</em></strong></span> <span class='ocrx_word' id='word_1_985' title='bbox 2865 5397 3003 5461; x_wconf 77' lang='lat' dir='ltr'><strong><em>quasi</em></strong></span> <span class='ocrx_word' id='word_1_986' title='bbox 3026 5411 3112 5461; x_wconf 86' lang='lat' dir='ltr'><strong><em>pro</em></strong></span> <span class='ocrx_word' id='word_1_987' title='bbox 3141 5398 3222 5459; x_wconf 85' lang='lat' dir='ltr'><strong><em>qui</em></strong></span> <span class='ocrx_word' id='word_1_988' title='bbox 3241 5431 3255 5455; x_wconf 91' lang='lat'><strong><em>,</em></strong></span> <span class='ocrx_word' id='word_1_989' title='bbox 3283 5403 3332 5461; x_wconf 80' lang='lat' dir='ltr'><strong><em>et</em></strong></span> <span class='ocrx_word' id='word_1_990' title='bbox 3370 5397 3581 5449; x_wconf 69' lang='lat' dir='ltr'><strong><em>tenerent</em></strong></span> <span class='ocrx_word' id='word_1_991' title='bbox 3609 5415 3695 5461; x_wconf 85' lang='lat' dir='ltr'><strong><em>pro</em></strong></span> <span class='ocrx_word' id='word_1_992' title='bbox 3719 5397 3844 5449; x_wconf 76' lang='lat' dir='ltr'><strong><em>tene-</em></strong></span> 
     </span>
    </p>
   </div>
   <div class='ocr_carea' id='block_1_124' title="bbox 2272 5457 3839 5522">
    <p class='ocr_par' dir='ltr' id='par_1_124' title="bbox 2272 5457 3839 5522">
     <span class='ocr_line' id='line_1_129' title="bbox 2272 5457 3839 5522; baseline 0.003 -16"><span class='ocrx_word' id='word_1_993' title='bbox 2272 5464 2437 5506; x_wconf 84' lang='lat' dir='ltr'><strong><em>rentur</em></strong></span> <span class='ocrx_word' id='word_1_994' title='bbox 2459 5492 2472 5516; x_wconf 93' lang='lat'><strong><em>,</em></strong></span> <span class='ocrx_word' id='word_1_995' title='bbox 2498 5469 2607 5518; x_wconf 74' lang='lat' dir='ltr'><strong><em>quae</em></strong></span> <span class='ocrx_word' id='word_1_996' title='bbox 2628 5457 2723 5505; x_wconf 88' lang='lat' dir='ltr'><strong><em>duo</em></strong></span> <span class='ocrx_word' id='word_1_997' title='bbox 2757 5457 2894 5522; x_wconf 79' lang='lat' dir='ltr'><strong><em>erant</em></strong></span> <span class='ocrx_word' id='word_1_998' title='bbox 2930 5460 3005 5522; x_wconf 74' lang='lat' dir='ltr'><strong><em>in_</em></strong></span> <span class='ocrx_word' id='word_1_999' title='bbox 3016 5457 3499 5522; x_wconf 74' lang='lat' dir='ltr'><strong><em>archetypolihrarii</em></strong></span> <span class='ocrx_word' id='word_1_1000' title='bbox 3539 5457 3805 5522; x_wconf 76' lang='lat' dir='ltr'><strong><em>aphalmata</em></strong></span> <span class='ocrx_word' id='word_1_1001' title='bbox 3826 5497 3839 5519; x_wconf 86' lang='lat'><strong><em>,</em></strong></span> 
     </span>
    </p>
   </div>
   <div class='ocr_carea' id='block_1_125' title="bbox 2273 5519 3842 5578">
    <p class='ocr_par' dir='ltr' id='par_1_125' title="bbox 2273 5519 3842 5578">
     <span class='ocr_line' id='line_1_130' title="bbox 2273 5519 3842 5578; baseline 0.004 -15"><span class='ocrx_word' id='word_1_1002' title='bbox 2273 5529 2383 5578; x_wconf 70' lang='lat' dir='ltr'><strong><em>quae</em></strong></span> <span class='ocrx_word' id='word_1_1003' title='bbox 2399 5530 2616 5578; x_wconf 56' lang='grc' dir='ltr'><strong><em>Δδιξηιιιιιιι</em></strong></span> <span class='ocrx_word' id='word_1_1004' title='bbox 2641 5519 2948 5568; x_wconf 70' lang='lat' dir='ltr'><strong><em>evertebant.</em></strong></span> <span class='ocrx_word' id='word_1_1005' title='bbox 2975 5520 3126 5568; x_wconf 86' lang='lat' dir='ltr'><strong><em>Porro</em></strong></span> <span class='ocrx_word' id='word_1_1006' title='bbox 3148 5519 3438 5568; x_wconf 81' lang='lat' dir='ltr'><strong><em>simillimum</em></strong></span> <span class='ocrx_word' id='word_1_1007' title='bbox 3464 5519 3579 5569; x_wconf 74' lang='lat' dir='ltr'><strong><em>huic</em></strong></span> <span class='ocrx_word' id='word_1_1008' title='bbox 3600 5521 3760 5570; x_wconf 89' lang='lat' dir='ltr'><strong><em>locum</em></strong></span> <span class='ocrx_word' id='word_1_1009' title='bbox 3781 5521 3842 5569; x_wconf 86' lang='lat' dir='ltr'><strong><em>de</em></strong></span> 
     </span>
    </p>
   </div>
   <div class='ocr_carea' id='block_1_126' title="bbox 2275 5576 3839 5642">
    <p class='ocr_par' dir='ltr' id='par_1_126' title="bbox 2275 5576 3839 5642">
     <span class='ocr_line' id='line_1_131' title="bbox 2275 5576 3839 5642; baseline 0.004 -18"><span class='ocrx_word' id='word_1_1010' title='bbox 2275 5576 2537 5642; x_wconf 67' lang='lat' dir='ltr'><strong><em>baculisad</em></strong></span> <span class='ocrx_word' id='word_1_1011' title='bbox 2559 5578 2948 5628; x_wconf 77' lang='lat' dir='ltr'><strong><em>dissimulandum</em></strong></span> <span class='ocrx_word' id='word_1_1012' title='bbox 2965 5582 3166 5636; x_wconf 65' lang='lat' dir='ltr'><strong><em>aedem,</em></strong></span> <span class='ocrx_word' id='word_1_1013' title='bbox 3191 5582 3416 5642; x_wconf 86' lang='lat' dir='ltr'><strong><em>arborum</em></strong></span> <span class='ocrx_word' id='word_1_1014' title='bbox 3441 5580 3568 5630; x_wconf 88' lang='lat' dir='ltr'><strong><em>foliis</em></strong></span> <span class='ocrx_word' id='word_1_1015' title='bbox 3587 5583 3839 5642; x_wconf 86' lang='lat' dir='ltr'><strong><em>contectis,</em></strong></span> 
     </span>
    </p>
   </div>
   <div class='ocr_carea' id='block_1_127' title="bbox 2273 5638 3844 5712">
    <p class='ocr_par' dir='ltr' id='par_1_127' title="bbox 2273 5638 3844 5712">
     <span class='ocr_line' id='line_1_132' title="bbox 2273 5638 3844 5712; baseline 0.003 -25"><span class='ocrx_word' id='word_1_1016' title='bbox 2273 5639 2423 5687; x_wconf 86' lang='lat' dir='ltr'><strong><em>habet</em></strong></span> <span class='ocrx_word' id='word_1_1017' title='bbox 2446 5638 2589 5712; x_wconf 62' lang='lat' dir='ltr'><strong><em>Hier.</em></strong></span> <span class='ocrx_word' id='word_1_1018' title='bbox 2629 5643 2676 5688; x_wconf 90' lang='lat' dir='ltr'><strong><em>in</em></strong></span> <span class='ocrx_word' id='word_1_1019' title='bbox 2709 5643 3039 5703; x_wconf 84' lang='lat' dir='ltr'><strong><em>superioribus</em></strong></span> <span class='ocrx_word' id='word_1_1020' title='bbox 3078 5641 3322 5703; x_wconf 87' lang='lat' dir='ltr'><strong><em>epistolis,</em></strong></span> <span class='ocrx_word' id='word_1_1021' title='bbox 3360 5642 3443 5704; x_wconf 88' lang='lat' dir='ltr'><strong><em>qui</em></strong></span> <span class='ocrx_word' id='word_1_1022' title='bbox 3484 5649 3651 5692; x_wconf 81' lang='lat' dir='ltr'><strong><em>tamen</em></strong></span> <span class='ocrx_word' id='word_1_1023' title='bbox 3692 5638 3844 5693; x_wconf 80' lang='lat' dir='ltr'><strong><em>menti</em></strong></span> 
     </span>
    </p>
   </div>
   <div class='ocr_carea' id='block_1_128' title="bbox 2272 5707 3581 5825">
    <p class='ocr_par' dir='ltr' id='par_1_128' title="bbox 2272 5707 3581 5825">
     <span class='ocr_line' id='line_1_133' title="bbox 2272 5707 2611 5749; baseline 0.006 -2"><span class='ocrx_word' id='word_1_1024' title='bbox 2272 5712 2368 5748; x_wconf 91' lang='lat' dir='ltr'><strong><em>non</em></strong></span> <span class='ocrx_word' id='word_1_1025' title='bbox 2393 5707 2611 5749; x_wconf 84' lang='lat' dir='ltr'><strong><em>occurrit.</em></strong></span> 
     </span>
     <span class='ocr_line' id='line_1_134' title="bbox 2337 5760 3581 5825; baseline 0.002 -17"><span class='ocrx_word' id='word_1_1026' title='bbox 2337 5760 2408 5825; x_wconf 67' lang='grc' dir='ltr'><strong><em>(Γ)</em></strong></span> <span class='ocrx_word' id='word_1_1027' title='bbox 2445 5761 2606 5825; x_wconf 59' lang='lat' dir='ltr'><strong><em>Malim</em></strong></span> <span class='ocrx_word' id='word_1_1028' title='bbox 2629 5763 2768 5810; x_wconf 88' lang='lat' dir='ltr'><strong><em>scribi</em></strong></span> <span class='ocrx_word' id='word_1_1029' title='bbox 2792 5762 3069 5825; x_wconf 76' lang='lat' dir='ltr'><strong><em>proderent,</em></strong></span> <span class='ocrx_word' id='word_1_1030' title='bbox 3096 5763 3387 5825; x_wconf 87' lang='lat' dir='ltr'><strong><em>concinniori</em></strong></span> <span class='ocrx_word' id='word_1_1031' title='bbox 3409 5775 3581 5825; x_wconf 69' lang='lat' dir='ltr'><strong><em>sensu.</em></strong></span> 
     </span>
    </p>
   </div>
   <div class='ocr_carea' id='block_1_129' title="bbox 2336 5821 3683 5886">
    <p class='ocr_par' dir='ltr' id='par_1_129' title="bbox 2336 5821 3683 5886">
     <span class='ocr_line' id='line_1_135' title="bbox 2336 5821 3683 5886; baseline 0.003 -16"><span class='ocrx_word' id='word_1_1032' title='bbox 2336 5823 2411 5886; x_wconf 84' lang='lat' dir='ltr'><strong><em>(g)</em></strong></span> <span class='ocrx_word' id='word_1_1033' title='bbox 2445 5821 2675 5872; x_wconf 79' lang='lat' dir='ltr'><strong><em>Meudosc</em></strong></span> <span class='ocrx_word' id='word_1_1034' title='bbox 2701 5821 2805 5873; x_wconf 76' lang='lat' dir='ltr'><strong><em>erai</em></strong></span> <span class='ocrx_word' id='word_1_1035' title='bbox 2828 5825 2875 5872; x_wconf 88' lang='lat' dir='ltr'><strong><em>in</em></strong></span> <span class='ocrx_word' id='word_1_1036' title='bbox 2897 5823 2985 5872; x_wconf 83' lang='lat' dir='ltr'><strong><em>Ms.</em></strong></span> <span class='ocrx_word' id='word_1_1037' title='bbox 3009 5821 3196 5873; x_wconf 87' lang='lat' dir='ltr'><strong><em>duobus</em></strong></span> <span class='ocrx_word' id='word_1_1038' title='bbox 3219 5824 3379 5873; x_wconf 85' lang='lat' dir='ltr'><strong><em>verbis</em></strong></span> <span class='ocrx_word' id='word_1_1039' title='bbox 3397 5830 3443 5873; x_wconf 85' lang='lat' dir='ltr'><strong><em>et</em></strong></span> <span class='ocrx_word' id='word_1_1040' title='bbox 3466 5823 3683 5877; x_wconf 77' lang='lat' dir='ltr'><strong><em>venisset.</em></strong></span> 
     </span>
    </p>
   </div>
  </div>
