4106 6340
388 326 487 377 777

385 455 413 494 ι
439 448 624 493 nostro
650 434 924 493 con§ortio
964 443 1242 506 separatus
1269 443 1372 497 est,
1396 429 1682 485 invisibilis
1716 428 1877 492 Deus,
1909 434 1963 480 et

383 529 609 585 visibilis
637 527 838 584 homo:
865 525 1036 582 forma
1083 525 1224 580 servi
1269 521 1617 578 absconditus
1646 529 1748 585 est,
1771 529 1826 574 et
1868 517 1968 572 do-

383 622 558 678 minus
585 621 776 691 gloriae
804 619 1145 675 confessione
1173 616 1511 672 credentium
1559 611 1963 682 comprobatur.

352 739 357 777 ;
450 716 505 768 4.
554 712 739 783 Neque
786 713 929 767 enim
973 711 1202 781 privavit
1230 725 1354 764 eum
1404 709 1566 763 Pater
1609 716 1814 761 natura:
1857 719 1968 758 suae

353 793 620 867 'nomine,
655 812 934 874 postquam
985 815 1082 871 pro
1116 800 1268 854 nobis
1319 799 1479 853 homo
1518 808 1572 852 et
1614 811 1814 866 pauper
1841 795 1970 850 etle-

381 908 499 952 ctns
540 904 662 959 est,
694 909 794 948 nec
838 895 890 947 in
935 892 1172 947 Iordane
1211 891 1372 945 ﬂuvio
1427 889 1751 958 baptizatum
1798 887 1968 939 altero

353 976 672 1056 :appellavit
723 985 1008 1048 vocabulo,
1041 983 1136 1038 sed
1188 983 1354 1037 illium
1403 982 1732 1051 unigenitum
1763 996 1775 1032 :
1807 977 1887 1032 Tu
1918 994 1969 1032 es

351 1051 518 1142 i/i-lius
551 1091 691 1130 metis
731 1075 966 1140 dilectus,
1002 1074 1077 1145 (α)
1109 1075 1160 1127 in
1187 1090 1287 1143 qua
1314 1074 1437 1126 mihi
1743 1068 1969 1138 compla-

381 1168 462 1219 εριὶ
493 1167 649 1236 (Luc.
671 1167 758 1236 2).
783 1165 894 1220 Nec
920 1165 1215 1219 similitudo
1260 1175 1440 1218 nostra
1467 1164 1518 1217 in
1545 1162 1840 1216 divinitatis
1885 1167 1970 1214 est

383 1269 586 1312 mutata
641 1267 910 1322 naturam,
955 1272 1057 1311 nec
1099 1256 1356 1311 divinitas
1408 1256 1460 1309 in
1517 1263 1715 1307 nostrae
1765 1260 1968 1305 natura:

384 1365 537 1405 versa
566 1360 651 1404 est
694 1349 1103 1404 similitudinem
1134 1365 1149 1403 :
1183 1349 1274 1403 sed
1312 1362 1535 1402 manens
1561 1346 1703 1416 quod
1747 1363 1776 1400 a
1825 1345 1969 1414 prin-

383 1442 526 1512 cipio
570 1451 707 1509 erat,
742 1443 885 1496 Dens
928 1442 1176 1506 verbmn,
1213 1451 1268 1497 et
1313 1441 1365 1496 in
1396 1457 1456 1495 se
1498 1455 1597 1494 nos
1638 1438 1964 1509 glorilicans,

384 1551 492 1588 non
543 1538 710 1601 venit,
753 1533 905 1603 juxta
938 1533 1251 1596 Jeretniam,
1284 1542 1341 1585 ut
1382 1531 1632 1585 diceret:
1677 1529 1792 1583 Heu
1843 1528 1970 1581 mihi

387 1637 568 1689 mater.
592 1635 646 1678 ut
671 1626 798 1696 quid
837 1641 915 1678 me
940 1623 1203 1695 genuisti?
1249 1623 1410 1675 uirum
1445 1621 1521 1690 (b)
1547 1620 1634 1690 qui
1675 1620 1893 1688 judicer,
1923 1627 1969 1672 et

386 1723 649 1776 discernar
677 1720 815 1774 omni
845 1731 994 1773 terra:
1021 1734 1039 1772 :
1067 1735 1168 1771 non
1209 1718 1399 1787 profui,
1429 1731 1586 1784 neque
1629 1714 1820 1785 profuit
1845 1712 1970 1765 mihi

389 1811 655 1881 quisquam
685 1807 900 1880 (lerem.
945 1809 1032 1863 15.
1065 1807 1176 1876 10),
1207 1807 1296 1876 qui
1328 1805 1632 1859 libertatem
1673 1802 1969 1857 donaturus

387 1901 679 1956 advenerat
725 1919 740 1955 :
790 1915 890 1954 nec
931 1898 1082 1969 juxta
1125 1898 1316 1952 Isaiam
1367 1895 1764 1949 vociferabatur
1811 1909 1826 1946 :
1883 1891 1971 1946 γω

388 1994 533 2060 mihi,
552 1993 670 2064 quia
694 2010 808 2046 cum
829 1992 924 2045 sint
954 1993 1128 2055 homo,
1149 1991 1218 2059 (ε)
1238 1999 1282 2042 et
1304 1986 1570 2041 immunda
1595 1986 1729 2040 labia
1757 1984 1964 2052 habens,

388 2095 434 2138 et
462 2085 514 2137 in
558 2084 723 2138 medio
768 2082 944 2153 populi
972 2080 1234 2133 immunda
1274 2079 1409 2132 labia
1453 2078 1682 2130 habentis
1727 2076 1965 2138 habitem,

322 2209 326 2212 ι
387 2193 554 2248 regem
585 2175 854 2230 Dominum
880 2172 1123 2227 sabbaoth
1159 2170 1262 2222 uidi
1289 2169 1450 2223 oculis
1472 2167 1593 2221 meis
1619 2165 1773 2239 (lsai.
1802 2166 1855 2221 6.
1885 2165 1964 2235 6).

388 2269 508 2338 Ipse
559 2269 702 2324 enim
749 2275 866 2321 erat
906 2281 999 2320 rex
1050 2263 1257 2333 gloriae,
1290 2270 1348 2315 ttt
1401 2260 1455 2315 in
1505 2259 1762 2314 vicesimo
1811 2256 1969 2312 tertio

389 2363 603 2417 I’salmo
629 2361 884 2430 scriptum
916 2368 998 2412 est
1025 2375 1038 2410 :
1070 2356 1127 2410 In
1159 2353 1398 2424 patibulo
1425 2353 1600 2406 victor
1629 2352 1888 2415 existens,
1911 2356 1967 2403 et

384 2453 598 2509 hosnlia
645 2451 784 2507 bella
826 2461 1202 2517 compescens,
1251 2452 1312 2498 ut
1356 2443 1626 2498 hominem
1674 2442 1851 2496 ilctutn
1902 2455 1967 2494 ex

387 2545 553 2599 hutno
581 2542 838 2596 caelorum
883 2536 1235 2592 habitatorem
1279 2535 1500 2599 laceret,
1529 2541 1584 2588 et
1633 2531 1856 2602 trepluei
1884 2530 1966 2586 sui

386 2633 770 2691 eonununione
799 2631 1045 2685 donaret.

460 2727 513 2781 5.
566 2725 733 2795 Igitur
763 2735 1066 2793 quanquam
1115 2720 1218 2775 hoc
1248 2720 1453 2783 nolint,
1482 2717 1572 2789 qui
1611 2732 1732 2772 eum
1783 2725 1969 2786 putant

388 2821 442 2873 in
488 2819 650 2872 alium
696 2823 1105 2873 commutatum,
1136 2811 1287 2866 Jesus
1316 2811 1551 2865 Christus
1596 2811 1703 2864 lteri
1731 2820 1776 2863 ct
1818 2809 1970 2864 hodie

385 2911 496 2978 ipse
532 2919 628 2974 est,
659 2915 703 2960 et
732 2907 785 2960 in
813 2916 1056 2959 retentum
1085 2902 1274 2974 (Hebr.
1324 2904 1412 2957 l3.
1445 2902 1544 2972 8),
1575 2917 1840 2971 nunquam
1876 2904 1970 2955 ha-

387 3004 598 3057 biturus
643 3002 791 3070 regni
840 2999 922 3053 sui
971 2997 1152 3062 linem,
1180 2996 1332 3066 juxta
1360 2995 1675 3050 sceleratum
1725 2993 1968 3065 Origenis

385 3111 647 3160 errorem,
678 3111 746 3150 ne
777 3103 1024 3148 cessante
1053 3107 1241 3161 regno,
1273 3090 1435 3144 etiam
1463 3091 1758 3144 aeternitate
1790 3088 1968 3159 prive-

386 3196 492 3253 tur,
539 3189 633 3243 sed
666 3202 848 3241 coram
881 3185 1129 3238 omnibus
1173 3182 1402 3252 loquens
1429 3199 1441 3236 :
1476 3180 1587 3252 Ego
1618 3181 1670 3234 in
1699 3180 1878 3247 Patre,
1922 3189 1970 3234 et

387 3280 550 3335 Pater
584 3280 636 3332 in
667 3294 745 3332 me
787 3277 966 3350 (Joan.
1001 3276 1088 3330 11.
1122 3275 1237 3343 54).
1267 3273 1331 3328 Et
1356 3273 1554 3328 docere
1597 3289 1696 3327 nos
1721 3273 1966 3342 cupiens,

386 3371 526 3441 qttud
560 3381 615 3426 et
640 3370 801 3424 Pater
830 3371 883 3423 in
927 3367 1084 3433 Filio,
1118 3375 1173 3421 et
1213 3364 1380 3421 Filius
1424 3365 1477 3420 in
1521 3364 1679 3419 Patre
1707 3363 1970 3418 creaturis

386 3463 637 3518 omnibus
687 3461 1001 3530 imperaret,
1030 3469 1085 3512 ct
1113 3459 1214 3512 hoc
1245 3457 1420 3526 ipsum
1462 3456 1742 3521 roborans,
1771 3457 1970 3511 infere-

386 3560 521 3618 bat:
566 3560 676 3632 Ego
718 3570 764 3613 et
812 3558 974 3613 Pater
1003 3575 1160 3612 unum
1201 3575 1378 3612 sumus
1429 3557 1605 3629 (Joan.
1641 3557 1724 3612 14.
1757 3557 1866 3624 ll),
1902 3571 1970 3609 ne

387 3653 506 3720 quis
536 3667 698 3705 unum
730 3667 909 3717 suum,
948 3651 1225 3718 Patrisque
1271 3665 1493 3719 regnum
1526 3648 1771 3702 humana:
1793 3647 1971 3702 carnis

386 3745 672 3798 occasione
693 3743 980 3798 divideret.
1007 3741 1160 3808 Quod
1187 3741 1229 3793 si
1250 3740 1408 3810 juxta
1435 3739 1680 3810 Origenis
1709 3738 1969 3793 insaniant

386 3835 676 3905 aliquando
716 3835 1012 3890 amissurus
1035 3841 1116 3887 est
1147 3848 1370 3902 regnum
1398 3830 1644 3885 Christus
1667 3830 1970 3899 unigenitus

388 3928 430 3984 F
434 3928 554 3982 ilius
600 3927 717 3987 Dei,
745 3926 1014 3996 quomodo
1045 3925 1158 3995 ipse
1189 3923 1460 3994 Apostolis
1488 3921 1837 3991 loquebatur:
1860 3919 1970 3990 Ego

387 4029 434 4074 et
474 4019 633 4074 Pater
659 4035 814 4073 unum
843 4035 1033 4081 sumus,
1081 4033 1187 4070 non
1239 4033 1401 4070 unum
1455 4025 1638 4085 postea
1695 4013 1971 4067 habiturus

391 4112 723 4180 imperium?
766 4121 825 4164 ut
853 4109 1058 4164 scilicet
1090 4107 1177 4162 hic
1205 4107 1398 4162 habent
1425 4107 1671 4176 gloriam,
1701 4120 1858 4174 quam
1900 4102 1971 4156 ibi

389 4203 726 4272 depositurus
764 4213 866 4257 est.
913 4200 979 4255 Et
1022 4199 1108 4253 ubi
1152 4199 1256 4254 erit
1296 4198 1438 4268 quod
1485 4212 1697 4265 semper
1724 4193 1886 4248 Filius
1918 4193 1971 4248 in

391 4293 568 4359 Patre,
599 4305 655 4348 et
683 4294 844 4349 Pater
873 4292 924 4346 in
959 4290 1094 4347 Filio
1116 4301 1217 4354 est,
1252 4291 1295 4345 si
1323 4305 1548 4359 regnum
1571 4287 1688 4341 Filii
1717 4302 1820 4340 non
1867 4286 1972 4340 erit

391 4383 472 4454 (d)
491 4396 696 4442 eertum
711 4385 736 4438 ?
754 4382 949 4439 Verum
981 4385 1083 4437 hoc
1101 4383 1190 4451 qui
1218 4384 1287 4436 ita
1309 4397 1366 4435 se
1394 4382 1592 4435 habere
1617 4375 1966 4442 contendunt,

391 4479 434 4530 si
459 4488 760 4533 tamennon
787 4477 994 4545 egerint
1025 4474 1414 4545 paenitentiam,
1446 4482 1689 4543 pereant,
1712 4481 1766 4526 et
1782 4469 1849 4526 ad
1873 4469 1972 4524 bos

391 4570 508 4624 zelo
563 4567 686 4623 ﬁdei
739 4568 1058 4636 pietatisque
1096 4579 1397 4620 commoms
1445 4566 1694 4634 loquatur
1724 4563 1970 4635 Moyses:

393 4663 700 4718 Haledictus
726 4671 779 4712 tu
797 4661 850 4712 in
871 4660 1089 4723 civitate,
1128 4668 1173 4712 et
1205 4659 1497 4710 maledictus
1523 4659 1578 4710 in
1615 4673 1739 4726 agro
1766 4656 1784 4725 (
1815 4655 1970 4709 Deut.

461 4793 526 4860 (α)
564 4793 701 4860 Idem
723 4793 1020 4860 Ambrosiam
1042 4794 1093 4845 in
1113 4801 1158 4846 te
1179 4791 1299 4860 mihi
1316 4791 1622 4860 gomptacnit.
1656 4791 1776 4860 Quae
1792 4791 1977 4860 subse-

393 4851 612 4920 quuntur
632 4857 683 4906 in
716 4855 884 4907 Greco
920 4860 1059 4905 textu
1084 4855 1295 4905 servavit
1316 4851 1657 4902 'I‘hebdoretus
1696 4851 1888 4914 Dialog.
1923 4851 1971 4900 2.

393 4929 478 4972 «tu
498 4937 564 4979 τῆς
585 4932 760 4983 imit-Is
1027 4930 1115 4981 seu
1136 4931 1180 4978 ειν
1195 4931 1456 4975 mimum.
1479 4927 1528 4971 ιις
1549 4925 1718 4972 θιιτητος
1740 4925 1843 4975 φύσιν
1862 4938 1972 4972 μαι-

396 4993 634 5043 wine.
655 4993 740 5034 st'ns
759 4997 825 5043 τῆς
862 4993 1030 5042 σιὰ-της
1051 4991 1165 5030 αὐτοῦ
1198 4991 1414 5042 smnpm;
1439 4989 1489 5034 sl;
1508 4989 1574 5036 τήν
1597 4988 1770 5037 ήμτιραν
1791 4986 1972 5036 ignotae".

394 5059 489 5105 plus
596 5056 616 5093 δ
632 5049 675 5103 ἦν
696 5057 759 5093 ἀπ’
893 5057 1005 5100 θιέςι
1027 5056 1123 5104 pitu
1143 5053 1206 5092 ut
1225 5054 1290 5103 τήν
1311 5053 1408 5101 ἡμῶν
1425 5047 1702 5101 «munitm
1722 5045 1880 5104 iaqutv.

463 5057 732 5154 lbi‘ePenes
759 5060 1102 5154 ﬂmmeum
1141 5112 1264 5154 erat.
1289 5101 1374 5154 aui
1404 5099 1655 5154 iudicaret
1676 5109 1807 5147 omni
1828 5103 1880 5147 tet

463 5069 489 5096 tt
596 5057 616 5093 ὃ
632 5057 675 5103 ἧν
696 5057 759 5093 ἀπ’
893 5057 1005 5100 θεὸς·
1027 5057 1123 5104 μία
1143 5057 1206 5092 ιιι
1225 5057 1290 5103 τήν
1311 5057 1408 5101 ἡμῶν
1425 5057 1702 5101 magna
1722 5057 1880 5104 ῠπιφξιν.

463 5057 732 5168 (ὺῨεΡειιθε
759 5060 1102 5168 ﬂmmeum
1141 5112 1264 5161 erat,
1289 5101 1374 5166 qui
1404 5099 1655 5168 judicaret
1676 5109 1807 5168 omns
1828 5103 1976 5147 terrae

393 5159 718 5238 profuit,
745 5175 840 5216 etc.
864 5166 965 5238 Nos
988 5169 1224 5238 integram
1241 5159 1259 5222 ,V
1283 5159 1549 5234 veramque
1587 5159 1893 5238 Lee-tionem.
1910 5172 1972 5207 ex

395 5225 713 5278 Ambrosiano
736 5227 1002 5290 exemplari
1021 5225 1219 5276 mutuati
1244 5239 1427 5282 sumus,
1441 5225 1519 5274 cui
1541 5225 1806 5274 aﬁentitur
1831 5225 1976 5270 etiam

397 5291 596 5340 Graecus
612 5309 681 5341 τῶν
703 5289 825 5338 LXX
843 5297 980 5353 ista”
1001 5299 1232 5353 δααζάμινον
1253 5303 1313 5338 ut
1335 5297 1598 5350 δωρινάμινον
1618 5299 1719 5353 κάη
1739 5301 1786 5346 τῇ
1801 5301 1873 5346 τῇς
1895 5293 1978 5335 eius

395 5366 581 5424 sitim,
597 5363 704 5424 at...
725 5362 823 5402 etc.
839 5348 950 5402 Mos
975 5352 1056 5400 alii
1079 5352 1217 5411 edtu,
1235 5348 1556 5401 aestimaturus
1580 5360 1665 5412 pro
1687 5348 1973 5404 donaturus,

396 5418 516 5462 satis
541 5418 729 5465 vitiose.

461 5473 530 5537 (ε)
567 5478 1003 5526 Ambrosianum:
1025 5475 1116 5524 sint
1138 5474 1277 5525 homo
1301 5473 1578 5525 immundus
1599 5512 1613 5532 ,
1634 5483 1771 5522 sacro
1795 5478 1937 5520 testu
1959 5508 1973 5528 ,

397 5541 450 5586 et
471 5539 641 5601 Graeco
666 5541 712 5588 in
738 5541 905 5601 primis
942 5544 1204 5587 renuente.

461 5599 536 5660 (ιι)
572 5594 750 5650 Verius
768 5615 829 5650 ex
855 5608 1109 5659 contextu,
1129 5609 1224 5647 non
1244 5597 1336 5660 erit
1354 5603 1639 5647 cowternum
1663 5595 1686 5646 ἶ)
1704 5601 1758 5646 ut
1780 5594 1978 5660 praefert

400 5655 529 5733 idem
552 5663 915 5733 Ambrosianus,
943 5655 1234 5733 atque'iul'ra
1257 5659 1444 5733 clarius
1454 5660 1712 5733 asserittrr:
1737 5655 1829 5708 Nos
1845 5655 1980 5733 ctu-i-

399 5723 461 5773 sti
483 5737 683 5798 regnum
718 5719 975 5778 credantus
998 5719 1230 5777 {sternam
1247 5757 1262 5785 ,
1290 5728 1389 5774 etc.
1423 5720 1628 5772 Interim
1651 5719 1739 5772 hoc
1761 5719 1978 5771 voculam

401 5798 720 5841 reposuimus.

1736 307 2059 365 EPISTOLA
2101 308 2280 364 XCVI.

3548 318 3652 374 τη

2071 422 2184 494 28):
2209 425 2487 482 I’saltnista
2511 430 2709 497 pariter
2730 430 3037 502 increpante
3061 433 3346 505 :Deﬁciant
3363 449 3650 506 peccatores

2071 516 2137 570 de
2155 525 2309 582 terra,
2340 527 2388 571 et
2414 520 2591 588 iniqui.
2629 530 2679 572 ut
2708 523 2843 575 ultra
2868 541 2968 578 non
2989 525 3264 580 subsistant
3291 525 3462 598 (Psal.
3501 529 3650 598 105).

2145 610 2308 683 566
2378 609 2432 666 6.
2476 612 2733 682 Equidem
2755 615 2894 669 scire
2921 632 3026 671 non
3057 633 3293 687 possum,
3317 635 3418 689 qua
3440 622 3656 675 temeri-

2074 709 2183 754 tate
2205 701 2464 771 Origenes
2496 712 2640 757 tanta
2666 703 2999 775 conﬁngens,
3029 718 3084 764 et
3111 724 3216 764 non
3253 709 3652 781 Scripturarum

2073 794 2473 860 anetoritatem,
2501 796 2597 850 sed
2641 811 2800 851 suum
2831 813 3069 855 errorem
3113 816 3364 873 sequens,
3395 819 3558 860 ausus
3584 806 3658 860 sit.

2073 887 2279 940 cunctis
2328 887 2380 940 in
2431 887 2666 942 medium
2698 890 2942 944 nocitura
2986 891 3247 960 proferre,
3281 909 3381 950 nec
3422 897 3657 951 mstima-

2076 979 2212 1032 verit
2255 993 2491 1046 unquam
2540 979 2707 1034 ullttm
2738 981 3013 1035 hominum
3045 982 3180 1048 fore,
3209 986 3298 1054 qui
3327 988 3440 1041 suis
3477 1003 3659 1044 assero

2077 1069 2313 1123 tionibus
2353 1071 2645 1126 contrairet
2671 1111 2686 1138 ,
2729 1072 2774 1126 si
2821 1071 2892 1145 (ε)
2935 1075 3374 1145 philosophormn
3420 1082 3657 1150 argutias

2075 1159 2308 1228 propriis
2338 1162 2654 1217 tractatibus
2683 1163 3008 1231 miscuisset,
3039 1175 3094 1220 et
3121 1181 3152 1220 a
3181 1169 3322 1222 malo
3352 1172 3575 1226 exordio
3602 1175 3654 1228 iu

2015 1327 2020 1330 _
2074 1247 2287 1304 fabulas
2328 1252 2587 1318 quasdam
2635 1263 2691 1308 et
2728 1253 3083 1311 deliramenta
3135 1259 3452 1327 procedens,
3499 1261 3658 1319 Chri~

2074 1339 2306 1394 stianutn
2347 1342 2538 1414 dogma
2569 1344 2747 1399 lttdum
2777 1356 2833 1400 et
2856 1347 3038 1417 jocutn
3067 1349 3289 1415 faceret,
3322 1369 3655 1424 nequaquam

2073 1433 2269 1487 divina:
2283 1435 2536 1491 doctrina:
2553 1439 2777 1494 veritate
2794 1450 2945 1495 utens
2961 1440 3053 1512 [aL
3066 1443 3274 1517 nitens],
3305 1447 3397 1501 sed
3414 1447 3659 1504 humana:

2075 1526 2270 1579 mentis
2294 1526 2539 1593 arbitrio,
2573 1539 2628 1583 et
2659 1531 2709 1583 in
2743 1540 2966 1596 tantam,
2998 1535 3176 1603 seipso
3203 1537 3480 1606 magistro,
3514 1541 3657 1594 intu-

2077 1631 2326 1672 mescens
2352 1619 2682 1688 superbiam,
2728 1631 2784 1674 ut
2814 1638 2921 1676 non
2969 1624 3273 1680 imitaretur
3303 1627 3656 1685 humilitatem

2077 1706 2246 1769 l’auli,
2277 1709 2368 1778 qui
2403 1709 2589 1778 plenus
2615 1709 2817 1780 Spiritu
2842 1713 3042 1769 Sancto
3067 1718 3295 1770 contulit
3321 1733 3442 1774 cum
3461 1723 3658 1789 priori-

2075 1800 2175 1854 bus
2201 1802 2460 1871 apostolis
2489 1804 2821 1873 evangelium
2848 1846 2864 1871 ,
2897 1806 2980 1860 Ne
3003 1811 3136 1879 [orte
3165 1810 3218 1863 in
3245 1826 3458 1866 uacuum
3481 1830 3658 1868 curre-

2074 1901 2170 1958 ret,
2197 1902 2286 1945 aut
2312 1895 2610 1948 cucurrisset
2639 1895 2796 1965 (Gal.
2818 1897 2873 1951 2.
2892 1897 2948 1969 2)
2977 1917 2988 1952 :
3026 1899 3096 1970 (f)
3125 1901 3374 1970 ignorans
3389 1907 3527 1972 quod
3547 1905 3659 1960 dae-

2074 1985 2300 2040 moniaci
2319 1987 2535 2055 spiritus
2551 1998 2696 2044 esset
2720 1986 3024 2057 instinctus,
3051 1993 3377 2062 sophismata
3403 1995 3659 2052 humana-

2075 2093 2191 2130 rum
2220 2080 2476 2133 mentium
2497 2081 2667 2150 sequi,
2688 2093 2743 2136 et
2771 2083 2967 2153 aliquid
2989 2097 3138 2141 extra
3159 2087 3556 2155 Scripturarum
3571 2107 3659 2146 au-

2074 2169 2374 2222 ctoritatem
2397 2181 2588 2242 putare
2609 2172 2868 2230 divinum.
2895 2175 3181 2242 Quiescant
3199 2194 3328 2250 ergo
3349 2181 3654 2251 aliquando,

2075 2260 2162 2327 qui
2189 2261 2339 2329 regni
2361 2261 2560 2318 Christi
2586 2266 2742 2319 linem
2774 2268 3134 2334 somniantes,
3161 2271 3500 2327 verbositatis
3534 2274 3657 2330 Ori-

2074 2353 2225 2417 genis
2247 2354 2468 2422 cupiunt
2497 2371 2617 2410 esse
2645 2358 2884 2426 parasiti,
2910 2374 3011 2415 nec
3040 2377 3160 2415 cum
3195 2362 3442 2420 lidclibus
3463 2369 3656 2421 ambuo

2077 2442 2267 2510 lantes,
2301 2447 2628 2518 lidemquam
2649 2466 2752 2504 non
2775 2450 3002 2518 habent,
3033 2455 3304 2510 simulent.
3325 2460 3460 2524 Quin
3483 2461 3658 2529 potius

2075 2536 2301 2601 discant,
2339 2540 2413 2610 (g)
2440 2541 2582 2611 quod
2614 2544 2790 2598 omnis
2815 2544 2992 2610 dolus,
3023 2557 3075 2600 et
3104 2546 3484 2618 fraudulentia,
3512 2553 3656 2607 aliud

2075 2630 2142 2682 sit
2187 2637 2242 2682 et
2293 2631 2435 2685 aliud
2475 2635 2729 2688 Ostendat
2774 2653 2789 2688 :
2840 2645 2896 2689 ut
2924 2637 3023 2691 sub
3053 2637 3265 2693 virtutis
3311 2643 3490 2710 specie
3529 2643 3658 2698 vitia

2077 2721 2253 2777 celare
2297 2724 2519 2779 nitatur.
2568 2726 2780 2782 Etenim
2832 2744 2954 2783 cum
3017 2729 3070 2784 itt
3118 2734 3294 2786 erucis
3346 2732 3655 2801 ignominia,

2074 2830 2234 2884 quam
2287 2833 2385 2886 pro
2430 2819 2584 2874 nobis
2621 2835 2812 2892 passus
2843 2831 2944 2883 est,
2977 2839 3081 2876 non
3127 2825 3368 2878 atniserit
3415 2825 3660 2880 Christus

2073 2921 2194 2961 esse
2224 2906 2473 2962 Dominus
2501 2911 2701 2980 gloriae,
2726 2914 2874 2981 juxta
2907 2912 3118 2967 beatum
3165 2916 3508 2983 Apostolum,
3543 2917 3654 2968 cla-

2076 3001 2345 3057 ulantibus
2374 3015 2558 3058 contra
2588 3003 2789 3059 Judaiis
2819 3025 2831 3059 :
2869 3007 2969 3073 Qui
2995 3008 3210 3062 destruis
3238 3011 3502 3079 templum,
3535 3023 3581 3064 et
3605 3013 3660 3066 in

2077 3096 2245 3148 triduo
2275 3096 2524 3164 aediﬁcas,
2563 3097 2763 3150 salvum
2791 3098 3005 3167 teipsum
3037 3102 3120 3169 fac
3150 3121 3162 3155 :
3193 3101 3237 3155 si
3282 3101 3422 3170 ﬁlius
3465 3101 3560 3156 Dei
3586 3121 3658 3166 es,

2075 3190 2320 3244 descende
2347 3190 2410 3242 de
2451 3207 2598 3243 cruce
2625 3191 2840 3260 (Matth.
2867 3191 2996 3261 9.7);
3045 3203 3099 3246 et
3131 3193 3182 3247 in
3223 3210 3387 3250 carne
3427 3197 3658 3266 patiens,

2078 3283 2426 3354 pendensque
2463 3282 2513 3335 itt
2548 3283 2807 3351 patibulo,
2840 3281 3206 3339 fortitudinem
3239 3288 3468 3357 pmprize
3495 3289 3662 3359 maje-

2075 3377 2230 3430 statis
2259 3375 2514 3439 ostendit,
2541 3376 2710 3430 solem
2751 3375 2820 3430 de
2848 3391 3008 3432 cursu
3035 3378 3315 3448 quiescere
3356 3378 3578 3448 faciens,
3607 3391 3664 3436 et

2077 3468 2349 3538 signorum
2396 3467 2769 3538 magnitudine
2822 3467 3034 3537 plenam
3087 3469 3207 3524 ﬁdei
3251 3486 3435 3525 vocem
3468 3472 3660 3526 latroni

2077 3569 2453 3628 extorquetis:
2501 3556 2758 3610 Memento
2790 3560 2917 3623 mei,
2955 3559 3189 3625 Domine,
3217 3577 3330 3613 cum
3375 3562 3567 3616 veneris
3610 3564 3661 3615 in

2077 3665 2288 3719 regnum
2315 3659 2454 3702 tuum
2487 3647 2638 3719 (Luc.
2667 3647 3077 3717 9.5).Nunquam
3109 3660 3227 3718 post
3254 3653 3663 3705 resurrectionis

2078 3741 2324 3810 gloriam,
2370 3741 2679 3810 perditurus
2740 3753 2823 3793 ρει
2868 3756 3129 3809 tegnum,
3180 3741 3306 3795 licet
3353 3743 3664 3798 innumeros

2076 3847 2261 3890 contra
2289 3850 2412 3889 eum
2443 3834 2704 3904 Origenes
2734 3832 3188 3902 blasphemiarum
3221 3834 3428 3903 lapides
3471 3834 3659 3903 jnctet.

2079 3928 2184 3981 Aut
2209 3927 2363 3994 cujus
2391 3934 2474 3980 est
2503 3925 2926 3994 consequentiae,
2957 3924 3371 3994 perpetuitatem
3405 3926 3552 3996 regni
3584 3927 3665 3980 di-

2079 4017 2299 4087 Seipnlis
2327 4017 2593 4086 polliceri,
2629 4024 2684 4071 et
2705 4015 2883 4070 dicere
2915 4033 2931 4069 :
2968 4013 3166 4082 Venite,
3195 4016 3440 4071 benedicti
3490 4015 3662 4070 Patris

2080 4109 2195 4171 mei,
2246 4108 2495 4176 possidete
2541 4117 2778 4176 paratum
2822 4107 2958 4161 vobis
3001 4124 3213 4178 regnum
3251 4125 3282 4160 α
3312 4109 3666 4164 constitutione

2079 4200 2254 4254 mundi
2281 4199 2494 4272 (Matth.
2519 4198 2610 4270 25)
2636 4216 2648 4253 ε
2670 4209 2724 4253 et
2748 4199 2920 4268 ipsum
2983 4198 3143 4274 567
3205 4214 3389 4255 carere
3414 4201 3504 4254 illo
3521 4201 3663 4270 quod

2080 4295 2200 4348 aliis
2223 4293 2447 4348 tribuit?
2476 4293 2556 4348 vel
2582 4292 2874 4365 quomodo,
2899 4294 3166 4348 scribente
3197 4291 3364 4347 Paulo
3387 4292 3452 4346 ad
3478 4289 3666 4345 Coriu-

2083 4389 2245 4451 thios,
2277 4388 2472 4454 Absque
2522 4385 2664 4440 nobis
2713 4385 2958 4455 regnatis,
2988 4394 3036 4437 et
3068 4384 3260 4436 utinam
3288 4385 3586 4454 regnaretis,
3613 4393 3669 4436 ut

2082 4490 2129 4534 et
2159 4496 2250 4532 nos
2276 4492 2604 4548 regnaremus
2633 4475 2886 4528 vobiscum
2917 4472 2992 4545 (1.
3025 4471 3146 4527 Cor.
3171 4469 3250 4542 4),
3296 4473 3519 4542 intelligi
3573 4489 3668 4542 po-

2085 4572 2211 4627 terit
2259 4585 2481 4641 regnum
2511 4567 2709 4621 Christi
2743 4574 2862 4635 post
2905 4564 3069 4617 multa
3099 4572 3342 4633 tempora
3373 4562 3668 4617 terminari-

2083 4663 2259 4716 dum?
2316 4661 2612 4730 praesertim
2655 4674 2778 4712 eum
2823 4655 3060 4710 Joannes
3089 4655 3286 4710 clamet
3326 4673 3337 4709 :
3372 4653 3437 4707 Et
3463 4657 3547 4722 qui
3575 4656 3667 4708 de-

2085 4769 2285 4807 sursum
2311 4752 2465 4814 venit,
2503 4765 2654 4819 super
2679 4763 2851 4801 omnes
2879 4756 2951 4800 est
2981 4743 3158 4816 (Joan.
3185 4746 3239 4799 5.
3271 4743 3363 4816 51)
3392 4762 3404 4798 :
3433 4745 3497 4799 Et
3524 4745 3670 4814 Apo-

2083 4845 2253 4898 stolus
2307 4842 2525 4907 scribat,
2566 4840 2793 4905 Quorum
2843 4837 3047 4903 Patres,
3097 4849 3141 4892 et
3190 4854 3252 4892 ex
3296 4838 3475 4907 quibus
3521 4838 3674 4907 juxta

2083 4951 2287 4988 carnem
2315 4933 2568 4993 Christus,
2600 4931 2686 5000 qui
2709 4943 2783 4984 est
2808 4947 2960 5000 super
2987 4930 3158 4983 omnia
3207 4928 3355 5003 Deus.
3384 4928 3673 4983 benedictus

2086 5028 2137 5080 in
2167 5037 2409 5082 (sternunt
2443 5023 2618 5097 (Rom.
2668 5023 2720 5078 9.
2755 5022 2831 5095 5).

2157 5122 2209 5176 7.
2253 5119 2437 5190 Itaque
2477 5117 2609 5172 nulli
2634 5116 2855 5171 dubium
2885 5124 2990 5182 est,
3022 5117 3151 5187 quin
3176 5117 3266 5187 qui
3296 5116 3440 5171 Deus
3461 5130 3672 5185 perma-

2147 5213 2216 5276 (e)
2248 5210 2480 5262 Voculam
2502 5208 2562 5272 si,
2585 5223 2695 5276 qua:
2717 5209 2964 5271 superiora
2988 5209 3145 5276 nectit
3166 5207 3490 5276 sequentibus
3507 5241 3521 5265 ,
3549 5211 3673 5276 erat-

2084 5267 2183 5342 que
2198 5267 2413 5342 'onlninp
2437 5267 2710 5342 necessaria
2734 5267 2910 5342 sensus
2933 5267 3254 5332 pertectioui,
3270 5281 3332 5318 ex
3357 5267 3675 5316 Ambrosiam

2085 5333 2328 5403 Esset}.
2357 5336 2411 5403 I’.
2441 5333 2654 5403 editione
2679 5333 3040 5403 supplcvimus._
3192 5391 3223 5403 Α.

2149 5386 2224 5464 (f
2238 5386 2401 5457 ⁷Ε(ιίιῇ
2423 5397 2519 5464 sed
2532 5386 2759 5462 ignorans
2775 5386 2792 5453 ξ
2816 5407 2960 5464 quam
2984 5391 3336 5464 adversativam
3353 5386 3677 5464 particulam,

2084 5449 2216 5514 unde
2237 5449 2413 5513 sensus
2431 5449 2668 5516 turbatur,
2691 5449 3020 5520 exputiximus
3036 5455 3152 5523 Mss.
3172 5464 3294 5523 ope;
3319 5449 3375 5500 et
3389 5449 3536 5523 paulo
3551 5457 3678 5523 post,

2087 5524 2373 5577 eorumdem
2410 5523 2720 5579 auctoritate,
2745 5517 2913 5581 putare
2939 5517 3309 5567 emendavimus
3346 5525 3432 5574 pro
3454 5517 3643 5573 putaret
3665 5549 3678 5568 .

2085 5590 2211 5654 quod
2235 5587 2462 5654 vitiosum
2505 5590 2628 5654 erat.
2663 5644 2676 5654 .
2781 5643 2792 5652 .
3182 5637 3307 5654 ηιμ
3335 5631 3517 5654 mh“:

2147 5632 2220 5714 ἶᾱ)
2247 5632 2481 5714 ireire"?
2499 5632 2562 5714 es
2574 5643 2908 5714 Αωβτοξίίιηον
2922 5637 3313 5714 remittes???“
3335 5632 3681 5714 FPJE“H‘:-."3£‘?.‘!

2087 5692 2766 5775 miiiﬁfé’ziaiitaitiﬁaua
2806 5711 2852 5755 et
2885 5692 3018 5754 aliud
3056 5696 3290 5752 ostendat.
3336 5692 3458 5746 infra
3497 5692 3682 5746 leviora

2090 5779 2181 5830 alia
2206 5773 2541 5826 emendatum.
