4106 6340
389 353 484 411 781

459 469 545 524 10.
577 469 828 523 Christum
859 487 950 541 pra
979 469 1302 523 Dmmenibus
1345 485 1632 539 passurum.
1754 466 1951 523 Verum

387 558 511 630 quid
543 559 638 612 ista
673 560 1060 614 memoramus?
1101 573 1222 613 cum
1255 559 1305 613 in
1335 568 1533 613 tantum
1585 559 1835 627 irruperit
1884 557 1961 628 (a)

387 649 708 716 vecordiam,
739 651 844 704 imo
888 650 1230 715 dementiam,
1273 659 1331 703 ut
1379 647 1523 702 aliud
1565 647 1829 703 Salvatori
1859 648 1962 700 cri-

389 759 510 799 men
541 743 810 812 impingat,
841 742 1020 796 dicens
1046 757 1168 796 eum
1196 750 1250 796 et
1279 756 1374 810 pro
1399 741 1729 796 diemouibus
1757 754 1820 794 ac
1850 741 1961 809 spi-

387 833 662 890 ritualibus
692 833 938 902 nequitiis
979 831 1118 901 apud
1161 846 1386 900 superos
1429 830 1747 900 alligendum
1793 830 1960 883 cruci.

387 924 494 979 Nec
521 923 766 994 intelligit
793 925 844 977 in
884 938 1041 993 quam
1069 921 1390 992 profundum
1421 921 1706 991 impietatis
1752 930 1965 975 corruat

389 1015 714 1070 barathrum.
740 1014 794 1069 Si
838 1015 978 1069 enim
1003 1013 1248 1068 Christus
1274 1027 1371 1082 pro
1415 1011 1717 1066 hominibus
1742 1025 1926 1082 passus
1945 1051 1961 1077 ,

388 1106 552 1160 homo
577 1106 745 1160 lactus
773 1114 872 1168 est,
909 1112 966 1157 ut
988 1103 1380 1172 Scripturarum
1413 1111 1678 1156 testantur
1714 1100 1920 1168 eloquia
1945 1139 1961 1162 ,

387 1211 720 1264 consequens
747 1195 846 1250 erit
863 1206 932 1270 put
951 1195 1092 1248 dicat
1111 1193 1390 1262 Origenes,
1414 1191 1481 1245 Et
1513 1205 1609 1260 pro
1636 1189 1963 1243 daemonibus

388 1301 660 1358 passurus,
688 1285 896 1339 daemon
927 1283 1134 1338 futurus
1178 1292 1262 1337 est
1290 1299 1304 1335 :
1345 1282 1446 1336 hoc
1469 1283 1612 1335 enim
1651 1277 1966 1334 necessitate

383 1386 604 1446 cogetur
634 1375 852 1442 inferre,
884 1390 951 1430 ne
979 1373 1046 1428 ab
1071 1390 1137 1430 ea
1162 1374 1302 1443 quod
1328 1379 1512 1442 erepit,
1557 1371 1864 1438 discrepare
1889 1369 1966 1422 vi-

384 1467 604 1530 deatur;
631 1476 688 1520 ut
713 1467 948 1520 imitetur
981 1465 1339 1534 blasphemias
1364 1463 1669 1517 Judieorum
1706 1460 1800 1532 (b).
1830 1475 1964 1530 quos

385 1573 599 1627 semper
629 1558 897 1621 imitatur;
930 1565 984 1611 et
1010 1557 1082 1609 illi
1109 1556 1250 1610 enim
1281 1555 1494 1610 Christo
1517 1553 1760 1607 similiter
1785 1553 1968 1622 loque-

388 1649 614 1702 bantur:
651 1647 966 1701 Dwmanium
988 1650 1138 1702 habes
1166 1663 1185 1702 :
1257 1647 1420 1717 570
1491 1645 1577 1710 Et,
1603 1645 1670 1699 In
1695 1645 1965 1700 Beelzebub

389 1739 612 1807 principe
629 1739 991 1792 dtemaniarum
1011 1739 1149 1804 eiicis
1177 1739 1428 1792 daemonia
1444 1736 1594 1810 (Luc.
1616 1737 1702 1792 11.
1720 1735 1807 1806 15)
1821 1776 1832 1790 .
1861 1735 1965 1791 Sed

385 1831 522 1884 absit
547 1840 604 1884 ut
645 1845 740 1899 pro
780 1830 1112 1885 daemonibus
1137 1829 1380 1884 Christus
1424 1845 1674 1899 passurus
1699 1829 1789 1893 sit,
1820 1842 1888 1883 ne
1913 1836 1969 1882 et

387 1925 499 1993 ipse
525 1923 732 1977 diemon
773 1923 880 1976 ﬁat.
913 1925 977 1978 Et
1000 1924 1087 1993 qui
1121 1924 1221 1977 hoc
1246 1923 1490 1988 credunt,
1524 1937 1735 1976 rursum
1760 1921 1968 1976 cruciﬁ-

387 2026 534 2081 gunt,
558 2023 615 2070 et
643 2015 870 2070 ostentui
895 2015 1088 2070 habent
1113 2014 1302 2068 Filium
1332 2015 1423 2068 Dei
1452 2013 1644 2084 (Hebr.
1665 2013 1722 2068 6.
1745 2012 1833 2082 6),
1876 2011 1968 2082 qui

390 2121 716 2176 nequaquam
745 2116 802 2160 ut
820 2123 1001 2161 semen
1024 2107 1288 2160 Abraham
1312 2104 1683 2174 apprehendit,
1715 2104 1783 2157 ita
1820 2117 1970 2157 assu-

389 2207 493 2250 met
521 2207 574 2251 et
591 2198 893 2252 daemonum
925 2195 1033 2269 [aL
1059 2195 1418 2268 Damonium],
1443 2206 1499 2249 ut
1516 2211 1611 2264 pro
1638 2195 1742 2249 illis
1761 2208 1970 2264 quoque

386 2289 746 2358 cruciligatur.
792 2287 900 2342 Nec
928 2287 1198 2341 daemones
1237 2302 1336 2355 pro
1361 2302 1419 2339 se
1447 2287 1613 2339 Deum
1645 2286 1695 2338 in
1723 2283 1970 2354 paSsione

387 2387 689 2441 cernentes,
720 2393 840 2431 cum
868 2378 1130 2446 Propheta
1158 2375 1461 2430 clamabunt
1485 2394 1498 2430 :
1530 2375 1628 2429 Hic
1652 2389 1854 2445 peccata
1876 2377 1970 2429 n04

386 2480 493 2524 stra
518 2468 756 2537 portavit,
779 2475 825 2518 et
869 2465 960 2533 pro
1006 2465 1146 2518 nobis
1176 2465 1331 2518 dolet.
1371 2464 1554 2534 Neque
1579 2481 1700 2519 cum
1729 2466 1862 2520 Isaia
1891 2467 1970 2521 di-

385 2569 546 2615 cent:
579 2558 759 2611 Liaore
801 2559 908 2627 ejus
939 2558 1103 2609 sanati
1130 2573 1302 2610 sumus
1328 2554 1480 2626 (lsai.
1510 2556 1599 2610 55.
1627 2557 1712 2626 4).
1741 2556 1848 2611 Nec
1877 2571 1972 2625 pro

389 2649 744 2712 dzemonibus,
777 2648 915 2701 sicut
945 2663 1042 2716 pro
1085 2647 1356 2700 hominum
1401 2661 1620 2716 genere,
1664 2646 1816 2716 quasi
1858 2648 1972 2702 ovis

390 2740 633 2796 Christus
658 2739 884 2793 ducetur
909 2739 976 2792 ad
1005 2739 1308 2803 victimam;
1348 2753 1446 2792 nec
1472 2752 1776 2807 procorum
1801 2739 1972 2793 salute

389 2831 632 2886 dicetur:
659 2829 875 2898 Propria
909 2828 1041 2882 Filio
1067 2846 1165 2882 non
1193 2829 1408 2898 pepercit
1435 2826 1662 2896 (Jerem.
1693 2828 1746 2882 11
1772 2827 1826 2899 );
1849 2829 1970 2896 quia

391 2937 492 2977 nec
536 2922 809 2976 daemones
837 2920 1145 2974 clamabunt
1177 2937 1191 2973 :
1223 2919 1460 2972 Traditus
1498 2929 1570 2972 est
1610 2936 1701 2990 pro
1756 2920 1972 2986 peccatis

391 3012 594 3075 nostris,
621 3019 667 3064 et
702 3010 975 3063 resurrexit
1009 3024 1101 3077 pro
1121 3010 1489 3079 justi/icatiane
1511 3018 1680 3062 nostra
1712 3009 1804 3078 (1.
1847 3005 1968 3063 Car.

396 3102 521 3174 11).
554 3100 749 3156 Paulus
794 3101 1007 3170 quidem
1051 3101 1278 3155 scribit:
1321 3099 1533 3154 Tradidi
1569 3101 1706 3155 enim
1749 3100 1884 3154 vobis
1920 3100 1974 3155 in

394 3197 588 3268 primis,
619 3195 755 3266 quod
781 3204 829 3248 et
858 3195 1046 3263 accepi,
1090 3195 1206 3264 quia
1232 3193 1460 3247 Christus
1501 3204 1728 3247 mortuus
1770 3203 1842 3247 est
1882 3209 1974 3262 pro

395 3287 612 3356 peccatis
659 3289 862 3348 nostris,
917 3287 1190 3339 secundum
1235 3284 1525 3354 Scripturas
1555 3286 1573 3356 (
1600 3286 1648 3340 1.
1673 3284 1789 3339 Cor.
1818 3283 1926 3352 15)
1957 3301 1970 3337 :

394 3377 514 3430 illas
538 3378 590 3430 in
619 3375 977 3430 testimonium
1008 3391 1224 3441 vocans,
1275 3386 1331 3429 et
1371 3375 1556 3445 volens
1585 3390 1766 3430 earum
1793 3384 1974 3428 aucto-

396 3472 550 3526 ritate
577 3471 788 3525 lirmare
809 3471 950 3540 quod
978 3470 1193 3524 dubium
1221 3479 1340 3533 est;
1369 3468 1625 3537 Origenes
1653 3477 1826 3522 autem
1849 3466 1973 3520 abs-

396 3580 502 3632 que
543 3564 652 3617 ullo
701 3563 892 3617 divinae
921 3563 1065 3615 vocis
1094 3560 1399 3615 testimonio
1438 3559 1544 3612 vim
1591 3559 1767 3614 lacere
1794 3557 1977 3612 nititur

399 3655 625 3720 veritati,
653 3665 707 3708 et
730 3653 966 3708 extincta
990 3652 1227 3713 lucerna,
1260 3651 1496 3704 invenire
1519 3667 1657 3703 eam.

471 3746 557 3799 11.
601 3744 798 3798 Fautor
851 3743 1150 3798 daamouum
1191 3751 1246 3795 et
1292 3756 1397 3794 non
1438 3739 1746 3805 hominum,
1774 3739 1978 3794 crebris

397 3837 676 3891 calumniis
702 3835 914 3890 lacessit
931 3833 1124 3886 Filium
1150 3831 1265 3896 Dei,
1293 3841 1347 3884 et
1366 3830 1543 3884 denuo
1568 3830 1846 3900 cruciligit,
1870 3843 1976 3882 non

402 3928 706 3997 intelligens
743 3926 796 3980 in
823 3940 979 3994 quam
1008 3922 1325 3994 profundam
1373 3929 1426 3975 et
1455 3919 1980 3999 horribilemimpie-

402 4019 528 4072 tatis
555 4019 860 4088 voraginem
891 4014 1224 4070 detrahatur.
1254 4012 1600 4081 Consequens
1627 4011 1767 4066 enim
1793 4019 1894 4076 est,
1924 4018 1983 4064 ut

402 4111 494 4181 qui
522 4113 695 4180 priora
720 4109 1030 4178 susceperit,
1061 4107 1314 4176 suscipiat
1341 4115 1396 4160 et
1420 4121 1538 4174 qua:
1561 4113 1854 4174 sequuntur
1883 4121 1896 4157 :
1928 4114 1983 4157 et

403 4204 494 4272 qui
521 4203 592 4273 (ε)
621 4218 718 4271 pro
745 4202 1076 4256 daemonibus
1104 4198 1371 4254 Christum
1399 4197 1594 4252 dixerit
1620 4195 1853 4263 cruciligi
1877 4235 1892 4260 ,
1915 4194 1982 4248 ad

405 4292 549 4361 ipsos
594 4306 805 4361 quoque
849 4291 1128 4346 dicendum
1171 4303 1291 4343 esse
1335 4286 1589 4356 suscipiat
1621 4303 1634 4340 :
1666 4285 1890 4352 Accipite
1937 4292 1983 4337 et

407 4383 534 4436 edite
561 4397 580 4435 :
609 4383 702 4435 hac
739 4389 812 4434 est
857 4378 1051 4449 Carpus
1095 4395 1278 4432 meum.
1306 4377 1374 4431 Et
1404 4395 1417 4429 :
1447 4377 1687 4446 Accipite,
1719 4385 1764 4428 et
1793 4374 1939 4428 bibite
1963 4389 1982 4428 :

409 4473 490 4525 hic
515 4483 585 4527 est
609 4473 815 4542 sanguis
838 4488 975 4525 meus
1001 4474 1018 4540 (
1053 4471 1237 4525 Matth.
1263 4469 1356 4524 26.
1377 4469 1447 4524 26
1470 4470 1511 4540 ).
1553 4468 1608 4523 Si
1639 4470 1780 4523 enim
1809 4478 1862 4522 et
1887 4482 1982 4537 pro

409 4563 738 4618 daemonibus
758 4563 1114 4630 cruciﬁgatur,
1136 4570 1194 4614 ut
1213 4576 1466 4614 novorum
1485 4559 1787 4630 dogmatum
1809 4573 1984 4613 asser-

411 4664 496 4708 tor
527 4653 776 4713 al’lirmat,
804 4654 944 4720 quod
969 4655 1071 4707 erit
1100 4653 1447 4721 privilegium,
1479 4661 1569 4705 aut
1593 4668 1710 4721 qua:
1737 4653 1899 4716 ratio,
1930 4660 1987 4704 ut

413 4745 511 4798 soli
546 4745 784 4798 homines
808 4745 1020 4812 corpori
1043 4744 1158 4811 ejus
1186 4744 1532 4812 sanguinique
1556 4743 1982 4808 communicent,

480 4897 552 4959 (a)
574 4893 849 4959 (Manifesta
865 4906 1036 4944 errore
1056 4894 1318 4959 hucusque
1330 4892 1468 4959 editi,
1501 4889 1755 4959 iritantar'n
1776 4895 1988 4959 eruperit

416 4954 678 5008 t-ictariani.
719 4957 854 5015 Quod
879 4968 1003 5003 nunc
1027 4969 1089 5003 ex
1119 4956 1265 5004 toties
1308 4954 1497 5002 laudato
1522 4954 1608 5002 Ms.
1635 4956 1950 5004 emendamus
1971 4989 1986 5014 ,

417 5019 706 5076 recardium,
722 5016 1042 5080 januliu_olim
1067 5015 1167 5080 legi
1191 5024 1421 5080 Oportere
1440 5015 1895 5080 eonjeceramusex
1919 5018 1988 5064 si-

414 5080 516 5130 mili
545 5080 655 5150 loco_
673 5077 945 5150 iqupistol.
980 5078 1038 5126 ad
1071 5077 1397 5150 Evangeluut,
1424 5078 1505 5125 ubi
1531 5090 1645 5144 eum
1665 5113 1678 5136 ,
1703 5079 1788 5138 qui
1813 5077 1987 5150 Diaco-

415 5153 506 5190 uos
530 5137 828 5204 presbyteris
864 5147 1144 5201 coaequaret
1161 5173 1176 5199 ,
1201 5137 1250 5188 in
1280 5146 1458 5189 unum"
1481 5137 1694 5200 erupisse
1718 5137 1990 5188 t'ecordiam

417 5203 578 5251 mirari
602 5216 657 5252 se
682 5203 953 5265 proﬁtetur.

481 5265 567 5328 (ιι)
583 5261 918 5328 integriore-ut
941 5263 1250 5319 sententiam,
1276 5268 1329 5328 et
1351 5274 1518 5310 rursus
1540 5261 1786 5328 veriorem
1810 5273 1872 5308 ex
1901 5271 1988 5308 eo-

418 5321 642 5374 deiu'Ms.
665 5321 952 5386 accepimus,
983 5337 1126 5386 quam
1150 5333 1202 5373 ut
1223 5325 1296 5372 sui
1323 5333 1458 5386 parte
1482 5321 1991 5386 mulctareutveteres

423 5392 497 5437 sui
522 5382 845 5435 amanuens'es
863 5419 876 5436 .
913 5382 1139 5432 similium
1167 5382 1335 5434 vocum
1355 5383 1563 5434 imitetur
1588 5392 1737 5445 atque
1774 5382 1990 5433 imitatur

419 5460 648 5496 occursus
669 5449 800 5496 fecit.
828 5447 969 5495 Prius
992 5448 1119 5494 enim
1145 5455 1250 5494 erat
1275 5445 1556 5506 impeil'ccto
1572 5459 1737 5502 sensu,
1774 5447 1992 5494 «discre-

422 5523 539 5568 tare
565 5511 784 5559 videatur
817 5509 1028 5557 imitator
1063 5507 1360 5555 Judaaorum.
1400 5507 1594 5556 Etenim
1618 5507 1689 5555 illi
1711 5508 1906 5558 Christo
1927 5509 1992 5556 si-

420 5567 620 5628 militer,
636 5590 657 5616 ι
688 5579 782 5620 etc.
799 5569 880 5620 vel
895 5577 947 5618 at
973 5569 1022 5617 in
1044 5568 1154 5617 aliis
1177 5570 1322 5618 editis
1335 5569 1482 5617 multo
1503 5569 1737 5628 vitiosius,
1753 5567 1988 5628 imitatur,

419 5637 465 5679 et
488 5631 558 5682 illi
581 5631 798 5682 similiter

484 5693 553 5760 (ις)
589 5691 1194 5764 Vitiosepenes‘lllarliap‘.
1231 5702 1335 5762 pra:
1358 5689 1668 5740 datmauibus.
1705 5689 1991 5764 Moxvcrha

421 5751 640 5817 accipite,
664 5763 708 5805 et
733 5751 857 5806 (dite
882 5769 944 5804 ex
965 5754 1053 5802 Ms.
1079 5751 1377 5811 sutl‘ecimus,
1403 5765 1511 5814 quze
1537 5766 1600 5802 ex
1623 5754 1854 5816 sequenti
1878 5767 1989 5802 cou-

421 5818 558 5864 textu
581 5819 884 5880 apertissime
908 5817 1185 5880 probantur.

1716 347 2043 422 EPISTOLA
2083 348 2260 404 XCVI.

3539 362 3642 418 781

2073 476 2128 522 et
2150 483 2250 520 non
2279 467 2545 523 daemones
2575 485 2804 540 quoque,
2838 488 2934 542 pro
2961 474 3151 544 quibus
3173 473 3223 528 in
3253 475 3497 544 passione
3521 491 3644 529 san-

2068 557 2278 627 guinem
2308 557 2539 613 fuderit?
2566 559 2670 615 Sed
2720 577 2819 616 nec
2847 563 3118 619 dmmoues
3140 565 3353 619 audient
3384 582 3398 618 :
3432 582 3452 616 ι
3490 564 3644 618 Acci-

2067 649 2196 719 pite,
2221 657 2275 703 et
2299 648 2442 704 edite
2481 667 2495 702 :
2537 668 2555 701 ι
2591 650 2678 713 Et,
2707 669 2726 701 ι
2761 653 3016 721 Accipite,
3045 665 3100 709 et
3131 653 3324 717 bibite;
3355 673 3374 706 ι
3410 669 3509 709 nec
3539 655 3640 706 Do-

2069 739 2244 792 minus
2293 753 2386 792 sua
2439 748 2700 808 praecepta
2749 741 3020 806 dissolvet,
3072 743 3160 813 qui
3217 744 3492 815 discipulis
3532 745 3639 798 ait:

2073 847 2093 880 ι
2121 829 2294 885 Nolite
2320 831 2448 886 dare
2473 841 2711 886 sanctum
2750 833 2988 896 canibus,
3018 849 3116 888 nec
3143 836 3364 892 mittatis
3391 836 3645 905 margini.

2069 928 2150 976 tas
2171 928 2376 977 vestras
2399 932 2520 976 ante
2545 936 2755 992 porcos,
2785 937 2853 978 ne
2881 922 3019 979 forte
3043 928 3354 981 conculcent
3380 943 3471 980 eas
3497 927 3646 996 pedi-

2069 1008 2168 1064 bus
2191 1013 2322 1074 suis,
2338 1020 2390 1065 et
2405 1013 2651 1066 conversi
2672 1012 3008 1082 disrumpant
3035 1027 3126 1066 vos
3145 1012 3352 1083 (Matth.
3367 1016 3447 1084 Ἰ).
3467 1032 3490 1068 s
3510 1015 3642 1070 Nam

2067 1109 2122 1154 et
2139 1101 2418 1170 Apostolus
2433 1102 2694 1168 scribens,
2717 1121 2736 1154 ι
2759 1101 2894 1157 Nolo
2915 1117 3010 1156 vos
3035 1104 3324 1174 participes
3340 1106 3644 1161 dmntonum

2070 1191 2204 1245 lleri.
2237 1191 2351 1246 Non
2385 1194 2606 1262 potestis
2653 1195 2875 1250 calicem
2951 1193 3109 1266 571
3187 1195 3394 1250 Domini
3433 1197 3645 1265 bibere,

2067 1289 2122 1335 et
2138 1281 2353 1336 calicem
2377 1281 2759 1338 daamoniorum
2793 1301 2807 1339 :
2835 1299 2941 1340 non
2973 1287 3193 1354 potestis
3211 1300 3410 1340 mensa:
3437 1285 3648 1342 Domini

2069 1371 2403 1442 participari,
2434 1382 2489 1427 rt
2516 1389 2715 1429 mensa:
2742 1374 3126 1430 daemoniorum
3159 1375 3180 1446 (
3210 1378 3262 1432 l.
3292 1373 3410 1430 Car.
3440 1375 3544 1448 1ο)
3570 1393 3586 1430 :
3623 1395 3643 1429 ι

2069 1477 2164 1532 per
2191 1464 2306 1517 hate
2355 1463 2677 1531 impossibile
2719 1479 2841 1520 esse
2884 1465 3235 1532 demonstrat,
3282 1465 3556 1521 daemones
3582 1465 3652 1522 de

2067 1553 2232 1608 calice
2262 1553 2468 1606 Domini
2522 1555 2722 1619 bibere,
2763 1563 2818 1609 et
2858 1554 2926 1610 de
2952 1569 3136 1611 mensa
3181 1558 3296 1623 ejus
3323 1555 3647 1625 participari.

2067 1642 2226 1700 Cibus
2275 1645 2471 1702 diaboli
2497 1657 2779 1716 negatores
2809 1646 2904 1702 Dei
2934 1655 3078 1713 sunt,
3105 1646 3319 1702 Abacuc
3349 1647 3601 1716 loquente
3631 1663 3648 1702 :

2071 1734 2218 1791 Esca:
2233 1737 2344 1808 ejus
2380 1737 2548 1791 electis
2573 1737 2590 1806 (
2613 1738 2769 1793 Abac.
2798 1739 2821 1792 l
2849 1737 2868 1808 )
2894 1753 2909 1803 ;
2937 1738 3086 1793 cibus
3137 1748 3316 1793 autem
3363 1739 3650 1809 impiorum

2069 1827 2303 1882 omnium
2333 1827 2649 1883 execrabilis
2671 1829 2784 1898 ipse
2806 1828 3072 1893 diabolus,
3095 1827 3374 1896 Propheta:
3399 1828 3650 1882 vaticinia
3675 1876 3680 1882 .

2069 1929 2426 1989 concrepante
2456 1941 2469 1976 :
2498 1918 2695 1974 Dedisti
2735 1935 2848 1973 eum
2875 1935 3041 1974 mam
3087 1919 3288 1988 populis
3317 1918 3651 1990 Ethiopians

2071 2008 2260 2081 (Psal.
2303 2011 2391 2066 75.
2457 2010 2587 2080 14).
2647 2009 2725 2064 Ex
2767 2009 2960 2080 quibus
3006 2009 3254 2064 omnibus
3304 2009 3650 2080 approbatur,

2069 2098 2341 2154 Christum
2393 2115 2491 2170 pro
2543 2099 2874 2155 daemonibus
2923 2114 3030 2154 non
3073 2114 3233 2170 posse
3277 2100 3536 2171 cruciﬁgi,
3583 2115 3653 2156 ne

2071 2189 2345 2247 dzemones
2371 2188 2620 2260 Corporis
2659 2199 2714 2245 et
2752 2189 3031 2261 Sanguinis
3054 2191 3169 2261 ejus
3195 2191 3476 2262 participes
3500 2193 3650 2246 llant.

2143 2279 2231 2336 12.
2259 2279 2392 2336 Cum
2412 2297 2542 2353 ergo
2564 2291 2622 2338 et
2644 2283 2932 2352 Apostolus
2953 2282 3022 2338 de
3042 2283 3322 2339 Salvatore
3351 2284 3615 2354 signiticet
3637 2301 3652 2338 :

2075 2371 2188 2425 Hoc
2207 2373 2339 2426 enim
2362 2372 2480 2441 fecit
2497 2371 2672 2438 semel,
2710 2374 2930 2444 seipsum
2947 2372 3161 2440 offerens
3200 2372 3399 2445 (Hebr.
3423 2375 3475 2428 7.
3497 2374 3570 2428 27
3595 2378 3652 2446 );

2072 2471 2126 2518 et
2148 2463 2399 2534 Origenes
2421 2473 2560 2520 tanta
2580 2464 2897 2520 conﬁdentia
2919 2466 3058 2520 illius
3082 2467 3361 2522 sententias
3379 2467 3652 2523 contradio

2071 2564 2178 2617 cat,
2210 2563 2416 2625 tempus
2458 2564 2543 2610 est
2571 2554 2701 2610 illud
2744 2556 2942 2612 inferre
2973 2573 2988 2610 :
3020 2555 3197 2620 Terra,
3237 2565 3370 2611 terra
3392 2557 3514 2611 audi
3541 2573 3655 2612 ver-

2072 2643 2189 2698 bum
2218 2645 2442 2713 Domini,
2471 2647 2630 2701 scribe
2656 2647 2818 2701 virum
2854 2649 3006 2703 istum
3025 2647 3312 2702 abdicatum
3356 2646 3499 2720 (Jer.
3517 2647 3590 2703 22
3610 2649 3654 2719 ).

2072 2734 2201 2802 Quis
2225 2736 2366 2791 enim
2394 2735 2636 2792 infernus
2663 2736 2777 2792 haec
2815 2739 2954 2793 mala
2991 2738 3265 2808 suscipere
3287 2738 3501 2808 potest?
3537 2739 3656 2808 quis

2074 2837 2304 2884 tartarus
2331 2828 2400 2885 de
2426 2829 2583 2883 rebus
2604 2829 2908 2885 istiusmodi
2927 2830 3202 2901 cogitare?
3233 2846 3351 2902 qua:
3381 2832 3659 2902 gigantum

2074 2920 2278 2974 insania
2310 2929 2416 2974 tam
2459 2920 2678 2976 rebellis
2699 2921 2923 2987 exstitit,
2951 2931 3009 2976 et
3037 2921 3224 2975 turrim
3252 2921 3539 2990 impietatis
3563 2936 3655 2975 exe.

2073 3010 2304 3065 struxit?
2347 3026 2467 3082 quin
2515 3011 2680 3066 libido
2700 3011 3005 3079 lasciviens,
3051 3023 3107 3067 et
3145 3013 3448 3068 daemonum
3474 3025 3658 3066 amore

2074 3102 2375 3172 deperiens,
2403 3103 2482 3158 sic
2508 3103 2759 3159 universo
2801 3104 2879 3175 (ά)
2929 3103 3162 3175 dogmati
3191 3104 3484 3160 transeunti
3511 3103 3661 3159 diva-

2075 3193 2258 3250 ricavit
2285 3210 2439 3250 crura
2465 3195 2662 3250 mentis
2682 3196 2828 3250 suae?
2865 3197 2984 3267 quis
3024 3197 3284 3252 intentum
3317 3195 3385 3251 de
3409 3194 3662 3252 Sodomio

2077 3287 2177 3342 lica
2207 3287 2359 3342 vinea
2386 3287 2540 3354 bibit,
2585 3298 2644 3343 ut
2671 3287 2961 3344 inebriatus
3003 3290 3127 3345 vino
3158 3288 3352 3344 furoris
3377 3289 3515 3360 ejus,
3543 3297 3656 3344 toto

2032 3404 2039 3409 -
2076 3378 2238 3434 corde
2280 3378 2611 3435 conciderit?
2653 3381 2771 3450 quis
2824 3379 3236 3453 Babyloniorum
3280 3381 3351 3436 ita
3382 3381 3658 3436 ﬂuminum

2075 3469 2370 3541 gurgitibus
2413 3470 2677 3539 irrigatus,
2703 3471 2856 3526 vivos
2879 3471 3040 3527 Israel
3070 3472 3242 3527 latntes
3268 3471 3514 3541 reliquit?
3541 3471 3660 3540 quis

2077 3563 2358 3632 egrediens
2402 3562 2470 3618 de
2519 3563 2838 3630 Jerusalem,
2867 3574 2923 3619 et
2951 3565 3267 3620 l‘lieroboam
3319 3566 3411 3620 lilii
3455 3565 3658 3620 Nabth

2079 3656 2316 3710 imitator
2353 3656 2610 3720 existens,
2654 3666 2733 3710 tot
2759 3671 3002 3712 errorum
3031 3657 3316 3712 fabricatus
3342 3658 3524 3711 altaria
3555 3667 3656 3723 est,

2079 3754 2133 3798 et
2157 3759 2367 3799 ararum
2399 3745 2613 3814 profana
2644 3744 2719 3816 (e)
2749 3747 2901 3800 thura
2931 3747 3205 3802 succendit
3229 3749 3248 3819 (
3273 3748 3325 3801 ’5.
3357 3747 3484 3818 Reg.
3515 3747 3583 3803 l2
3606 3747 3661 3818 )?

2079 3833 2188 3888 Cur
2215 3833 2416 3888 Dathan
2459 3843 2514 3888 et
2562 3833 2783 3899 Abiron,
2839 3836 2928 3905 qui
2971 3837 3175 3890 minora
3214 3848 3521 3906 peccarunt,
3555 3853 3664 3895 non

2081 3925 2298 3977 veniant
2317 3933 2439 3977 ante
2459 3923 2689 3978 tribunal
2713 3920 2926 3990 Christi,
2950 3934 3004 3980 et
3023 3927 3103 3980 sui
3125 3941 3246 3981 eum
3265 3928 3664 3997 comparatione

2081 4013 2460 4080 condemnent,
2485 4013 2576 4083 qui
2595 4024 2742 4069 extra
2765 4014 3056 4070 Ecclesiam
3082 4015 3372 4072 Salvatoris
3400 4019 3661 4074 variarum

2084 4105 2444 4159 doctrinarum
2468 4103 2734 4160 thuribula
2762 4106 3024 4160 diabolica
3050 4107 3172 4177 igne
3196 4108 3517 4177 complevit?
3554 4109 3664 4166 Ne-

2084 4210 2190 4265 que
2217 4197 2358 4251 enim
2392 4197 2645 4251 Dominus
2670 4198 2758 4268 qui
2785 4199 3017 4268 loquitur
3042 4214 3138 4270 per
3161 4200 3481 4270 Pr0phetam
3508 4221 3520 4256 :
3551 4202 3665 4274 Ego

2084 4287 2296 4342 visiones
2320 4287 2669 4356 multiplicari,
2713 4299 2761 4342 et
2784 4291 2837 4343 in
2863 4289 3092 4344 manibus
3121 4289 3493 4362 Prophetarum
3531 4297 3665 4346 assi-

2085 4379 2290 4434 milatus
2310 4395 2420 4432 sum
2459 4378 2625 4449 (Osee
2666 4379 2754 4434 12.
2787 4381 2873 4436 10.
2890 4382 3046 4448 juxta
3073 4380 3224 4436 LXX
3239 4383 3258 4454 )
3279 4423 3294 4447 ,
3341 4383 3667 4438 adulterinas

2086 4485 2208 4524 eum
2241 4469 2422 4524 docuit
2467 4469 2709 4538 proferre
2733 4470 3024 4536 doctrinas,
3055 4485 3154 4526 nec
3200 4471 3288 4541 qui
3339 4487 3367 4530 a
3398 4472 3668 4542 principio
3761 4502 3764 4504 η

2088 4560 2190 4631 ipsi
2217 4561 2482 4624 viderunt,
2516 4569 2571 4615 et
2597 4562 2823 4615 ministri
2848 4561 3060 4616 luerunt
3087 4561 3234 4616 verbi
3265 4562 3378 4628 Dei,
3410 4577 3510 4617 nec
3537 4563 3667 4619 Pro‘

2089 4660 2364 4724 phetarum
2387 4652 2604 4717 chorus,
2629 4652 2721 4722 qui
2746 4655 2874 4707 olim
2898 4654 3220 4708 vocabantur
3253 4653 3506 4719 Videntes,
3550 4655 3665 4712 luce

2088 4760 2210 4800 eum
2251 4745 2520 4800 instituit:
2550 4743 2645 4798 sed
2692 4745 2806 4813 ipse
2843 4760 2956 4800 suae
3001 4746 3198 4801 mentis
3225 4747 3468 4812 arbitrio,
3499 4746 3666 4805 furori

2089 4836 2390 4890 daemonum
2425 4835 2685 4901 serviens,
2734 4843 2789 4889 et
2825 4835 3020 4892 blando
3067 4838 3444 4907 cogitationum
3485 4853 3671 4894 errore

2089 4927 2610 4996 deceptus,gregem,
2634 4937 2688 4980 et
2707 4935 2764 4980 ut
2785 4927 2852 4980 ita
2875 4927 3067 4995 dicam,
3123 4929 3283 5002 572
3331 4944 3552 4985 examen
3574 4929 3672 4983 do-

2089 5028 2328 5088 gmatum
2356 5031 2749 5086 perversorum,
2773 5034 2868 5087 per
2888 5027 3054 5073 totum
3074 5021 3260 5076 orbem
3284 5021 3501 5076 immisit
3520 5035 3673 5075 men-

2091 5111 2231 5164 tibus
2259 5110 2610 5164 indoctorum.
2635 5109 2744 5165 lste
2764 5119 2847 5166 est
2871 5111 2962 5181 qui
2990 5113 3222 5183 Assyriis
3259 5112 3675 5182 Babyloniisque

2092 5200 2398 5256 ﬂuminibus
2425 5201 2630 5269 aperuit
2658 5216 2721 5257 os
2747 5217 2921 5263 suum,
2956 5204 3044 5271 qui
3081 5219 3265 5257 navem
3295 5203 3550 5257 Ecclesiae
3579 5201 3674 5254 bo-

2094 5307 2279 5346 narum
2309 5290 2563 5348 mercium
2594 5290 2660 5364 (ι’)
2688 5292 2935 5347 salutaris
2954 5293 3210 5348 doctrina:
3238 5293 3473 5361 plenam,
3495 5291 3673 5343 ﬂueti-

2154 5447 2230 5509 (d)
2253 5446 2519 5514 Perperam
2532 5447 2858 5505 Martianaaus,
2875 5445 3055 5508 aliique
3073 5446 3222 5514 editi,_
3231 5441 3489 5514 dogmatis:
3510 5455 3677 5514 em-en-

2093 5502 2268 5559 dantur
2291 5523 2317 5558 a
2340 5502 2548 5569 scriptis,
2572 5518 2626 5559 ut
2646 5517 2810 5559 statim
2835 5502 2960 5568 post,
2975 5502 3082 5556 "tota
3102 5502 3269 5564 corde,
3291 5502 3430 5566 cujus
3453 5502 3559 5550 loco
3582 5502 3676 5553 Be-

2095 5571 2705 5645 "c9i9‘19.“§"°‘.‘?°”"9-_
2819 5629 2855 5645 ,.
2890 5629 2922 5645 ..
3029 5639 3084 5645 _-
3114 5639 3192 5645 ,μμ
3213 5625 3566 5645 μ.-.μ-...-,.

2159 5633 2226 5694 (e)
2260 5625 2448 5681 Vitiase
2467 5631 2651 5682 iterum
2667 5629 2977 5680 Benedictin.
2995 5639 3193 5675 ararum
3211 5625 3523 5688 profanatum
3549 5634 3681 5694 {pro

2096 5693 2285 5743 duobus
2309 5693 2472 5742 verbis
2503 5695 2707 5755 profana
2727 5690 2902 5747 thura,
2926 5687 3054 5750 quod
3076 5687 3259 5736 habent
3283 5685 3432 5736 etiam
3467 5693 3677 5744 castiga-

2098 5757 2250 5819 [iores
2269 5755 2438 5819 aliiex
2461 5755 2688 5819 vulgatis.
2851 5812 2862 5819 _
3242 5807 3254 5819 ,

2159 5803 2237 5878 (Γ)
2269 5803 2574 5865 Ambrosiam.
2606 5833 2629 5861 ι
2650 5827 2826 5865 navem
2851 5812 3082 5861 bonarum
3103 5807 3342 5859 mercium
3365 5803 3560 5870 plenam
3581 5805 3684 5855 sal.
