4106 6340
568 346 671 411 787

561 467 737 525 adusti
768 477 894 524 sunt
935 468 1090 542 (Dan
1117 472 1173 528 3.
1212 470 1356 545 94),
1383 486 1624 533 extrema
1663 475 1915 532 videlicet
1964 479 2140 532 eccle-

1846 360 2093 419 SANCTI
2130 358 2516 422 HIERONYMI'

3727 387 3826 446 788

2248 479 2629 540 beatitudinem
2656 483 2890 545 deserat.
2922 484 3031 548 Nec
3054 487 3264 568 Moyses
3297 500 3635 571 impreeans,
3659 513 3717 560 et
3750 505 3828 561 di-

558 558 790 659 siastica:
809 558 1054 662 (lugtnata
1077 564 1343 662 \Eritatis;
1374 566 1752 623 necsaraballa
1778 576 2142 662 llitlllllaLQIlm
2210 600 2217 603 Α
2244 584 2372 626 cens
2403 592 2417 629 :
2446 573 2696 634 Dominus
2739 578 2881 637 Deus
2919 597 3077 641 vester
3108 558 3418 661 multiplicat
3461 611 3585 662 vos,
3618 558 3827 655 ’δινεεᾷ

556 648 611 703 in
639 651 1021 719 piotectionem
1092 651 1253 724 577
1327 656 1625 711 animarum
1665 657 1981 712 testimoniis
2001 654 2140 711 Scri-

2243 664 2360 718 estis
2388 664 2538 720 hodie
2575 671 2703 723 sicut
2738 674 2901 730 stellw
2934 680 3047 733 ειειί
3089 681 3143 735 in
3183 685 3531 743 multitudine.
3578 688 3824 748 Dominus

746 749 944 850 ξηαπ
958 742 1113 798 “oms
1131 745 1390 849 sapientia
1415 749 1589 850 ίεξιυίξ
1603 746 1701 819 (α)ι
1726 747 1978 850 ηδε-ΨΜ
2004 748 2140 819 ίεηίε
2240 754 2383 813 Deus
2410 772 2612 829 patrum
2635 776 2913 823 vestrorum
2938 772 3096 827 addat
3122 775 3259 830 vobis
3287 779 3419 833 sicut

553 829 609 886 in
642 831 800 887 nobis
841 842 944 901 est,
987 849 1256 905 perversae
1280 837 1518 893 scientia:
1556 838 1768 894 ﬂamma
1806 838 2132 893 discurrens.

548 911 667 979 Non
709 924 853 979 enim
894 926 1265 997 'acquievimus
1314 929 1569 985 doctrina:
1623 930 1760 999 ejus.
1798 931 1886 1000 qui
1921 942 2138 1001 propter

547 1012 757 1085 lapsum
778 1017 1171 1075 rationabilitun
1200 1031 1585 1085 creaturarum,
1617 1036 1843 1093 corpora
1876 1020 1989 1076 ﬁeri
2017 1036 2135 1075 sns-

548 1107 756 1176 picatur
786 1124 803 1164 :
831 1118 889 1163 ct
906 1109 1033 1164 dicit
1047 1110 1196 1180 juxta
1226 1110 1399 1168 Gnaei
1426 1112 1692 1169 sermonis
1732 1114 2132 1185 etymoIOgiani,

544 1198 754 1254 animas
781 1199 978 1261 idcirco
1008 1203 1283 1264 vocitatas.
1315 1204 1456 1272 quod
1496 1205 1728 1260 calorem
1755 1206 1968 1269 mentis,
1997 1216 2051 1261 et
2079 1208 2130 1262 in

548 1287 717 1345 Deum
745 1279 1151 1349 ferventissimm
1173 1295 1412 1349 caritatis
1437 1296 1734 1360 amiserint,
1764 1304 1821 1350 ut
1844 1314 1908 1351 ex
1937 1298 2133 1368 frigore

546 1396 743 1438 nomen
771 1384 1097 1454 acceperint,
1153 1402 1221 1441 ne
1250 1398 1303 1441 et
1330 1388 1623 1444 Salvatoris
1671 1389 1902 1444 animam
1943 1390 2131 1444 iisdem

542 1474 824 1545 subjacere
868 1478 1055 1534 muniis
1104 1481 1445 1536 sentiremus.
1472 1480 1614 1537 Solis
1636 1497 1849 1553 quoque
1877 1492 1931 1538 et
1967 1483 2126 1550 luna-,

540 1581 610 1621 ac
626 1567 900 1623 stellarum
920 1584 1130 1636 cursus,
1160 1580 1219 1627 et
1243 1572 1407 1628 totius
1428 1574 1610 1628 mundi
1640 1574 2047 1643 pulcherrimam
2077 1576 2128 1631 in

542 1657 852 1713 diversitate
895 1662 1301 1717 consonantiam
1344 1678 1449 1719 non
1497 1665 1790 1720 asseriinus
1826 1680 1892 1720 ex
1952 1662 2128 1721 causis

540 1750 986 1819 pnccetietitibus,
1016 1755 1281 1825 variisque
1309 1758 1561 1825 peccatis.
1588 1767 1644 1812 et
1669 1758 1965 1811 animarum
1988 1759 2128 1813 vitiis

539 1840 803 1897 accidisse
834 1863 848 1899 :
882 1857 982 1899 nec
1007 1843 1300 1899 bonitatem
1324 1846 1415 1900 Dei
1444 1846 1612 1902 multo
1638 1856 1881 1918 tempore
1909 1859 2124 1916 praesto-

541 1928 734 1997 latam;
767 1943 824 1987 ut
855 1947 959 1990 non
987 1945 1114 1989 ante
1162 1934 1377 2013 iaceret
1408 1937 1643 1992 visibiles
1670 1950 1966 2002 creaturas.
2024 1939 2124 1994 nisi

541 2021 836 2080 invisibiles
886 2025 1257 2097 deliquissent.
1304 2028 1413 2084 Nec
1457 2030 1745 2085 vanitatem
1793 2031 2127 2101 appellamus

538 2114 893 2171 substantiam
918 2118 1274 2189 corporalem,
1303 2130 1361 2174 ut
1388 2120 1480 2176 ille
1503 2124 1752 2187 aastimat,
1796 2122 1917 2177 aliis
1954 2126 2123 2179 verbis

541 2207 596 2262 iit
623 2207 899 2265 Maniclitei
927 2212 1060 2266 scita
1103 2213 1394 2267 concidens
1449 2212 1525 2286 [i'.
1555 2214 1894 2288 concedens].
1951 2232 2018 2271 nc
2069 2226 2126 2271 et

537 2301 738 2357 Christi
767 2318 964 2374 corpus
1000 2305 1277 2374 subjaceat
1304 2306 1544 2371 vanitati,
1597 2309 1751 2377 cujus
1777 2309 1955 2364 edulio
1978 2319 2125 2364 satu-

538 2396 663 2460 rati,‘
693 2397 1024 2450 rutninamus
1047 2397 1285 2466 quotidie
1330 2398 1516 2464 verba,
1541 2398 1766 2454 dicentis
1794 2418 1809 2454 :
1842 2398 1961 2454 Nisi
2010 2402 2122 2470 quis

537 2488 806 2541 comederit
841 2504 1043 2541 carnem
1079 2505 1259 2553 meam,
1289 2500 1334 2543 et
1363 2489 1537 2543 biberit
1577 2490 1890 2560 Sanguinem
1916 2508 2116 2558 meum,

536 2594 640 2632 non
668 2580 864 2633 habebit
890 2592 1083 2650 partem
1106 2598 1300 2634 meeum
1324 2580 1514 2653 (Joan.
1548 2581 1667 2653 15).
1693 2581 1827 2637 Nam
1854 2584 1897 2637 si
1934 2594 2118 2638 natura

536 2662 795 2738 corporea
821 2688 952 2726 vana
979 2682 1061 2727 est
1084 2683 1140 2727 et
1164 2670 1347 2739 futilis,
1396 2674 1546 2742 juxta
1574 2672 1817 2742 Origenis
1856 2690 2116 2739 errorem,

533 2777 635 2814 cur
658 2761 903 2817 Christus
932 2765 1223 2818 resurrexit
1250 2780 1280 2818 a
1310 2765 1573 2819 mortuis?
1594 2780 1763 2834 quare
1793 2775 1971 2820 nostra
1992 2780 2115 2820 cor-

533 2868 669 2923 pora
694 2855 1009 2910 suscitabit‘t
1058 2857 1187 2926 quid
1216 2857 1313 2911 sibi
1359 2857 1474 2910 vult
1499 2857 1693 2911 Paulus
1741 2857 1981 2913 scribens
2011 2878 2024 2913 :
2055 2857 2116 2913 Si

533 2948 719 3001 mortui
768 2964 871 3002 non
906 2957 1165 3019 resurth
1184 2991 1200 3012 ,
1249 2965 1341 3003 nec
1384 2949 1614 3004 Christus
1648 2950 1868 3004 surrexit
1892 2950 1976 3002 :si
2016 2966 2113 3003 au-

532 3045 632 3091 tem
664 3037 894 3094 Christus
922 3056 1024 3094 non
1059 3040 1367 3107 resurrexit,
1394 3058 1523 3095 vana
1546 3051 1619 3096 est
1648 3041 1781 3107 ﬁdes
1812 3051 1983 3096 nostra
2015 3042 2034 3116 (
2056 3043 2109 3098 1.

531 3125 651 3182 Cor.
675 3129 793 3201 15).

602 3222 692 3278 18.
724 3224 803 3277 Ex
828 3239 935 3295 quo
952 3226 1286 3295 perspicuum
1302 3234 1406 3293 est,
1428 3240 1534 3281 non
1559 3240 1845 3297 corporum
1867 3236 2108 3281 naturam

529 3329 652 3370 esse
674 3330 890 3382 vanam,
911 3316 1007 3379 sed
1035 3332 1130 3372 eos
1162 3317 1383 3373 credere
1413 3317 1487 3389 (ὁ)
1520 3317 1838 3381 vanitatem,
1870 3317 1958 3388 qui
2004 3334 2108 3373 non

527 3412 719 3474 putant
744 3419 863 3459 eam
889 3418 1189 3476 resurgere.
1220 3415 1275 3461 et
1321 3421 1540 3462 manere
1568 3415 1897 3476 perpetuam.
1932 3406 2111 3463 Hono-

529 3493 726 3549 rabiies
751 3508 960 3565 quoque
984 3504 1290 3550 contemnat
1315 3498 1548 3566 nuptias,
1579 3512 1779 3567 negans
1815 3496 2109 3554 subsistere

527 3601 751 3657 corpora
775 3629 791 3654 ,
842 3588 945 3643 nisi
976 3590 1121 3658 prius
1164 3590 1357 3644 animm
1395 3592 1448 3644 in
1475 3591 1614 3646 coelo
1656 3591 2021 3660 peccaverint,
2052 3601 2108 3646 nt

525 3678 652 3733 inde
680 3678 1022 3749 praecipitans
1040 3720 1054 3742 ,
1083 3679 1235 3749 quasi
1263 3679 1578 3751 quibusdam
1602 3680 1885 3750 ergastulis
1919 3694 2109 3752 corpo-

524 3770 644 3823 rum
673 3770 867 3825 vincta:
892 3768 1109 3824 fuerint.
1159 3769 1229 3825 Et
1255 3770 1351 3826 ille
1375 3771 1589 3842 quidem
1629 3775 1826 3827 sentiat
1869 3780 1926 3826 ut
1960 3772 2104 3838 vult,

523 3861 772 3931 loquatur
809 3870 866 3917 ut
908 3861 983 3934 (c)
1031 3877 1135 3917 non
1168 3864 1362 3919 timet:
1409 3863 1589 3918 audiat
1638 3877 1736 3917 nos
1776 3879 1898 3918 cum
1941 3863 2107 3919 Paulo

523 3954 637 4008 suis
675 3954 892 4009 auribus
934 3955 1280 4010 inciamantes
1332 3974 1347 4011 :
1393 3955 1729 4010 Honorabiles
1773 3956 2003 4021 nuptite,
2057 3967 2106 4009 et

525 4048 691 4121 578
762 4047 1312 4102 cubileimmaculatum
1328 4047 1513 4115 (Hebr.
1539 4049 1628 4103 1⁸5.
1651 4048 1731 4117 4).
1755 4047 1824 4102 Et
1838 4048 2107 4116 quomodo

520 4137 939 4196 immaculatum.
962 4138 1006 4193 si
1027 4139 1205 4192 anima
1229 4137 1370 4193 vitiis
1395 4137 1664 4193 sordidata
1692 4152 1855 4191 carne
1874 4138 2107 4193 circum-

520 4228 718 4282 datur?
746 4226 813 4282 Et
838 4229 1007 4297 culpa:
1042 4227 1337 4298 subiacebit
1372 4230 1526 4283 Anna
1566 4244 1700 4282 uxor
1729 4226 1981 4282 iielcana:
2008 4242 2102 4282 se-

522 4334 647 4374 men
672 4318 825 4374 virile
853 4318 1128 4388 p0stulans
1151 4359 1168 4384 ,
1197 4326 1257 4372 ut
1283 4329 1499 4388 propter
1526 4318 1851 4373 desiderium
1879 4319 2103 4373 mulier-

518 4411 691 4477 culae,
743 4410 937 4465 animi?
974 4410 1028 4464 in
1073 4409 1223 4465 caelis
1268 4408 1665 4477 periclitentur,
1691 4417 1749 4463 et
1776 4424 1878 4463 una
1918 4423 2103 4465 earum

518 4509 743 4572 peccato
777 4501 856 4575 (ιι)
889 4501 1067 4573 gravis
1109 4500 1317 4556 labatur
1358 4500 1412 4555 in
1442 4508 1676 4565 terram,
1720 4514 1783 4555 ac
1824 4500 2104 4570 pristinam

591 4680 656 4746 [al
692 4677 832 4749 Idem
866 4689 956 4728 που
992 4674 1216 4749 οτίθθηίξ
1248 4671 1469 4749 ίπλισθίδ
1504 4680 1576 4727 εει
1610 4674 2106 4749 ρετιετροεᾼρείριςειε

738 4740 1031 4810 decurre".
1045 4751 1063 4788 ε
1078 4734 1212 4788 haud
1236 4739 1437 4810 quidem
1460 4750 1580 4810 velte
1598 4734 1725 4810 {sed
1745 4742 1801 4808 ut
1821 4734 2003 4808 deinde
2025 4738 2103 4810 in-

522 4797 719 4867 telligas
741 4800 923 4873 aliquid
946 4801 999 4873 in
1019 4797 1268 4873 impressa
1285 4799 1499 4873 lectione
1519 4797 1822 4873 desiderari,
1846 4799 2102 4873 quoiate-

518 4879 611 4928 ger
633 4860 809 4913 Sensus
825 4860 927 4921 sit;
953 4867 1006 4910 et
1028 4860 1110 4911 vel
1140 4860 1408 4924 legendum
1438 4860 1740 4931 discurrente
1759 4893 1775 4919 ,
1800 4860 1881 4908 vel
1906 4861 2105 4933 prensa

521 4924 731 4985 negandi
758 4921 1011 4984 particula,
1027 4934 1116 4985 nec
1132 4933 1374 4985 perversa:
1397 4921 1654 4985 doctrinae.
1676 4928 1775 4985 etc.
1798 4921 1913 4969 Mox
1934 4924 2103 4972 conler

518 4990 572 5036 ις.
589 4982 855 5061 Epipbapii
878 4982 1143 5061 epistol-am
1167 4984 1228 5033 ad
1263 4982 1405 5032 Joan.
1424 4982 1716 5046 Jerosolym.
1742 4983 1793 5031 in
1828 4988 1995 5031 nostra
2018 4996 2101 5033 re-

520 5045 756 5100 censione
778 5046 857 5095 51.
884 5045 1017 5093 num.
1040 5045 1088 5092 4.
1624 5045 1632 5046 '

482 5156 489 5164 ,
585 5109 655 5175 (li)
683 5106 817 5157 Idem
836 5105 924 5155 Ms.
948 5104 1149 5179 credere
1170 5104 1389 5165 vanimti,
1409 5104 1494 5167 qui
1509 5109 1678 5169 putant
1695 5116 1803 5154 eam
1822 5116 2098 5179 resurgere,

518 5173 904 5239 “Wﬂi‘li‘ere
925 5173 1226 5239 νεηηειμιφηο
1408 5226 1421 5239 .
1489 5229 1523 5239 _.
1762 5234 1773 5239 -
1848 5173 1861 5227 δ

589 5233 652 5299 (:3
691 5230 891 5299 Minime
925 5226 1111 5278 arridet
1143 5226 1557 5299 impressa_lectio
1579 5264 1592 5289 ,
1627 5239 1723 5299 nec
1746 5226 1924 5299 tamen
1954 5241 2102 5299 opem

634 5289 780 5345 'erunt
812 5291 926 5342 Mss.
950 5302 1159 5354 quorum
1180 5289 1528 5354 Ainbrosianus
1544 5327 1564 5354 ,_
1584 5289 1756 5341 sentiat
1778 5294 1832 5339 ut
1853 5289 2062 5354 loquitur
2083 5328 2099 5353 ,

521 5368 575 5411 ιιι
601 5357 850 5426 nontimet
868 5392 883 5409 .
920 5351 1149 5426 e‘llttiDtls
1184 5351 1573 5426 idoneummiltll
1593 5351 2100 5426 possisnestundere',

521 5422 613 5472 nisi
636 5424 676 5469 si
700 5417 818 5468 illud
839 5427 934 5465 non
956 5412 1088 5465 timet
1106 5453 1120 5473 ,
1148 5426 1210 5464 eo
1233 5424 1382 5463 sensu
1403 5414 1469 5478 de
1492 5412 1712 5478 Origene
1734 5413 1912 5478 dicitur
1930 5447 1946 5474 ,
1970 5412 2100 5477 quod

519 5483 722 5534 semivir
747 5492 858 5529 cum
882 5484 1020 5528 esset
1038 5512 1053 5538 ,
1078 5477 1156 5526 sui
1192 5489 1336 5526 causa
1364 5477 1547 5527 animas
1569 5473 1606 5526 ἑ
1622 5473 1748 5525 οωιο
1769 5473 1938 5525 delabi
1953 5512 1971 5535 ,
1988 5473 2102 5525 ‘non

520 5551 847 5673 u_ui§l).e{‘id_ili)
862 5601 1232 5673 pecciuo‘grm'i.
1252 5600 1463 5650 Maxime
1480 5607 1651 5673 autem
1673 5599 1731 5648 ad
1762 5600 1891 5650 hunc
1908 5599 2068 5673 locum
2083 5633 2099 5658 ,

518 5640 975 5739 διιὲἃυῖἰᾶἴὲἅέ
991 5640 1261 5746 animarum
1274 5700 1301 5746 ,L
1316 5676 1439 5746 cum.
1445 5662 1640 5746 aliquid!
1647 5668 1947 5746 peccassent
1952 5640 2102 5746 Lde

519 5723 701 5779 seens'u
726 5729 775 5775 in
804 5739 1005 5789 corpora
1022 5764 1035 5785 ,
1060 5723 1242 5776 iaciunt
1274 5727 1379 5775 base
1400 5723 1666 5837 'l‘hequili
1694 5724 1874 5797 nostri,
1899 5734 2013 5784 quae
2034 5735 2101 5793 ex

523 5791 852 5838 vetustissima
874 5794 1046 5838 catena
1072 5790 1123 5837 in
1137 5787 1369 5839 Genesitn
1387 5786 1494 5837 eod.
1558 5794 1625 5837 at.
1642 5787 1754 5837 747.
1777 5784 1893 5834 olim
1917 5795 2104 5832 exscri-

519 5852 734 5913 δὼωί
757 5851 828 5901 δτι
848 5862 889 5901 οδ
912 5857 962 5901 δῖ’
981 5861 1158 5916 ἀνι-μίας
1177 5862 1218 5900 σί
1238 5862 1364 5914 ψυχαὶ,
1388 5864 1435 5911 ὅς
1456 5863 1627 5914 α’ριτίνιι
1649 5857 1765 5907 ἱδοξι,
1786 5856 2100 5905 ωτασιςλημιηι

2239 860 2286 902 et
2311 848 2587 946 benedicat,
2616 865 2669 909 ut
2694 856 2891 915 locutus
2909 873 2982 918 est
3007 863 3242 933 (Denter.
3266 870 3318 925 1.
3354 872 3443 928 10.
3470 885 3519 928 et
3546 877 3658 946 seq)
3688 848 3822 934 :hoc

2236 942 2450 1034 petebat
2471 955 2527 999 ut
2550 948 2846 1007 animarum
2873 954 2925 1008 in
2947 957 3086 1014 cmlo,
3102 968 3331 1018 catervae
3352 942 3635 1034 peccantes
3658 967 3822 1027 lsrae-

2236 1031 2367 1087 iitici
2393 1038 2575 1139 populi
2605 1052 2817 1108 gentem
2845 1046 3157 1106 conderent.
3179 1051 3332 1120 Quod
3488 1058 3816 1130 discrepans.

2234 1318 2362 1377 tem,
2391 1312 2505 1366 dele
2531 1330 2609 1368 me
2641 1315 2706 1370 de
2732 1318 2863 1373 libro
2890 1337 3036 1389 quem
3079 1326 3328 1394 scripsisti
3364 1328 3562 1395 (Exod.
3606 1332 3696 1388 δί.
3727 1335 3814 1391 32.

2224 1399 2377 1468 juxta
2407 1400 2686 1497 lineam).
2711 1411 2942 1478 postulet
2976 1413 3317 1483 multiplicari
3355 1419 3495 1475 filios
3525 1421 3685 1478 lsrael
3712 1425 3809 1497 (e),

2230 1505 2364 1561 quos
2385 1500 2430 1547 si
2455 1508 2672 1551 noverat
2698 1500 2997 1557 animarum
3022 1505 3191 1560 ruinis
3219 1522 3481 1573 crescere.
3507 1526 3614 1566 non
3638 1529 3671 1570 e
3688 1528 3813 1570 con-

2232 1584 2397 1637 trario
2435 1598 2742 1654 precaretur
2762 1628 2779 1657 ,
2806 1607 2874 1646 ne
2899 1604 3117 1663 propter
3142 1597 3270 1652 vitia
3301 1600 3540 1657 melioris
3569 1603 3813 1660 substan-

2232 1672 2318 1727 tia:
2348 1685 2535 1731 natura
2561 1680 2720 1734 vilior
2760 1682 3103 1741 conderetur.
3147 1686 3258 1743 Cur
3286 1689 3454 1746 David
3491 1692 3813 1763 imprecatur

2228 1764 2281 1819 in
2307 1765 2516 1824 Psalmo
2546 1788 2561 1824 :
2596 1768 2869 1828 Benedicat
2911 1787 2960 1831 te
2997 1776 3249 1835 Dominus
3275 1799 3340 1837 ex
3377 1784 3507 1839 Sion
3527 1826 3543 1850 ,
3569 1797 3620 1840 et
3644 1789 3811 1845 uideas

2226 1872 2339 1926 quia
2360 1857 2492 1915 bona
2517 1874 2636 1917 sunt
2676 1864 2731 1918 in
2755 1867 3042 1926 Jerusalem
3072 1874 3303 1929 omnibus
3337 1874 3513 1931 diebus
3542 1879 3660 1933 vita:
3681 1860 3807 1946 tute,

2226 1958 2273 2001 et
2298 1948 2468 2004 uideas
2498 1952 2631 2018 ﬁlios
2655 1955 2883 2022 ﬁliorum
2912 1968 3114 2015 tuorum
3138 1961 3309 2035 (l‘sal.
3344 1966 3470 2021 127.
3501 1968 3557 2039 5)
3589 1986 3604 2024 :
3631 1971 3676 2025 si
3702 1973 3810 2027 ani-

2225 2056 2431 2133 marum
2464 2042 2536 2114 (f)
2562 2043 2876 2115 depulsione
2914 2062 2968 2105 et
2994 2053 3157 2107 exitio
3181 2054 3308 2123 justi
3340 2057 3439 2129 viri
3463 2071 3688 2130 augetur
3717 2077 3807 2133 ge.

2225 2133 2361 2184 nus?
2389 2132 2451 2187 Et
2477 2134 2639 2191 audet
2666 2137 2846 2216 dicere
2874 2157 2888 2193 :
2920 2140 3053 2197 Ecce
3077 2144 3150 2207 sic
3179 2145 3495 2202 benedicetur
3519 2152 3694 2217 homo,
3722 2132 3807 2223 qui

2227 2223 2363 2276 timet
2385 2224 2655 2281 Dominum
2677 2227 2839 2298 (Ibid.
2857 2230 2914 2300 4)
2941 2247 3094 2287 :cum
3115 2236 3249 2291 sciat
3263 2238 3468 2295 animas
3484 2238 3804 2312 delinquen-

2224 2320 2305 2367 tes
2328 2327 2611 2384 eorporum
2648 2320 2874 2376 vinculis
2900 2322 3143 2391 alligari,
3177 2336 3231 2380 et
3257 2326 3308 2381 in
3353 2328 3658 2398 ltujusmodi
3683 2348 3802 2389 car-

2221 2407 2563 2477 cvrejudlcio
2595 2411 2686 2467 Dei
2717 2429 2901 2482 pmnas
2931 2415 3078 2472 luere
3114 2425 3490 2489 peccatorum?
3525 2424 3802 2492 Quomodo

2224 2496 2362 2552 Deus
2401 2500 2635 2571 loquitur
2662 2520 2755 2572 per
2794 2506 3115 2583 Prophetain
3149 2527 3164 2565 :
3198 2512 3260 2566 Si
3286 2511 3516 2570 audisses
3549 2529 3801 2586 precepts:

2218 2604 2351 2653 mea,
2374 2592 2551 2660 fuisset
2580 2595 2748 2664 utique
2774 2599 2919 2667 quasi
2942 2599 3131 2667 ﬂuvius
3158 2619 3263 2671 pax
3285 2614 3391 2667 tua,
3422 2617 3470 2659 et
3489 2607 3695 2676 jnstitia
3716 2619 3800 2664 tua

2218 2680 2349 2732 sicut
2376 2683 2563 2750 ﬂuctus
2593 2688 2777 2752 maris,
2809 2698 2856 2742 et
2883 2690 3015 2744 sicut
3044 2709 3201 2747 arena
3225 2710 3390 2750 semen
3433 2707 3577 2752 tuum
3596 2741 3612 2765 ,
3645 2711 3691 2754 et
3719 2719 3798 2756 so-

2216 2770 2352 2827 boles
2377 2775 2506 2828 uteri
2528 2777 2634 2841 tui,
2673 2791 2727 2832 ut
2752 2782 2919 2850 pulvis
2957 2793 3105 2839 terra
3142 2785 3163 2857 (
3189 2786 3314 2842 lsai.
3347 2790 3437 2845 48.
3485 2793 3574 2847 18.
3617 2794 3706 2849 19.
3738 2811 3802 2849 ea:

2218 2859 2420 2929 ϐνωεο)
2438 2866 2462 2906 ν
2484 2866 2582 2934 Qui
2611 2870 2752 2924 enim
2785 2871 2876 2926 Dei
2903 2886 3169 2945 praicepta
3197 2891 3538 2947 conservant,
3567 2899 3673 2939 non
3699 2884 3798 2940 de-

2215 2953 2343 3010 bent
2371 2958 2616 3028 accipere
2642 2965 2951 3031 praemium,
2983 2968 3279 3025 animarum
3304 2972 3374 3027 de
3415 2975 3555 3030 cmio
3585 2978 3796 3040 ruinas‘.

2213 3060 2333 3115 qua:
2374 3048 2548 3134 ligatis
2588 3057 2905 3123 corporibus
2935 3098 2952 3123 ,
3000 3058 3200 3115 sobolis
3244 3077 3431 3118 eorum
3471 3066 3796 3123 incrementa

2214 3137 2585 3207 multiplicent.
2616 3142 2670 3197 Si
2697 3155 2876 3200 autem
2920 3148 3105 3203 volunt
3136 3150 3381 3217 discere,
3409 3170 3527 3223 qum
3556 3157 3664 3211 sint
3701 3157 3797 3212 lino

2213 3231 2357 3285 inani
2397 3236 2611 3301 generis
2649 3236 2906 3303 exordia,
2957 3240 3172 3296 audiant
3210 3243 3477 3299 dicentem
3520 3244 3739 3319 Moysen
3778 3267 3794 3301 :

2215 3319 2351 3375 Tulit
2382 3321 2517 3378 Deus
2541 3324 2605 3378 de
2630 3335 2785 3392 terra,
2817 3339 2865 3381 et
2906 3329 3056 3399 ﬁnxit
3098 3333 3384 3400 hominem,
3433 3345 3481 3389 et
3529 3338 3796 3408 insumat!“

2210 3413 2373 3487 579
2442 3420 2498 3471 in
2527 3419 2709 3488 [aciem
2748 3423 2860 3492 ejus
2883 3424 3118 3495 spiritum
3137 3427 3269 3489 uitta,
3294 3436 3342 3480 et
3366 3431 3533 3498 factus
3553 3440 3625 3484 est
3646 3430 3796 3484 homo

2209 3508 2263 3561 in
2290 3508 2514 3563 animam
2538 3512 2779 3567 viventem
2804 3513 2957 3586 (Gen.
2985 3516 3039 3571 2.
3070 3516 3162 3589 7),
3211 3517 3264 3572 id
3289 3529 3373 3574 est
3390 3561 3405 3582 ,
3435 3520 3791 3576 immortalem.

2212 3599 2357 3655 Deus
2384 3617 2596 3672 quaque
2627 3604 2948 3663 benedicens
2984 3608 3152 3663 Adam
3172 3649 3187 3673 ,
3217 3620 3272 3664 et
3298 3610 3494 3679 Evam,
3520 3612 3637 3667 ait:
3669 3612 3792 3667 Cre-

2208 3696 2332 3750 scite
2354 3706 2403 3749 et
2430 3697 2861 3769 multiplicamini,
2881 3713 2927 3757 et
2954 3704 3142 3773 replete
3168 3714 3352 3758 terram
3369 3704 3523 3776 (Gen.
3546 3706 3601 3762 9.
3636 3708 3687 3761 i.
3711 3707 3790 3776 7).

2281 3789 2370 3843 19.
2399 3787 2454 3844 Si
2499 3792 2691 3846 animm
2734 3803 2854 3862 post
2897 3804 3170 3862 peccatum
3197 3797 3487 3850 mittuntur
3512 3798 3565 3852 in
3598 3807 3789 3863 terras,

2209 3888 2267 3933 ut
2295 3891 2580 3936 nascantur
2607 3883 2658 3938 in
2698 3886 3049 3956 corporibus,
3096 3903 3201 3942 non
3231 3895 3347 3944 erat
3372 3889 3598 3944 rationis
3622 3889 3791 3947 bene-

2208 3970 2311 4026 dici
2343 3972 2511 4026 Adain
2541 3985 2595 4028 et
2626 3974 2756 4041 Eva,
2787 3991 2909 4030 cum
2938 3992 3096 4033 causa
3126 3979 3326 4048 peccati
3359 3980 3790 4037 maledictionem

2208 4065 2388 4135 potius
2416 4078 2735 4123 mereretur.
2770 4068 3009 4141 Denique
3040 4081 3318 4142 postquam
3358 4072 3640 4142 plasmavit
3665 4086 3789 4141 eos,

2209 4156 2594 4212 benedictionis
2634 4160 2855 4215 vocibus
2899 4174 3214 4231 prosecutus
3252 4171 3379 4218 est:
3418 4178 3553 4233 quos
3607 4173 3789 4233 postea

2208 4246 2481 4303 Voluntate
2511 4261 2814 4317 peccantes,
2857 4252 3231 4308 maledictione
3257 4254 3538 4324 percussit.
3568 4251 3648 4309 Es
3676 4252 3793 4325 qui-

2209 4336 2309 4391 bus
2336 4337 2601 4407 colligitur
2638 4354 2972 4410 nequaquam
3008 4351 3227 4412 propter
3249 4343 3546 4398 animarum
3575 4354 3789 4414 peccata

2208 4439 2493 4494 corporum
2523 4425 2599 4499 (ῃ)
2644 4428 2951 4487 substitisse
2991 4441 3258 4486 naturam.
3303 4432 3533 4488 Audiam
3574 4446 3787 4489 rursum

2192 4518 2475 4573 dicentem
2528 4536 2544 4574 :
2592 4518 2670 4591 (h)
2698 4518 2812 4592 Ego
2855 4524 2952 4593 feci
2978 4533 3199 4592 terram,
3245 4533 3292 4579 et
3341 4524 3596 4581 hominem
3635 4527 3691 4581 in
3731 4541 3793 4580 eo

2208 4688 2349 4743 cum!
2369 4686 2665 4743 συνηλάιηεεινο
2703 4689 2926 4741 unum:
2947 4696 2999 4743 τῷ
3036 4679 3200 4737 Mucio:
3222 4691 3354 4741 vim
3372 4690 3516 4742 λιτυντι
3557 4677 3707 4742 (ΐοιί⁴
3731 4691 3790 4728 η·

2209 4737 2352 4802 γονης)
2380 4754 2456 4796 τοῖς
2479 4748 2568 4796 υἱοῖς
2592 4737 2752 4802 laedi:
2778 4737 2914 4803 νκῑιριος
2929 4751 2950 4790 ό
2973 4737 3063 4799 διὸς
3086 4752 3178 4800 iiva
3198 4737 3343 4802 upobsiq
3645 4756 3692 4799 ὡς
3716 4752 3794 4790 lett

2207 4810 2473 4862 χιλιοκλωίυς,
2494 4813 2555 4850 tusi.
2577 4810 2768 4862 ὠλοτήσιι
2791 4811 2881 4862 huic
2904 4813 3030 4852 καθότι
3060 4814 3230 4859 adhuc;
3252 4810 3349 4862 bgs'tv'
3374 4814 3417 4852 vis
3440 4828 3508 4866 τερ
3535 4815 3680 4865 mort.
3701 4814 3794 4870 ιςιᾲ

2206 4873 2394 4935 θ’βτίγηῑ
2411 4874 2479 4919 li"
2500 4874 2525 4921 ἢ
2545 4879 2616 4935 ται
2637 4877 2809 4923 me
2822 4870 3234 4935 νεηοιείλλάμιξάια
3247 4862 3657 4935 “Meam:
3683 4880 3706 4909 ι
3718 4862 3794 4935 ,υι

2207 4920 2427 4996 constet,
2453 4920 2549 4994 non
2573 4925 2638 4972 ob
2673 4920 2921 4996 peraratum
2957 4920 3102 4996 (quod
3121 4920 3333 4996 Qrigeni
3369 4920 3528 4996 'vistnu'
3701 4924 3791 4996 de-

2202 4983 2361 5048 jectas
2393 4984 2577 5048 animas
2608 4983 2894 5048 corporibus
2926 4983 3316 5048 sé'implicuisse
3340 4994 3574 5048 ._utamnr
3614 4983 3791 5048 Moysis

2206 5046 2375 5095 verbis
2395 5046 2603 5096 dicentis
2624 5045 2836 5094 ad'ﬁlios
2876 5045 3027 5095 Israel
3058 5061 3068 5093 :
3092 5045 3333 5097 Dominus
3354 5046 3493 5096 Deus
3515 5055 3683 5097 vester
3698 5045 3788 5095 'ad-

2207 5106 2292 5156 dat
2316 5108 2455 5157 vobis
2477 5107 2621 5155 hodie
2656 5108 2785 5156 sicut
2815 5111 2936 5155 estis
2966 5106 3148 5156 millies
3170 5144 3183 5160 .
3225 5116 3274 5156 et
3315 5109 3575 5158 henedicat
3619 5109 3756 5158 vobis
3775 5143 3788 5164 ,

2206 5168 2611 5231 quemadmodum
2635 5166 2775 5218 vobis
2798 5168 2997 5231 locutus
3022 5175 3117 5218 est.
3150 5168 3330 5231 Neque
3355 5172 3484 5218 enim
3508 5169 3793 5218 benedictio

2208 5229 2287 5281 est
2306 5231 2442 5290 juxta
2477 5229 2746 5291 Origeuem
2783 5230 3035 5291 productio
3070 5229 3361 5291 corporum,
3387 5232 3477 5280 sed
3514 5231 3792 5280 maledictio

2208 5292 2483 5341 errantibus
2502 5291 2770 5339 animabus.
2806 5307 2829 5335 ι

2274 5351 2338 5425 (e)
2375 5348 2519 5401 Hunc
2542 5348 2716 5411 locum,
2742 5351 2902 5401 addita
2916 5363 2982 5401 ex
3005 5348 3096 5401 Ms.
3120 5347 3163 5402 si
3186 5352 3440 5414 particula,
3463 5351 3687 5402 nonnihil
3710 5365 3792 5402 re-

2206 5426 2459 5463 sarcimns.

2269 5475 2345 5537 (f)
2375 5472 2585 5522 Brevius
2604 5474 2924 5539 ΔΑιιιὶιιιοεὶδιι.
2956 5470 3001 5525 si
3018 5472 3307 5537 (animum
3326 5481 3523 5539 peccato
3550 5473 3681 5538 justi
3698 5471 3792 5525 rirt'

2301 5533 2407 5585 etur
2429 5546 2578 5585 aeuus
2599 5533 2624 5584 ?

2204 5546 2775 5661 co’ngruo
2809 5611 2957 5647 sensu
2992 5605 3129 5657 erat,
3168 5596 3388 5647 subiisse.
3430 5596 3487 5647 Id
3525 5599 3656 5647 enim
3695 5597 3790 5646 hoc

2205 5657 2517 5721 locoeviucit
2536 5696 2550 5715 ,
2583 5657 2680 5709 nou
2714 5662 2779 5710 ob
2815 5661 3082 5709 animarum
3128 5668 3344 5720 peccata,
3378 5672 3631 5721 corporum
3677 5670 3790 5707 esse

2207 5718 2600 5784 productionem,
2619 5734 2907 5784 eorumque,
2932 5722 2982 5769 in
3005 5718 3288 5784 universum
3312 5718 3534 5784 naturam
3551 5721 3790 5771 subsiste-

2206 5780 2281 5839 i'e,
2306 5788 2390 5829 aut
2412 5782 2707 5832 substitisse.
2732 5780 3055 5832 lle'stituimus
3079 5794 3141 5830 ex
3167 5780 3507 5839 Ambrosiam.

2273 5840 2348 5906 (It)
2381 5841 2529 5893 Juxta
2549 5842 2690 5892 LXX.
2716 5853 2793 5896 est
2810 5845 2890 5895 51.
2914 5844 2961 5893 5.
2986 5841 3075 5892 sed
3097 5854 3194 5891 non
3216 5844 3285 5893 ita
3321 5844 3373 5894 in
3406 5841 3624 5896 Jeretnia
3647 5840 3790 5907 lege-
