4106 6340
293 386 400 444 189

293 497 547 574 (Jer.‘!7.
579 494 656 569 5).
684 494 755 553 Et.
788 494 950 551 David
976 517 989 552 :
1033 493 1223 551 Culum
1251 492 1365 548 caeli
1390 489 1648 559 Domina,
1690 502 1875 546 terram

295 601 463 643 autem
504 587 641 642 dedit
682 588 805 657 filiis
830 588 1088 642 hominum
1133 584 1306 657 (Psal.
1355 586 1497 657 115).
1545 584 1610 640 Et
1661 592 1879 639 cessent

297 681 434 737 ultra
461 681 842 751 cogitationum
864 694 1077 734 suarum
1101 693 1313 735 errores
1340 679 1513 749 sequi,
1539 687 1596 733 et
1624 677 1875 747 Scriptu-

297 787 474 828 rarum
519 772 691 841 magis
735 771 1049 826 auctoritate
1085 770 1366 825 ducantur.
1410 770 1560 826 Sicut
1600 770 1744 825 enim
1786 767 1877 838 qui

297 864 656 933 voluptatibus
686 864 921 918 enervati
947 872 1103 927 sunt,
1133 872 1188 918 et
1220 878 1446 933 quorum
1477 863 1529 917 in
1567 870 1783 933 pectore
1810 861 1878 914 li-

297 952 424 1008 bido
464 952 804 1019 dominatur,
849 956 1274 1022 contemplantes
1310 965 1591 1023 corporum
1631 960 1880 1005 venusta-

297 1056 427 1111 tem,
458 1061 563 1099 non
593 1053 837 1113 qumrunt
862 1059 1069 1099 morum
1098 1044 1561 1115 pulchritudinem,
1587 1044 1682 1099 sed
1709 1058 1879 1099 mem-

299 1136 544 1199 brorum;
576 1149 871 1205 sensusque
895 1149 1081 1189 eorum
1112 1144 1475 1205 pra-gravatus
1502 1133 1620 1189 fece
1644 1143 1875 1198 terrena,

301 1228 429 1282 nihil
457 1229 617 1282 altius
642 1228 914 1283 intuetur:
946 1227 1025 1283 sic
1051 1228 1145 1298 qui
1177 1238 1377 1283 structa
1402 1228 1686 1282 verborum
1732 1241 1880 1281 com~

300 1319 561 1386 positione
581 1318 868 1383 ducuntur,
899 1330 952 1373 et
976 1319 1114 1387 capti
1144 1318 1460 1388 eloquentia:
1489 1332 1645 1383 sono,
1672 1331 1777 1369 non
1806 1316 1879 1369 in-

300 1418 516 1463 tuentur
555 1409 863 1476 dogmatum
904 1410 1181 1465 veritatem
1206 1447 1221 1474 ,
1267 1408 1589 1463 erubescunt
1636 1419 1875 1460 errorem

300 1501 579 1572 pristinum
609 1501 872 1567 conliteri,
904 1510 959 1556 et
979 1501 1294 1571 an‘ogautizc
1316 1511 1524 1555 tumore
1541 1499 1746 1559 czecati.
1777 1512 1879 1551 no-

301 1593 416 1646 lunt
458 1606 579 1647 esse
617 1591 903 1661 discipuli,
950 1607 1018 1646 ne
1056 1600 1337 1662 postquam
1375 1590 1604 1646 correcti
1647 1589 1874 1655 fuerint,

301 1682 446 1752 prius
475 1697 687 1738 errasse
719 1681 1020 1738 videantur.

369 1774 460 1830 20.
504 1774 743 1844 Ahjectis
784 1775 966 1845 itaque
1004 1773 1248 1845 Origenis
1273 1774 1457 1838 malis,
1492 1783 1546 1829 et
1573 1772 1878 1842 Scriptura-

302 1883 441 1934 rum,
464 1883 586 1937 quae
612 1875 876 1922 vocantur
912 1866 1232 1938 apocrypha:
1258 1864 1349 1938 [aL
1381 1865 1676 1936 apocrypha
1712 1874 1760 1918 et
1786 1863 1879 1916 ab-

302 1954 575 2029 scondita],
607 1957 658 2011 id
688 1966 771 2012 est
793 1955 1140 2021 absconditae,
1173 1954 1431 2026 decipulis
1460 1954 1835 2024 praetermissis
1862 1970 1877 2007 :

304 2047 426 2103 Non
452 2049 584 2103 enim
629 2050 684 2103 in
724 2047 1022 2103 abscondito
1052 2049 1251 2101 locutus
1281 2063 1394 2101 sum
1424 2045 1610 2117 '(Joan.
1646 2045 1732 2100 18.
1763 2042 1877 2115 20),

302 2140 375 2193 ait
397 2140 672 2203 Dominus.
697 2139 893 2194 iterum
909 2146 1071 2206 atque
1089 2137 1280 2191 iterum
1296 2136 1524 2190 obsecro
1543 2148 1659 2201 vos,
1687 2135 1881 2187 fratres

302 2230 610 2298 carissimi,
643 2228 923 2285 dominica:
954 2226 1216 2296 passionis
1242 2225 1379 2281 festa
1415 2225 1785 2286 celebremus,
1817 2222 1880 2276 fl-

301 2320 420 2375 dem
457 2319 865 2374 conversatione
897 2317 1215 2372 decorantes
1260 2313 1370 2388 (α),
1417 2312 1781 2368 misericordia
1828 2312 1881 2366 in

301 2426 564 2482 pauperes
592 2410 861 2463 imitemur
893 2407 1080 2472 Deum,
1111 2406 1198 2460 cui
1229 2405 1368 2459 nulla
1401 2403 1756 2473 corporalium
1785 2418 1881 2456 na-

303 2513 542 2555 turarum
573 2498 746 2553 forma
790 2497 1085 2552 consimilis
1120 2504 1225 2550 est.
1267 2495 1569 2550 Habeamus
1596 2496 1648 2548 in
1676 2495 1884 2549 cunctis

300 2591 589 2660 imaginem
617 2588 869 2644 bonitatis
888 2589 1024 2656 ejus,
1065 2586 1377 2656 paenitentia
1418 2586 1767 2641 emendemus
1796 2601 1883 2641 er-

302 2697 481 2746 rores,
513 2695 730 2736 oremus
756 2695 854 2751 pro
881 2680 1130 2746 inimicis,
1181 2694 1277 2750 pro
1304 2679 1691 2734 detractoribus
1728 2679 1883 2733 obse-

300 2790 551 2835 cremus,
584 2774 895 2827 temulantes
936 2772 1183 2843 Moysen,
1216 2773 1305 2841 qui
1353 2773 1554 2826 sororis
1594 2780 1781 2825 contra
1825 2785 1883 2824 se

299 2864 574 2935 loquentis
599 2865 806 2933 culpam
839 2864 1080 2918 oratione
1114 2862 1333 2917 delevit.
1361 2862 1493 2917 Oleo
1523 2864 1882 2932 eleemosyme

303 2963 641 3023 peccatorum
689 2954 877 3009 sordes
932 2955 1172 3007 lavemus
1218 2972 1232 3007 :
1286 2955 1618 3023 captivorum
1674 2951 1881 3007 vincula

304 3042 466 3119 580
539 3059 637 3099 nos
677 3044 957 3099 videantur
993 3044 1319 3113 astringere.
1362 3053 1417 3099 et
1454 3044 1737 3114 propitium
1779 3044 1883 3097 Illis

304 3137 663 3206 imprecemur
686 3136 872 3190 Deum.
887 3133 1111 3190 Clausos
1134 3148 1350 3189 carcere
1374 3133 1676 3188 humanitas
1692 3134 1881 3189 diurna

303 3234 584 3289 sustentet,
610 3234 667 3281 et
691 3225 774 3281 his
808 3240 1032 3296 quorum
1062 3239 1287 3294 corpora
1318 3224 1536 3279 morbus
1565 3224 1763 3294 Regius
1787 3241 1882 3280 oe-

303 3318 534 3387 cupavit,
563 3326 618 3372 et
641 3318 752 3387 jugi
783 3318 905 3372 tabe
934 3314 1172 3370 membra
1202 3316 1511 3378 solvuntur,
1548 3325 1765 3385 propter
1793 3330 1881 3370 re-

312 3411 538 3479 positam
568 3410 618 3463 in
647 3408 797 3464 caelis
825 3409 1150 3473 mercedem,
1182 3408 1410 3463 sollicito
1440 3408 1739 3461 ministerio
1764 3422 1883 3461 ser-

306 3501 532 3555 viamus.
562 3495 859 3571 Si’quando
887 3510 1124 3569 potestas
1147 3497 1333 3568 judicii
1356 3498 1511 3553 nobis
1534 3499 1656 3551 data
1689 3498 1882 3563 fuerit,

304 3602 362 3649 et
391 3594 717 3665 iurgantium
748 3591 815 3647 ad
842 3606 940 3648 nos
979 3594 1202 3645 fratrum
1245 3605 1403 3645 causa
1438 3589 1611 3644 delata
1632 3630 1648 3653 ,
1681 3605 1785 3642 non
1817 3588 1887 3642 sit

307 3701 653 3757 personarum
681 3684 1063 3749 consideratio,
1092 3682 1186 3737 sed
1210 3698 1391 3737 rerum
1423 3699 1437 3736 :
1472 3681 1844 3736 corruentihus
1865 3722 1880 3744 ,

304 3790 361 3834 et
392 3779 442 3833 in
473 3778 814 3833 tribulatione
841 3776 1047 3849 positis,
1080 3789 1178 3830 nos
1205 3789 1416 3844 quoque
1435 3788 1651 3828 ruamus
1672 3773 1884 3827 all‘ectn.

307 3870 473 3940 Leges
507 3884 746 3925 normam
780 3879 996 3924 teneant
1016 3866 1277 3922 veritatis.
1301 3852 1515 3921 Caritas.
1535 3880 1699 3935 prona
1729 3864 1797 3918 sit
1820 3866 1886 3919 ad

305 3962 725 4018 misericordiam
744 4004 760 4028 ,
794 3975 900 4016 non
942 3959 1204 4014 insultans
1229 3957 1575 4030 peccantibus
1597 3999 1613 4021 ,
1641 3957 1734 4012 sed
1759 3973 1889 4011 con-

306 4053 494 4109 dolens
514 4096 529 4120 ,
562 4053 735 4109 facilis
758 4061 843 4108 est
869 4051 1012 4107 enim
1042 4049 1222 4119 lapsus
1250 4048 1317 4102 atl
1358 4046 1484 4102 vitia
1505 4088 1521 4115 ,
1550 4056 1605 4102 et
1630 4046 1889 4118 fragilitas

306 4145 626 4201 conditionis
679 4145 926 4198 humana:
963 4139 1220 4212 quidquid
1249 4140 1419 4195 cernit
1449 4139 1501 4194 in
1545 4140 1686 4207 alio,
1731 4140 1784 4194 in
1829 4156 1889 4196 se

307 4235 464 4292 debet
500 4236 901 4307 pertimescere.
939 4230 1183 4302 Cumque
1228 4232 1362 4286 alius
1401 4230 1557 4286 fuerit
1584 4246 1682 4302 pro
1705 4246 1890 4286 errore

307 4337 589 4398 correptus
609 4369 624 4391 ,
656 4326 800 4381 illius
826 4323 1130 4380 emendatio
1164 4333 1345 4377 nostra
1374 4324 1445 4377 sit
1470 4323 1648 4378 cautio
1667 4363 1681 4385 ,
1712 4332 1764 4378 et
1792 4338 1889 4377 su-

309 4435 404 4489 per
431 4420 608 4475 omnia
636 4418 785 4489 quasi
831 4418 1064 4484 culmen,
1090 4424 1146 4471 et
1183 4429 1381 4469 corona
1407 4414 1660 4469 virtutum
1679 4455 1693 4479 ,
1721 4415 1891 4484 pietas

310 4512 361 4566 in
394 4511 558 4568 Deum
585 4520 697 4566 toto
729 4509 908 4565 cordis
941 4507 1133 4564 timore
1158 4518 1436 4572 servetur,
1468 4516 1891 4577 execrantesque

310 4601 540 4658 Deorum
583 4616 862 4655 numerum
883 4640 898 4664 ,
930 4599 1103 4654 Patris
1136 4607 1191 4652 et
1220 4598 1336 4653 Filii
1382 4607 1437 4653 et
1461 4596 1691 4667 Spiritus
1719 4599 1889 4654 sancti

306 4710 468 4751 unam
512 4693 864 4748 coniiteamur
905 4692 1349 4758 indiscretamque
1392 4689 1784 4757 substantiam,
1836 4692 1889 4745 in

309 4802 411 4858 qua
442 4794 497 4840 et
540 4782 791 4852 baptizati
828 4781 991 4834 vitam
1035 4788 1291 4834 aeternam
1336 4780 1691 4846 suscepimus.
1741 4779 1808 4833 Et
1845 4780 1891 4835 si

312 4878 406 4934 Dei
432 4874 679 4932 tribuerit
700 4873 1003 4935 clementia,
1035 4886 1156 4924 eum
1196 4870 1414 4939 Angelis
1445 4870 1774 4927 merebimur
1796 4870 1895 4923 do-

311 4971 565 5025 minicum
596 4966 798 5023 Pascha
827 4962 1101 5020 celebrare
1121 5002 1137 5027 ,
1176 4959 1432 5015 habentes
1459 4959 1892 5030 Quadragesimts

310 5061 628 5125 exordium,
678 5057 746 5113 ab
795 5065 984 5111 octavo
1032 5052 1121 5107 die
1164 5053 1363 5106 mensis
1390 5091 1408 5117 ,
1459 5051 1550 5120 qui
1600 5051 1892 5106 secundum

312 5154 596 5226 Egyptios
622 5158 842 5206 vocatur
863 5145 937 5219 (ὁ)
975 5142 1326 5200 Phameuoth.
1360 5141 1428 5197 Et
1470 5141 1588 5213 ipso
1620 5141 1891 5211 prurbenle

310 5294 392 5350 rit,
415 5303 525 5341 cum
549 5301 576 5337 a
608 5283 792 5350 Gripeis
823 5293 1022 5350 quoque
1057 5264 1689 5350 exemplaribushrecedat;
1715 5288 1888 5327 verum

206 5402 213 5413 ,
312 5339 560 5413 memoria:
583 5346 791 5413 confisus
811 5339 870 5413 ad
895 5339 1008 5413 eum
1031 5339 1222 5413 modum
1243 5339 1482 5390 recitavit.

374 5398 622 5486 ζᾶῖῖδέίὲι
645 5408 735 5457 Μδ·
768 5399 1498 5486 ἨίεξνίξέτέίΞἯςέηηξαέῖξζὲ
1519 5398 1888 5486 ίὲξξζῖῗῖηίῗξμξ

310 5461 553 5527 imitemur
579 5481 752 5521 Deum.
778 5467 893 5518 Mox
932 5464 985 5516 in
1016 5463 1197 5515 cunctis
1234 5461 1299 5510 ex
1323 5462 1497 5511 eodem
1535 5461 1780 5525 legimus;
1806 5463 1889 5511 ubi

312 5538 430 5587 editi
452 5535 504 5587 in
526 5538 735 5586 Cunctos.

374 5583 569 5662 ibi
597 5583 1887 5662 rumicem-"Ponti.ivijetet9994eseiee.§ni-

313 5647 537 5712 tittin'die
573 5664 742 5720 quarta
774 5654 969 5720 Martii,
1003 5648 1283 5720 llehdomas
1305 5647 1454 5720 major
1477 5647 1848 5720 octavaAprilis
1867 5683 1882 5709 ,

312 5706 675 5785 ὲὶίἰῖἐδὲξςῖιιια
694 5724 876 5785 -99an
915 5706 1753 5785 Βρηέίηίθᾎφέἶθέξιὲξὲἓθέβέἳτίξωίη
1776 5706 1887 5785 99.9}

314 5768 446 5834 iii-'6
460 5768 649 5833 scilicet
684 5768 793 5831 ιόι.
817 5786 871 5830 ut
894 5789 958 5828 ex
981 5774 1118 5825 hisce
1147 5768 1470 5820 Romanorum
1498 5772 1739 5822 mensium
1761 5772 1891 5824 notis

318 5847 459 5897 uane
480 5843 739 5907 colligitur.

1620 418 1625 422 ε
1646 375 1978 435 EPISTULA
2013 372 2199 437 XCVII
2213 414 2228 432 .

3448 390 3563 449 190

1988 488 2160 556 vires,
2187 488 2441 546 attentius
2474 489 2777 563 jejunemus
2804 513 2821 550 :
2851 495 3197 560 hebdomade
3224 503 3443 573 majoris
3461 541 3481 570 ,
3507 503 3560 559 id

1982 593 2067 639 est
2124 581 2345 639 Pascha:
2387 585 2707 643 venerabilis
2733 627 2752 656 ,
2804 588 2891 646 die
2937 593 3302 649 tertiadecima
3357 596 3562 664 mensis

1983 672 2299 729 Pharmuthi
2347 673 2687 731 fundamenta
2722 676 2988 746 iacientes
3016 698 3030 734 :
3058 681 3131 738 ita
3171 683 3471 752 duntaxat,
3502 694 3563 741 ut

1978 763 2131 835 juxta
2152 765 2483 835 evangelicas
2512 765 2831 822 traditiones
2859 768 3105 828 finiamus
3128 772 3332 843 jejunis
3360 776 3559 830 intem—

1983 864 2133 923 pesta
2178 866 2367 922 nocte,
2413 865 2605 911 octavo
2635 856 2844 912 decimo
2893 857 2981 914 die
3024 862 3313 931 supradicti
3361 866 3563 921 mensis

1983 944 2316 1000 Pharmutbi.
2348 946 2414 1000 Et
2436 946 2610 1002 altero
2639 946 2746 1013 die,
2778 948 2871 1018 qui
2900 948 3182 1006 dominica:
3211 954 3565 1010 resurrectio-

1981 1039 2064 1094 nis
2089 1047 2173 1095 est
2192 1039 2514 1111 symbolum,
2539 1041 2592 1096 id
2615 1050 2717 1105 est,
2748 1042 3103 1098 nonodecimo
3128 1046 3368 1114 ejusdem
3398 1064 3551 1104 men-

1981 1131 2057 1185 sis
2072 1145 2254 1185 verum
2277 1132 2478 1188 Pascha
2496 1133 2828 1189 celebremus
2851 1152 2865 1188 :
2886 1134 3234 1205 adjungentes
3253 1137 3337 1193 his
3355 1148 3561 1210 septem

1982 1221 2212 1291 reliquas
2243 1222 2603 1278 hebdomadas
2625 1265 2641 1288 .
2671 1224 2725 1278 in
2754 1225 2949 1295 quibus
2974 1227 3320 1283 Pentecostes
3361 1228 3565 1284 festivi-

1981 1320 2064 1367 tas
2092 1314 2307 1376 texitur,
2359 1323 2416 1368 et
2459 1313 2758 1384 praebentes
2809 1331 2907 1371 nos
2951 1318 3143 1387 dignos
3184 1322 3565 1375 communione

1980 1406 2236 1476 Corporis
2261 1417 2318 1462 et
2357 1406 2647 1479 Sanguinis
2685 1407 2909 1465 Christi.
2949 1409 3038 1467 Sic
3061 1412 3205 1467 enim
3234 1413 3565 1469 merebimur

1980 1499 2228 1569 accipere
2251 1514 2413 1568 regna
2435 1501 2695 1556 caelorum
2727 1501 2781 1556 in
2805 1501 3023 1557 Christo
3053 1503 3180 1559 Jesu
3212 1505 3436 1560 Domino
3461 1521 3564 1562 no-

1982 1600 2096 1645 stro
2113 1631 2130 1658 ,
2154 1606 2248 1661 per
2273 1606 2432 1661 quem
2455 1633 2469 1655 ,
2498 1602 2553 1648 et
2579 1607 2700 1647 cum
2736 1607 2843 1663 quo
2872 1593 2982 1649 Deo
3006 1594 3149 1650 Patri
3174 1596 3344 1667 gloria
3369 1608 3423 1654 et
3466 1598 3568 1653 im-

1984 1683 2188 1751 perium
2208 1722 2223 1747 ,
2252 1697 2375 1737 cum
2392 1681 2593 1752 Spiritu
2616 1682 2812 1738 Sancto
2832 1724 2847 1748 ,
2879 1692 2935 1739 et
2963 1699 3105 1741 nunc
3124 1725 3140 1751 ,
3172 1694 3229 1741 et
3246 1700 3481 1758 semper,
3511 1699 3569 1745 et

1982 1774 2036 1827 in
2064 1773 2243 1827 omnia
2270 1772 2465 1827 sarcula
2493 1773 2814 1828 saeculorum
2846 1772 3042 1830 Amen.

2054 1864 2213 1937 581
2286 1865 2351 1920 21
2400 1863 2472 1938 (c)
2511 1865 2751 1929 Salutate
2777 1865 3007 1921 invicem
3048 1867 3102 1922 in
3138 1867 3323 1925 oscuio
3358 1875 3566 1926 sancto.

1982 1953 2227 2012 Salutant
2253 1971 2349 2011 vos
2371 1956 2463 2025 qui
2492 1970 2701 2011 mecum
2731 1964 2856 2040 sunt
2887 1954 3103 2013 fratres.

2444 2067 2773 2125 EPISTOLA
2790 2068 2979 2125 XCVII
3007 2069 3107 2143 (tl).

2327 2201 2394 2240 an
2412 2200 2754 2241 PAIIACBIUI
2778 2201 2848 2240 er
2873 2202 3215 2242 ιΑιιοιιωι.
3232 2177 3245 2187 ’

1984 2299 2211 2354 Alteram
2235 2298 2507 2368 Theophili
2539 2298 2844 2353 Paschalem
2879 2299 3144 2369 epistolam
3168 2310 3346 2356 contra
3387 2301 3569 2373 Orige-

2057 2406 2170 2445 nem
2195 2407 2228 2443 a
2255 2406 2308 2444 se
2337 2389 2517 2443 Latine
2540 2390 2846 2460 explicatam
2874 2390 3061 2453 mittit,
3093 2400 3140 2444 et
3176 2390 3311 2460 quod
3335 2394 3570 2460 superio-

2055 2499 2161 2537 rem
2187 2498 2219 2534 a
2242 2497 2295 2534 se
2322 2482 2638 2534 immutatam
2658 2480 3090 2536 calumniarentur
3107 2479 3427 2551 Origenistae,
3455 2498 3573 2535 rur-

2056 2591 2142 2629 sus
2170 2576 2262 2627 hoc
2281 2590 2414 2631 anno
2438 2571 2673 2629 ercum
2717 2573 2979 2641 exemplar
3005 2574 3222 2626 versioni
3249 2589 3358 2627 sua:
3370 2574 3570 2643 jungit,

2057 2676 2103 2720 et
2124 2666 2296 2735 paucis
2317 2666 2575 2717 haereticos
2600 2663 2882 2733 impugnat.

2061 2777 2113 2831 1.
2149 2775 2222 2847 (e)
2274 2775 2504 2829 liursum
2546 2773 2908 2827 Orientalibus
2937 2788 3036 2827 vos
3069 2772 3338 2844 locuplete
3381 2775 3574 2830 merci-

1987 2869 2104 2934 bus,
2137 2879 2190 2922 et
2216 2865 2603 2921 Alexandrinas
2629 2881 2761 2935 opes
2787 2880 2960 2935 primo
2987 2865 3213 2920 Romam
3240 2881 3369 2921 vere
3395 2876 3567 2921 trans:

1988 2961 2164 3014 mitto.
2192 2956 2260 3030 (ι’)
2286 2957 2420 3011 Deus
2459 2957 2523 3009 ab
2567 2957 2755 3009 Austro
2793 2957 2975 3019 vcraiet,
3007 2966 3055 3009 et
3078 2965 3284 3009 sanctus
3311 2955 3375 3009 de
3403 2971 3575 3010 monte

1990 3050 2224 3115 Pharon,
2255 3050 2431 3103 umbra
2451 3047 2709 3101 condensa
2732 3046 2911 3117 (Abac.
2941 3048 2994 3101 3.
3019 3048 3075 3119 5)
3098 3065 3112 3099 :
3136 3048 3279 3102 unde
3302 3057 3357 3101 et
3375 3063 3569 3118 sponsa

1988 3143 2200 3197 lzetatur
2247 3141 2299 3195 in
2345 3138 2565 3195 Cantica
2607 3138 2951 3193 Canticorum
2974 3179 2990 3205 ,
3036 3138 3265 3193 dicens:
3296 3137 3364 3192 In
3395 3140 3573 3191 umbra

1986 3236 2096 3306 ejus
2120 3231 2383 3301 concupiui
2409 3239 2457 3285 et
2477 3230 2621 3294 sedi,-
2644 3240 2691 3282 et
2718 3232 2912 3299 fructus
2938 3230 3047 3296 ejus
3069 3229 3233 3283 dulcis
3258 3231 3313 3282 in
3339 3229 3569 3299 faucibus

1987 3325 2110 3378 meis
2134 3321 2308 3392 (Cant.
2338 3321 2395 3375 2.
2425 3321 2502 3393 5).
2545 3319 2684 3375 Vere
2710 3334 2851 3373 nunc
2885 3321 3187 3390 completur
3214 3319 3577 3375 Isaia-Vatici-

1989 3416 2134 3469 nium
2166 3412 2501 3485 prtcdicantis
2532 3429 2547 3465 :
2594 3409 2662 3465 In
2703 3411 2787 3464 die
2827 3411 2920 3465 illa
2958 3412 3051 3466 erit
3093 3410 3256 3465 altare
3282 3411 3492 3465 Domini
3520 3413 3573 3463 in

1990 3509 2154 3561 medio
2183 3516 2330 3561 terra:
2372 3504 2594 3575 digypti
2640 3502 2794 3576 (Isai.
2843 3504 2932 3560 19.
2980 3503 3089 3575 19).
3138 3504 3239 3562 Ubi
3285 3505 3576 3559 abundavit

1991 3610 2291 3670 peccatum,
2317 3597 2770 3666 superabundavit
2789 3605 2845 3650 et
2866 3597 3036 3666 gratia
3059 3596 3232 3663 (Rom.
3256 3598 3310 3652 5.
3334 3597 3446 3667 20).
3471 3598 3573 3665 Qui

1991 3691 2266 3760 parvulum
2307 3688 2577 3742 Christum
2627 3687 2906 3750 foveraut,
2954 3686 3194 3740 adultum
3239 3688 3359 3741 fidei
3389 3687 3574 3741 calore

1990 3780 2304 3843 defendunt,
2336 3789 2395 3832 ut
2420 3778 2511 3847 qui
2540 3793 2634 3847 per
2658 3778 2779 3831 illos
2804 3776 3061 3845 effugerat
3089 3778 3317 3832 Herodis
3360 3794 3571 3845 manus,

1990 3870 2206 3939 effugiat
2235 3869 2541 3923 ltmreticum
2575 3868 3052 3935 blaSphemantetn.
3079 3869 3247 3935 Quem
3276 3866 3351 3940 (g)
3384 3870 3572 3924 Deme‘

1995 3966 2126 4020 trius
2150 3962 2437 4018 Alexandri
2467 3961 2596 4016 urbe
2623 3961 2823 4031 pepulit
2848 4000 2864 4026 ,
2910 3972 3022 4015 toto
3047 3963 3178 4017 orbe
3207 3964 3351 4031 fugat
3394 3962 3544 4016 Theo
3563 3992 3575 4001 θ

1996 4056 2173 4126 philus
2191 4095 2206 4120 ,
2236 4054 2302 4107 ad
2328 4068 2486 4123 quem
2519 4051 2691 4107 Lucas
2718 4053 2933 4122 scripsit
2962 4056 3125 4107 Actus
3161 4054 3537 4122 Apostolorum
3560 4096 3575 4116 ,

1994 4148 2084 4217 qui
2107 4163 2173 4201 ex
2193 4160 2377 4199 amore
2409 4145 2500 4199 Dei
2529 4159 2724 4199 nomen
2748 4143 2967 4199 invenit.
2992 4144 3095 4199 Ubi
3123 4160 3263 4199 nunc
3287 4155 3369 4202 est
3388 4143 3466 4216 (lt)
3488 4159 3577 4199 co-

1995 4240 2149 4296 luber
2168 4237 2483 4294 tortuosus?
2506 4236 2594 4293 ubi
2622 4236 3037 4292 venenatissima
3060 4237 3238 4306 vipera
3251 4238 3277 4291 τ

2102 4332 2285 4388 Prima
2312 4331 2532 4385 hominis
2564 4329 2743 4403 facies,
2773 4338 2912 4383 utero
2939 4330 3207 4383 commissa
3222 4328 3483 4399 luporum.

2985 4408 3226 4492 (Δξηείά.
3255 4424 3340 4492 3).

1995 4522 2098 4579 [lbi
2129 4520 2385 4583 haeresis.
2425 4532 2545 4589 quae
2574 4515 2820 4571 sibilabat
2848 4514 2901 4568 in
2929 4515 3161 4577 mundo,
3184 4521 3239 4567 et
3273 4528 3362 4568 me
3400 4522 3453 4567 et
3480 4513 3584 4567 Pa-

1995 4628 2117 4684 pam
2145 4609 2497 4679 Theophilum
2527 4608 2607 4661 sui
2631 4605 2869 4676 jactabat
2905 4604 3125 4668 erroris,
3149 4602 3450 4672 latratuque
3482 4604 3550 4655 im

1998 4701 2504 4773 pudentissimorum
2541 4710 2732 4750 canum
2786 4691 2853 4746 ad
2898 4692 3229 4747 inducendos
3274 4693 3580 4764 simplices,

1998 4803 2236 4847 nostrum
2285 4786 2643 4842 mentiebatur
2668 4783 2984 4838 assensum?
3030 4782 3297 4854 Oppressa
3340 4795 3422 4840 est
3464 4786 3582 4856 ejus

2059 4903 2130 4967 (cp)
2165 4900 2283 4967 Quae
2303 4899 2416 4967 hinc
2443 4903 2733 4967 sequuntur,
2758 4895 3321 4967 ignoratiimbrosianus
3345 4898 3491 4949 liber.

2059 4957 2138 5085 id)
2176 4957 2301 5010 illius
2320 4960 2400 5010 78.
2425 4957 2612 5021 scripta
2633 4970 2744 5030 vere
2904 4957 3010 5007 402.

2083 5028 2130 5087 e)
2164 5022 2327 5087 Facile
2368 5022 2803 5087 enim__supert(_)rts
2836 5032 3034 5087 quoque
3076 5019 3325 5087 Paschalis
3355 5021 3496 5087 Latin

2061 5033 2130 5087 te)
2164 5033 2327 5073 Factle
2368 5033 2500 5070 enim
2535 5033 2803 5082 superioris
2836 5033 3034 5083 quoque
3077 5033 3325 5072 rascnatis
3356 5033 3579 5073 Latinam

1998 5083 2455 5147 interpretationem
2494 5081 2670 5131 iisdem
2702 5081 3011 5132 Pammachio
3034 5088 3087 5132 et
3121 5081 3369 5134 Marcella:
3404 5086 3577 5134 inscri-

1998 5155 2244 5276 “23‘s;
2260 5206 2431 5276 Graeco
2454 5216 2491 5260 ιε
2516 5216 2620 5276 apag;
2640 5216 2763 5268 οιοὰν
2783 5219 3005 5257 mica
3027 5214 3184 5264 κασίης,
3199 5220 3317 5276 nam
3341 5219 3371 5256 e
3393 5213 3579 5276 postre-

1998 5266 2094 5321 mis
2110 5266 2276 5320 verbis
2312 5267 2507 5331 Vulgat.
2542 5266 2638 5316 alio
2677 5266 2828 5315 sensu
2867 5281 3045 5317 novum
3082 5267 3379 5319 versiculum
3396 5266 3576 5328 auspi-

1998 5341 2335 5461 ωῗῶὉΝοῳιη
2353 5390 2483 5454 quod
2518 5388 2847 5461 Origenesnex
2871 5388 3576 5461 Achaiareduxtlfresiytcrii

1999 5447 2201 5519 gradum
2227 5453 2325 5517 jau
2358 5447 2643 5519 assecutus}
2682 5465 2709 5519 ξ
2748 5450 3005 5519 Demetrio
3041 5450 3374 5519 Alexandrino
3406 5447 3572 5509 Episc.

1999 5512 2166 5590 inultis
2308 5516 2466 5565 causis
2497 5514 2592 5565 sibi
2628 5512 2819 5563 infenso
2854 5514 3151 5563 Alexandria
3186 5512 3401 5571 migrare
3439 5522 3575 5558 eom-

1998 5578 2409 5705 νυξῖῗδιῗῖῗάὶηιιω
2433 5638 2671 5705 seminus
2708 5635 3033 5705 ρετξινίοβίιρ
3072 5632 3156 5705 sui
3176 5627 3577 5705 ,Prttiaii‘l'iii“

1980 5692 2148 5768 Ἰἰιήοὲ
2162 5715 2241 5768 «et
2262 5704 2384 5768 λησγ
2405 5700 2507 5768 sibi
2524 5712 2637 5768 eum
2660 5692 3043 5768 in'Origeni'anis
3061 5692 3574 5768 degmat‘i‘bus‘assen-

2000 5749 2463 5817 iiéhiétii‘iii'éamus
2486 5759 2647 5809 fuerat
2662 5794 2676 5814 ,
2702 5749 2845 5819 quani
2867 5749 3153 5805 calumniam
3174 5752 3229 5803 S.
3249 5751 3431 5804 Doctor
3450 5749 3574 5815 Apo-

2001 5828 2212 5892 logetieo
2234 5823 2317 5874 lib.
2345 5823 2391 5875 1.
2423 5830 2572 5884 atque
2593 5819 2708 5870 alibi
2731 5826 2924 5881 purgat.
