4106 6340
578 373 677 429 791

576 483 907 544 auctoritate,
939 486 993 536 et
1016 475 1316 547 eloquentia
1345 493 1357 530 :
1388 483 1445 530 et
1477 473 1527 526 in
1557 486 1757 526 morem
1783 468 2139 523 dznmoniaco-

578 589 695 628 rum
734 570 1012 641 spirituum
1057 567 1124 622 de
1152 577 1291 622 terra
1331 565 1582 633 IOquitur.
1614 561 1792 617 Nescit
1833 559 1973 613 enim
2021 571 2141 608 cum

577 665 701 732 qui,
741 663 808 717 de
851 675 1060 716 sursum
1107 659 1359 724 veniens,
1403 673 1465 710 ea
1508 655 1739 727 loquitur
1778 666 1894 720 qtta:
1933 661 2144 702 sursum

577 764 720 808 Sunt.

648 846 703 899 2.
735 846 908 913 Atque
933 845 1132 898 utinam
1160 841 1461 912 serpentiua
1501 836 1792 908 generatio,
1823 843 1914 886 aut
1938 831 2143 900 simpli-

577 937 714 993 citer
737 948 918 990 nostra
952 938 1175 990 fateatur
1193 976 1208 998 ,
1238 943 1330 986 aut
1353 939 1657 986 constanter
1683 924 1929 979 defendat
1951 939 2067 986 sua,
2093 933 2147 975 ut

577 1029 717 1084 scire
753 1029 1026 1082 valeamus
1049 1027 1137 1097 qui
1179 1025 1330 1079 nobis
1363 1020 1573 1074 amandi
1615 1019 1754 1082 sint,
1787 1017 1873 1085 qui
1903 1013 2144 1068 cavendi.

577 1117 730 1173 Nunc
755 1128 933 1172 autem
963 1131 1154 1170 novum
1200 1112 1523 1180 pmiiitentite
1551 1125 1720 1179 genus
1743 1126 1757 1164 :
1780 1109 2006 1162 oderunt
2029 1117 2145 1166 nos,

579 1209 730 1278 quasi
772 1208 954 1262 hostes
973 1247 987 1270 ,
1020 1222 1242 1276 quormn
1272 1203 1428 1259 fidem
1461 1202 1668 1270 publice
1695 1212 1890 1284 negare
1918 1213 2022 1251 non
2049 1211 2148 1248 au-

580 1299 730 1353 dent.
771 1299 931 1371 582
977 1297 1147 1366 Rogo,
1172 1297 1293 1364 quis
1322 1306 1404 1348 est
1434 1296 1534 1348 iste
1563 1293 1735 1354 dolor,
1768 1291 1854 1357 qui
1884 1304 1982 1344 nec
2011 1299 2147 1342 tem-

579 1404 732 1458 pore,
765 1404 862 1443 nec
901 1388 1106 1442 ratione
1134 1386 1383 1440 curatur?
1429 1386 1569 1440 Inter
1613 1386 1870 1438 micantes
1906 1381 2146 1450 gladios,

575 1481 804 1549 jacentia
830 1495 1074 1549 corpora,
1101 1479 1245 1532 rivos
1264 1479 1536 1548 sanguinis
1557 1475 1898 1546 proﬂuentes,
1919 1474 2150 1541 jungun-

581 1583 668 1625 tur
693 1586 835 1639 Saape
867 1571 1086 1624 hostiles
1109 1571 1332 1635 dextrm,
1361 1579 1415 1623 et
1446 1570 1568 1624 belli
1599 1569 1800 1622 rabiem
1832 1583 1930 1636 pax
1955 1580 2149 1634 repen-

583 1662 686 1714 tina
714 1671 1022 1715 commutat.
1057 1660 1164 1715 Soli
1195 1670 1320 1714 sant
1351 1660 1505 1727 hujus
1533 1659 1801 1713 haereseos
1829 1666 2146 1718 sectatores,

579 1753 668 1821 qui
712 1767 829 1806 cum
880 1751 1268 1806 Ecclesiasticis
1311 1767 1416 1805 non
1469 1750 1649 1805 valent
1691 1747 1988 1803 foederari:
2029 1746 2150 1812 quia

580 1842 722 1912 quod
752 1859 999 1898 sermune
1025 1854 1288 1912 coguntur
1312 1842 1489 1896 dicere
1508 1881 1526 1907 ,
1557 1851 1732 1896 ruente
1770 1839 2145 1892 condemnant.

581 1941 646 1996 Et
696 1941 741 1994 si
787 1939 1000 2010 quando
1043 1949 1226 2008 aperta
1282 1937 1609 2005 blasphemia
1663 1933 1889 2004 publicis
1935 1931 2152 1984 auribus

579 2033 738 2087 fuerit
764 2035 1016 2094 revelata,
1042 2043 1096 2086 et
1127 2032 1350 2086 viderint
1380 2038 1564 2084 contra
1596 2043 1655 2081 se
1681 2024 2008 2080 audientium
2043 2032 2154 2075 tur-

581 2123 702 2176 bam
731 2123 1162 2178 circumfremere
1185 2163 1199 2183 ,
1230 2131 1352 2176 tunc
1395 2119 1638 2172 simulata
1668 2115 2002 2184 simplicitate
2025 2154 2040 2177 ,
2071 2113 2154 2167 di-

581 2225 709 2268 cunt
733 2217 945 2269 audisse
972 2231 1031 2268 se
1062 2215 1312 2283 primum,
1341 2228 1460 2282 qua:
1488 2211 1795 2281 magistrum
1825 2208 2002 2262 dicere
2029 2216 2153 2260 ante

583 2305 889 2360 nescierint.
935 2304 1172 2374 Cumque
1213 2318 1397 2358 eorum
1439 2301 1636 2370 scripta
1681 2307 1992 2358 teneantur,
2022 2310 2153 2350 voce

581 2405 809 2465 negant,
837 2395 977 2465 quod
1009 2394 1199 2450 litteris
1241 2393 1580 2448 confitentur.
1628 2391 1764 2457 Quid
1808 2399 2030 2444 necesse
2071 2396 2155 2442 est

580 2486 827 2540 obsidere
877 2484 953 2556 (a)
999 2484 1408 2552 Propontidem,
1458 2490 1665 2536 mutare
1709 2481 1860 2545 loca,
1912 2479 2152 2533 diversas

582 2578 813 2632 lustrare
839 2578 1102 2645 regiones,
1131 2586 1184 2630 et
1210 2575 1563 2630 clarissimum
1595 2572 1902 2627 Pontificem
1930 2569 2151 2635 Christi,

581 2670 806 2738 ejusque
852 2668 1146 2736 diseipulos
1191 2665 1377 2720 rabido
1417 2681 1512 2721 ore
1541 2664 1882 2734 discerpere?
1925 2663 1978 2717 Si
2026 2677 2152 2717 vera

581 2761 895 2829 loquimini,
926 2760 1206 2828 pristinum
1246 2759 1446 2812 erroris
1488 2757 1766 2820 ardorem,
1799 2755 1991 2809 ardore
2032 2754 2153 2808 fidei

581 2861 925 2907 commutate.
954 2851 1088 2918 Quid
1119 2851 1192 2922 (ὁ)
1220 2849 1620 2904 maledictorum
1652 2861 1857 2916 pannos
1886 2847 2006 2901 hinc
2032 2846 2155 2902 inde

582 2945 869 3007 consuitis;
898 2953 951 2999 et
978 2959 1162 2998 eorum
1193 2943 1410 3013 carpitis
1435 2942 1596 2995 vitam
1620 2981 1637 3006 ,
1659 2955 1884 3010 quorum
1915 2939 2038 2994 fidei
2066 2954 2154 2995 re-

583 3034 773 3090 sistere
800 3049 906 3088 non
929 3035 1156 3088 valetis?
1175 3034 1309 3088 Num
1339 3033 1537 3088 idcirco
1565 3045 1669 3085 non
1700 3031 1830 3085 estis
1855 3045 1950 3086 vos
1975 3031 2152 3086 luere-

583 3127 697 3190 tici,
729 3127 772 3180 si
797 3141 894 3180 nos
919 3127 1136 3196 quidam
1165 3127 1462 3182 assertione
1486 3134 1659 3180 vestra
1688 3121 1782 3196 [aL
1816 3114 2009 3197 nostra]
2038 3140 2158 3180 cre-

583 3215 818 3269 diderint
861 3225 1168 3285 peccatores
1213 3235 1228 3270 :
1278 3226 1333 3271 et
1385 3231 1446 3270 os
1491 3216 1763 3284 impietate
1805 3215 2004 3270 foedum
2048 3231 2154 3270 non

587 3305 871 3364 habebitis.
895 3307 938 3359 si
963 3307 1264 3361 cicatricem
1291 3306 1534 3376 poteritis
1562 3307 1612 3360 in
1642 3315 1820 3360 nostra
1846 3321 1975 3362 aure
2004 3321 2158 3360 mon-

585 3393 794 3447 strare?
835 3393 974 3462 Quid
1013 3395 1162 3463 juvat
1187 3406 1419 3450 vestram
1455 3395 1730 3464 perfidiam
1753 3436 1767 3459 ,
1814 3397 1896 3450 vel
1944 3396 2158 3466 prodest

590 3487 744 3554 pellis
768 3485 1066 3556 Ethiopica
1097 3496 1152 3541 et
1182 3488 1328 3556 pardi
1371 3489 1621 3554 varietas,
1664 3487 1707 3542 si
1739 3488 1790 3541 in
1823 3499 2004 3543 nostro
2032 3505 2155 3543 cor-

586 3591 716 3646 pore
760 3591 942 3631 nazvus
986 3577 1322 3646 apparuerit?
1368 3579 1445 3632 En
1490 3577 1628 3646 Papa
1677 3577 2003 3647 Theophilus
2050 3588 2155 3650 tota

587 3667 868 3736 Origenem
898 3668 1070 3736 arguit
1105 3667 1378 3730 libertate,
1414 3669 1720 3722 hmreticum
1763 3683 1884 3724 esse
1913 3687 1926 3722 :
1957 3685 2055 3723 nec
2084 3670 2157 3723 illi

584 3755 728 3811 dicta
755 3755 1071 3824 defendunt,
1101 3758 1194 3812 sed
1228 3759 1431 3826 lingunt
1459 3759 1527 3813 ab
1553 3757 1818 3815 hrereticis
1848 3760 2120 3813 immutata
2139 3801 2154 3824 ,

587 3847 982 3916 multorumque
1009 3847 1192 3903 dicunt
1235 3849 1397 3904 libros
1439 3851 1685 3904 similiter
1724 3851 2070 3920 depravatos;
2102 3859 2158 3904 ut

587 3937 736 3991 illum
765 3954 868 3991 non
897 3953 988 3992 sua
1020 3939 1122 3995 fide
1140 3980 1156 4005 ,
1197 3939 1290 3994 sed
1317 3941 1543 3996 aliorum
1583 3948 1830 3995 tueantur
1857 3943 2154 3996 erroribus.

587 4026 786 4082 Verum
829 4027 943 4083 hzec
982 4029 1268 4084 adversum
1299 4031 1576 4085 haereticos
1619 4031 1757 4085 dicta
1801 4033 1930 4097 sint,
1958 4033 2044 4101 qui
2079 4034 2160 4086 in-

581 4119 730 4188 justo
755 4129 940 4174 contra
983 4136 1081 4176 nos
1112 4123 1236 4176 odio
1277 4124 1594 4190 saevientes,
1623 4125 1815 4178 mentis
1847 4123 1938 4196 [ab
1973 4125 2156 4198 mente]

592 4210 828 4266 fatentur
861 4228 1111 4266 arcanum
1134 4252 1149 4276 ,
1191 4222 1248 4268 et
1285 4229 1488 4269 venena
1518 4215 1748 4285 pectoris
1778 4217 2156 4274 irremediabili

586 4299 773 4354 dolore
789 4310 1067 4357 testantur.

661 4392 713 4446 5.
747 4390 854 4444 Vos
881 4391 1164 4445 Christiani
1191 4392 1418 4447 Senatus
1446 4395 1668 4459 lumina,
1691 4398 1916 4466 accipite
1940 4408 1995 4454 et
2019 4400 2160 4454 Grco-

587 4499 705 4538 cam
732 4494 786 4537 et
813 4483 1055 4538 Latinam
1083 4485 1240 4538 etiam
1281 4486 1382 4540 hoc
1407 4502 1550 4540 anno
1591 4487 1883 4556 Epistolam
1901 4529 1917 4554 ,
1949 4507 2013 4544 ne
2041 4508 2158 4545 rur-

589 4589 706 4628 sum
737 4575 974 4630 hatretici
999 4578 1320 4630 mentiantur
1339 4593 1368 4632 a
1398 4579 1550 4633 nobis
1572 4579 1824 4650 pleraque
1851 4582 1934 4636 vel
1961 4583 2157 4647 addita,

591 4667 675 4719 vel
699 4676 893 4719 mutata
924 4685 937 4722 :
966 4668 1017 4721 in
1044 4684 1146 4737 qua
1172 4669 1441 4725 laborasse
1464 4687 1548 4726 tne
1577 4671 1765 4731 fateor.
1794 4682 1852 4726 ut
1876 4675 2158 4730 verborum

591 4757 903 4825 elegantiam
935 4761 1044 4825 pari
1071 4760 1520 4828 interpretationis
1540 4772 1819 4817 venustate
1848 4781 2114 4820 servarem
2141 4783 2156 4832 ;

589 4855 644 4898 et
666 4847 798 4898 intra
829 4846 1072 4901 definitis
1105 4849 1269 4902 lineas
1295 4865 1514 4905 currens
1537 4893 1552 4916 ,
1606 4853 1765 4924 583
1810 4868 1909 4909 nec
1937 4855 1989 4908 in
2023 4872 2158 4925 quo-

589 4951 745 5002 quam
791 4938 1054 4991 excedcus
1098 4938 1252 5002 loco,
1293 4942 1610 5009 eloquentia:
1655 4944 1772 5011 ejus
1818 4945 2009 4999 fluenta
2054 4963 2157 5000 non

591 5025 867 5092 perderem
889 5066 902 5089 ,
933 5028 1253 5097 easdemque
1285 5045 1369 5083 res
1396 5032 1581 5084 eodem
1626 5047 1875 5089 sermone
1911 5039 2161 5091 transfer-

593 5132 726 5168 rem.
783 5115 934 5182 Quod
992 5128 1163 5170 utrunt
1209 5129 1529 5175 consecutus
1567 5123 1666 5176 sim
1732 5141 1932 5191 necne,
1983 5140 2160 5183 vestro

585 5205 784 5272 judicio
821 5206 1078 5274 relinquo.
1104 5211 1270 5273 Quam
1296 5209 1476 5264 sciatis
1501 5210 1553 5263 in
1589 5221 1816 5279 quatuor
1840 5225 2015 5283 partes
2040 5233 2159 5274 esse

589 5292 834 5347 diviSam.
867 5295 920 5347 lu
950 5294 1119 5362 primo
1145 5296 1423 5350 credentes
1452 5301 1693 5353 hortatur
1729 5302 1794 5355 ad
1829 5303 2157 5363 Dominicum

589 5382 791 5438 Pascha
842 5385 1219 5439 celebrandum
1273 5403 1288 5440 :

651 5515 721 5592 (ᾳ)
755 5515 1207 5592 Coostantinop‘olim
1231 5529 1414 5592 nempe
1437 5518 1492 5566 ad
1595 5520 1838 5592 'Joaunem
1872 5525 2155 5592 Chrysosto-

588 5587 721 5642 mum
745 5577 1026 5642 defecerant
1066 5577 1384 5642 Origenisue,
1426 5581 1552 5642 quod
1593 5584 1644 5631 in
1679 5588 1898 5638 subnexa
1938 5577 2155 5639 P'ascbali

588 5637 741 5711 912.2.
766 5639 1060 5711 'l‘beOpbilus
1085 5637 1279 5711 quoque
1303 5637 1470 5711 dolet,
1499 5647 1624 5703 quod
1649 5659 1826 5711 nempe
1852 5637 2054 5700 matrem
2075 5637 2155 5700 ec;

589 5654 640 5684 ιι.
665 5654 741 5685 zz.
775 5654 1060 5700 incepimus
1085 5654 1279 5752 quoque
1303 5654 1439 5691 uolet
1458 5679 1470 5702 ,
1499 5654 1624 5703 quoa
1649 5659 1826 5711 nempe
1852 5658 1942 5700 mat

589 5696 783 5766 etesias];
805 5700 856 5749 in
879 5701 1061 5766 magnis
1085 5702 1193 5752 urbi
1228 5718 1281 5752 us
1314 5704 1601 5766 lacerarent.
1839 5727 1844 5732 -
1939 5736 1942 5739 -

655 5757 722 5822 (ὁ)
747 5759 928 5842 lii-astu.
951 5757 1060 5812 cum
1084 5768 1244 5827 paucis
1267 5767 1384 5828 Mss,
1409 5765 1768 5831 maledicorum,
1798 5772 1922 5821 baud
1945 5777 2099 5822 recte.

1849 355 2090 413 SANCTI
2128 350 2502 408 HIERONYMI

1345 5387 1397 5441 in
1449 5389 1684 5443 secundo
1742 5402 1795 5446 et
1833 5395 1987 5450 tertio
2040 5397 2189 5460 loco,

3717 362 3818 418 79!

2253 461 2634 531 Apollinarium
2658 471 2712 517 et
2739 461 3019 534 Origenem
3043 464 3286 535 jugulat:
3321 467 3372 521 in
3395 479 3606 538 quarto,
3637 472 3689 526 id
3716 484 3818 540 est,

2247 564 2517 618 extremo,
2567 553 2844 609 lia-retices
2881 555 2948 609 ad
2990 559 3353 625 pmnitentiam
3398 558 3737 615 cohortatur.
3765 565 3819 621 Si

2248 644 2372 713 quid
2400 655 2578 699 autem
2610 644 2694 698 hic
2717 647 2891 700 minus
2911 647 3164 701 adversus
3182 649 3464 718 Origenem
3489 651 3691 706 dictum
3718 664 3820 721 est,

2247 746 2300 787 et
2325 737 2374 788 in
2406 738 2657 803 praeteriti
2679 740 2800 789 anni
2836 738 3065 804 Epistula
3091 742 3410 805 continetur,
3439 753 3492 797 et
3523 744 3636 798 hiBC
3661 762 3820 816 quam

2250 825 2411 878 modo
2439 827 2693 881 vertimus
2713 869 2727 891 ,
2761 829 2999 882 brevitati
3033 832 3250 886 studens
3271 873 3287 898 ,
3314 835 3496 890 dicere
3537 838 3684 904 plura
3718 857 3820 896 non

2252 916 2452 972 debuit.
2485 919 2652 973 Porro
2690 930 2875 973 contra
2901 922 3288 987 Apollinarium
3315 927 3581 982 succincta
3611 928 3744 985 fides
3770 941 3824 988 et

2254 1025 2382 1078 pura
2424 1011 2683 1078 professio
2727 1027 2831 1066 non
2871 1022 3020 1067 caret
3045 1013 3336 1071 subtilitate
3361 1016 3638 1074 dialectica
3658 1061 3674 1086 ,
3704 1039 3823 1092 qua

2253 1101 2618 1156 adversarium
2643 1116 2820 1169 suum,
2842 1113 3052 1157 estorto
3077 1104 3145 1159 de
3167 1107 3410 1163 inanibus
3434 1109 3552 1177 ejus
3571 1113 3820 1182 pugione,

2251 1190 2508 1245 COIIfodii.

2320 1280 2372 1333 4.
2405 1279 2569 1336 Orate
2592 1282 2750 1352 igitur
2775 1284 3076 1350 Dominum,
3102 1288 3319 1355 utquod
3342 1289 3393 1342 iu
3415 1287 3604 1346 Grteco
3630 1293 3820 1361 placet,

2251 1371 2301 1424 in
2329 1371 2517 1424 Latino
2547 1389 2650 1427 non
2681 1375 2981 1443 displiceat,
3010 1387 3066 1432 et
3097 1379 3239 1448 quod
3269 1389 3410 1435 totus
3435 1382 3629 1436 Oriens
3658 1386 3821 1438 mim-

2253 1471 2338 1514 tur
2365 1469 2418 1514 et
2441 1463 2713 1529 pra-dicat,
2745 1465 2864 1517 lauto
2895 1465 3010 1518 sinu
3041 1465 3211 1521 Roma
3257 1469 3531 1538 suscipiat.
3555 1472 3826 1527 Prtedicao

2253 1554 2451 1606 tionem
2479 1570 2687 1624 quoque
2713 1556 2981 1611 cathedrae
3010 1557 3168 1612 Marci
3200 1559 3549 1628 Evangelista:
3571 1565 3823 1620 cathedra

2253 1643 2393 1697 Petri
2441 1646 2678 1713 Apostoli
2727 1661 2819 1700 soa
2871 1649 3245 1716 praedicatione
3299 1652 3597 1709 confirmet.
3649 1655 3824 1721 Quan-

2252 1749 2409 1799 quam
2438 1735 2634 1788 celebri
2661 1751 2909 1790 sermone
2936 1737 3199 1807 vnlgatum
3229 1741 3330 1800 sit.
3365 1742 3575 1796 beatum
3617 1760 3824 1814 quoque

2253 1823 2448 1892 Papam
2479 1829 2836 1887 Anastasitun,
2870 1829 3059 1881 eodem
3088 1829 3314 1896 fervore,
3357 1834 3476 1899 quia
3501 1834 3693 1889 eodem
3721 1838 3827 1905 spi-

2253 1915 2356 1967 ritu
2379 1925 2482 1978 est,
2514 1917 2782 1970 latitantes
2817 1919 2866 1970 in
2899 1918 3066 1973 foveis
3111 1922 3221 1974 suis
3249 1923 3537 1977 lizcreticos
3578 1939 3825 1993 persecu-

2253 2016 2386 2068 tum,
2421 2007 2641 2075 ejusque
2670 2007 2860 2062 littera:
2888 2009 3136 2075 doceant,
3167 2012 3237 2080 (c)
3257 2011 3563 2066 damnatum
3594 2015 3646 2068 in
3677 2015 3828 2069 Orci-

2251 2094 2412 2149 dente
2434 2097 2573 2164 quod
2607 2098 2659 2150 in
2690 2097 2908 2154 Oriente
2929 2101 3236 2155 damnatum
3261 2113 3362 2156 est.
3394 2105 3476 2174 (Δ)
3507 2104 3602 2160 Cui
3631 2109 3826 2164 multo:

2253 2185 2610 2256 imprecantur
2637 2205 2807 2243 annos
2828 2231 2842 2254 ,
2869 2200 2927 2244 ut
2957 2191 3222 2247 hzcreseos
3259 2195 3492 2250 rediviva
3535 2198 3790 2266 plantaria
3809 2239 3824 2264 ,

2253 2291 2348 2345 per
2381 2277 2519 2332 illius
2549 2279 2779 2334 studium
2827 2281 2984 2352 longo
3025 2293 3262 2353 tempore
3289 2285 3525 2342 arefacta
3546 2328 3563 2354 ,
3591 2291 3824 2344 morian-

2255 2375 2358 2422 tur.

2692 2480 3021 2538 EPISTOLA
3061 2483 3265 2540 xcvut
3295 2485 3384 2557 (c).

2253 2595 2366 2636 βενε
2419 2599 2697 2639 meorum
2751 2603 3098 2642 ALBXANDRINI
3172 2605 3379 2644 Αιτειιι
3425 2589 3495 2661 (f)
3550 2607 3827 2650 pascuus

2323 2691 2444 2730 suat
2465 2677 2588 2732 ιοει.
2620 2694 2690 2732 at)
2716 2693 2900 2734 'rortus
2934 2695 3140 2735 seven
3167 2696 3438 2739 [PISCOPOS
3462 2698 3508 2738 s.
3532 2699 3827 2742 ntsnotmto

2323 2781 2682 2822 INTBRPRETE.

2255 2873 2432 2931 Primo
2453 2879 2708 2933 credentes
2743 2881 2974 2935 hortatur
3009 2883 3078 2936 ad
3114 2881 3431 2938 Dominicum
3471 2885 3676 2942 Pascha
3701 2889 3816 2943 cele-

2325 2971 2572 3024 brandum
2605 2987 2623 3024 :
2644 2972 2823 3028 deinde
2851 2974 3176 3042 Apellinarii,
3199 2977 3343 3030 tertio
3377 2976 3608 3045 Origem's
3638 2997 3830 3034 errores

2325 3061 2611 3134 impugnat,
2639 3081 2697 3118 ac
2716 3065 2922 3135 jugulat
2949 3083 2969 3120 :
2999 3078 3250 3137 postremo
3291 3069 3555 3125 hereticos
3575 3072 3644 3125 ad
3670 3073 3830 3143 pani-

2326 3155 2532 3207 tetttiam
2558 3155 2874 3211 cohortatur.

2333 3264 2385 3319 1.
2416 3264 2653 3318 Primum
2684 3267 3038 3322 solenmitatis
3063 3278 3302 3338 augusta:
3328 3285 3507 3326 sermo
3533 3271 3744 3330 divinus
3768 3275 3832 3329 de

2255 3357 2512 3413 etelorum
2543 3357 2847 3425 regionibus
2899 3358 3060 3432 584
3102 3362 3712 3429 ηιίοτιιιελειιδρΙεηάοτθ
3738 3381 3833 3418 suo

2252 3448 2408 3518 jttbar
2435 3448 2564 3502 solis
2592 3463 2942 3517 exsuperans,
2974 3453 3330 3506 clarissimum
3361 3455 3643 3508 animabus
3668 3471 3727 3510 se
3751 3456 3833 3508 de-

2258 3541 2604 3596 siderantium
2650 3541 2825 3596 lumen
2876 3541 3124 3597 infundit.
3163 3544 3402 3612 Cumque
3448 3545 3610 3614 pleno
3661 3548 3834 3601 cordis

2259 3630 2445 3683 intuitu
2482 3629 2658 3684 radios
2701 3631 2817 3699 ejus
2860 3632 3131 3701 quiverint
3155 3635 3455 3701 sustinere,
3487 3635 3554 3689 ad
3584 3637 3695 3706 ipsa
3722 3652 3833 3692 cce-

2258 3721 2407 3776 lestis
2444 3721 2742 3778 Jerusalem
2789 3724 3041 3780 interiora
3075 3727 3362 3793 penetralia
3385 3769 3400 3791 ,
3447 3739 3607 3798 atque
3631 3771 3648 3795 ,
3681 3740 3738 3785 ut
3765 3732 3834 3786 ita

2257 3810 2454 3875 dicam,
2484 3811 2674 3866 Sancta
2704 3823 3011 3868 sanctorum
3038 3830 3130 3868 cas
3167 3817 3444 3884 pertrahit.
3487 3818 3642 3875 Unde
3675 3822 3719 3875 si
3746 3837 3836 3877 vo-

2259 3900 2430 3954 lumus
2455 3902 2640 3956 salutis
2681 3917 2802 3958 esse
2843 3904 3160 3974 participes,
3194 3913 3250 3959 et
3291 3906 3631 3966 adhaerentes
3659 3913 3836 3968 studio

2257 3991 2550 4058 virtutum,
2594 3993 2888 4048 animarum
2929 3996 3050 4049 vitia
3084 4012 3344 4067 purgare.
3396 4010 3449 4054 et
3492 4002 3748 4072 quidquid
3785 4006 3835 4059 in

2261 4082 2414 4134 nobis
2443 4082 2678 4136 sordium
2706 4092 2807 4143 est.
2832 4084 2942 4153 jugi
2963 4085 3358 4156 Scripturarum
3388 4089 3737 4148 meditatione
3757 4093 3838 4148 di-

2261 4170 2447 4226 luere:
2487 4173 2636 4242 quasi
2679 4175 2779 4227 sub
2809 4177 2944 4230 sudo
2989 4189 3226 4254 apertam
3270 4180 3638 4238 doctrinarum
3666 4187 3839 4240 scien-

2260 4261 2385 4315 tiam
2433 4265 2896 4332 contemplantes,
2951 4266 3266 4323 festinemus
3328 4285 3576 4338 supernte
3641 4275 3836 4328 Iretitia:

2261 4351 2392 4405 festa
2418 4353 2728 4420 celebrare,
2762 4365 2817 4410 et
2853 4357 3076 4427 jungerc
3117 4374 3214 4413 nos
3253 4360 3577 4430 Angelorum
3621 4363 3832 4428 choris,

2261 4441 2348 4494 ubi
2376 4455 2586 4495 coronze
2621 4455 2674 4497 et
2704 4447 2940 4511 prmiuia,
2973 4456 3025 4501 et
3050 4460 3194 4501 certa
3220 4449 3439 4504 victoria
3466 4460 3550 4505 est
3569 4493 3583 4514 ,
3620 4463 3675 4507 et
3699 4453 3835 4507 desi—

2261 4529 2442 4584 derata
2488 4531 2933 4602 triumphantibus
2964 4537 3134 4607 palma
3180 4540 3507 4608 proponitur.
3548 4541 3658 4596 Nec
3686 4543 3836 4598 diffe-

2262 4636 2464 4689 ramus,
2494 4625 2818 4680 tumentibus
2847 4627 3025 4682 caruis
3052 4626 3299 4682 fluctibus
3328 4628 3561 4697 liberati,
3588 4634 3731 4689 inter
3758 4635 3837 4690 di-

2329 4797 2399 4860 (c)
2432 4797 2632 4868 Recole,
2670 4814 2780 4863 quae
2808 4802 2864 4851 ad
2897 4803 3047 4863 ipsam
3071 4802 3615 4868 AnastasiiﬁEpistolam
3651 4810 3743 4861 bac
3776 4813 3838 4861 de

2261 4872 2320 4908 re
2341 4859 2488 4928 supra
2520 4859 2765 4928 diximus;
2805 4859 3074 4928 quanquam
3103 4866 3224 4914 haud
3256 4859 3548 4928 ditiitéamur
3569 4909 3582 4928 ,
3608 4883 3672 4920 ex
3699 4859 3834 4922 hisce

2268 4922 2434 4990 verbis
2454 4934 2548 4970 non
2571 4925 2695 4990 satis
2709 4922 3182 4990 cetts'tare,'illat_nne,
3209 4941 3318 4990 quae
3339 4922 3649 4990 Simpliciano
3672 4935 3839 4984 iuseri-
3860 4966 3861 4972 η

2268 4983 2415 5053 bitur,
2440 4997 2497 5053 an
2521 4986 2836 5053 posteriorem
2856 4984 2996 5053 aliam
3017 4983 3363 5053 adlene'rium
3389 4983 3647 5053 intelligat.

2331 5045 2408 5112 (ά)
2440 5042 2611 5103 Neque
2637 5046 2765 5092 enim
2786 5045 3369 5112 itinotuerat_Hieronymo
3391 5042 3631 5102 Anastasii
3656 5056 3836 5112 obitus,

2262 5107 2346 5167 qui
2372 5118 2432 5169 ex
2461 5109 3109 5169 eorumqttoqueseuteutia
3127 5143 3142 5164 ,
3180 5107 3444 5169 qtti‘serius
3464 5112 3700 5166 differunt
3716 5150 3733 5168 .
3757 5107 3839 5165 die

2266 5165 2494 5232 vigesima
2520 5165 2724 5232 septima
2748 5165 2931 5232 Aprilis
2947 5166 3089 5232 hujus
3111 5165 3222 5232 ann'i
3248 5169 3355 5218 402.
3384 5165 3840 5232 consignaturIVe-

2263 5225 2362 5293 [ius
2385 5235 2544 5293 tamen
2569 5238 2631 5272 ex
2663 5225 2861 5293 Socrate
2885 5227 2970 5293 lib.
2996 5228 3043 5284 7,
3067 5242 3109 5293 c.
3135 5231 3180 5293 9.
3211 5238 3263 5279 et
3283 5234 3493 5293 antiquis
3515 5225 3835 5286 Komanorum

2261 5287 2548 5337 Pontificum
2577 5286 2806 5350 gatalogis
2841 5287 2900 5336 ad
2937 5291 3204 5350 superioris
3232 5295 3340 5341 anni
3367 5286 3696 5347 Decembrem
3730 5312 3835 5348 me-

2261 5349 2390 5398 dium
2416 5355 2491 5395 est
2516 5345 2822 5395 referendus.

2346 5408 2386 5472 e)
2429 5407 2721 5472 ﬁ4t._numero
2742 5416 2893 5472 caret.
2917 5410 3102 5468 scripta
3123 5424 3205 5461 an.
3229 5413 3338 5461 402.

2345 5468 2406 5539 f').
2429 5468 2482 5516 In
2506 5469 2812 5539 benedictina
2846 5474 3138 5539 recensione
3159 5473 3433 5539 inscribitur
3457 5478 3594 5539 Liber
3616 5481 3803 5539 primus
3820 5519 3834 5538 ,

2263 5537 2315 5580 et
2335 5529 2488 5592 primo
2508 5529 2654 5578 etiam
2681 5530 2786 5580 loco
2820 5533 3008 5592 ponitur
3031 5546 3092 5580 ex
3120 5531 3232 5582 falsa
3258 5537 3439 5586 codicis
3460 5538 3512 5588 S.
3539 5529 3834 5592 The-dorici

2261 5591 2572 5657 inscriptione
2596 5591 2866 5657 hujusmodi
2893 5605 2905 5639 :
2916 5610 2958 5657 _s
2982 5591 3152 5657 incipit
3175 5596 3378 5657 epistola
3402 5599 3651 5651 Paschalis
3673 5591 3834 5652 Theo-

2295 5653 2378 5727 bili
2404 5651 2739 5727 eleuandritgte
2759 5655 2892 5726 urbis
2914 5651 3137 5727 Episcopi
3162 5651 3312 5727 prima
3333 5697 3346 5716 ,
3377 5659 3442 5727 id
3466 5665 3616 5712 totius
3638 5663 3828 5727 )Egypti

2259 5713 2518 5823 Epigr-iopas
2553 5714 2616 5762 de
2650 5713 2817 5766 Graeco
2839 5716 2888 5764 in
2919 5713 3139 5766 Latinum
3160 5713 3187 5765 ὲ
3211 5713 3356 5769 beato
3377 5719 3677 5786 Hieronymo
3697 5713 3830 5774 ἶιτέη-
