4106 6340
232 420 336 484 793
389 445 402 462 ο

235 554 390 595 versa
414 537 744 606 voluptatum
773 533 893 587 hinc
919 529 1040 586 inde
1071 525 1362 596 naufragia,
1387 525 1600 580 clavum
1626 536 1808 578 tenere

234 633 486 686 virtutum
507 670 524 695 ,
553 638 608 683 et
634 638 753 697 post
777 624 993 696 grandia
1025 623 1188 678 maris
1225 619 1454 690 pericula
1485 619 1810 672 tutissimum

235 721 492 778 etnlorum
523 719 722 772 intrare
751 727 980 785 portum.

304 814 361 867 2.
390 811 746 880 Quamobrem
777 819 830 863 et
849 823 942 862 eos
961 849 977 871 ,
1011 822 1147 876 quos
1174 821 1325 860 cassa
1356 806 1476 858 vita:
1503 803 1659 872 hujus
1685 817 1812 856 cura

237 906 519 968 sollicitat,
547 911 602 958 et
640 903 808 956 instar
830 901 1167 956 frementium
1195 899 1465 968 gurgitum
1491 936 1507 959 ,
1537 895 1815 966 perturba-

239 999 440 1052 tionum
497 994 756 1065 profunda
809 995 1244 1057 circumsonant,
1299 990 1453 1061 quasi
1505 988 1574 1044 de
1625 1001 1815 1041 somno

238 1087 383 1158 gravi
428 1088 724 1142 excitantes
749 1123 765 1151 ,
809 1083 876 1138 ad
915 1081 1190 1149 sapientia:
1221 1093 1569 1150 provocemus
1613 1077 1758 1132 lucra
1801 1092 1815 1130 :

237 1177 690 1243 ostendamusque
732 1174 811 1229 eis
860 1189 1014 1228 veras
1041 1173 1345 1226 divinorum
1388 1184 1642 1224 sensuum
1683 1167 1819 1221 divi-

239 1271 358 1336 tias,
389 1277 443 1323 et
472 1268 726 1336 inspirata
773 1274 974 1320 sancta:
1015 1264 1344 1320 celebritatis
1381 1261 1571 1332 gaudia
1606 1271 1819 1327 :eoque

235 1360 412 1415 omnis
440 1358 924 1428 imprzesentiarum
971 1365 1276 1410 assumatur
1318 1354 1500 1417 labor,
1534 1360 1592 1405 ttt
1641 1360 1697 1405 et
1725 1363 1818 1403 eos

235 1453 323 1523 qui
350 1450 624 1522 paululum
645 1449 970 1518 negligentes
985 1456 1131 1508 sunt,
1150 1457 1203 1500 et
1224 1444 1580 1510 nosmetipsos
1602 1451 1818 1494 :eteruze

235 1546 418 1615 gloria:
448 1556 829 1613 prteparemus.
858 1539 1013 1596 Unde
1036 1549 1088 1592 et
1111 1540 1162 1592 in
1184 1534 1489 1592 Proverbiis
1516 1532 1818 1601 indigentes

235 1650 400 1688 sensu
429 1633 493 1686 ad
527 1633 831 1686 convivium
859 1647 1012 1685 suum
1039 1629 1307 1698 Sapientia
1340 1638 1638 1695 provocans
1658 1663 1673 1684 ,
1703 1621 1818 1676 cla-

235 1728 390 1781 mitat
421 1741 434 1778 :
473 1724 646 1778 Venite
664 1765 681 1788 ,
707 1724 949 1777 comedite
969 1723 1030 1776 de
1059 1720 1272 1786 panibus
1301 1720 1425 1772 meis
1447 1759 1463 1783 ,
1489 1726 1538 1770 et
1568 1713 1717 1770 bibite
1741 1712 1816 1766 oi-

237 1834 356 1870 num
383 1816 519 1888 quod
549 1816 726 1870 miscui
749 1795 900 1870 nobis
942 1813 1121 1882 (Prov.
1150 1812 1226 1883 9).
1256 1810 1372 1866 Non
1407 1809 1550 1864 enim
1581 1808 1660 1861 sic
1706 1820 1819 1859 cte-

238 1909 345 1963 lttm
398 1908 539 1972 hoc,
585 1905 727 1976 quod
788 1907 1145 1975 suspicimus.
1199 1904 1475 1957 stellarum
1527 1900 1819 1952 illustratur

238 1988 443 2060 choris,
475 2015 574 2053 nec
603 1999 654 2051 in
690 2006 891 2051 tantum
915 1997 995 2050 sol
1023 2005 1077 2050 et
1110 1996 1255 2059 luna,
1287 1994 1395 2048 duo
1418 1991 1599 2046 mtmdi
1620 2031 1634 2052 ,
1665 1997 1724 2042 ttt
1749 1987 1818 2043 ita

239 2089 430 2153 dicam,
457 2089 737 2144 clarissimi
763 2089 933 2150 oculi,
967 2102 1194 2156 quorum
1223 2102 1383 2141 cursu
1412 2100 1582 2138 annus
1611 2081 1816 2137 evolvi-

241 2191 359 2244 tur,
389 2189 446 2236 et
482 2179 850 2235 vicissitudine
877 2190 1116 2247 tempora
1143 2185 1537 2232 commutantur
1556 2215 1572 2237 ,
1612 2172 1816 2226 clarum

241 2271 396 2324 terris
424 2271 601 2324 lumen
635 2269 951 2333 infundunt,
995 2277 1055 2322 ut
1099 2278 1282 2322 nostra
1313 2265 1624 2320 solemnitas
1651 2263 1822 2315 virtu-

240 2371 351 2416 tum
380 2362 548 2416 choro
577 2363 739 2431 fulget
765 2369 821 2416 et
843 2361 1054 2415 radiat.
1082 2360 1251 2429 Cujus
1293 2360 1574 2414 thesauros
1599 2365 1655 2410 et
1681 2355 1822 2410 divi-

241 2455 338 2507 tias
361 2455 449 2524 qui
472 2463 730 2523 expetunt
760 2451 851 2524 [aL
885 2450 1212 2522 expetentes],
1242 2465 1477 2505 consona
1500 2464 1623 2504 cum
1657 2448 1822 2503 David

238 2562 370 2602 voce
413 2548 698 2601 decantant
749 2563 762 2598 :
815 2545 940 2611 Quis
987 2545 1126 2598 dabit
1169 2544 1296 2598 mihi
1331 2559 1527 2614 pennas
1569 2543 1698 2596 sicut
1737 2556 1822 2595 co-

237 2639 466 2693 lumba?
491 2647 538 2691 et
613 2637 775 2709 585
849 2635 1027 2690 volabo
1053 2647 1099 2690 et
1129 2637 1436 2705 requiescam
1465 2633 1484 2700 (
1511 2632 1655 2688 Psal.
1705 2631 1817 2704 δι).

238 2731 693 2800 Esultantesque,
743 2739 798 2784 et
841 2729 1071 2798 quodam
1118 2726 1350 2796 tripudio
1397 2727 1726 2796 gestientes,
1767 2732 1824 2779 et

233 2823 382 2891 juxta
407 2821 548 2890 quod
570 2821 825 2891 scriptum
853 2828 937 2875 est
956 2862 971 2885 ,
1010 2820 1205 2888 gaudio
1233 2817 1483 2874 iueIl‘abili
1511 2817 1672 2872 corda
1702 2831 1820 2885 per-

240 2917 369 2979 fusi,
395 2928 608 2968 rursom
636 2913 906 2966 clamitant
939 2929 952 2966 :
989 2911 1111 2965 Non
1155 2911 1393 2964 habemus
1419 2909 1499 2962 hic
1536 2919 1820 2962 manentem

239 3008 524 3070 civitatem,
552 3004 642 3057 sed
663 3006 884 3074 futuram
921 3003 1224 3072 inquirimus
1253 3001 1435 3074 (Hebr.
1474 3002 1559 3056 I5.
1596 3000 1701 3072 I4),
1729 3015 1820 3054 cu-

235 3098 324 3168 jus
350 3095 543 3150 artifex
581 3104 634 3149 et
685 3093 972 3148 fabricator
1015 3103 1100 3148 est
1146 3094 1307 3149 Deus.
1354 3092 1428 3163 (a)
1460 3092 1649 3147 Sciunt
1674 3091 1818 3146 enim

238 3188 480 3243 omnium
510 3187 750 3241 laborum
775 3195 1017 3249 suorum,
1047 3185 1240 3254 quibus
1271 3185 1320 3237 in
1363 3183 1466 3238 hoc
1490 3182 1690 3238 mundo
1722 3200 1821 3251 pu-

239 3287 433 3349 gnatur
457 3284 512 3332 et
535 3276 783 3340 curritur,
815 3275 949 3329 halm
970 3277 1400 3345 esse~.rcpositam
1424 3290 1597 3344 spem,
1628 3283 1684 3327 et
1706 3272 1820 3329 hare

240 3376 292 3428 in
321 3374 498 3426 futuro
529 3371 740 3440 prmmia
779 3371 1098 3430 constituta,
1134 3383 1229 3436 pro
1263 3368 1458 3437 quibus
1493 3368 1634 3422 nulla
1683 3368 1823 3436 peri-

239 3466 358 3520 cula
389 3461 756 3526 formidantes,
789 3460 1028 3530 quotidie
1056 3463 1180 3514 vita:
1207 3476 1318 3514 sua:
1344 3475 1556 3514 cursum
1583 3456 1677 3531 [al.
1705 3475 1823 3511 cur-

239 3575 348 3611 sum
373 3557 545 3630 suum]
573 3558 830 3628 dirigunt,
863 3557 1235 3610 hmreticorum
1265 3556 1345 3609 vel
1370 3557 1603 3608 maxime
1634 3554 1821 3623 impie-

242 3662 403 3704 tatem
423 3689 439 3714 ,
463 3659 518 3702 et
543 3647 838 3704 tendiculas
865 3647 1191 3701 declinantes
1214 3686 1230 3711 ,
1270 3647 1462 3714 quibus
1486 3648 1618 3699 caeci
1647 3659 1822 3698 etecos

237 3740 443 3794 ducunt
467 3741 517 3792 in
544 3738 778 3804 foveam,
809 3747 864 3792 et
889 3739 1038 3806 quasi
1067 3737 1299 3806 quadam
1329 3747 1605 3791 veternosa
1635 3747 1691 3790 et
1720 3737 1822 3788 iut-

239 3831 585 3886 tuundissima
612 3833 757 3887 carie
798 3831 1144 3900 deceptorum
1184 3830 1346 3884 corda
1377 3831 1770 3884 commaculant
1803 3845 1818 3884 :

241 3938 338 3977 nec
365 3923 464 3977 hac
493 3921 566 3996 (b)
591 3924 735 3977 calce
759 3922 1016 3984 contenti,
1049 3922 1263 3974 intimas
1281 3920 1676 3990 Scripturarum
1709 3936 1824 3974 me-

239 4013 411 4068 dullas
453 4014 676 4080 hibnnt,
727 4014 1007 4068 veritatem
1050 4012 1359 4083 dogtnatum
1423 4013 1543 4068 falsi
1589 4014 1824 4068 nominis

240 4107 465 4160 scientia
493 4108 934 4161 condemuautes.

311 4197 366 4250 ὅ.
397 4197 548 4265 Quod
581 4199 884 4266 intelligens
928 4205 982 4250 et
1030 4197 1333 4266 patriarcha
1373 4197 1574 4262 Iacob,
1622 4201 1819 4253 scalam

239 4290 414 4343 cernit
458 4290 509 4342 in
552 4291 753 4344 somnis
778 4329 792 4351 ,
821 4288 974 4357 cujus
1001 4297 1159 4358 caput
1197 4290 1527 4359 pertingehat
1553 4307 1721 4362 usque
1753 4294 1820 4347 ad

240 4384 434 4437 caelum
459 4423 474 4445 ,
505 4397 598 4452 per
635 4398 791 4452 quam
821 4382 1048 4436 diversis
1080 4384 1334 4436 virtutum
1361 4385 1613 4453 gradibus
1639 4385 1705 4439 ad
1733 4401 1824 4438 su-

243 4487 406 4542 perna
437 4473 838 4536 conscenditur,
871 4482 924 4526 et
963 4474 1210 4528 homines
1241 4484 1616 4542 provocantur,
1649 4487 1820 4532 terra-

243 4580 359 4617 rum
391 4565 706 4618 deserentes
737 4565 951 4617 humilia
974 4605 988 4627 ,
1015 4581 1136 4618 cum
1168 4566 1402 4620 Ecclesia
1431 4568 1821 4637 primitivorum

239 4654 529 4710 dominica:
572 4655 835 4720 passionis
863 4654 995 4706 festa
1026 4657 1317 4711 celebrare.
1356 4657 1478 4711 Non
1506 4671 1598 4723 est,
1631 4663 1820 4730 inquit,

241 4747 339 4800 Itoc
372 4745 471 4798 nisi
507 4744 686 4796 domus
717 4743 834 4807 Dei,
861 4754 908 4798 et
935 4746 1042 4798 lucc
1066 4757 1139 4800 est
1169 4758 1316 4816 porta
1337 4750 1450 4802 ειυιί
1476 4751 1678 4822 (Cenes.
1707 4754 1818 4826 28).

241 4838 412 4904 Quam
447 4833 611 4888 David
636 4835 844 4888 acutius
873 4837 1104 4899 intuens,
1131 4846 1182 4890 et
1215 4847 1322 4890 tota
1353 4841 1599 4907 cupidine
1632 4847 1824 4900 mentis

244 4929 522 4998 inquirens
545 4967 561 4992 ,
593 4925 932 4996 rationesque
974 4925 1130 4994 hujus
1169 4927 1376 4982 itineris
1414 4932 1824 5001 cogitationibus

245 5029 482 5072 tractans
505 5056 522 5081 ,
555 5025 612 5071 et
647 5020 796 5087 quasi
842 5019 1070 5087 pretiosa
1117 5019 1383 5089 pigmenta
1411 5021 1612 5077 fortius
1640 5033 1824 5081 terens

244 5121 404 5180 atque
429 5109 822 5175 comminueus,
852 5118 910 5162 ut
928 5109 1229 5164 suavissimi
1259 5113 1362 5166 late
1385 5113 1565 5168 odoris
1587 5115 1826 5186 fragran-

249 5202 317 5254 tia
339 5209 671 5270 spargerent,
691 5200 756 5254 ad
786 5203 1174 5255 solemnitatem
1206 5204 1819 5278 provocat'festinantes,

247 5293 428 5349 dicens
462 5311 476 5348 :
511 5293 714 5363 Aperite
749 5295 875 5346 mihi
909 5303 1079 5363 portas
1111 5296 1363 5366 justitiw,
1406 5309 1452 5353 et
1485 5301 1740 5372 ingressus
1769 5305 1822 5358 in

248 5399 331 5438 cas
369 5384 643 5453 confitebor
682 5383 900 5439 Domino
928 5400 948 5438 :
976 5385 1083 5439 ha’c
1125 5395 1197 5440 est
1236 5398 1382 5456 porta
1426 5391 1668 5460 Domini,
1693 5397 1823 5466 justi

310 5533 383 5595 (a)
420 5533 488 5606 Ita
526 5535 891 5606 emendavimus
910 5535 1201 5606 conjectura
1237 5540 1434 5600 quidem
1469 5546 1693 5606 adducti,
1734 5554 1823 5602 sed

248 5607 406 5666 quam
429 5598 529 5666 ipsa
562 5595 668 5666 'Ioci
705 5599 952 5666 sententia
978 5595 1220 5658 postulat;
1242 5595 1354 5666 tiam
1384 5607 1511 5666 quod
1548 5595 1693 5660 suis;
1718 5595 1824 5664 ἐπιξιῖ

248 5655 372 5726 sicut
395 5655 604 5705 inlibris
624 5660 849 5726 omnibus
867 5697 880 5720 ,
907 5655 1107 5708 sensum
1131 5655 1227 5709 non
1259 5655 1482 5716 turbabat
1517 5655 1692 5725 uiéiié'

251 5718 446 5778 penitus
467 5722 746 5770 evertebat.

313 5776 386 5851 (b)
418 5779 848 5851 Verosimillimpm
877 5788 954 5851 est
976 5782 1115 5851 nobis
1152 5781 1286 5833 carie
1311 5797 1478 5841 vocem
1502 5791 1615 5846 heic
1645 5798 1824 5851 lterum

249 5841 568 5906 repetendam
589 5855 674 5891 oro
696 5842 844 5905 calce,
867 5843 954 5894 sed
979 5859 1075 5897 non
1098 5845 1419 5897 immutamus.

1599 407 1926 470 EPISTULA
1965 404 2189 464 XCVIII.

3391 411 3494 470 79‘

1916 518 2171 572 intrabunt
2199 532 2289 587 per
2316 533 2427 571 eam
2456 515 2626 590 (Psat.
2664 517 2806 594 H7).
2833 519 2951 576 Non
2980 531 3060 576 est
3088 537 3251 593 ergo,
3281 539 3387 580 non
3415 535 3499 582 est

1917 607 2292 662 luereticorum
2325 607 2425 660 ulla
2447 608 2795 662 Solemnitas:
2829 625 2926 665 nec
2953 613 3039 680 qui
3069 629 3253 667 errore
3287 615 3494 685 decepti

1917 710 2061 766 sunt,
2089 701 2230 753 illius
2257 711 2478 768 possunt
2501 703 2877 757 counnunioue
2906 704 3093 758 laetari.
3123 706 3391 775 Scriptum
3415 721 3498 763 est

1917 791 2094 851 enim,
2130 789 2192 843 Si
2229 790 2388 843 bestia
2428 792 2642 860 tetigerit
2675 803 2890 845 montem
2915 834 2930 856 ,
2973 796 3282 863 lapidubttur
3307 797 3492 869 (Hebr.

1921 879 2006 931 12.
2050 878 2159 950 20).
2209 879 2388 949 Neque
2426 879 2720 934 chestiuut
2770 894 2992 949 possunt
3038 887 3276 954 recipere
3315 905 3498 943 sacra-

1920 979 2098 1021 menta
2142 969 2427 1023 verborum
2455 1012 2468 1030 ,
2500 971 2588 1039 qui
2632 970 2826 1025 divinis
2869 972 3124 1026 Ecclesiae
3164 975 3501 1046 dogmatibus

1919 1059 2309 1112 contradicunt.
2340 1059 2489 1113 Totis
2516 1061 2695 1131 itaque
2737 1061 2940 1116 viribus
2965 1063 3169 1118 animus
3201 1078 3408 1122 nostras
3434 1069 3500 1122 ab

1919 1150 2062 1202 omni
2095 1150 2412 1219 coittagioue
2459 1164 2746 1221 purgantes
2765 1193 2782 1218 ,
2811 1155 3000 1223 dignas
3028 1156 3348 1222 celebritati,
3381 1176 3501 1226 qua:

1921 1238 2183 1303 itntninet,
2218 1255 2599 1309 prmpaiemus,
2633 1253 2686 1296 ut
2729 1246 2993 1312 possimus
3031 1262 3151 1300 cum
3179 1249 3379 1302 sanctis
3407 1266 3501 1304 ea.

1920 1345 2049 1384 nere
2083 1349 2094 1382 :
2133 1330 2270 1384 Deus
2299 1332 2566 1399 Dominus,
2598 1346 2644 1388 et
2953 1338 3120 1391 illuxit
3143 1339 3283 1394 nobis
3311 1339 3330 1413 (
3355 1341 3496 1395 Psal.

1920 1422 2064 1496 Il7).
2098 1425 2171 1480 De
2198 1442 2300 1495 qua
2332 1434 2386 1479 et
2426 1427 2561 1480 alius
2606 1429 2874 1496 Pr0pheta
2915 1433 3160 1485 conscius
3201 1432 3501 1488 futurorum

1921 1519 2141 1586 mystica
2170 1533 2302 1570 voce
2333 1526 2560 1572 testatur
2590 1537 2602 1569 :
2631 1517 2700 1590 (e)
2743 1523 3015 1589 Apparebit
3046 1520 3297 1576 Dominus
3327 1525 3379 1578 in
3409 1525 3499 1591 eis,

1919 1616 1965 1659 et
1986 1606 2237 1674 dis-perdet
2259 1624 2432 1659 omnes
2453 1608 2572 1660 deos
2596 1607 2827 1662 Gentium
2852 1609 3042 1682 (Sapit.
3065 1613 3120 1665 ‘2.
3148 1612 3253 1684 Il).
3279 1614 3502 1681 Quando

1919 1697 2079 1748 verba
2128 1696 2180 1748 in
2231 1711 2393 1765 opera
2441 1709 2766 1751 commutata
2817 1710 2976 1767 sont,
3018 1711 3073 1755 et
3118 1703 3501 1772 atubigentiuut

1919 1786 2089 1840 oculis
2126 1803 2306 1841 rerum
2358 1789 2554 1843 veritas
2593 1789 3011 1857 demonstratur,
3053 1792 3130 1866 (tl)
3171 1805 3227 1849 ut
3260 1813 3352 1863 per
3382 1795 3500 1850 eili-

1919 1878 2169 1930 cientiam
2199 1893 2410 1942 eorum,
2441 1895 2560 1948 qute
2593 1881 2843 1948 prmdicta
2872 1892 3016 1950 sunt,
3050 1884 3333 1939 verborum
3365 1887 3504 1940 veri-

1922 1976 2002 2021 tas
2037 1969 2498 2038 comprobaretur,
2540 1972 2780 2025 victoria:
2819 1987 2931 2028 suae
2976 1989 3074 2029 nos
3119 1975 3228 2029 Deo
3273 1975 3504 2033 faciente

1921 2058 2226 2128 participes,
2271 2070 2329 2113 ut
2367 2070 2421 2114 et
2461 2063 2815 2118 solemnitatis
2861 2065 3124 2134 possimus
3155 2082 3277 2122 cum
3303 2069 3503 2124 sanctis

1922 2147 2121 2202 habere
2148 2151 2502 2216 consortium,
2534 2161 2589 2205 ct
2618 2151 2840 2206 illustris
2867 2154 2984 2223 cjus
3009 2156 3268 2210 adventus
3303 2172 3503 2227 pramo-

1922 2241 2008 2296 nia
2037 2240 2400 2310 frequentare.
2435 2243 2641 2296 Etenim
2669 2244 2810 2314 quod
2833 2246 3008 2300 omnis
3040 2257 3182 2302 terra
3211 2251 3370 2304 variis
3393 2249 3505 2305 fueo

1920 2340 2005 2384 rat
2045 2331 2314 2386 illecebris
2343 2331 2664 2402 depravata,
2697 2336 2922 2391 virtutes
2947 2338 3220 2394 astimans
3254 2340 3379 2395 vitia
3403 2383 3419 2408 ,
3451 2349 3507 2396 et

1920 2439 1952 2477 e
1977 2425 2245 2477 contrario
2275 2425 2398 2478 vitia
2430 2426 2689 2491 virtutes,
2719 2427 2843 2482 dum
2874 2429 3206 2486 inolescente
3242 2442 3500 2502 tempore,

1921 2516 2360 2571 Consuetudinem
2382 2519 2554 2588 legem
2585 2530 2795 2588 putaret
2819 2519 2910 2593 [ιιι.
2939 2521 3102 2594 putat]
3129 2540 3248 2578 esse
3275 2535 3498 2592 naturae,

1922 2617 1977 2662 et
2005 2608 2280 2676 tyrannica
2311 2610 2561 2678 superbia
2604 2613 2768 2681 iniqui
2813 2627 3238 2682 praecesserant,
3265 2627 3318 2671 et
3344 2633 3498 2672 meu-

1921 2699 2130 2754 dacium
2173 2710 2412 2770 tempore
2459 2703 2774 2757 roborarant
2804 2703 2897 2776 [al.
2942 2705 3290 2780 roborarent],
3323 2719 3498 2778 patres

1921 2802 1974 2846 et
2003 2792 2241 2860 magistri
2273 2794 2513 2846 veritatis
2545 2796 2868 2864 putabantur
2903 2815 2916 2851 :
2950 2797 3090 2853 unde
3119 2800 3384 2854 acciderat
3406 2799 3500 2874 [aL

1923 2880 2204 2954 acciderit],
2239 2890 2295 2935 ut
2323 2882 2595 2938 hominum
2624 2899 2777 2939 error
2812 2887 3154 2955 incresceret,
3183 2901 3235 2945 et
3264 2893 3313 2944 in
3346 2891 3503 2947 ritum

1923 2971 2200 3027 brutorutn
2246 2975 2555 3028 animalium
2601 2976 2750 3031 utilia
2793 2980 3128 3044 nescientes,
3168 2982 3507 3052 despicerent

1924 3081 2108 3121 verum
2143 3076 2410 3136 pastorem
2443 3068 2745 3127 Dominum.
2775 3086 2836 3124 ac
2869 3073 3043 3128 lurore
3074 3075 3290 3144 raptati,
3326 3086 3508 3146 tyran-

1922 3172 2020 3212 nos
2047 3169 2098 3212 et
2123 3159 2393 3227 principes
2420 3159 2661 3214 colerem
2691 3163 2841 3230 quasi
2871 3164 3002 3218 deos
3022 3207 3037 3228 ,
3083 3165 3504 3224 imbecillitatem

1922 3267 2070 3307 suam
2120 3255 2171 3308 iu
2218 3255 2460 3326 ejusdem
2507 3269 2712 3313 natura:
2759 3259 3066 3317 hominibus
3103 3275 3502 3321 consecrantes.

1923 3343 2024 3397 Per
2068 3360 2186 3414 qute
2231 3350 2546 3417 eveniebat,
2589 3361 2646 3404 ut
2693 3367 2932 3420 praiseus
2976 3355 3272 3424 periculum
3319 3359 3507 3413 mortis

1921 3433 2242 3503 eﬂttgerent,
2269 3449 2323 3492 et
2352 3441 2708 3496 conciliarent
2733 3443 2837 3499 sibi
2874 3459 2990 3512 eos,
3019 3431 3246 3517 quorum
3272 3449 3507 3506 clemen-

1924 3526 1992 3580 tia
2019 3528 2338 3585 crudelitate
2365 3534 2559 3587 saevior
2583 3544 2721 3589 erat.

1991 3619 2046 3672 4.
2073 3619 2277 3674 Idcirco
2305 3625 2555 3678 omnibus
2580 3641 2766 3681 errore
2794 3615 3052 3693 seductis,
3081 3628 3151 3701 (e)
3182 3632 3367 3687 vivens
3393 3647 3510 3688 scr-

1924 3722 2014 3760 mo
2058 3709 2150 3762 Dei
2194 3711 2246 3763 in
2291 3713 2543 3766 auxilium
2590 3726 2829 3770 nostrum
2873 3718 3019 3772 venit
3050 3719 3118 3774 ad
3149 3731 3356 3788 terras,
3386 3739 3508 3792 qua:

1923 3796 2236 3866 ignorabant
2279 3802 2480 3856 cultum
2527 3804 2655 3870 Dei,
2682 3816 2738 3859 et
2763 3807 3005 3862 veritatis
3041 3810 3383 3866 solitudinem
3413 3829 3509 3867 su-

1923 3889 2214 3944 stinebant.
2248 3891 2410 3960 Cujus
2439 3896 2515 3947 rei
2549 3896 2701 3949 testis
2728 3907 2809 3951 est
2838 3899 2928 3953 ille
2962 3901 3051 3967 qui
3083 3901 3315 3970 loquitur
3342 3921 3355 3954 :
3387 3902 3513 3956 0m-

1925 3995 2011 4032 nes
2039 3981 2374 4049 deliquerunt,
2407 3985 2558 4038 simul
2585 3986 2790 4041 inutiles
2820 3990 2945 4059 facti
2970 3990 3145 4059 (Rom.
3177 3989 3252 4062 5).
3286 3977 3353 4044 Et
3381 3991 3514 4046 Pro-

1925 4071 2099 4140 phetw
2123 4072 2322 4126 Christi
2346 4075 2604 4130 auxilium
2633 4077 2988 4146 deprecantes
3016 4096 3029 4133 :
3061 4081 3294 4154 Domine,
3322 4084 3513 4137 inclina

1926 4173 2036 4215 tuos
2067 4162 2218 4215 cmlos
2239 4203 2253 4225 ,
2294 4173 2342 4215 et
2385 4165 2628 4221 descende
2656 4166 2827 4236 (Psul.
2859 4172 3010 4242 143).
3038 4171 3152 4226 Non
3194 4183 3250 4226 ut
3284 4183 3514 4229 mutaret

1927 4252 2066 4317 loca,
2098 4253 2149 4306 in
2178 4270 2284 4322 quo
2309 4259 2486 4310 omnia
2519 4271 2663 4325 sunt,
2698 4261 2792 4316 sed
2826 4273 2880 4314 ut
2910 4272 3127 4333 prapter
3151 4266 3378 4321 salutem
3413 4283 3509 4321 no-

1926 4353 2115 4408 stram,
2141 4359 2356 4398 carnem
2387 4347 2633 4404 humana:
2664 4350 2964 4420 fragilitatis
2993 4369 3311 4422 assumeret,
3347 4357 3510 4411 Paulo

1926 4435 2113 4490 eadem
2143 4436 2458 4493 concinente
2483 4455 2497 4492 :
2524 4439 2650 4493 Cum
2675 4452 2802 4495 esset
2831 4443 3000 4508 dives,
3035 4462 3128 4516 pro
3150 4448 3290 4500 nobis
3315 4465 3510 4520 panper

1926 4530 2092 4599 factus
2115 4537 2189 4581 est
2214 4569 2228 4588 .
2260 4539 2314 4582 ut
2354 4547 2445 4584 nos
2484 4531 2622 4584 illius
2663 4544 2958 4602 paupertate
2986 4538 3160 4590 divites
3186 4554 3406 4592 essemus
3430 4540 3476 4596 (I
3495 4582 3509 4594 .

1926 4617 2044 4672 Cor.
2076 4617 2152 4690 8).
2196 4617 2458 4688 Vettilque
2498 4622 2550 4675 in
2596 4633 2802 4687 terras,
2831 4632 2886 4677 et
2925 4624 2993 4679 de
3033 4627 3271 4696 virginali
3318 4638 3508 4696 utero,

1926 4723 2083 4777 quem
2114 4708 2488 4770 sanctiﬁcavit,
2519 4725 2768 4779 egressus
2795 4711 2975 4777 homo,
3009 4716 3086 4786 (Ῑ)
3109 4717 3507 4786 interpretatio-

1928 4816 2050 4855 nem
2078 4802 2308 4861 nominis
2338 4801 2419 4855 sui
2450 4801 2783 4869 Ennaeas,
2814 4804 2864 4857 id
2901 4816 3012 4871 est,
3045 4809 3299 4865 nobiscum
3330 4812 3467 4868 Deus
3489 4856 3505 4878 ,

1927 4891 2327 4959 dispensatione
2356 4894 2679 4946 confirmans
2703 4935 2718 4957 ,
2753 4897 2942 4950 mirum
2989 4899 3042 4952 in
3089 4900 3306 4956 modum
3349 4908 3508 4975 cmpit

1927 4996 2048 5035 esse
2068 4980 2206 5048 quod
2233 4996 2328 5035 nos
2349 4996 2555 5050 sumus,
2577 4995 2631 5038 et
2653 4998 2756 5038 non
2778 4985 2970 5042 desivit
3027 4990 3185 5062 587
3224 5008 3344 5050 esse
3365 4997 3507 5064 quod

1930 5069 2145 5126 fuerat:
2175 5072 2253 5126 sic
2291 5087 2570 5130 assumens
2620 5085 2863 5132 naturam
2911 5078 3199 5136 huutauatn
3223 5125 3238 5150 ,
3283 5089 3509 5156 utquod

1927 5171 2043 5216 erat
2087 5151 2354 5230 ipse'non
2405 5165 2673 5234 perderet.
2717 5167 3030 5240 Quanquam
3071 5174 3213 5228 enim
3273 5175 3510 5231 Joannes

1991 5317 2062 5378 (ο)
2095 5317 2167 5395 ΕΣ
2193 5318 2360 5370 Gram
2375 5325 2635 5395 ἑπιφανῆσιτει
2657 5337 2772 5395 aliptes
2795 5339 2851 5395 ἐπ’
2867 5337 3012 5388 εἴηὼς,
3032 5341 3092 5381 καὶ
3113 5340 3354 5395 εξοᾎολθρώσιι
3372 5347 3509 5391 uim:

1925 5391 2008 5437 ut;
2031 5392 2142 5438 θωίις
2165 5398 2236 5430 τῶν
2268 5395 2382 5454 Διςδηκξαν
2418 5399 2511 5454 pr0_
2525 5388 2701 5454 quibus
2717 5388 2922 5454 Vulgata
2947 5405 2960 5440 :
2990 5388 3251 5443 [terribilis
3281 5388 3510 5444 Dominus

1925 5453 2072 5502 super
2095 5455 2175 5492 eos
2196 5481 2208 5497 .
2233 5450 2280 5492 et
2304 5449 2560 5498 attenuabit
2582 5461 2743 5499 onmes
2769 5449 2889 5500 ηέοδ
2910 5458 3073 5502 terrte.

1995 5500 2067 5576 (ti)
2100 5503 2235 5576 In.
2265 5506 2318 5576 P_.
2346 5511 2532 5570 alisque
2553 5516 2601 5560 ut
2628 5510 2793 5576 vocula
2819 5526 2831 5559 :
2855 5500 2965 5562 moti
2990 5500 3078 5576 pro
3099 5515 3506 5576 comprobaretur,

1926 5562 2064 5633 forte
2079 5567 2387 5633 scribendum
2412 5562 2488 5620 est
2509 5573 2856 5633 comprobatur.

1996 5623 2296 5706 ‘(eLjutiraecei
2312 5642 2492 5706 nempe
2525 5623 2709 5706 sar...
2734 5645 2895 5706 essm,
2917 5635 3003 5696 qui
3044 5643 3121 5684 est
3158 5635 3378 5706 Christus
3413 5636 3512 5688 Dei

1925 5684 2164 5738 Verbum.
2189 5689 2300 5739 Mox
2326 5694 2376 5740 in
2399 5684 2605 5756 vulgatis
2625 5684 2850 5743 omnibus
2870 5684 2970 5757 "pro
2991 5707 3102 5758 qua
3125 5684 3226 5746 erat
3393 5684 3514 5756 nuta

1929 5747 2172 5808 homines,
2198 5752 2286 5800 sed
2311 5755 2477 5804 verius
2499 5754 2711 5804 refertur
2735 5757 2793 5803 ad
2820 5763 2992 5807 terras.

1934 5809 2065 5932 aug/3
2101 5811 2259 5860 Antea
2291 5823 2414 5872 erat,
2439 5815 2872 5876 interpretationem
2905 5817 2982 5869 sui
2999 5851 3016 5879 ,
3043 5819 3230 5883 absque
3270 5820 3474 5872 nonanis
3493 5858 3508 5886 ,

2086 5883 2150 5921 ex
2174 5873 2234 5922 Β.
2261 5873 2316 5923 Ρ.
2343 5877 2689 5932 sumlerimus‘.

2086 5883 2150 5921 ex
2174 5873 2234 5922 Β.
2261 5873 2316 5923 Ρ.
2343 5873 2690 5938 supplevitnus‘.
