4106 6340
635 338 738 398 795

632 449 873 505 scribat:
913 444 1128 501 Verbum
1167 457 1286 497 caro
1329 445 1520 513 factum
1556 447 1629 494 est
1673 436 1850 511 (Joan.
1894 436 1982 506 l),
2024 435 2075 489 id
2121 442 2203 488 est

630 540 751 594 aliis
776 536 973 601 verbis,
1005 533 1215 600 Homo;
1246 526 1422 588 tamen
1451 548 1556 586 non
1577 541 1661 585 est
1681 543 1867 583 versus
1890 529 1940 581 in
1964 539 2203 589 carnem,

627 629 752 701 quia
798 640 1066 696 nunquam
1099 624 1241 680 Deus
1269 638 1391 679 esse
1418 622 1668 677 cessavit.
1701 619 1780 674 Ad
1819 632 1977 687 quem
2003 625 2056 669 et
2082 629 2207 668 san-

628 728 747 775 ctus
773 717 1005 787 loquitur
1031 715 1194 770 David
1224 734 1238 769 :
1266 714 1342 768 Tu
1363 723 1531 767 autem
1559 713 1666 783 ipse
1693 727 1745 764 es
1768 707 1936 780 (Psal.
1968 705 2111 776 l0l).
2138 705 2204 760 Et

629 812 788 866 Pater
828 809 894 865 de
939 808 1080 865 catlo
1118 816 1482 869 contestatur,
1529 814 1582 858 et
1616 802 1749 901 dicit
1780 819 1791 853 :
1819 799 1899 854 Tu
1940 815 1991 852 es
2041 797 2204 850 Filius

625 920 765 957 meus
789 902 1020 966 dilectus,
1047 901 1099 952 in
1122 915 1221 967 quo
1246 897 1369 951 mihi
1397 896 1519 949 bene
1544 886 1829 963 com'placui
1852 889 2003 962 (Luc.
2031 886 2105 959 2).
2135 886 2206 943 Ut

626 1005 676 1048 et
703 995 862 1047 homo
884 993 1050 1047 factus
1075 996 1255 1045 nostra
1295 986 1635 1044 confessione
1660 996 1978 1056 permanere
1997 980 2205 1035 dicatur

624 1084 766 1154 quod
812 1082 910 1136 fuit
952 1082 1258 1151 priusquam
1300 1078 1461 1132 homo
1491 1077 1676 1140 lieret,
1721 1073 1887 1128 Paulo
1923 1071 2200 1125 nobiscum

629 1172 817 1227 eadem
856 1171 1178 1241 praedicante
1210 1186 1225 1222 :
1252 1166 1291 1221 Ι
1293 1182 1405 1221 esus
1432 1166 1662 1220 Christus
1688 1164 1796 1217 heri
1825 1171 1871 1217 et
1901 1160 2068 1226 hodie,
2095 1160 2203 1230 ipse

625 1274 673 1316 et
706 1265 757 1316 in
792 1272 1031 1315 teternum
1058 1258 1241 1330 (Hebr.
1279 1255 1390 1331 l3).
1419 1257 1477 1312 In
1504 1272 1570 1312 eo
1599 1256 1741 1311 enim
1779 1253 1920 1322 quod
1950 1254 2043 1318 ait,
2072 1252 2197 1321 ipse,

625 1352 860 1409 ostendit
889 1353 1037 1408 illum
1077 1350 1358 1421 pristinam
1391 1366 1496 1404 non
1526 1358 1764 1404 mutasse
1789 1357 2029 1402 naturam
2053 1385 2070 1411 ,
2103 1358 2204 1399 nec

625 1446 924 1500 divinitatis
952 1459 1064 1499 sua:
1101 1443 1436 1498 imminuisse
1464 1442 1673 1496 divitias
1696 1482 1711 1506 ,
1742 1440 1831 1510 qui
1864 1446 2080 1509 propter
2106 1449 2203 1490 nos

625 1551 828 1608 pauper
845 1535 1091 1600 ell'ectus,
1125 1535 1333 1605 plenam
1360 1532 1763 1588 similitudinem
1791 1540 1989 1585 nostra:
2013 1528 2201 1583 condi-

626 1628 789 1683 tionis
835 1634 1217 1695 assumpserat.
1258 1626 1336 1680 Ex
1380 1625 1539 1679 tantis
1582 1612 1637 1679 et
1683 1623 1872 1677 talibus
1913 1617 2205 1688 assumpsit

625 1719 934 1784 hominem,
962 1718 1220 1773 duntaxat
1262 1717 1464 1787 absque
1506 1725 1759 1786 peccato,
1790 1729 1857 1768 ex
1898 1711 2112 1784 quantis
2148 1718 2203 1764 et

621 1812 871 1883 qualibus
897 1826 995 1866 nos
1021 1826 1210 1865 omnes
1236 1810 1400 1865 creati
1442 1825 1648 1875 sumus,
1679 1823 1784 1862 non
1814 1822 1878 1862 ex
1906 1813 2075 1876 parte,
2107 1801 2201 1857 sed

621 1914 787 1967 totus,
820 1904 1074 1960 Mediator
1104 1903 1196 1958 Dei
1220 1912 1266 1957 et
1304 1902 1593 1965 hominum,
1624 1900 1772 1954 homo
1799 1898 2025 1952 Christus
2049 1896 2203 1950 Iesus

623 1995 700 2067 (l.
738 1996 873 2050 Tim.
899 1995 955 2051 2.
986 1994 1062 2068 5),
1104 1995 1387 2063 nulloque,
1419 1992 1560 2063 Quod
1606 2000 1803 2045 nostrae
1841 1985 2203 2043 similitudinis

622 2099 735 2155 est,
766 2088 968 2152 caruit,
1005 2089 1107 2142 nisi
1148 2087 1264 2142 solo
1304 2096 1520 2155 peccato
1557 2081 1633 2157 (a)
1666 2082 1807 2153 quod
1850 2079 2199 2136 substantiam

622 2197 728 2236 non
772 2181 975 2235 habet:
1007 2195 1182 2251 neque
1219 2178 1361 2234 enim
1410 2178 1694 2232 inauimam
1734 2191 1949 2231 carnem
1982 2172 2199 2239 habuit,

625 2283 679 2327 et
707 2289 801 2342 pro
827 2275 1003 2326 anima
1036 2270 1277 2326 rationali
1320 2270 1433 2339 ipse
1468 2269 1521 2322 in
1548 2283 1611 2322 ea
1641 2268 1779 2322 Deus
1805 2265 2038 2320 Verbum
2069 2262 2197 2327 fuit,

621 2366 760 2419 sicut
797 2361 1146 2417 dormitantes
1178 2360 1505 2429 Apollinaris
1544 2357 1788 2428 discipuli
1836 2358 2194 2425 suspicantur.

621 2454 730 2510 Nec
754 2454 939 2509 dicens
967 2454 1095 2508 illttd
1126 2456 1179 2508 in
1212 2453 1498 2521 Evangelio
1526 2470 1539 2505 :
1570 2449 1724 2504 Nune
1750 2450 1920 2502 anima
1950 2465 2059 2501 mea
2085 2458 2194 2499 tur.

621 2548 739 2601 bata
765 2557 835 2600 est
859 2547 1069 2615 (Matth.
1097 2545 1188 2600 26.
1218 2544 1329 2608 38),
1357 2545 1687 2599 divinitatem
1729 2558 1878 2596 suam
1916 2539 2199 2610 perturba-

624 2640 754 2691 tioni
800 2639 1132 2704 subjacuisse
1175 2646 1399 2689 testatur
1427 2634 1521 2708 [ιιι.
1552 2631 1799 2704 testetur].
1828 2630 1970 2701 quod
2006 2644 2199 2684 conse-

621 2742 792 2794 quens
826 2735 911 2781 est
944 2741 1040 2780 eos
1079 2725 1259 2779 dicere
1280 2766 1295 2790 ,
1323 2725 1412 2794 qui
1455 2739 1552 2793 pro
1577 2724 1751 2776 anima
1783 2721 2116 2775 divinitatem
2149 2719 2199 2772 in

624 2833 850 2886 corpore
894 2817 1009 2886 ejus
1051 2816 1213 2871 fuisse
1255 2816 1621 2880 contendunt;
1657 2830 1756 2869 nec
1793 2829 2003 2867 rursum
2032 2813 2198 2866 solam

623 2909 857 2963 animam
889 2909 992 2963 sibi
1032 2910 1261 2968 socians.
1291 2918 1597 2977 susceptum
1639 2907 1877 2976 implevit
1909 2905 2197 2967 hominem,

624 3017 690 3053 ne
716 3016 780 3054 ex
810 2997 1156 3054 similitudine
1178 2998 1355 3053 carnis
1371 3007 1425 3052 et
1440 3013 1505 3051 ex
1523 2995 1957 3051 dissimilitudine
1982 2995 2197 3060 animae,

624 3090 815 3144 media:
846 3089 1228 3157 assumptionis
1255 3088 1706 3157 dispensationem
1740 3086 1988 3155 implesse
2012 3084 2201 3140 creda-

625 3188 755 3233 tur:
791 3180 842 3232 in
870 3194 1033 3233 carne
1078 3180 1246 3233 nostri
1292 3179 1485 3234 similis
1525 3180 1793 3245 existens,
1839 3186 1894 3231 et
1932 3179 1981 3232 in
2023 3177 2198 3230 anima

625 3270 1069 3325 irrationabilium
1105 3271 1468 3339 jumentorum
1487 3313 1502 3335 ,
1534 3271 1577 3324 si
1606 3279 1783 3326 tamen
1812 3269 2101 3325 secundum
2132 3269 2200 3323 il-

623 3359 724 3425 los,
752 3360 1130 3415 irrationabilis
1152 3371 1205 3415 et
1228 3360 1430 3431 absque
1453 3371 1631 3416 mente
1652 3376 1714 3415 ac
1736 3377 1895 3416 sensu
1918 3369 2002 3416 est
2024 3362 2200 3415 anima

621 3451 947 3518 Salvatoris,
988 3454 1128 3522 quod
1176 3453 1393 3523 impium
1430 3460 1513 3508 est
1538 3453 1792 3519 credere,
1824 3461 1880 3507 et
1924 3454 2105 3522 procul
2134 3454 2200 3507 ab

624 3544 997 3601 Ecclesiaslica
1022 3545 1146 3611 lide,
1176 3561 1243 3599 ne
1271 3546 1510 3613 protinus
1532 3545 1626 3599 illo
1648 3545 1977 3614 percutiatur
2002 3545 2196 3613 elogio,

621 3653 729 3707 quo
754 3638 1011 3707 Propheta
1033 3639 1255 3709 corripit
1270 3637 1688 3708 delinquentem,
1708 3637 1891 3692 dicens
1913 3655 1926 3691 :
1953 3636 2201 3705 Ephraim

619 3732 746 3783 sicut
788 3731 1019 3784 columba
1058 3731 1310 3784 insensata
1335 3746 1437 3784 non
1473 3730 1662 3784 habens
1703 3745 1790 3782 cor
1818 3728 1969 3798 (Osee
1997 3729 2051 3786 7.
2086 3729 2198 3796 ll).

622 3822 691 3877 Et
715 3824 863 3893 quasi
896 3822 1217 3877 irrationalis
1240 3823 1419 3877 audiat
1451 3839 1465 3876 :
1541 3820 1708 3893 588
1780 3820 2113 3890 Comparatns
2131 3828 2203 3873 est

619 3915 855 3984 iumentis
892 3917 1273 3985 insipientibus.
1306 3925 1351 3968 et
1387 3914 1565 3968 similis
1602 3916 1769 3981 factus
1796 3921 1867 3965 est
1893 3911 1996 3964 illis
2028 3909 2196 3975 (Psal.

622 4007 732 4077 48).
762 4005 904 4061 Nulli
946 4009 1087 4061 enim
1117 4008 1366 4071 dubium,
1395 4006 1519 4074 quin
1567 4003 1945 4058 irrationabilis
1985 4012 2039 4056 et
2085 4002 2201 4057 sine

622 4115 783 4154 sensu
807 4115 869 4152 ac
895 4109 1073 4153 mente
1095 4101 1268 4153 anima
1293 4098 1551 4167 jutneutis
1579 4096 1827 4150 irrationa
1839 4086 2033 4148 bilibus
2056 4109 2204 4149 com-

625 4201 844 4260 paretur
870 4210 883 4243 :
908 4191 1048 4245 unde
1085 4202 1138 4245 et
1167 4190 1376 4261 Moyses
1416 4189 1641 4243 scribit:
1668 4187 1851 4241 Bovem
1883 4188 2202 4240 triturantem

624 4299 724 4336 non
752 4280 1026 4351 iufrenabis
1050 4280 1227 4351 (Deut.
1257 4280 1372 4350 25).
1404 4279 1467 4333 Et
1499 4279 1691 4333 Paulus
1717 4280 1973 4348 scriptum
2001 4278 2205 4333 edisse-

694 4500 762 4569 (_a)
792 4500 974 4569 Excusi
995 4498 1389 4569 depravatissirno
1409 4510 1577 4556 sensu,
1610 4499 1739 4568 quod
1764 4495 2074 4568 substantiam
2108 4511 2202 4548 non

634 4561 1059 4629 Iwbetinanimam
1092 4561 1195 4629 sine
1230 4561 1391 4610 anima
1420 4572 1439 4629 ς
1461 4572 1611 4629 neque
1632 4561 1761 4629 enim
1793 4561 2058 4629 inanimum
2094 4573 2204 4610 ear-

626 4638 735 4675 nem
767 4623 927 4675 habuit
948 4660 961 4683 ,
988 4630 1083 4672 etc.
1108 4623 1215 4672 Non
1238 4634 1385 4671 voces
1419 4620 1683 4671 inanimum
1718 4621 1821 4684 sine
2040 4660 2054 4680 ,
2090 4634 2203 4684 qua:

627 4686 863 4736 hactenus
881 4681 1206 4740 obtinuerant,
1236 4697 1266 4733 e
1288 4692 1426 4734 textu
1448 4685 1731 4743 amovimus,
1758 4681 1876 4730 nihil
1897 4681 2198 4741 dubitantes,

625 4748 866 4819 glossema
891 4745 1008 4795 illud
1033 4758 1151 4819 esse
1168 4745 1386 4819 alterius,
1410 4758 1521 4819 quae
1553 4744 2060 4819 statimsul'isequitut:
2074 4746 2204 4819 vocis

624 4805 887 4857 interimam
907 4842 922 4863 ,
962 4806 1091 4867 quod
1112 4807 1356 4867 studiosus
1375 4805 1614 4856 nonnemo
1636 4806 1694 4853 ad
1719 4806 1825 4853 libri
1850 4817 1981 4867 oram
2003 4805 2202 4867 adnota-

628 4871 710 4923 rit.
737 4869 926 4931 utquid
963 4865 1056 4917 sibi
1096 4866 1249 4931 vellet
1271 4881 1329 4931 ea
1364 4880 1472 4923 vox,
1500 4868 1768 4917 iudicaret:
1796 4867 1903 4931 sive

631 4926 844 4992 perinde
874 4943 988 4979 esse
1027 4941 1084 4992 ac.
1105 4926 1208 4978 sine
1229 4926 1389 4992 animo
1416 4939 1432 4976 :
1457 4940 1566 4990 quae
1591 4935 1756 4992 postea
1786 4929 1956 4988 supina
1981 4926 2202 4992 librarng

631 4988 737 5040 rum
774 4991 1015 5053 imperitia
1042 4991 1090 5053 in
1129 4996 1318 5053 textum
1354 4988 1683 5053 irrepserunt.
1698 4988 1763 5037 Ut
1798 5001 1942 5053 vero,
1962 5002 2046 5053 eas
2081 4990 2204 5053 nihil

631 5065 746 5102 esse
769 5090 782 5109 ,
810 5049 862 5100 et
884 5050 1000 5100 nihil
1021 5050 1081 5098 ad
1102 5049 1334 5099 orationis
1355 5049 1537 5097 seriem
1562 5050 1812 5109 pertinere
1836 5049 2201 5101 evidentissima

633 5113 899 5173 intelligas,
926 5109 1089 5160 recole
1113 5123 1174 5158 ex
1195 5110 1432 5173 superiori
1456 5108 1854 5173 Paschali_uu._5.
1880 5110 2048 5173 istbaec
2067 5147 2081 5169 ,
2123 5126 2205 5161 ea-

632 5176 747 5223 dem
765 5168 922 5222 férme
941 5185 1050 5220 cum
1075 5168 1395 5234 prmsentibus
1415 5171 1571 5234 verba
1590 5183 1600 5217 :
1634 5187 1656 5215 ι
1670 5168 1927 5220 Perfectus
1941 5168 2079 5221 Deus
2098 5186 2205 5234 pro-

634 5237 739 5298 pria
763 5234 1029 5292 voluntate,
1054 5232 1283 5298 quidquid
1307 5232 1529 5280 humanae
1553 5230 1640 5298 fuit
1664 5242 1713 5281 et
1735 5240 1939 5290 naturae,
1966 5241 2018 5281 et
2038 5230 2203 5298 condi-

636 5286 782 5347 lienis
803 5286 1088 5357 assumens;
1111 5286 1295 5357 alislpte
1335 5300 1561 5357 peccato-
1586 5286 1855 5351 duntaxat,
1899 5286 1951 5343 et
1987 5296 2165 5345 malitia
2186 5332 2201 5357 ,

634 5373 745 5421 quae
767 5355 946 5421 nullam
968 5354 1116 5421 habet
1136 5352 1468 5421 suit—stantiam
1490 5352 1642 5421 infans
1662 5356 1940 5421 nascitur,»
1954 5352 2204 5421 _etc.g'rl"un't

637 5415 782 5470 etiam
794 5417 885 5468 alia
904 5417 1078 5466 isthaec
1091 5430 1151 5465 ex
1167 5415 1380 5464 Paschal?
1402 5417 1449 5464 5.
1471 5415 1677 5466 ινίνεηε
1695 5429 1858 5466 sermo
1876 5417 1985 5475 Dei,
2009 5417 2127 5466 nihil
2141 5420 2206 5469 de

635 5490 801 5533 nostra
823 5480 1110 5541 relinquens
1129 5476 1463 5534 similitudine,
1487 5480 1670 5541 absque
1692 5477 1794 5527 solo
1819 5488 2018 5540 peccato
2039 5516 2051 5538 ,
2078 5481 2207 5540 quod

635 5543 951 5595 substantiam
971 5539 1071 5589 non
1095 5540 1260 5597 habet,
1285 5552 1408 5588 novo
1430 5539 1575 5601 modo
1594 5539 1653 5588 ad
1677 5553 1763 5589 nos
1784 5539 1957 5589 venire
1979 5539 2206 5601 dignatus

638 5615 734 5656 ost.
757 5623 779 5651 υ
809 5604 934 5653 Hinc
954 5609 1118 5651 autem
1142 5606 1424 5664 peccatum,
1453 5600 1585 5664 quod
1620 5615 1714 5651 non
1735 5603 1829 5651 nisi
1853 5615 1880 5650 a
1922 5600 2057 5663 Lege
2081 5616 2204 5662 prte-

637 5668 864 5716 varicatio
882 5666 962 5722 sit,
980 5661 1294 5713 substantiam
1315 5661 1431 5712 dicit
1450 5673 1545 5709 non
1569 5661 1771 5721 habere,
1796 5671 1943 5725 atque
1966 5661 2088 5725 adeo
2109 5676 2209 5711 non

636 5727 788 5775 fuisse
803 5739 911 5796 cum
932 5726 1135 5796 humana
1154 5732 1321 5775 natura
1345 5730 1641 5786 assumptum
1660 5738 1690 5776 a
1711 5724 1893 5787 Verbo,
1916 5725 2045 5788 quod
2070 5724 2210 5776 facile

616 5801 812 5843 («unus
838 5786 1136 5849 intelligunt.

1913 324 2153 382 SANCTI
2191 319 2560 377 lllEBONYMl

3780 321 3884 383 796

2311 447 2436 486 reus
2461 433 2531 486 ait
2556 451 2570 487 :
2596 433 2857 505 Numquid
2881 436 2945 490 de
2976 436 3127 493 bobus
3155 454 3280 493 cura
3306 450 3381 494 est
3413 437 3558 494 Deo!
3587 456 3657 494 an
3684 421 3878 510 propter

2309 537 2400 575 nos
2429 522 2601 592 utique
2624 524 2744 579 dicit
2773 525 2848 597 (l.
2880 525 2999 581 Cor.
3028 526 3082 584 9.
3112 527 3246 602 10)?

2378 612 2430 666 5.
2481 612 2705 684 Propter
2744 630 2844 670 nos
2889 618 3049 687 igitur
3081 619 3247 675 homo
3283 620 3531 679 Salvator
3563 633 3651 679 est
3682 625 3882 692 factus,

2308 717 2415 757 non
2458 714 2673 775 propter
2700 708 2851 763 bruta
2877 718 2930 764 et
2956 710 3342 769 irrationabilia
3361 714 3629 785 jumenta,
3660 728 3718 771 ut
3743 719 3884 773 simi-

2308 792 2587 851 litudinem
2608 799 2800 853 animae
2816 800 3179 867 iumentorum
3204 805 3405 875 absque
3420 820 3584 863 sensu
3605 816 3660 863 et
3680 811 3884 866 ratione

2306 887 2621 958 susciperet.
2650 890 2724 964 (b)
2748 892 2850 948 Sed
2877 908 2976 949 nec
2999 895 3148 960 illud,
3175 899 3316 967 quod
3346 900 3586 969 ejusdem
3617 902 3884 960 haereseos

2305 987 2595 1035 sectatores
2622 983 2935 1039 cavillantur
2968 994 3024 1040 et
3059 989 3339 1057 garriunt,
3375 990 3610 1046 Ecclesia
3653 996 3878 1063 suscipit

2307 1064 2400 1138 [al.
2429 1070 2708 1144 suscepit],
2739 1082 2799 1129 ut
2839 1076 3174 1143 prudentiam
3220 1080 3397 1136 carnis
3434 1084 3696 1151 appellari
3737 1096 3879 1154 putet

2306 1158 2537 1214 animam
2579 1161 2908 1232 Salvatoris,
2940 1181 3061 1221 cum
3109 1172 3395 1239 perspicue
3430 1172 3723 1242 Apostolus
3760 1190 3882 1245 pru-

2304 1245 2539 1308 dentiam
2578 1252 2751 1307 carnis
2796 1253 3062 1311 inimicam
3106 1259 3216 1313 Deo
3255 1262 3515 1329 appellet,
3551 1274 3606 1317 et
3644 1275 3876 1322 mortem

2303 1336 2478 1409 (Rom.
2510 1340 2565 1396 8.
2593 1342 2648 1414 7)
2676 1359 2690 1395 :
2721 1344 2863 1413 quod
2891 1346 2960 1401 de
3002 1348 3229 1403 Domino
3260 1349 3442 1406 dicere
3485 1353 3637 1408 nefas
3677 1364 3760 1410 est
3783 1398 3797 1420 ,
3827 1367 3882 1412 ut

2303 1430 2479 1484 anima
2515 1431 2631 1500 ejus
2672 1449 2816 1488 mors
2837 1476 2853 1500 ,
2884 1447 2938 1491 et
2972 1437 3067 1493 Dei
3096 1439 3307 1496 inimica
3334 1442 3577 1498 credatu.
3612 1445 3671 1499 Si
3739 1449 3878 1503 enim

2303 1519 2457 1573 nobis
2484 1522 2722 1592 praecipit
2749 1541 2764 1578 :
2792 1524 2967 1582 Nolite
2993 1529 3168 1585 timere
3193 1548 3277 1586 eos
3304 1534 3391 1602 qui
3421 1546 3635 1603 possunt
3659 1540 3881 1596 occidere

2303 1625 2506 1678 corpus,
2536 1623 2584 1665 et
2612 1614 2835 1669 animam
2862 1633 2965 1672 non
2992 1621 3157 1674 uolent
3180 1620 3389 1694 (Matth.
3424 1624 3515 1680 10.
3547 1626 3665 1699 28),
3691 1644 3880 1701 cogen-

2305 1706 2391 1753 tur
2426 1702 2589 1757 stulta
2619 1718 2713 1757 sua
2755 1706 3117 1775 disputatione
3145 1713 3448 1782 suscipere,
3478 1716 3736 1774 meliores
3764 1735 3879 1776 esse

2303 1800 2514 1847 nostras
2548 1794 2755 1849 animas
2778 1796 2953 1852 anima
2979 1797 3295 1873 Salvatoris,
3323 1803 3451 1859 dum
3478 1806 3567 1861 illa
3597 1810 3875 1877 prudentia

2301 1886 2480 1939 carnis
2503 1887 2783 1954 asseritur,
2807 1904 2927 1959 qua:
2949 1906 3095 1947 mors
3117 1904 3173 1948 et
3197 1895 3411 1950 inimica
3437 1906 3521 1952 est
3547 1900 3669 1966 Dei,
3700 1912 3875 1957 nostra

2301 1985 2476 2030 autem
2515 1978 2650 2032 mori
2694 1995 2799 2034 non
2832 1991 3029 2051 potest.
3061 1984 3214 2051 Quod
3254 2001 3590 2058 nequaquam
3622 1990 3697 2046 ita
3728 1993 3876 2048 intel-

2303 2067 2572 2137 ligendum
2600 2078 2705 2136 est,
2734 2073 2924 2128 fratres
2947 2075 3231 2142 carissimi,
3267 2091 3387 2132 cum
3411 2079 3573 2135 etiam
3601 2083 3875 2151 prudentia

2302 2162 2496 2216 animus
2524 2177 2630 2217 non
2676 2165 2845 2234 possit
2882 2166 3061 2221 anima
3101 2171 3430 2239 nuncupari,
3463 2182 3516 2226 et
3548 2175 3722 2229 multo
3747 2178 3878 2233 inter

2302 2268 2362 2307 se
2387 2252 2637 2309 diﬂerant
2669 2274 2683 2310 :
2710 2257 2834 2311 licet
2875 2258 3019 2312 enim
3060 2260 3343 2328 prudentia
3375 2264 3572 2321 anima:
3596 2268 3652 2322 in
3679 2283 3741 2323 ea
3768 2270 3873 2336 sit,

2301 2345 2453 2413 cujus
2479 2346 2759 2414 prudentia
2787 2357 2871 2402 est
2898 2365 2914 2403 :
2946 2358 3123 2404 tamen
3157 2351 3385 2407 alterum
3424 2354 3625 2425 habet,
3654 2359 3874 2415 alterum

2304 2433 2530 2489 habetur
2553 2454 2568 2489 :
2589 2446 2643 2491 et
2668 2437 2814 2504 prius
2835 2439 3011 2493 anima
3035 2450 3137 2503 est,
3164 2455 3396 2511 sequens
3418 2458 3669 2502 versatur
3690 2451 3745 2503 in
3767 2452 3877 2506 ani-

2303 2539 2410 2579 ma.
2441 2524 2592 2592 Quod
2623 2528 2667 2581 si
2699 2528 2976 2598 prudentia
3003 2531 3195 2588 animm
3218 2544 3429 2605 nonest
3451 2538 3656 2603 anima,
3681 2551 3877 2607 quanto

2303 2618 2469 2683 magis
2495 2620 2673 2673 carnis
2712 2621 2988 2689 prudentia
3022 2620 3197 2675 anima
3234 2640 3338 2678 non
3377 2635 3558 2695 potest
3585 2630 3877 2698 appellari?

2304 2707 2539 2763 Tendunt
2563 2714 2953 2781 quantumlibet
2985 2717 3416 2789 syllogismorum
3457 2735 3680 2776 suurqu
3726 2726 3874 2792 retia,

2301 2808 2356 2851 et
2380 2800 2765 2870 sophismatmn
2800 2805 3073 2875 decipulas
3116 2819 3508 2878 proponeutes,
3555 2813 3764 2881 seipsos
3801 2815 3879 2869 in-

2301 2901 2519 2946 nectunt
2548 2893 2749 2962 laqueis
2772 2937 2787 2959 ,
2818 2912 2885 2951 ne
2920 2898 2970 2952 id
3012 2899 3225 2969 quidem
3265 2899 3534 2968 scientes,
3563 2904 3721 2973 cujus
3747 2920 3877 2960 vana

2301 2981 2525 3037 scientia
2569 2985 2867 3054 gloriantur
2897 3006 2913 3044 :
2940 3000 2997 3045 et
3027 2991 3236 3046 discant
3263 3008 3293 3046 a
3323 2993 3507 3058 nobis,
3536 3008 3674 3063 quos
3718 2998 3878 3066 gratis

2302 3084 2500 3143 cogunt
2530 3076 2894 3146 hujuscemodi
2934 3082 3347 3152 disputationem
3393 3101 3670 3142 assumere
3692 3129 3709 3154 ,
3737 3088 3878 3144 aliud

2301 3181 2424 3221 esse
2445 3169 2585 3236 quod
2614 3172 2792 3238 sapit,
2825 3174 2970 3229 aliud
3001 3177 3260 3246 sapientia
3283 3219 3295 3237 .
3325 3179 3469 3233 aliud
3498 3196 3715 3250 quoque
3741 3182 3879 3252 quod

2301 3259 2524 3326 sapitur.
2559 3259 2626 3314 Et
2666 3261 2781 3318 haec
2820 3281 2926 3319 non
2975 3268 3146 3321 solum
3191 3269 3367 3323 verbis
3413 3271 3553 3325 inter
3578 3287 3638 3327 se
3661 3315 3677 3336 ,
3709 3274 3803 3328 sed
3827 3281 3881 3329 et

2301 3348 2548 3403 sensibus
2572 3349 2875 3422 discrepare
2902 3371 2916 3407 :
2942 3369 3062 3423 qua:
3093 3357 3235 3411 enim
3280 3359 3452 3426 sapit,
3485 3361 3766 3417 rationalis
3799 3373 3881 3419 cst

2300 3440 2477 3493 anima
2503 3457 2517 3494 :
2548 3455 2707 3510 porro
2725 3458 2845 3512 quae
2869 3458 2930 3499 ex
2961 3444 3071 3514 ipsa
3099 3456 3201 3512 est,
3230 3456 3285 3502 et
3356 3448 3519 3521 589
3591 3453 3781 3520 ipsius,
3827 3463 3881 3509 et

2302 3546 2407 3584 non
2433 3532 2545 3601 ipsa
2568 3549 2688 3602 quas
2706 3535 2863 3602 sapit,
2887 3536 3185 3605 appellatur
3209 3540 3470 3609 sapientia
3499 3558 3513 3594 :
3536 3542 3681 3609 quod
3703 3554 3878 3598 autem

2302 3622 2528 3690 sapitur.
2561 3639 2647 3679 res
2670 3634 2754 3679 est
2781 3642 2938 3695 quam
2977 3629 3217 3697 respicit,
3246 3644 3416 3699 eaque
3437 3633 3676 3700 gignitur
3702 3650 3770 3689 ex
3797 3649 3880 3689 sa-

2302 3713 2481 3782 piente
2506 3716 2784 3783 sapientia,
2813 3718 2886 3789 (c)
2915 3730 2968 3773 et
2994 3736 3097 3774 non
3126 3722 3337 3790 sapiens
3364 3723 3497 3792 ipse,
3529 3739 3631 3779 uec
3656 3727 3766 3794 ipsa
3794 3743 3880 3782 sa-

2304 3806 2521 3872 pientia.
2562 3806 2905 3877 Tandemque
2941 3809 3191 3866 desinant
3232 3813 3533 3869 Dialecticae
3562 3818 3696 3871 artis
3736 3830 3878 3874 stro-

2303 3898 2423 3966 phis
2449 3897 2711 3966 simplicia
2738 3900 3126 3957 Ecclesiasticte
3149 3903 3269 3957 lidei
3296 3904 3513 3959 decreta
3544 3918 3876 3975 pervertere,

2304 3999 2362 4042 ut
2388 3989 2618 4042 animam
2649 3989 2946 4045 Salvatoris
2988 3994 3323 4062 prudentiam
3355 4000 3535 4050 carnis
3572 4001 3876 4069 appellent,

2304 4096 2461 4149 quam
2495 4082 2782 4151 Apostolus
2807 4094 3031 4139 mortem
3057 4094 3111 4139 ct
3141 4087 3408 4142 inimicam
3435 4091 3632 4145 asserit
3658 4092 3774 4148 Dei.

2374 4174 2430 4229 6.
2456 4176 2559 4229 Sed
2584 4185 2639 4229 et
2665 4176 2765 4230 hoc
2791 4176 2950 4231 modo
2977 4177 3129 4232 nobis
3158 4191 3343 4233 contra
3371 4180 3489 4234 illos
3509 4181 3877 4240 disserendum

2303 4267 2532 4320 videtur.
2562 4268 2828 4337 Scriptum
2851 4278 2932 4323 est
2951 4269 3019 4323 dc
3046 4270 3222 4324 Verbo
3245 4271 3336 4325 Dei
3363 4291 3376 4325 :
3403 4271 3591 4326 Omnia
3608 4292 3700 4343 per
3718 4276 3879 4345 ipsum

2305 4361 2441 4428 facta
2465 4369 2583 4413 sunt
2613 4358 2790 4429 (Jean.
2820 4360 2870 4413 1.
2897 4358 2973 4430 5).
2996 4360 3130 4414 Num
3152 4362 3406 4416 credibile
3432 4372 3534 4426 est,
3567 4366 3880 4434 sapientiam

2304 4451 2389 4504 vel
2429 4451 2767 4519 prudentiam
2794 4452 3004 4515 carnis,
3034 4468 3195 4523 quam
3227 4454 3298 4506 illi
3327 4455 3561 4508 animum
3592 4458 3881 4513 Salvatoris
3954 4506 3957 4507 ν

2305 4541 2627 4610 intelligunt,
2655 4559 2683 4596 a
2707 4542 2882 4598 Verbo
2914 4544 3008 4598 Dei
3029 4545 3319 4608 conditam,
3352 4554 3413 4599 ut
3455 4548 3667 4612 mortis,
3695 4559 3750 4604 et
3778 4550 3880 4603 ini-

2306 4636 2519 4690 micitiae
2548 4647 2732 4691 contra
2764 4637 2930 4690 Deum
2960 4637 3074 4705 ipse
3098 4647 3348 4706 operator
3372 4638 3650 4702 existeret,
3678 4642 3882 4711 sibique

2304 4744 2417 4791 eas,
2439 4728 2580 4798 quod
2603 4729 2747 4783 dictu
2771 4728 2917 4782 nefas
2937 4738 3040 4795 est,
3064 4729 3341 4801 copulari?
3365 4729 3517 4795 Quod
3546 4732 3590 4785 si
3621 4731 3880 4787 nefarium

2303 4833 2387 4875 est
2414 4819 2674 4886 credere,
2703 4830 2759 4876 et
2794 4822 2970 4874 anima
3015 4819 3307 4875 Salvatoris
3345 4821 3559 4875 cunctis
3603 4824 3882 4877 virtutibus

2307 4911 2474 4979 pollet
2498 4928 2513 4963 :
2541 4926 2670 4981 ergo
2697 4911 2973 4980 prudentia
2999 4911 3177 4965 carnis
3202 4927 3307 4965 non
3336 4912 3440 4966 erit
3459 4913 3637 4968 anima
3662 4914 3799 4984 ejus,
3821 4929 3885 4968 ne

2306 5002 2419 5071 ipse
2442 5010 2665 5056 mortem
2690 5012 2746 5056 et
2774 5002 3104 5057 inimicitiam
3130 5013 3316 5056 contra
3348 5003 3518 5057 Deum
3540 5004 3620 5076 (ά)
3645 5006 3746 5059 sibi
3765 5006 3884 5075 jun-

2305 5095 2449 5148 xisse
2490 5092 2761 5147 credatur.
2791 5091 3019 5147 Cessent
3046 5093 3371 5163 Apollinaris
3397 5094 3648 5164 discipuli
3677 5110 3738 5149 ea
3770 5108 3885 5165 qua:

2371 5290 2444 5354 (b)
2477 5288 2759 5352 Legebatnr
2781 5295 2925 5354 antea
2949 5323 2965 5347 ,
2994 5288 3086 5339 Sed
3110 5301 3171 5339 ne
3189 5284 3316 5354 illud
3339 5286 3468 5354 quod
3491 5288 3711 5350 ejusdem
3735 5288 3881 5340 bere.

2306 5348 2719 5414 seos'pecc'utores
2749 5348 3033 5401 cavillantur
3060 5363 3077 5400 :
3104 5348 3469 5401 emendat-iuius
3485 5348 3519 5411 ,'
3537 5364 3645 5411 nec,
3673 5360 3727 5402 et
3743 5359 3890 5405 secta-

2308 5424 2449 5467 tores.
2892 5441 2898 5449 ς

2378 5473 2438 5540 (c)
2477 5474 2672 5540 lethaeo,
2695 5480 2857 5540 etnon
2879 5473 3070 5536 sapiens
3088 5470 3190 5536 ipse
3212 5485 3301 5522 nec
3318 5471 3424 5537 ipsa
3446 5471 3704 5534 sanientia,
3729 5474 3780 5523 in
3803 5472 3889 5523 ali-

2309 5535 2599 5601 quoteditis
2613 5535 2974 5601 desiderantur.

2379 5596 2447 5669 (tt)
2480 5596 2587 5645 Uno
2616 5598 2917 5669 verboerat,
2950 5593 3273 5669 subitmxisse,
3298 5606 3388 5657 pro
3416 5607 3523 5669 quo.
3538 5596 3609 5669 ad_
3620 5598 3891 5669 marginem

2312 5658 3331 5719 Martianteusadnotaveral,subarnasie;
3371 5668 3459 5705 nos
3494 5658 3690 5708 duobus
3731 5660 3892 5707 verbis

2312 5721 2536 5782 fecimus,
2561 5717 2651 5782 sibi
2655 5717 2880 5782 junxt'sse
2910 5732 2927 5769 :
2950 5716 3097 5781 quam
3120 5732 3258 5775 vere,
3292 5716 3446 5782 lector
3472 5733 3534 5768 ex
3558 5730 3796 5771 contextu
3816 5722 3891 5782 ju-

2265 5825 2268 5828 .
2299 5784 2465 5833 dicet.
2490 5781 2696 5833 Leviora
2717 5781 2938 5845 qua-datu
2959 5779 3104 5844 Supra
3137 5779 3522 5831 emendavimus.
