4106 6340
208 330 311 389 791

211 454 400 504 contra
425 444 833 504 Ecelesiasticas
858 445 1066 516 regulas
1087 453 1168 499 est
1191 442 1421 508 loculus,
1446 453 1662 514 proer
1682 444 1786 497 alia

211 541 325 610 ejus
354 539 554 607 scripta
590 538 879 594 defendere
908 556 920 592 :
952 538 1078 593 licet
1109 538 1253 594 enim
1278 536 1536 592 adversus
1562 537 1790 591 Arianns

212 640 267 686 et
289 629 655 685 Eunomianos
680 628 971 698 scripserit,
1001 637 1054 681 et
1078 625 1386 696 Origenem,
1415 627 1655 697 aliosque
1682 625 1792 678 has-

212 720 412 775 reticos
440 734 535 773 sua
573 718 931 787 disputatione
960 718 1321 782 subverterit;
1353 727 1527 771 tamen
1555 715 1645 785 qui
1674 729 1789 769 me-

215 824 333 865 mor
350 818 435 866 est
458 810 605 863 illius
631 810 880 878 praecepti
913 827 927 863 :
956 807 1076 862 Non
1098 809 1314 878 accipies
1340 823 1603 878 personam
1629 808 1681 858 in
1700 806 1792 876 ju-

216 899 349 952 dicio
388 897 585 961 (Leuit.
632 898 718 953 19.
773 901 859 958 15:
904 908 951 952 et
990 896 1199 954 Denter.
1245 899 1296 952 1.
1349 900 1439 968 17)
1469 915 1483 951 :
1513 897 1790 951 veritatem

215 1005 429 1060 semper
458 990 620 1046 debet
646 990 870 1060 diligere
893 1030 909 1054 ,
937 1004 1045 1046 non
1077 1004 1331 1058 personas
1356 1006 1371 1053 ;
1400 998 1455 1045 et
1480 989 1621 1042 scire
1648 985 1792 1056 quod

216 1080 269 1134 in
310 1080 713 1148 dispensatione
761 1082 1030 1146 hominis,
1056 1096 1224 1150 quam
1269 1095 1366 1150 pro
1401 1080 1573 1134 salute
1610 1087 1792 1131 nostra

217 1172 525 1242 unigenilus
549 1173 720 1228 Filius
756 1173 850 1228 Dei
879 1173 1128 1243 dignatus
1155 1183 1239 1229 est
1266 1188 1561 1234 assumere,
1591 1187 1694 1225 non
1726 1171 1796 1224 sit

218 1265 425 1319 alienus
453 1281 484 1319 a
508 1265 665 1336 culpa
684 1306 699 1326 .
731 1266 820 1336 qui
862 1281 1025 1334 super
1049 1268 1222 1320 anima
1261 1266 1434 1327 illius,
1465 1278 1713 1333 perversa
1739 1271 1795 1317 et

221 1354 525 1423 intellexit,
555 1366 610 1410 et
650 1357 884 1426 scripsit.
924 1356 1075 1412 Sicut
1109 1358 1252 1411 enim
1278 1355 1568 1424 Apostolus
1592 1354 1664 1406 ait
1690 1369 1705 1406 :
1733 1351 1794 1406 Si

218 1449 504 1518 expendere
534 1465 732 1503 omnem
755 1449 1088 1503 substantiam
1114 1465 1297 1511 meam,
1327 1457 1375 1500 et
1403 1445 1659 1499 tradidero
1684 1459 1797 1496 cor-

223 1555 315 1607 pus
334 1556 535 1603 meum,
561 1548 618 1592 ut
652 1540 859 1594 ardeam
877 1578 893 1602 ,
919 1539 1177 1593 caritatem
1206 1546 1374 1591 autem
1407 1553 1507 1589 non
1539 1534 1794 1599 habuero,

223 1630 350 1683 nihil
375 1630 502 1684 milli
526 1630 754 1700 proderit
779 1630 853 1702 (1.
885 1630 1004 1684 Cor.
1034 1631 1124 1699 15)
1143 1670 1158 1693 .
1188 1630 1257 1683 ita
1285 1630 1398 1683 sive
1431 1629 1532 1683 iste
1552 1667 1567 1690 ,
1597 1626 1796 1693 dequo

224 1735 364 1776 nunc
407 1735 588 1775 sermo
618 1731 745 1783 est,
791 1722 907 1775 sive
955 1719 1248 1791 Origenes,
1293 1728 1348 1773 et
1384 1718 1473 1772 alii
1525 1715 1795 1777 haeretici,

224 1812 465 1879 quamvis
490 1810 807 1880 scripserint
837 1812 1022 1882 aliqua
1042 1852 1060 1878 ,
1096 1826 1217 1879 qua:
1258 1809 1649 1863 Ecelcsiasticae
1675 1806 1798 1861 fidei

226 1915 329 1954 lton
359 1908 680 1968 repugnent;
710 1910 884 1955 tamen
916 1916 1021 1953 non
1049 1910 1208 1954 erunt
1244 1899 1444 1968 absque
1472 1896 1719 1959 crimine,
1744 1903 1800 1949 et

226 1989 280 2042 in
313 1989 413 2053 bis,
441 2005 561 2057 quae
595 1989 907 2058 principalia
943 1998 1103 2055 sunt,
1131 1997 1186 2045 et
1222 1988 1288 2043 ad
1319 1989 1545 2043 salutem
1574 1986 1800 2041 creden-

229 2080 354 2134 tium
384 2083 678 2150 pertinent,
709 2080 1103 2137 Ecclesiasticae
1134 2080 1256 2135 fidei
1283 2088 1657 2149 repugnantes.
1692 2078 1799 2132 Ne-

227 2186 330 2240 que
351 2171 517 2234 enim,
551 2182 608 2225 ut
623 2170 738 2239 ipse
752 2186 875 2229 eum
897 2169 1370 2235 sectatoribussuis
1398 2169 1583 2222 nititur
1604 2183 1803 2236 appro-

229 2262 371 2327 bare,
396 2263 652 2323 Dominus
706 2263 867 2334 590
916 2272 1099 2317 noster
1119 2270 1280 2329 atque
1306 2260 1549 2316 Salvator
1569 2261 1800 2314 animant

205 2349 342 2409 sine
370 2369 529 2409 sensu
573 2355 861 2422 assumpsit
887 2362 941 2408 et
965 2352 1040 2424 (a)
1066 2361 1276 2417 mente,
1306 2362 1397 2407 aut
1423 2352 1653 2408 mediam
1686 2368 1804 2420 par-

229 2454 331 2499 tem
362 2446 502 2514 ejus,
520 2445 761 2513 duasque
782 2444 803 2515 [
825 2446 857 2498 f.
887 2443 1093 2515 duosve]
1120 2445 1187 2499 de
1214 2445 1405 2507 tribus,
1428 2448 1541 2500 sive
1568 2446 1800 2510 tertiam,

227 2545 278 2590 ut
308 2534 621 2604 imperfecte
642 2534 914 2589 hominem
934 2534 1007 2607 (b)
1024 2535 1258 2590 salvaret
1279 2544 1610 2605 assumptum
1638 2553 1651 2588 :
1677 2538 1803 2605 quia

225 2643 326 2683 nec
368 2629 583 2692 media,
624 2643 723 2682 nec
760 2628 983 2699 reliqua:
1029 2630 1304 2699 portiones
1349 2630 1565 2699 perfecti
1607 2646 1831 2687 nomen.

223 2718 511 2785 accipient.
542 2717 612 2772 Et
636 2717 773 2772 sicut
800 2718 940 2787 quod
982 2719 1270 2787 perfectum
1297 2728 1398 2785 est,
1427 2731 1575 2774 caret
1602 2721 1803 2788 imper-

226 2809 351 2864 fecti
384 2808 534 2870 vitio,
561 2809 641 2863 sic
664 2808 807 2878 quod
832 2810 1200 2877 imperfectum
1226 2820 1331 2875 est,
1375 2811 1666 2879 perfectum
1697 2828 1804 2866 non

229 2911 403 2971 potest
430 2900 556 2955 dici.
588 2901 653 2955 Et
680 2900 724 2954 si
756 2901 1066 2970 imperfecte
1096 2902 1499 2958 similitudinem
1529 2914 1800 2968 nostram,
1826 2946 1831 2953 .

229 2993 312 3047 vel
332 3009 394 3047 ex
420 3001 568 3062 parte
594 3002 924 3061 susceperat.
947 2993 1215 3062 quelnodo
1235 2994 1288 3048 in
1314 2994 1602 3063 Evangelio
1622 2995 1807 3065 loque-

230 3084 389 3139 batur
417 3101 430 3137 :
459 3083 628 3137 Nemo
655 3082 789 3137 tollit
814 3084 1036 3137 animant
1067 3101 1230 3138 meam
1267 3102 1300 3137 a
1338 3100 1417 3137 me
1458 3100 1478 3139 :
1511 3093 1805 3153 potestatem

232 3176 388 3230 habeo
418 3174 638 3244 ponendi
666 3190 795 3238 eam,
827 3183 873 3228 et
899 3184 1194 3244 potestatem
1219 3176 1378 3229 habeo
1408 3177 1640 3229 sumendi
1666 3176 1806 3229 eam?

233 3264 409 3336 (Joan.
438 3264 526 3320 10.
556 3261 670 3336 18.)
697 3264 826 3331 Quae
850 3273 1027 3320 autem
1057 3265 1282 3328 tollitur,
1311 3276 1471 3335 atque
1496 3266 1803 3335 deponitur,

234 3370 335 3410 nec
373 3355 728 3421 irrationalis,
768 3368 869 3411 nec
905 3356 1106 3426 absque
1148 3366 1326 3411 mente
1363 3366 1420 3410 et
1462 3357 1807 3428 intelligentia

235 3448 338 3500 dici
366 3456 560 3517 potest,
589 3447 682 3502 sed
707 3464 739 3502 e
763 3449 1031 3503 contrario
1055 3449 1331 3505 rationalis
1354 3458 1410 3505 ct
1437 3450 1806 3522 intelligibilis,

238 3551 291 3594 et
310 3549 542 3595 mentem
567 3538 791 3605 habens,
820 3555 883 3594 ac
906 3542 1169 3596 sentiens.

309 3632 362 3685 7.
387 3631 565 3699 Atque
590 3631 663 3685 ita
691 3631 806 3700 ipse
830 3630 1209 3699 disputationis
1245 3631 1380 3688 ordo
1406 3634 1698 3699 convincit,
1726 3635 1810 3690 ni-

240 3723 314 3778 hil
351 3739 380 3776 a
425 3723 648 3777 Domino
685 3721 1052 3791 imperfectum
1088 3737 1209 3778 esse
1236 3735 1575 3793 susceptum,
1604 3725 1698 3779 sed
1727 3740 1815 3781 as-

229 3827 508 3886 sumptum
541 3817 610 3872 ab
642 3830 709 3871 eo
735 3814 1008 3870 hominem
1042 3815 1227 3885 plene,
1258 3817 1598 3886 perfectoque
1636 3818 1813 3872 salva-

244 3918 376 3963 ltnn.
426 3907 566 3962 Nulli
619 3905 763 3961 enim
809 3905 1057 3970 dubium,
1089 3903 1160 3977 ()

240 3999 601 4070 jnmeutorum
649 3998 861 4052 animm
889 4010 995 4052 non
1041 4005 1309 4067 ponantur
1350 4006 1405 4052 et
1453 4009 1813 4065 resumantur,

243 4091 337 4145 sed
360 4106 479 4144 cum
509 4088 826 4158 corporibus
870 4096 1123 4157 pereant,
1152 4095 1208 4143 et
1234 4088 1286 4142 in
1324 4090 1595 4157 pulverem
1622 4090 1818 4144 dissol-

246 4191 451 4236 ventur.
484 4181 656 4235 Porro
684 4179 931 4234 Salvator
960 4179 1151 4235 tollens
1180 4181 1447 4246 animam,
1477 4190 1532 4236 et
1565 4196 1821 4252 separans

300 4289 525 4342 corpore
541 4269 924 4342 suo,_lempore
954 4272 1239 4341 passionis,
1269 4288 1478 4328 rursum
1501 4288 1620 4328 eam
1654 4275 1704 4329 in
1730 4291 1821 4331 re-

246 4339 578 4419 surrectione
605 4339 863 4430 suscepit.
889 4339 966 4417 Et
985 4363 1152 4417 multo
1176 4372 1459 4434 antequam
1494 4364 1547 4419 id
1586 4366 1819 4432 faceret,

247 4455 563 4525 loquebatur
593 4455 646 4506 in
674 4453 885 4507 Psalmo
914 4469 928 4505 :
960 4452 1081 4506 Non
1097 4451 1412 4523 derelinques
1424 4457 1647 4509 animam
1664 4474 1825 4511 meum

140 4604 149 4612 ,
247 4547 309 4602 in
324 4547 547 4619 inferno,
578 4559 670 4599 nec
697 4544 840 4598 dabis
859 4554 1088 4596 sanetum
1107 4552 1249 4596 tuum
1268 4544 1435 4599 uidere
1453 4548 1826 4616 corruptionem

315 4717 385 4782 (a)
422 4715 543 4782 illud
585 4716 768 4782 quippe
799 4712 1569 4782 ex_Nemesi9_observatum_e_st
1600 4732 1745 4781 supra
1769 4721 1830 4770 ad

315 4728 385 4782 )
585 4728 768 4822 quglpe
799 4728 1132 4784 exnlvemesw
1151 4728 1465 4784 observatum
1489 4728 1569 4767 est
1600 4732 1745 4790 supra
1769 4728 1830 4770 ad

254 4784 399 4835 epist.
441 4778 521 4825 8L
569 4789 621 4823 .
694 4809 706 4822 .
752 4787 968 4823 sensisse
1004 4772 1331 4835 Apollinarem
1373 4791 1436 4825 ex
1472 4777 1830 4830 Platonicorum

254 4796 282 4829 e
320 4796 399 4829 ISt.
441 4796 521 4825 os.
571 4796 621 4823 ll.
659 4796 706 4822 .
752 4796 968 4823 suum:
1004 4796 1331 4835 Apollinarem
1373 4796 1436 4825 ex
1477 4796 1830 4830 rlatOllltOrum

253 4796 462 4905 plilcitis,
488 4855 585 4894 ,
602 4837 726 4905 sive,
749 4840 1059 4905 mentemjut
1080 4838 1559 4905 senapinnquanldam
1583 4852 1697 4905 esse
1719 4844 1831 4890 sub.

251 4894 477 4953 stantiam
492 4901 558 4949 ab
574 4901 732 4969 anima
747 4894 1235 4969 separabileln,unde
1254 4894 1387 4969 illam
1398 4897 1661 4969 salvatoris
1682 4914 1831 4969 sensu

255 4963 525 5020 mulctavit,
560 4965 615 5009 ut
638 4960 747 5022 ejus
771 4956 905 5008 vices
924 4956 1169 5006 Divinilas
1189 4963 1411 5020 gereret.
1436 4957 1611 5009 Confer
1632 4974 1741 5022 quae
1764 4966 1832 5014 ibi

255 5027 578 5152 adii'ii'zk
604 5083 662 5133 .
703 5083 762 5152 P_.
786 5079 1095 5152 reprsuilnus
1114 5084 1438 5152 emptum,
1478 5080 1527 5129 in
1559 5081 1668 5152 aliis
1702 5086 1834 5152 enim

325 5087 388 5196 ib)
418 5087 491 5137 Ita
516 5098 578 5134 ex
605 5087 662 5133 .
704 5087 762 5154 P_.
786 5087 1095 5154 reposuimus
1114 5087 1438 5153 assionptum,
1478 5087 1527 5129 in
1559 5087 1668 5132 aliis
1704 5087 1834 5135 enim

258 5163 320 5198 vu
342 5165 392 5211 .
428 5148 569 5197 libris
608 5152 713 5195 erat
744 5150 1053 5204 luterjacenu
1089 5150 1238 5192 etiam
1265 5141 1471 5205 l'lrgula,
1503 5143 1726 5207 solveret,
1761 5161 1836 5198 as-

332 5263 393 5335 ()
414 5272 552 5322 Hanc
583 5283 649 5319 ex
671 5267 857 5335 graeco
884 5263 1149 5335 Theophili
1176 5269 1317 5315 textu
1356 5269 1634 5335 pericopem
1663 5271 1837 5335 recitat

262 5325 603 5383 'l'h'eodoretus
615 5334 662 5379 in
671 5325 1111 5388 EranisteDialogo
1121 5328 1169 5390 .
1186 5341 1328 5390 quam
1343 5325 1584 5390 praestabit
1599 5344 1709 5380 cum
1720 5332 1837 5383 me.

265 5397 541 5459 rouynliana
555 5390 960 5454 interpretatione
982 5386 1263 5439 contulisse.
1440 5404 1578 5455 sum

770 5464 894 5514 .
927 5462 1021 5501 me
1278 5467 1451 5513 -
1486 5464 1838 5520 ..

555 5529 781 5569 animi.
956 5526 1090 5575 mite.
1249 5527 1375 5570 mea.

263 5595 487 5642 ..
1013 5590 1192 5635 .
1357 5588 1467 5637 diu-ip:
1565 5593 1654 5630 date

1179 5650 1270 5694 iui;

404 5718 468 5754 eo;
856 5712 969 5763 wife
1161 5707 1267 5758 ,
1410 5708 1535 5762 Sciron;

262 5773 351 5818 Uda
1227 5803 1235 5811 .

1929 326 2154 385 XCVIII.

3363 341 3471 398 798

1896 441 2068 513 (Psal.
2112 443 2220 515 l5).
2263 443 2370 500 Nec
2405 447 2663 505 credibile
2702 460 2786 507 est
2820 456 2963 525 quod
3005 457 3073 517 all
3113 458 3314 516 inferos
3342 477 3471 517 caro

1896 535 2012 599 ejus
2035 534 2391 601 descenderit,
2414 537 2500 593 vel
2528 540 2809 603 prudentia
2834 549 3034 616 carnis,
3061 565 3180 620 quin
3203 553 3471 623 appellata

1901 624 1971 680 sit
2009 627 2182 681 anima
2205 668 2221 690 ,
2250 628 2441 684 inferis
2465 636 2774 700 apparuerit
2797 653 2813 690 :
2840 639 2935 694 sed
2962 644 3105 711 quod
3133 658 3329 714 corpus
3353 646 3471 715 ejus

1899 714 2129 781 positum
2155 715 2207 770 in
2234 719 2483 788 sepulcro
2510 721 2611 789 sit,
2651 733 2706 779 et
2750 726 2864 794 ipse
2909 745 3007 785 nec
3046 732 3115 787 de
3147 714 3472 805 corporeet

1898 807 2156 872 sapientia
2193 812 2400 876 carnis,
2434 828 2532 869 nec
2556 814 2625 871 de
2649 816 2928 876 divinitate
2966 838 3060 879 sua
3099 826 3313 896 dixerit,
3347 830 3472 886 Non

1900 892 2212 967 derelinquas
2238 898 2647 959 animam'meam
2673 908 2728 962 in
2754 909 2973 977 inferno,
3001 915 3097 969 sed
3124 933 3251 974 vere
3273 892 3343 975 de
3375 938 3476 976 no-

1900 993 2024 1040 stra:
2052 999 2254 1042 nalurm
2292 993 2464 1047 anima
2485 1037 2502 1060 ,
2544 1006 2599 1050 ut
2638 998 2924 1065 perfectam
2953 1018 3015 1058 ac
3041 1008 3352 1066 rationalem
3374 1055 3388 1075 ,
3415 1026 3473 1069 et

1902 1076 2281 1146 intelligibilem
2326 1091 2486 1151 atque
2534 1089 2839 1145 sensibilem
2885 1093 2951 1147 ad
2995 1094 3194 1151 inferos
3239 1102 3473 1157 animam

1900 1166 2243 1225 descendisse
2281 1183 2620 1231 monstraret.
2664 1178 2950 1238 Hortamur
2972 1200 3070 1240 eos
3105 1188 3195 1256 qui
3224 1191 3344 1244 talia
3383 1208 3474 1247 sa-

1902 1258 2084 1324 piunt,
2112 1259 2188 1329 (d)
2218 1272 2276 1315 ut
2304 1264 2502 1320 relictis
2530 1268 2901 1328 haereticorum
2926 1276 3230 1352 erroribus,
3261 1284 3476 1351 aequie-

1901 1358 2050 1402 scant
2076 1350 2463 1411 Ecclesiasticae
2491 1360 2718 1423 veritati,
2746 1372 2801 1416 et
2825 1350 3165 1423 festivitatem
3196 1371 3477 1427 dominicae

1903 1440 2165 1505 passiOnis
2211 1458 2315 1496 non
2364 1445 2560 1504 faciant
2596 1451 2989 1521 imperfectam,
3023 1473 3092 1514 ne
3128 1460 3476 1530 principalem

1902 1534 1957 1580 et
2002 1528 2255 1597 majorem
2307 1533 2537 1591 hominis
2582 1548 2786 1608 partem
2831 1543 2886 1599 in
2930 1545 3206 1605 Salvatore
3249 1528 3474 1621 negent,

1901 1619 2103 1687 absque
2144 1624 2318 1678 anima
2357 1636 2411 1679 et
2473 1640 2653 1684 mente
2705 1647 2902 1703 corpus
2965 1638 3109 1694 illius
3152 1619 3473 1703 asserentes.

1903 1708 2059 1809 $91
2133 1713 2188 1768 Si
2213 1716 2355 1769 enim
2395 1718 2465 1772 ita
2513 1732 2651 1788 erat,
2677 1726 2801 1792 quid
2829 1727 2898 1782 de
2933 1743 2994 1785 se
3017 1732 3202 1789 Valens
3230 1737 3474 1809 intelligi,

1904 1799 2253 1874 loquebatur:
2283 1805 2466 1861 Pastor
2491 1812 2649 1868 bonus
2671 1816 2895 1872 animat
2920 1837 3067 1877 suam
3096 1829 3239 1892 ponit
3262 1846 3355 1898 pro
3375 1799 3483 1885 alii;

1904 1891 1995 1946 bus
2023 1892 2209 1964 (Joan.
2245 1896 2385 1967 l0)?
2426 1900 2490 1954 Et
2529 1903 2573 1956 si
2620 1912 2822 1962 tantum
2867 1891 3102 1968 carnem
3129 1891 3361 1976 hominis
3397 1938 3487 1978 as-

1904 1995 2240 2052 sumpserat,
2272 2004 2369 2043 cur
2395 1991 2447 2044 in
2488 1996 2736 2062 passione
2761 1999 2973 2057 dicebat
3001 2007 3273 2076 :Spiritus
3309 2030 3486 2082 pram-

1906 2084 2040 2141 ptus,
2072 2092 2193 2130 caro
2220 2089 2386 2133 autent
2411 2083 2617 2145 infirma
2646 2086 2860 2159 (Halm.
2891 2092 2985 2165 26)

1975 2166 2029 2222 8.
2061 2167 2211 2223 Unde
2237 2172 2508 2228 sciendum
2536 2188 2640 2243 est,
2670 2182 2810 2248 quod
2841 2200 2905 2238 ex
2931 2189 3076 2242 omni
3107 2202 3255 2259 parte
3285 2206 3487 2266 tempe-

1907 2267 2079 2311 ratum
2127 2261 2371 2317 humana:
2405 2267 2726 2326 conditionis
2752 2274 3010 2333 exhibens
3052 2261 3444 2341 sacramentum
3466 2331 3482 2351 ,

1908 2348 2194 2415 perfectam
2238 2351 2637 2412 similitudinem
2684 2370 2881 2419 nostrae
2921 2370 3241 2427 conditionis
3279 2392 3486 2431 assum-

1908 2438 2094 2504 pserit,
2118 2455 2216 2495 nec
2238 2458 2453 2499 carnem
2482 2457 2705 2515 tantum,
2728 2469 2829 2508 nec
2847 2458 3076 2514 animam
3099 2464 3483 2534 irrationalem,

1907 2538 1959 2580 et
1979 2527 2095 2582 sine
2118 2545 2300 2599 sensu,
2322 2536 2414 2589 sed
2439 2546 2605 2593 totum
2626 2557 2819 2610 corpus
2840 2555 3108 2620 totamque
3129 2554 3358 2609 animam
3383 2527 3485 2614 sibi

1909 2623 2150 2686 socians,
2184 2627 2476 2694 perfectum
2513 2633 2565 2686 in
2609 2649 2669 2690 se
2712 2635 2980 2694 hominem
3011 2642 3393 2702 demonSIravit
3421 2651 3483 2721 [f.

1909 2709 2309 2788 demonstrarit],
2339 2728 2394 2772 ut
2436 2722 2723 2789 perfectam
2752 2731 2959 2784 cunctis
2995 2732 3295 2791 hominibus
3325 2739 3377 2793 ill
3403 2709 3486 2809 se,

1909 2812 1966 2856 et
2005 2820 2097 2871 per
2134 2821 2192 2861 se
2223 2809 2507 2878 largiretur
2529 2815 2788 2881 salutem;
2821 2818 3130 2892 habensque
3159 2831 3323 2883 nostri
3355 2845 3487 2885 con-

1910 2895 2168 2960 sortium,
2199 2897 2288 2964 qui
2329 2898 2398 2954 de
2446 2908 2583 2955 terra
2632 2907 2832 2961 conditi
2878 2924 3095 2977 sumus,
3138 2930 3238 2970 nec
3271 2932 3486 2974 carnem

1910 2982 2129 3040 deduxit
2153 2987 2222 3042 de
2246 2989 2405 3056 coelo,
2435 3007 2534 3047 nec
2559 2996 2812 3061 animam,
2842 3015 2960 3069 qua:
2990 3005 3136 3070 prius
3158 3008 3485 3077 substiterat,

1910 3084 1965 3129 et
1992 3088 2116 3130 ante
2141 3093 2356 3134 carnem
2384 3083 2502 3148 ejus
2528 3085 2741 3139 condita
2769 3098 2883 3141 erat
2902 3129 2918 3154 ,
2944 3105 3041 3145 suo
3068 3098 3279 3164 corpori
3314 3113 3485 3168 copu-

1911 3168 2058 3235 lavit,
2084 3171 2224 3224 sicut
2242 3172 2488 3243 Origenis
2508 3178 2748 3233 nituntur
2766 3170 2963 3238 docere
2981 3183 3247 3255 discipuli.
3270 3191 3323 3245 Si
3345 3193 3490 3247 enim

1912 3263 2087 3317 anima
2130 3264 2458 3333 Salvatoris,
2505 3280 2787 3341 antequam
2836 3275 2925 3331 ille
2967 3277 3254 3336 humanum
3295 3299 3491 3356 corpus

1912 3364 2228 3421 assumeret,
2253 3356 2304 3410 in
2327 3357 2584 3414 etelortlm
2612 3364 2916 3432 regionibus
2940 3372 3266 3441 morabatur,
3290 3385 3342 3431 et
3369 3394 3492 3431 m-c-

1912 3448 2039 3503 dum
2067 3460 2183 3506 erat
2220 3453 2395 3508 anima
2430 3454 2573 3509 illius
2607 3477 2622 3513 :
2661 3458 2733 3528 ()
2763 3457 3130 3530 impiissimum
3158 3480 3239 3523 est
3271 3471 3452 3527 dicere
3472 3514 3489 3537 ,

1912 3550 2038 3594 ante
2075 3556 2425 3611 corpus'eam
2467 3544 2630 3602 fuisse
2661 3549 2908 3618 Domini,
2941 3566 3184 3624 agentem
3212 3560 3409 3629 aliquid
3439 3573 3496 3617 et

1915 3628 2183 3698 vigentem
2203 3671 2216 3691 ,
2247 3642 2300 3685 et
2341 3643 2523 3701 postea
2552 3641 2604 3689 in
2633 3638 2864 3693 animam
2908 3641 3050 3697 illius
3095 3628 3492 3704 commutatam.

1917 3722 2073 3776 Aliud
2103 3732 2203 3786 est,
2229 3724 2275 3777 si
2306 3739 2528 3793 possunt
2555 3729 2622 3782 de
2651 3729 2940 3799 Scripturis
2965 3735 3178 3800 docere,
3208 3751 3491 3810 antequam

1920 3824 2231 3868 nasceretur
2269 3829 2337 3868 es
2379 3815 2540 3870 Maria
2563 3858 2577 3881 ,
2611 3817 2863 3875 habuisse
2902 3821 3040 3879 hanc
3066 3827 3297 3882 animam
3331 3831 3497 3887 Deum

1912 3902 2176 3970 Verbum,
2202 3914 2258 3959 et
2285 3915 2411 3960 ante
2438 3909 2617 3963 carnis
2643 3911 3059 3982 assumptionem
3090 3917 3321 3972 animam
3357 3921 3500 3977 illius

1923 4006 2297 4066 nuncupatum.
2324 3996 2475 4063 Quod
2502 3998 2578 4070 ()
2600 3998 2644 4053 si
2665 4008 2720 4054 et
2740 4003 3056 4060 auctoritate
3080 4005 3498 4077 Scripturarum,

1922 4101 1979 4146 et
2025 4093 2136 4160 ipsa
2181 4090 2452 4159 suscipere
2496 4091 2705 4147 ratione
2748 4106 3038 4163 coguntur,
3081 4097 3351 4155 Christum
3396 4117 3503 4157 non

1926 4183 2175 4237 habuisse
2204 4182 2432 4235 animam
2454 4222 2471 4247 ,
2498 4192 2780 4253 antequam
2803 4185 2872 4239 de
2899 4186 3060 4242 Maria
3092 4200 3404 4247 nasceretur
3425 4192 3504 4266 (in

1919 4272 2287 4341 as~umptione
2316 4272 2457 4326 enim
2496 4272 2727 4329 hominis
2766 4278 3037 4332 et'anima
3078 4280 3198 4350 ejus
3235 4294 3505 4353 assumpta

1927 4364 2029 4436 est)
2063 4364 2339 4434 perspicue
2375 4364 2762 4421 convincuntur
2793 4369 3037 4425 eamdem
3074 4374 3305 4428 animant
3351 4382 3406 4430 et
3442 4377 3509 4430 il-

2017 4583 2067 4648 )
2096 4578 2422 4648 --...
2440 4580 2971 4648 ut_errqres_hareticos
2994 4583 3323 4648 relinquentes,
3351 4599 3447 4642 etc.

2017 4584 2049 4633 d
2107 4579 2264 4629 Aliter
2277 4579 2338 4628 B.
2362 4579 2422 4628 P.
2440 4585 2492 4629 ut
2512 4591 2702 4630 errores
2723 4580 2971 4633 Itareticos
2994 4583 3323 4648 relinquentes,
3351 4599 3447 4642 etc.

1999 4579 2067 4709 le?
2096 4642 2216 4714 Hine
2251 4641 2389 4715 uth
2427 4640 2575 4715 editis
2612 4640 2747 4715 libris
2768 4644 3066 4715 invenimus,
3091 4648 3156 4695 ita
3192 4648 3501 4715 reliquimus,

1932 4701 2097 4769 neque
2122 4704 2254 4752 enim
2273 4702 2459 4762 absque
2620 4701 2853 4769 surag'o
2873 4701 3069 4769 resumi
3093 4701 3317 4769 possunt;
3341 4701 3502 4766 ei};

1970 4760 2081 4814 eliio
2104 4770 2268 4839 autem
2291 4760 2479 4839 mutare
2502 4760 2755 4839 noluimus.
2775 4760 2944 4814 Sentit
2988 4760 3237 4839 enimvero
3259 4760 3504 4839 .

1937 4822 2029 4883 lus,
2053 4838 2119 4875 ex
2144 4824 2533 4887 Origenistarum
2566 4822 2754 4884 placitis
2775 4829 3056 4877 necessario
3083 4832 3242 4892 sequi.
3274 4841 3327 4885 ut
3346 4822 3499 4888 ab}:

1937 4887 2051 4937 dem
2320 4888 2381 4954 _et
2404 4882 2556 4954 [rasae
2579 4883 2771 4954 Domini
2965 4895 3012 4939 et
3028 4903 3139 4954 jam
3160 4892 3307 4954 fuisse
3327 4897 3499 4951 dicere

2088 4896 2301 4935 mutuam
2320 4895 2381 4947 _el
2408 4895 2556 4947 [insse
2579 4895 2770 4947 Domini
2792 4895 2936 4937 surint
2965 4895 3012 4939 et
3046 4903 3139 4940 non
3160 4895 3307 4947 fuisse
3327 4897 3378 4947 di

1937 4900 2051 4937 aem
2088 4900 2301 4935 annnam
2335 4900 2381 4932 et
2404 4900 2556 4954 posse
2579 4900 2770 4955 uorum
2792 4900 2936 4937 sanat
2965 4900 3012 4939 et
3028 4903 3139 4960 .mm
3160 4900 3307 4953 fuisse
3327 4900 3502 4951 dicere

1936 4951 2253 5017 cogerentur,
2292 4943 2782 5017 siquldemuammarn
2815 4960 2930 5017 quae
2961 4963 3095 5013 prtus
3127 4953 3419 5017 substiterat,
3455 4969 3503 5012 et

1937 5005 2046 5083 ante
2068 5018 2270 5083 om
2284 5005 2617 5083 qui
2646 5015 2767 5066 erat,
2793 5005 2881 5083 sita
2909 5005 3013 5083 ipse
3034 5014 3227 5083 corpori
3248 5005 3504 5083 copulavit:

1939 5070 1995 5134 lu
2026 5071 2209 5134 quippe
2238 5066 2553 5134 Adamantius
2592 5079 2897 5121 commentus
2930 5066 3041 5134 est,
3081 5066 3505 5134 animamrhrisli

1939 5082 1995 5118 lu
2179 5082 2209 5117 e
2238 5082 2553 5118 nuamanllus
2592 5082 2897 5121 commentus
2930 5082 3041 5134 est,
3081 5082 3505 5134 animamChl-isli

1938 5082 2278 5207 Veifliqgisge
2300 5130 2620 5207 eonjpnetam,
2639 5137 2900 5207 antequam
2910 5138 3105 5207 corpori
3127 5139 3510 5207 adjungeretur:

1938 5193 2068 5261 qnqd
2099 5190 2264 5261 lib._2.
2393 5190 2534 5261 .
2551 5204 2658 5254 cap.
2695 5193 2745 5261 6_.
2774 5190 3016 5261 latissime'
3043 5190 3511 5261 exponitht'heie

1924 5253 2089 5323 verba
2102 5253 2278 5316 quibus
2288 5253 2473 5323 sensus
2488 5253 2571 5304 ille
2587 5253 2940 5323 exprimendus
2955 5271 3043 5320 per
3064 5253 3226 5320 partes
3239 5274 3364 5323 erat,
3385 5253 3512 5316 adeo

1941 5316 2165 5382 laciniosa
2177 5322 2322 5382 sunt,
2357 5328 2540 5382 manca,
2573 5323 2730 5382 atque
2752 5316 2981 5382 impedita
3000 5357 3014 5382 ,
3039 5316 3142 5369 tum
3165 5324 3273 5382 hac,
3297 5316 3399 5375 tuin
3423 5341 3509 5376 se-

1939 5378 2112 5446 quenti
2147 5376 2377 5446 periodo,
2402 5376 2876 5446 idque-librariorum
2891 5376 3055 5446 culpa,
3080 5376 3351 5446 (integram
3376 5389 3507 5435 enim

1943 5437 2625 5508 j'eriodunl~ex_cidisse'facile
2660 5437 3054 5508 crediderimj'ut
3071 5437 3268 5508 operam
3291 5446 3505 5507 perdere

1942 5500 2289 5566 videatur,qui
2329 5512 2394 5566 ex
2416 5501 2721 5566 conjecturis
2746 5500 2976 5566 supplere
3001 5500 3142 5566 veli't,
3165 5500 3314 5566 atque
3339 5518 3508 5557 emen-

1942 5513 2177 5557 vlueatur,
2239 5514 2289 5548 ul
2329 5513 2394 5548 ex
2416 5513 2714 5563 conjecturls
2746 5513 2976 5566 supplere
3008 5513 3142 5561 velit,
3165 5513 3314 5566 atque
3339 5518 3508 5557 emeti-

1941 5563 2080 5636 dare.
2116 5513 2445 5636 Nihillominus
2472 5563 2623 5636 paulo
2651 5564 2792 5636 infra,
2831 5562 3097 5636 |-;l_0,.Aild
3134 5571 3222 5624 est,
3248 5566 3509 5628 legendum

1945 5625 2217 5698 videretur,
2244 5623 2530 5698 Audendum
2550 5632 2641 5683 est,
2666 5634 2750 5698 aut
2769 5623 2884 5687 quid
2905 5624 3081 5698 simile.
3107 5686 3118 5698 .
3190 5623 3211 5698 _'

2009 5685 2082 5751 ()
2115 5685 2300 5736 Vitioso
2338 5689 2601 5738 vel-horum
2638 5685 2810 5739 ordine
2850 5691 2971 5746 erat,
2987 5686 3118 5746 Quod
3155 5694 3201 5738 et
3231 5688 3275 5738 si
3304 5694 3515 5744 auctori-

1945 5756 2056 5805 tate,
2084 5755 2178 5797 sle.
