4106 6340
639 357 746 418 799

585 475 592 487 '
636 474 772 536 lius,
817 475 874 525 et
910 481 1016 522 non
1061 465 1408 522 illiusl'uisse
1450 463 1650 521 dicere.
1693 462 1796 519 Sed
1822 474 2036 519 cessent
2078 461 2210 516 illia

634 573 892 616 novorum
931 555 1234 627 dogmatum
1271 555 1546 627 impietate
1583 553 1870 609 furibundi.
1916 551 2023 608 Nos
2067 551 2214 606 Scric

635 660 908 720 pturarum
951 660 1193 700 normam
1241 655 1564 714 sequentes,
1613 654 1720 698 tota
1770 642 1949 698 cordis
1993 640 2213 694 audacia

633 737 1003 808 praedicemus,
1031 735 1170 804 quod
1201 750 1301 790 nec
1339 750 1464 788 caro
1494 735 1654 798 illius,
1689 748 1788 787 nec
1815 733 1989 784 anima
2017 730 2212 784 fuerim

635 829 940 897 priusquam
967 827 1034 881 de
1062 826 1223 880 Maria
1268 837 1595 879 nasceretur.
1637 823 1744 878 Nec
1782 833 1905 876 ante
1946 821 2120 874 anima
2158 821 2211 873 in

631 918 785 973 caelis
811 918 880 972 sit
908 925 1254 980 commorata,
1288 932 1443 985 quam
1470 931 1586 968 eam
1615 925 1794 982 postea
1817 913 1916 967 sibi
1936 911 2171 981 junxerit
2195 928 2210 964 :

633 1008 763 1063 nihil
804 1009 949 1064 enim
999 1019 1194 1061 nostra:
1240 1005 1560 1060 conditionis
1601 1021 1632 1059 e
1671 1004 1808 1060 coelo
1861 1003 2080 1056 veniens
2122 1014 2211 1054 se-

632 1115 754 1153 cum
786 1100 1042 1154 Dominus
1067 1098 1384 1168 deportavit.
1423 1097 1570 1154 Unde
1599 1095 1847 1166 quidquid
1888 1094 2046 1166 592
2082 1107 2210 1147 con-

634 1189 856 1242 trarium
875 1198 958 1242 est
985 1189 1212 1246 veritati.
1232 1187 1532 1256 evangelica
1554 1185 1690 1240 falce
1717 1185 2014 1244 succideus,
2045 1181 2211 1250 loqui-

635 1289 721 1332 tur
749 1295 763 1331 :
797 1277 976 1332 Omnis
1003 1279 1269 1346 plantatio.
1297 1294 1448 1343 quam
1479 1294 1578 1329 non
1609 1275 1853 1344 plantavit
1883 1272 2037 1326 Pater
2071 1286 2210 1324 meus

633 1369 862 1429 scelestis.
895 1369 1229 1422 eradicabitur
1265 1368 1474 1437 (Matth.
1505 1368 1590 1422 l5.
1622 1369 1730 1434 l3).
1761 1365 1992 1419 Verbum
2023 1377 2206 1432 opere,

569 1475 573 1511 γ
633 1459 1096 1513 comminationem
1140 1458 1244 1512 line
1287 1472 1698 1522 consummans,
1727 1465 1782 1510 et
1815 1455 2074 1508 dit-torum
2113 1467 2208 1520 ρος

635 1551 852 1604 tentiam
882 1549 1192 1619 espletione
1218 1564 1395 1603 rerum
1429 1547 1658 1616 probans
1686 1561 1702 1598 ε
1733 1554 1790 1600 ιιι
1816 1543 2066 1614 quidquid
2090 1558 2202 1598 ser-

632 1656 723 1696 mo
749 1642 1011 1710 pollicitus
1034 1651 1136 1701 est.
1162 1650 1430 1710 gestorum
1462 1639 1657 1693 veritas
1681 1637 1984 1692 exhiberet.

703 1733 756 1788 9.
787 1731 1028 1802 Origenes
1066 1734 1414 1802 impngnatur.
1453 1759 1525 1772 -—-
1559 1728 1742 1784 Sciant
1781 1728 1942 1796 igitur
1969 1743 2026 1780 se
2057 1724 2210 1794 hujus

630 1824 983 1879 soletnnitatis
1023 1823 1229 1878 alienos
1268 1839 1374 1877 non
1419 1836 1574 1890 posse
1621 1821 1894 1874 uobiscum
1939 1819 2210 1872 celebrare

632 1915 956 1970 Dominicam
989 1916 1319 1984 passionem,
1347 1914 1435 1982 qui
1468 1913 1750 1981 Origenem
1771 1954 1786 1972 ,
1818 1921 1874 1964 ut
1903 1911 2086 1978 loquar
2111 1909 2208 1962 ali-

629 2005 754 2074 quid
783 2005 851 2060 de
881 2005 1072 2059 fabulis
1100 2005 1380 2058 Poetarum
1406 2044 1422 2068 ,
1453 2001 1674 2072 hydram
1707 2003 1942 2053 ninnium
1975 2014 2208 2068 sequun-

631 2104 720 2148 tur
763 2095 1034 2150 htcreseon
1061 2134 1076 2160 ,
1124 2103 1180 2150 et
1222 2095 1422 2149 erroris
1464 2108 1522 2147 se
1563 2091 1762 2146 habere
1811 2091 2114 2158 magistrum
2156 2099 2210 2142 et

630 2187 920 2255 principem
958 2185 1271 2254 gloriantur.
1311 2184 1568 2251 Quamvis
1608 2185 1751 2237 enim
1794 2181 2208 2236 innumerabiles

632 2275 862 2331 tesuerit
902 2276 1064 2329 libros
1087 2317 1102 2339 ,
1133 2287 1187 2329 et
1223 2275 1550 2345 garrulitatis
1576 2288 1686 2326 sure
1710 2313 1726 2337 ,
1757 2273 1906 2340 quasi
1936 2272 2207 2324 damnosa:

630 2367 984 2436 possessionis
1027 2367 1222 2420 mundo
1266 2365 1540 2434 reliquerit
1582 2362 1983 2424 Ita-reditatem,
2033 2370 2205 2413 tamen

629 2456 826 2510 scimus
857 2459 972 2526 lege
1001 2467 1324 2525 pneccptum
1351 2472 1364 2509 :
1389 2452 1510 2506 Non
1533 2453 1718 2516 poteris
1742 2452 2042 2504 constituere
2059 2465 2210 2515 super

632 2557 680 2601 te
709 2549 782 2618 (a)
813 2550 1065 2603 hominem
1087 2549 1332 2612 alienum,
1355 2549 1473 2616 quia
1499 2562 1599 2599 non
1625 2555 1697 2597 est
1725 2549 1880 2612 frater
1907 2552 2022 2594 tuus
2046 2540 2209 2607 (Deu-

632 2652 726 2696 ter.
759 2643 847 2696 17.
879 2642 988 2710 15).
1032 2640 1133 2707 Qui
1170 2641 1311 2693 enim
1340 2640 1554 2692 diverso
1583 2639 1793 2690 tramite
1826 2637 1894 2688 ab
1923 2635 2206 2704 Apostolo-

631 2747 750 2786 rum
791 2732 989 2800 regulis
1031 2731 1330 2794 aberravit,
1377 2730 1524 2798 quasi
1576 2727 1819 2796 indignus
1861 2736 1914 2780 et
1961 2728 2207 2795 profanus

632 2820 799 2875 choro
822 2820 1042 2885 Christi,
1069 2830 1122 2874 et
1157 2820 1430 2873 consortio
1452 2819 1826 2888 mysteriorum
1857 2817 1992 2885 ejus,
2021 2816 2089 2870 de
2115 2830 2207 2870 so-

633 2911 904 2966 lemnitate
930 2911 1125 2964 Christi
1154 2910 1363 2979 ejicitur
1390 2925 1404 2961 :
1431 2919 1486 2964 et
1518 2924 1547 2960 a
1579 2908 1848 2976 patribus,
1889 2906 2205 2974 majoribus-

630 3015 732 3069 que
780 3011 944 3064 natu,
996 3001 1084 3068 qui
1132 2999 1424 3054 Salvatoris
1469 2997 1764 3052 Ecclesium
1816 2997 2202 3061 fundaverunt,

630 3094 814 3161 procul
847 3094 1057 3162 pellitur
1087 3092 1525 3161 philosophorum
1551 3104 1756 3161 pannos
1786 3090 1992 3144 laceros
2021 3104 2083 3143 ac
2112 3104 2205 3142 ve-

629 3191 772 3236 teres
812 3185 990 3236 niteus
1033 3196 1172 3235 novo
1214 3190 1269 3236 et
1313 3181 1618 3234 firmissimo
1657 3179 1911 3234 Ecclesiae
1949 3193 2206 3234 consuere

629 3270 966 3334 vestimento,
999 3281 1054 3323 et
1078 3270 1216 3324 veris
1255 3270 1388 3323 falsa
1413 3270 1638 3331 sociare,
1671 3277 1728 3322 ut
1755 3282 1822 3323 ex
1849 3267 2054 3320 illorum
2081 3267 2206 3320 vici-

633 3362 798 3414 nitate
820 3359 1006 3415 fortior
1026 3362 1276 3430 probetur
1297 3360 1600 3426 iniirmitas,
1620 3368 1676 3413 et
1695 3359 1850 3428 hujus
1869 3359 2205 3429 pulchritudo

630 3451 876 3505 violetur.

701 3543 789 3598 10.
820 3543 1101 3614 Praecipua
1129 3543 1361 3614 Origenis
1387 3545 1620 3598 laterem.
1647 3572 1717 3584 ——
1735 3543 1865 3610 Qua:
1891 3543 2030 3598 enim
2059 3545 2202 3598 illmn

627 3636 786 3701 ratio,
817 3636 936 3705 quis
963 3636 1378 3704 dislilllillilﬂllim
1402 3635 1534 3689 ordo
1561 3634 1823 3702 perduxit,
1854 3645 1908 3688 ut
1936 3635 2203 3704 allegoria:

627 3729 831 3782 umbris
876 3737 930 3782 et
973 3729 1137 3783 cassis
1186 3728 1504 3798 imaginibus
1555 3727 1942 3794 Scriptumrum
1995 3728 2204 3781 tolleret

628 3817 949 3874 veritatem?
987 3818 1116 3886 Quis
1164 3819 1430 3890 Propheta
1478 3819 1678 3871 sentire
1724 3816 1937 3881 docuit,
1990 3828 2205 3886 propter

625 3911 832 3965 ruinam
875 3920 932 3964 et
979 3911 1157 3980 lapsus
1196 3911 1264 3966 de
1307 3910 1460 3966 caelis
1506 3911 1835 3973 animarum,
1877 3910 2040 3964 Deum
2085 3925 2204 3966 esse

626 3992 960 4068 corripulsum
997 4017 1220 4070 corpora
1265 4001 1568 4055 fabricare?
1605 4001 1762 4064 Quis,
1805 4000 1950 4068 juxta
1993 4000 2200 4056 beatum

625 4091 822 4146 Lucam
851 4099 1002 4163 (Lup.
1044 4094 1094 4147 1.
1121 4108 1168 4147 υ.
1198 4092 1280 4163 2),
1303 4108 1489 4146 eorum
1517 4091 1604 4160 qui
1633 4091 1874 4144 viderunt
1898 4103 1950 4145 et
1977 4091 2200 4146 ministri

622 4183 836 4236 fuerunt
861 4183 1124 4236 sermonis
1151 4183 1265 4248 Dei,
1293 4183 1416 4235 huic
1442 4180 1654 4234 tradidit
1675 4180 1742 4234 ad
1769 4180 2086 4243 docendum,
2111 4196 2204 4236 nec

623 4275 868 4342 gligentia
890 4314 906 4338 ,
933 4282 988 4326 et
1015 4282 1158 4327 motu
1181 4314 1196 4338 ,
1235 4283 1291 4326 ct
1329 4271 1474 4325 ﬂuxu
1502 4271 1571 4326 de
1598 4271 1874 4326 altioribus
1913 4271 2200 4326 rationabi-

623 4363 754 4418 liuni
799 4373 1159 4418 creaturarum
1184 4402 1200 4429 ,
1232 4370 1573 4431 provocatum
1614 4361 1778 4416 Deum
1823 4363 2003 4417 mundi
2044 4366 2202 4432 hujus

623 4455 856 4511 condere
882 4454 1282 4508 diversitatem?
1311 4469 1430 4507 cum
1468 4453 1791 4507 creationem
1835 4453 1950 4523 ejus
1992 4454 2200 4527 Moyses

622 4546 898 4614 explicans
921 4545 1134 4608 dixerit,
1169 4543 1244 4617 (ὁ)
1277 4560 1374 4598 nec
1401 4544 1708 4598 iudicaverit
1733 4543 1753 4616 [
1777 4546 1848 4600 al.
1870 4546 2197 4622 judicaverit]

623 4646 841 4705 promer
861 4635 1063 4705 aliquas
1085 4650 1275 4691 causas
1300 4635 1678 4704 praecedentes,
1705 4636 1771 4692 de
1799 4639 2198 4695 rationabilibus

624 4726 915 4791 sensibilis,
946 4725 1014 4781 de
1043 4727 1391 4782 invisibilibus
1464 4725 1622 4798 593
1697 4727 1941 4795 visibilia,
1971 4729 2036 4783 de
2081 4747 2196 4785 ine-

621 4815 846 4871 lioribus
888 4817 1067 4885 pejora
1114 4818 1314 4887 prolata
1340 4859 1355 4884 ,
1384 4819 1524 4888 quod
1563 4819 1896 4888 apertissime
1938 4819 2196 4890 Origenes

624 4903 896 4973 praedicat.
928 4905 1065 4960 Dicit
1090 4908 1231 4960 enim
1272 4918 1488 4976 propter
1533 4918 1746 4978 peccata
1791 4910 2194 4980 intelligibilium

621 5005 983 5048 creaturarum
1012 4997 1268 5051 mundum
1309 5013 1429 5052 esse
1471 5001 1730 5067 coepisse;
1761 5002 1949 5057 nolens
1994 5003 2194 5058 Pascha

623 5081 899 5136 celebrare
924 5098 1042 5136 cum
1071 5086 1287 5152 sanctis,
1316 5101 1489 5156 neque
1513 5103 1631 5141 cum
1659 5088 1822 5142 Paulo
1847 5091 2024 5145 dicere
2053 5110 2067 5146 :
2097 5095 2194 5147 ln-

620 5173 837 5226 uisibilia
873 5172 989 5237 Dei,
1021 5190 1051 5226 a
1077 5185 1306 5229 creatura
1342 5177 1518 5230 mundi
1547 5195 1638 5247 per
1669 5195 1727 5231 ea
1750 5196 1864 5246 qua:
1895 5185 2032 5248 facta
2053 5193 2193 5247 sunt,

620 5265 874 5317 intellecta
899 5265 1275 5334 conspiciuntur
1304 5266 1478 5337 (liam.
1510 5268 1560 5336 1)
1589 5283 1603 5320 :
1635 5266 1744 5323 Nec
1780 5283 1900 5324 cum
1931 5269 2191 5342 Propheta

684 5459 749 5525 (a)
768 5459 984 5525 Vulgat.,
1001 5460 1237 5510 hominem
1253 5475 1427 5525 regem.
1447 5465 1524 5512 cui
1542 5463 1766 5513 Aldinum
1786 5465 2004 5516 Graecum
2022 5481 2193 5518 exem-

616 5521 720 5586 plar
737 5521 959 5573 concinit
991 5535 1149 5588 lnam
1169 5521 1364 5588 ἀνορυπὲν,
1400 5526 1488 5574 sed
1512 5528 1792 5588 vetustiora,
1808 5527 2044 5579 hominem
2082 5538 2190 5579 tau-

615 5593 746 5708 milli.)
766 5645 958 5716 Excidit
981 5647 1146 5716 procul
1171 5646 1322 5697 dubio
1343 5648 1608 5716 Scriptum
1625 5648 1778 5708 locus,
1803 5651 1887 5712 qui
1904 5649 2031 5700 forte
2050 5661 2184 5716 erat:

613 5716 672 5758 In
707 5707 947 5771 principio
980 5707 1159 5759 crearit
1199 5717 1328 5760 Deus
1379 5707 1554 5760 calum
1599 5717 1644 5762 et
1682 5707 1865 5763 terrain
1893 5723 1910 5763 :
1934 5721 2074 5764 certe
2109 5715 2190 5767 hic

612 5770 855 5831 proposito
877 5783 1110 5834 perquam
1133 5772 1263 5824 bene
1285 5777 1552 5836 optaretur.

1912 345 2152 403 SANCTI
2190 344 2568 401 ΗΙΕΒΟΝΥΜῘ

3795 356 3891 410 800

2319 460 2596 518 vociferari
2624 478 2638 517 :
2671 461 2999 518 Consideraoi
3025 481 3178 534 opera
3216 475 3301 521 tua
3323 508 3340 535 ,
3368 476 3415 522 et
3443 469 3699 539 obstupui.
3733 472 3891 528 Aliter

2317 553 2458 606 enim
2488 553 2668 607 mundi
2713 554 3049 624 pulchritudo
3076 558 3367 614 subsistere
3396 575 3502 614 non
3532 560 3773 625 valebat,
3799 563 3890 619 nisi

2317 660 2436 698 eum
2463 646 2641 698 varius
2667 656 3028 702 creaturarum
3075 649 3344 718 implesset
3372 661 3613 704 ornatus.
3661 652 3891 722 Denique

2316 734 2397 786 sol
2423 743 2474 787 et
2505 735 2655 800 luna,
2691 735 2799 789 duo
2826 751 3009 806 magna
3040 738 3313 792 luminaria
3336 781 3351 804 ,
3385 751 3438 794 et
3468 741 3641 794 stella:
3681 743 3890 812 reliqua:

2314 833 2598 892 antequam
2631 825 2734 879 hoc
2762 838 2960 890 essent,
2990 827 3042 880 in
3079 829 3219 897 quod
3249 845 3340 883 eas
3366 844 3575 884 creatas
3605 833 3889 898 quotidiani

2313 927 2503 967 cursus
2535 921 2760 968 testatur
2786 916 3018 970 ofﬁcium
3041 958 3055 980 ,
3086 934 3188 970 nou
3229 929 3383 972 erant
3421 920 3627 988 absque
3655 923 3888 990 Corpori-

2315 1003 2431 1064 bus,
2463 1019 2560 1058 nec
2591 1016 2808 1074 propter
2831 1007 3034 1076 aliquas
3059 1022 3267 1072 causas,
3297 1009 3692 1077 simplicitatem
3725 1013 3892 1081 pristi-

2314 1109 2435 1146 nam
2480 1095 2878 1164 relinquentes,
2921 1099 3233 1166 corporibns
3275 1099 3618 1153 circumdatae
3657 1112 3812 1166 sunt,
3841 1115 3891 1157 ut

2314 1184 2404 1237 ille
2451 1187 2714 1250 somniat,
2758 1190 3020 1241 contraria
3064 1189 3184 1242 ﬁdei
3225 1189 3468 1258 dogmata
3514 1202 3752 1244 struens.
3792 1193 3890 1248 Nec

2313 1275 2504 1329 anima:
2527 1277 2578 1330 in
2603 1279 2860 1331 caelorum
2891 1279 3192 1347 regionibus
3217 1279 3412 1347 aliquid
3439 1292 3816 1348 peccaverunt,
3843 1293 3891 1338 et

2313 1364 2514 1419 idcirco
2541 1366 2592 1419 in
2621 1379 2843 1433 corpora
2883 1368 3129 1435 relegata:
3155 1379 3297 1421 sunt.
3327 1367 3382 1424 Si
3409 1371 3552 1422 enim
3583 1370 3685 1425 hoc
3711 1373 3781 1424 ita
3807 1388 3888 1426 es-

2311 1464 2389 1510 set
2417 1497 2432 1520 ,
2461 1467 2767 1525 oportuerat
2809 1456 3136 1512 Salvatorem
3177 1474 3275 1514 nec
3318 1459 3490 1527 ipsum
3518 1475 3717 1530 corpus
3741 1478 3888 1516 assu-

2311 1561 2457 1600 mere
2478 1589 2492 1612 ,
2521 1557 2577 1602 et
2608 1549 2814 1603 animas
2841 1549 2911 1603 de
2953 1549 3270 1618 corporibus
3315 1550 3544 1604 liberare
3577 1553 3806 1605 debebat
3829 1571 3888 1606 eo

2314 1645 2573 1705 tempore,
2601 1639 2814 1708 quando
2841 1639 2892 1692 in
2925 1639 3238 1706 baptismate
3267 1650 3482 1706 peccata
3510 1639 3734 1696 dimittit
3756 1658 3770 1706 ;
3793 1654 3889 1696 sta-

2312 1727 2404 1782 tim
2432 1729 2754 1800 baptizatum
2775 1729 2843 1784 de
2862 1730 3104 1796 corporis
3125 1731 3348 1784 vinculis
3369 1732 3603 1796 solvere,
3631 1747 3752 1800 qua:
3777 1748 3889 1803 pro-

2311 1829 2431 1888 pter
2473 1831 2684 1888 peccata
2727 1821 2777 1875 in
2817 1822 3262 1876 condemnatione
3299 1820 3358 1893 [f.
3401 1822 3886 1898 condemnationem]

2315 1913 2512 1980 peccati
2562 1910 2699 1964 facta
2741 1921 3144 1966 commemorat.
3195 1912 3302 1966 Sed
3346 1921 3401 1966 et
3449 1915 3886 1969 resurrectionem

2311 2015 2592 2069 corporum
2616 2001 2808 2055 frustra
2841 2003 3140 2071 pollicetur,
3162 2003 3206 2054 si
3232 2004 3445 2070 expedit
3469 2003 3754 2058 animabus
3777 2006 3889 2058 abs-

2310 2107 2412 2160 que
2449 2092 2710 2160 gravitate
2752 2105 3035 2160 corporum
3060 2092 3126 2146 ad
3153 2095 3344 2146 caelum
3377 2093 3549 2146 levius
3592 2096 3884 2152 subvolare.

2311 2183 2428 2252 ipse
2467 2199 2675 2252 quoque
2725 2199 3008 2253 resurgens
3035 2199 3252 2239 carnem
3300 2199 3450 2238 suam
3488 2186 3753 2240 suscitare
3791 2205 3885 2241 non

2310 2277 2524 2337 debuit,
2575 2275 2666 2329 sed
2716 2276 2882 2330 solam
2927 2275 3187 2330 divinitati
3238 2277 3469 2330 animam
3513 2278 3803 2347 copulare,
3845 2279 3888 2335 si

2311 2367 2501 2421 melius
2525 2376 2606 2421 est
2643 2366 2844 2436 absque
2881 2368 3194 2437 corporibus
3219 2383 3378 2438 quam
3418 2383 3540 2422 cum
3584 2371 3889 2439 corporibus

2309 2460 2510 2513 vivere.

2381 2551 2466 2605 11.
2502 2549 2575 2604 De
2599 2549 2916 2617 corporibus.
2944 2579 3016 2590 -—
3040 2548 3176 2616 Quid
3205 2550 3306 2602 sibi
3327 2558 3504 2604 autem
3532 2551 3671 2615 vult,
3701 2551 3886 2606 crebro

2308 2642 2514 2694 animas
2540 2650 2595 2695 et
2625 2641 2814 2695 vinciri
2845 2640 3178 2710 corporibus,
3204 2649 3259 2694 et
3295 2641 3362 2694 ab
3389 2642 3468 2694 eis
3507 2641 3675 2696 dividi
3705 2643 3888 2710 praedi-

2307 2746 2431 2786 care
2461 2750 2473 2784 :
2501 2742 2555 2785 et
2581 2733 2776 2785 multas
2799 2731 2952 2785 nobis
2976 2730 3179 2785 inferre
3202 2731 3447 2784 mortes?
3474 2731 3731 2800 ignorans
3755 2732 3891 2786 Chri-

2307 2833 2446 2877 stum
2492 2823 2692 2878 idcirco
2732 2825 2980 2887 venisse,
3029 2840 3132 2875 non
3181 2831 3242 2876 ut
3286 2833 3404 2890 post
3447 2826 3887 2880 resurrectionem

2307 2913 2626 2981 corporibus
2649 2913 2858 2966 animas
2883 2913 3138 2974 solveret,
3169 2923 3258 2964 aut
3287 2912 3542 2965 liberatas
3567 2929 3756 2969 rursus
3779 2916 3890 2970 aliis

2307 3003 2622 3072 corporibus
2653 3002 2918 3067 indueret,
2962 3011 3019 3055 et
3053 3001 3122 3056 de
3162 3001 3424 3056 calorum
3456 3002 3765 3072 regionibus
3801 3004 3889 3059 de-

2312 3094 2657 3156 sceudeutcs,
2687 3093 2946 3162 sanguine
2979 3103 3031 3147 et
3054 3107 3217 3147 carne
3237 3093 3490 3157 vestiret;
3523 3094 3616 3148 sed
3648 3104 3707 3148 ut
3730 3095 3888 3150 semel

2305 3200 2527 3255 corpora
2555 3185 2812 3239 suscitata
2855 3184 3258 3252 incorruptione
3284 3193 3339 3238 et
3383 3186 3688 3241 aeternitate
3726 3187 3888 3241 dona-

2306 3287 2406 3332 ret.
2447 3275 2519 3348 (r)
2544 3273 2693 3329 Sicut
2717 3275 2862 3329 enim
2889 3274 3134 3328 Christus
3159 3282 3401 3327 mortuus
3423 3275 3564 3328 ultra
3592 3291 3702 3330 non
3735 3279 3891 3330 mori-

2307 3376 2411 3429 tur,
2446 3383 2546 3422 nec
2574 3381 2720 3420 mors
2738 3367 2785 3420 ei
2809 3365 3176 3419 dominabitur
3199 3381 3214 3429 ;
3249 3365 3318 3416 ita
3351 3380 3451 3418 nec
3475 3381 3703 3433 corpora
3730 3369 3890 3423 susci-

2308 3466 2412 3510 tata
2462 3467 2582 3524 post
2637 3456 3085 3511 resurrectionem
3115 3456 3371 3519 secundo,
3396 3457 3478 3509 vel
3554 3455 3719 3528 59‘.
3789 3457 3890 3512 fre-

2305 3559 2532 3617 quenter
2561 3547 2852 3608 intereunt,
2882 3561 2982 3601 nec
3023 3561 3170 3601 mors
3197 3551 3279 3601 eis
3321 3548 3454 3601 ultra
3484 3548 3846 3604 dominabitur
3871 3591 3886 3612 ,

2305 3654 2481 3706 neque
2514 3639 2565 3692 in
2600 3638 2827 3692 nihilum
2859 3635 3195 3691 resolventur
3229 3655 3241 3688 :
3270 3638 3392 3705 quia
3421 3646 3590 3693 totum
3619 3641 3888 3695 hominem

2301 3730 2507 3786 Christi
2551 3730 2779 3785 salvahit
2812 3728 2873 3801 (f.
2901 3727 3132 3801 saluauit]
3161 3730 3438 3784 adventus.

2380 3822 2468 3876 l2.
2501 3821 2581 3874 De
2609 3822 2928 3892 Angelis.—
2945 3820 3049 3873 Sed
3076 3831 3131 3874 et
3156 3819 3286 3874 illud
3312 3835 3341 3872 a
3375 3821 3716 3876 solemnitate
3741 3822 3890 3875 Chrio

2304 3917 2370 3970 sti
2399 3913 2686 3984 Origenem
2710 3915 2942 3968 alienum
2988 3911 3146 3977 facit,
3177 3911 3316 3982 quod
3350 3912 3708 3983 Principatus,
3735 3914 3888 3968 Pote-

2305 4016 2495 4069 states,
2524 4005 2914 4066 Fortitudines,
2945 4003 3214 4068 Thronos,
3246 4017 3310 4057 ac
3335 4003 3756 4069 Dominationes,
3788 4021 3888 4058 non

2305 4097 2373 4151 ab
2401 4097 2552 4151 initio
2584 4097 2635 4149 in
2668 4097 2769 4150 hoc
2794 4094 3040 4149 conditas
3072 4097 3266 4159 refert,
3293 4094 3387 4148 sed
3419 4104 3540 4162 post
3564 4097 3886 4150 creationem

2303 4189 2386 4242 sui
2415 4189 2598 4259 aliquo
2625 4188 2830 4243 honore
2849 4185 2929 4260 (ά)
2955 4188 3141 4257 dignas
3168 4187 3352 4250 factas,
3379 4197 3432 4240 et
3459 4187 3582 4242 aliis
3606 4190 3723 4242 suis
3744 4191 3886 4242 simi-

2303 4281 2444 4335 libus
2477 4290 2694 4350 propter
2718 4281 3093 4350 negligentiam
3121 4279 3185 4334 ad
3219 4278 3469 4333 inferiora
3500 4279 3762 4350 delapsis,
3798 4280 3888 4333 has

2304 4373 2518 4443 inclytis
2538 4372 2842 4425 nominibus
2864 4373 3164 4440 appellatas
3187 4389 3201 4423 :
3227 4380 3282 4424 ut
3302 4369 3470 4443 (juxta
3488 4387 3732 4426 errorem
3755 4370 3886 4443 τίεις)

2304 4478 2411 4517 non
2443 4477 2536 4517 eas
2563 4462 2864 4516 condiderit
2906 4461 3048 4518 De‘us
3095 4462 3430 4530 l'rincipatus
3457 4472 3512 4516 et
3544 4462 3838 4518 Potestates
3866 4504 3882 4526 ,

2303 4563 2359 4608 et
2376 4553 2581 4622 reliqua
2607 4551 2734 4606 :sed
2761 4553 2986 4606 aliorum
3013 4562 3231 4624 peccata
3259 4553 3364 4607 illis
3384 4555 3666 4609 materiem
3691 4555 3889 4609 tribue.
3960 4607 3968 4616 ,

2303 4645 2412 4698 rint
2436 4642 2750 4714 gloriarum.
2777 4643 2842 4698 Et
2869 4646 3137 4712 quomodo
3154 4644 3350 4698 Paulus
3369 4645 3662 4712 Apostolus
3680 4646 3883 4700 scribit:

2311 4752 2330 4786 ι
2367 4733 2422 4788 1η
2456 4733 2671 4788 Christo
2693 4742 2871 4788 creata
2899 4743 3023 4789 sunt
3048 4735 3226 4788 omnia
3255 4733 3308 4787 in
3337 4734 3510 4799 caelis,
3537 4744 3592 4789 et
3624 4737 3674 4790 iu
3705 4746 3843 4789 terra
3867 4775 3882 4800 ,

2305 4825 2532 4878 visibilia
2562 4835 2617 4878 et
2647 4824 2932 4878 invisibilia
2953 4865 2969 4891 ,
3001 4827 3113 4880 sive
3139 4824 3364 4890 Throni,
3411 4826 3524 4880 sive
3557 4827 3886 4882 Dominatio-

2305 4931 2422 4981 nes,
2474 4916 2588 4969 sive
2635 4915 2994 4984 Principatus,
3039 4917 3154 4971 sive
3197 4917 3518 4980 Potestates,
3561 4920 3746 4973 omnia
3795 4934 3889 4987 per

2304 5006 2477 5070 illum,
2507 5015 2562 5059 et
2603 5005 2656 5057 in
2704 5005 2799 5058 illo
2841 5015 3020 5060 creata
3049 5017 3192 5072 sunt,
3220 5018 3272 5062 et
3298 5008 3412 5076 ipse
3445 5019 3523 5062 est
3553 5020 3680 5062 ante
3708 5010 3883 5062 omnia

2301 5094 2519 5167 (Colon.
2565 5091 2616 5166 i)
2646 5111 2661 5147 :
2699 5113 2720 5146 ι
2749 5096 2793 5148 si
2824 5095 3146 5165 intelligeret
3172 5097 3276 5150 vim
3314 5099 3460 5151 verbi
3489 5097 3560 5170 (ε)
3589 5115 3690 5168 per
3725 5115 3882 5169 quem

2369 5225 2442 5303 ie),
2459 5224 2672 5303 Xitiose‘
2689 5233 2833 5303 antea
2851 5225 3114 5303 legebatur
3135 5226 3324 5303 duobus
3349 5228 3544 5303 verbis,
3570 5227 3629 5303 si
3652 5236 3726 5303 ut,
3749 5229 3880 5303 quod

2300 5287 2388 5337 nos
2417 5287 2685 5348 'conjuucte
2703 5287 2927 5348 iecimus;
2941 5287 3088 5345 :icut,
3113 5299 3168 5338 ut
3189 5302 3364 5338 sensus
3387 5298 3656 5341 constaret.
3683 5287 3884 5341 Deinde

2302 5357 2380 5397 est
2402 5353 2449 5397 iu
2472 5347 2532 5396 lt’.
2554 5348 2612 5396 Ρ.
2632 5347 2847 5398 (‘ltristus
2865 5351 3009 5399 semet
3033 5357 3265 5400 mortuus.

2369 5409 2454 5475 ld)_
2477 5410 2743 5475 Pet-perant
2769 5411 2816 5475 in
2847 5412 3156 5475 Benedictio.
3185 5412 3304 5475 edit.
3321 5419 3442 5465 erat,
3463 5411 3641 5475 dignas
3664 5413 3837 5475 fecisse
3862 5425 3880 5461 :

2301 5484 2391 5519 nos
2411 5469 2718 5534 QIillLdiglms
2740 5471 2887 5533 fuisse
2912 5472 3176 5534 legendum
3209 5474 3389 5534 opinati
3414 5469 3612 5534 sumus,
3636 5469 3770 5524 nunc.
3792 5488 3880 5524 au-

2300 5541 2398 5596 tem
2420 5533 2485 5596 7B.
2518 5532 2572 5580 Ρ.
2592 5532 2859 5596 lectionem
2886 5532 3202 5596 praitulimus.

2367 5590 2429 5657 le)
2471 5594 2620 5649 Istud,
2646 5590 2911 5657 perorari,
2936 5597 3230 5644 comumdius
3246 5594 3563 5646 referendum
3599 5599 3800 5648 videtur
3821 5595 3880 5645 ad

2299 5653 2554 5726 Chti'stum,
2569 5653 2689 5726 cum
2710 5653 2826 5704 illud
2850 5671 2911 5706 ex
2930 5658 3162 5726 Apostolo
3185 5657 3493 5726 ξ1“1ιροι.Ιιίιυξ
3500 5668 3692 5726 urgeat
3715 5673 3804 5726 per
3823 5662 3884 5708 tl-

2301 5715 2403 5767 lum
2423 5724 2467 5768 et
2487 5731 2539 5768 ιη
2561 5716 2647 5766 illo
2667 5727 2829 5767 creata
2853 5715 3033 5768 omnia.
3069 5719 3131 5768 At
3157 5720 3199 5768 si
3225 5715 3370 5769 etiam
3402 5721 3543 5769 malis
3575 5715 3637 5770 ad
3661 5715 3879 5776 verbum,

2302 5781 2379 5830 cui
2396 5781 2556 5830 statim
2574 5779 2813 5842 jungitur,
2837 5780 3046 5842 referre,
3067 5781 3336 5846 hujusmodi
3358 5786 3733 5836 construetionis
3753 5779 3880 5846 apud
