4106 6340
233 3967 238 3971 _
328 3913 464 3966 crari

317 381 414 438 801

317 493 511 547 dicitur
539 507 552 545 :
581 487 758 544 Creata
785 494 900 540 sunt
919 499 1106 546 omnia,
1137 487 1317 537 nosset
1340 479 1522 548 utique
1540 477 1606 532 ab
1633 478 1785 532 initio
1804 478 1878 533 ita

228 586 233 598 ‘
319 596 411 636 eas
437 578 700 639 conditas,
730 585 784 631 et
825 591 932 629 non
968 573 1194 626 aliorum
1225 569 1546 634 socordiam,
1578 576 1634 622 et
1657 571 1710 622 in
1741 568 1881 622 infe-

320 673 460 724 riora
500 669 826 738 prolapsum,
853 664 1185 719 occasionem
1224 661 1440 716 dedisse
1468 661 1597 722 Deo,
1626 668 1683 713 ut
1713 659 1830 712 illas
1863 697 1880 724 ,

320 761 680 829 Principatus,
713 768 765 812 et
802 756 1122 816 Potestates,
1155 761 1209 807 et
1255 749 1614 804 Fortitudines
1652 748 1884 817 reliquas

323 848 622 905 nominaret
662 845 934 901 :maxitne
974 857 1094 897 cum
1142 849 1502 894 creaturarum
1547 837 1883 906 pulchritudo

318 943 577 997 consistat
598 939 650 992 in
680 935 866 992 ordine
895 934 1230 1004 dignitatum.
1261 929 1338 1002 (a)
1359 931 1507 986 Sicut
1527 926 1666 984 enim
1684 929 1750 982 de
1771 929 1885 981 sole

318 1040 372 1087 et
400 1031 522 1084 luna
543 1069 557 1092 ,
589 1036 645 1081 et
685 1025 852 1080 stellis
899 1025 1152 1092 scriptum
1200 1030 1280 1076 est
1313 1039 1328 1074 :
1365 1031 1392 1072 'r
1417 1020 1568 1074 Fecit
1610 1019 1748 1072 Dens
1776 1019 1884 1070 duo

321 1120 601 1176 luminaria
630 1131 816 1186 magna
846 1133 862 1171 ε
892 1115 1154 1169 luminare
1182 1113 1374 1182 majus.
1407 1123 1461 1165 ut
1486 1119 1737 1180 prmesset
1756 1110 1881 1175 diei,

319 1221 374 1265 et
409 1210 672 1263 luminare
701 1206 912 1272 miuns,
943 1215 998 1258 ut
1020 1213 1273 1274 prmesset
1304 1205 1444 1257 nocti
1475 1245 1490 1269 ,
1522 1212 1575 1256 et
1603 1203 1801 1264 stellas,
1832 1210 1886 1255 et

319 1300 498 1370 posuit
541 1299 656 1352 illas
701 1299 752 1351 in
785 1296 1131 1351 «firmamento
1171 1295 1312 1358 coeli,
1344 1305 1400 1348 ut
1444 1295 1682 1348 luccrent
1725 1307 1887 1359 super

321 1401 516 1444 terram
552 1407 571 1441 ι
620 1385 772 1454 (Gen.
804 1385 856 1457 1)
885 1427 900 1452 ,
935 1401 1033 1440 nec
1064 1386 1337 1454 praemium
1379 1385 1635 1437 bonorum
1663 1397 1883 1452 operum

320 1481 652 1548 reciperent,
683 1486 741 1530 ut
777 1485 899 1546 post
937 1473 1296 1528 conditiOuem
1341 1472 1422 1525 sui
1452 1471 1504 1524 in
1552 1472 1885 1524 firmamento

320 1570 437 1624 celi
468 1569 728 1630 lucerent,
761 1575 814 1619 et
854 1563 1044 1618 diebus
1068 1563 1181 1616 sive
1211 1562 1452 1615 noctibus
1492 1559 1838 1614 succederent
1865 1574 1881 1623 ;

318 1660 397 1715 sic
421 1659 755 1726 Priueipatus
776 1664 830 1708 et
852 1655 1170 1716 Potestates,
1203 1667 1319 1720 qua:
1347 1653 1398 1704 in
1424 1651 1682 1705 caelorum
1708 1650 1884 1715 regio-

320 1749 478 1803 nibus
516 1747 743 1801 condita:
791 1752 948 1810 sunt,
995 1760 1100 1796 non
1145 1752 1264 1811 post
1307 1741 1445 1794 bona
1485 1755 1645 1809 opera
1689 1740 1742 1793 in
1775 1739 1888 1793 haec

321 1838 612 1909 profecisse
630 1835 912 1893 sentimus.
940 1834 1032 1887 sed
1054 1835 1131 1886 sic
1154 1832 1220 1886 ab
1248 1831 1396 1884 initio
1415 1831 1688 1884 conditas:
1714 1843 1888 1898 neque

319 1931 462 1984 enim
501 1928 748 1996 Origcnis
787 1937 838 1980 et
864 1924 1245 1993 discipulorum
1280 1922 1396 1992 ejus
1426 1922 1695 1976 imitamur
1736 1935 1888 1975 erro-

325 2035 461 2085 rem,
489 2020 577 2088 qui
603 2027 791 2088 putant
813 2020 864 2071 in
893 2017 1238 2070 similitudine
1265 2014 1323 2087 [ι.
1350 2013 1753 2085 similitudinem]
1779 2013 1889 2067 dae-

323 2125 539 2165 monum
561 2119 616 2166 et
635 2109 854 2174 diaboli,
881 2109 970 2178 qui
1003 2108 1214 2176 propria
1239 2107 1510 2160 voluntate
1531 2106 1653 2159 talia
1675 2107 1888 2159 nomina

319 2200 604 2269 officiaque
644 2199 818 2253 sortiti
863 2207 1008 2261 sunt,
1057 2197 1399 2266 Principatus
1446 2205 1501 2250 et
1541 2196 1842 2250 Potestates
1869 2237 1886 2262 ,

327 2292 556 2346 Virtutes
585 2301 640 2346 et
664 2291 932 2352 Tlironos,
963 2299 1017 2344 et
1045 2289 1442 2343 Dominatioues
1471 2297 1590 2356 post
1625 2288 1892 2342 conditio-

321 2397 445 2438 nem
471 2383 576 2446 sui,
607 2382 730 2435 boni
759 2381 954 2448 aliquid
983 2389 1337 2450 perpetrasse,
1385 2389 1442 2433 ut
1483 2380 1601 2434 aliis
1639 2379 1704 2434 ad
1755 2381 1889 2435 inl'e-

320 2473 461 2528 riora
489 2472 740 2538 delapsis,
818 2469 976 2540 595
1048 2469 1113 2523 ad
1146 2469 1355 2522 excelsa
1378 2469 1819 2531 conscenderent,
1839 2477 1894 2524 et

321 2562 408 2617 his
438 2561 745 2615 nominibus
785 2560 1186 2629 insignirentur,
1235 2561 1489 2614 habentes
1517 2569 1721 2628 postea,
1753 2560 1891 2629 quod

323 2653 478 2722 prius
503 2668 608 2705 non
641 2651 958 2706 habuerant.
988 2653 1118 2718 Quae
1147 2651 1410 2714 dicentes,
1443 2667 1545 2706 non
1573 2653 1890 2722 intelligunt,

322 2742 475 2796 Pauli
503 2755 560 2796 se
588 2741 866 2795 sententizc
891 2742 1180 2805 contraire,
1206 2742 1488 2796 inljbristo
1512 2751 1720 2796 creatos
1743 2743 1896 2796 Prin-

321 2833 553 2900 cipatus,
586 2841 638 2885 et
664 2830 983 2892 P0testates,
1015 2839 1068 2884 et
1092 2831 1363 2896 Tltronos,
1392 2841 1444 2886 et
1473 2833 1891 2896 nominationes,

323 2921 616 2991 loquentis.
647 2921 798 2988 Quod
828 2931 1004 2976 autem
1037 2922 1186 2983 dicit.
1229 2931 1456 2988 aratos,
1501 2923 1631 2976 nulli
1677 2923 1892 2976 dubium

322 3021 429 3075 est,
458 3010 586 3080 quin
617 3011 694 3064 sic
719 3011 788 3064 ab
815 3012 1034 3065 exordio
1062 3011 1260 3066 conditi
1302 3011 1431 3077 sint,
1463 3021 1518 3066 et
1559 3027 1666 3067 non
1712 3025 1893 3082 p05tea

323 3099 623 3156 Istiusmodi
653 3099 956 3168 acceperint
983 3100 1286 3169 dignitates.

397 3191 483 3245 15.
519 3188 592 3244 De
612 3189 808 3259 Spiritu
830 3189 1038 3244 Sancto.
1063 3218 1135 3230 -—
1159 3189 1351 3244 Verum
1376 3191 1490 3246 haec
1513 3191 1748 3248 breviter
1775 3208 1898 3247 san-

329 3280 474 3335 xisse
500 3280 726 3333 sulliciat
759 3297 772 3332 :
803 3280 868 3334 ad
895 3281 1052 3334 aliam
1096 3279 1212 3347 ejus
1245 3281 1519 3335 veniamus
1546 3283 1894 3352 impietatem,

323 3385 484 3439 quam
527 3369 670 3424 velut
711 3369 780 3423 de
823 3369 1256 3439 profundissimis
1283 3371 1514 3427 tenebris
1538 3386 1785 3430 eructans
1818 3378 1897 3431 lo-

327 3461 528 3531 quitur,
558 3469 614 3513 et
653 3459 1096 3527 blasphemiarum
1137 3476 1350 3514 suarum
1381 3463 1661 3530 pessimam
1702 3467 1899 3521 tnu.:do

327 3548 540 3618 reliquit
557 3551 886 3602 memoriam.
918 3549 1052 3601 Dicit
1077 3549 1216 3602 enim
1242 3549 1496 3618 Spiritntn
1523 3552 1774 3608 Sanctum
1793 3572 1896 3611 non

329 3640 536 3709 operari
568 3655 630 3694 ea
657 3655 774 3708 quzr.
802 3637 877 3709 ib)
906 3640 1135 3693 inanima
1163 3649 1306 3702 sunt,
1337 3657 1434 3695 nec
1461 3642 1526 3694 ad
1556 3643 1898 3698 irrationabi-

328 3731 396 3784 lia
428 3732 722 3800 pervenire.
755 3730 906 3798 Quod
938 3745 1186 3783 asserens
1213 3747 1316 3783 non
1347 3733 1622 3802 recogitat,
1651 3749 1815 3802 aquas
1846 3737 1898 3789 in

334 3821 650 3891 baptismate
681 3822 930 3892 mysticus
969 3821 1198 3874 adventu
1229 3820 1407 3875 Saneti
1449 3823 1678 3888 Spiritus
1702 3840 1897 3878 conse-

501 3928 514 3965 :
547 3913 850 3981 Panemque
876 3910 1223 3973 Dominicum,
1251 3926 1357 3979 quo
1382 3910 1674 3964 Salvatoris
1693 3910 1901 3982 Corpus

328 4002 658 4064 ostenditur,
703 4009 756 4055 et
798 4017 952 4070 quem
1001 4001 1286 4069 frangimus
1335 4000 1386 4054 in
1429 4003 1899 4059 sanctificatiouem

331 4096 496 4148 nostri
524 4110 538 4146 :
563 4105 616 4148 et
661 4108 870 4147 sacrum
915 4094 1134 4146 calicem
1167 4091 1307 4164 (qua:
1334 4094 1384 4144 in
1432 4109 1612 4147 tnensa
1654 4095 1901 4150 Ecclesia:

329 4186 664 4239 Collocantnr
684 4195 738 4238 et
765 4184 943 4252 utique
965 4183 1194 4237 inanima
1219 4181 1364 4255 sunt)
1390 4199 1484 4252 per
1514 4185 1900 4242 invocationem

329 4285 384 4330 et
411 4277 694 4329 adventum
723 4275 902 4330 Sancti
934 4275 1163 4342 Spiritus
1189 4269 1531 4328 sanetilicari.‘
1573 4276 1628 4330 Si
1660 4277 1726 4329 ad
1768 4279 1901 4332 irra-

331 4369 626 4432 tionabilia,
656 4378 710 4423 et
738 4367 802 4420 ad
845 4383 928 4431 ea,
957 4383 1078 4438 qua:
1104 4367 1303 4435 absque
1331 4367 1508 4421 anima
1539 4378 1683 4433 sunt,
1722 4367 1900 4424 Sancti

337 4460 568 4528 Spiritus
608 4457 861 4512 fortitudo
911 4474 1013 4512 non
1061 4459 1336 4524 pervenit,
1384 4473 1481 4512 cur
1513 4459 1673 4513 David
1717 4461 1898 4515 canit:

339 4549 449 4615 Quo
476 4549 622 4599 abibo
657 4563 687 4598 a
717 4547 913 4614 Spiritu
938 4558 1022 4600 tuo
1051 4546 1165 4618 (Ps.
1199 4548 1248 4600 1.
1281 4547 1364 4602 38
1395 4546 1449 4619 8)
1471 4548 1495 4601 ?
1519 4548 1669 4615 Quod
1699 4549 1901 4617 dieens,

335 4639 568 4693 ostendit
589 4637 783 4691 Sancto
808 4637 1004 4705 Spiritu
1030 4639 1208 4692 omnia
1238 4641 1519 4700 contineri,
1541 4652 1595 4695 et
1620 4641 1760 4696 illius
1789 4659 1901 4696 ma-

334 4729 527 4795 jestate
554 4726 870 4779 circumdari
903 4743 916 4778 :
943 4729 986 4779 si
1032 4728 1209 4779 omnia
1260 4729 1310 4779 iu
1346 4729 1611 4794 omnibus,
1641 4731 1825 4798 utique
1854 4743 1908 4787 ct

339 4869 538 4911 veteres
562 4857 801 4920 praecipue
827 4854 1170 4920 Grammaticos
1194 4855 1418 4920 exempla
1451 4870 1544 4920 non
1562 4858 1796 4920 deerunt.
1823 4861 1904 4908 Si-

340 4916 720 4981 tnilerest'quod
746 4924 964 4981 notamus
987 4916 1105 4981 infra
1141 4917 1279 4965 initio
1300 4916 1452 4978 Epist.
1477 4917 1535 4965 ad
1561 4917 1806 4979 Riparium
1840 4923 1905 4970 de

338 4976 724 5045 Vigilantio‘atle
746 4976 820 5045 [tis
855 4979 998 5027 rebus
1029 4976 1491 5040 interrogtts,‘QUd-:
1525 4984 1569 5027 et
1607 4976 1823 5042 proferre
1858 4988 1905 5031 et

339 5038 512 5096 audire
533 5038 836 5102 sacrilegium
859 5046 944 5089 est.

407 5105 471 5169 (a)
510 5105 693 5169 lterum
707 5098 936 5169 “cogente
975 5099 1205 5169 orationis
1225 5099 1386 5169 serie,
1411 5098 1538 5149 sicut
1561 5098 1790 5162 legimus,
1815 5113 1907 5164 pro

341 5162 549 5225 Si,'qiiod
573 5171 716 5211 antea
740 5162 1007 5221 obtinebat,
1029 5162 1322 5225 imperfecto
1335 5174 1502 5210 sensu.

456 5182 549 5214 ιιοα
573 5182 716 5211 antea
740 5182 1007 5221 Utrttucuat,
1031 5182 1312 5222 tulpcrtcuu)
1335 5182 1502 5210 sensu.

408 5182 470 5293 (Ἃ)
510 5227 692 5287 Supino
729 5235 917 5292 errore,
956 5224 1038 5293 qui
1067 5230 1236 5293 tamen
1270 5221 1424 5293 libros
1461 5234 1632 5293 omnes
1670 5225 1880 5293 pervasit

340 5261 700 5352 sctiiiitu‘in-‘erat
721 5283 770 5333 iu
792 5261 1157 5352 auiniattlluobus
1182 5283 1366 5352 verbis,_
1382 5297 1473 5352 non
1500 5285 1612 5352 heic
1631 5261 1790 5341 niotlo,
1815 5261 1903 5335 sed

342 5345 462 5400 infra
501 5357 646 5398 etiam
668 5384 680 5405 ,
709 5357 801 5393 nec
822 5346 1008 5402 semel,
1034 5345 1406 5407 ne_tngraphi
1429 5347 1658 5407 mendum
1684 5357 1902 5407 putares.

343 5411 440 5462 Sed
466 5415 526 5460 ita
554 5408 909 5470 legendum,__ut
941 5405 1267 5470 emendantus,
1307 5417 1480 5470 sensus
1514 5405 1703 5470 clamat.
1733 5407 1907 5457 Confe-

343 5475 526 5521 rendns
557 5463 705 5533 porro
735 5476 807 5515 est
831 5467 1010 5533 'l‘omus
1044 5465 1286 5514 secundus
1325 5463 1553 5527 Origeuis
1591 5470 1635 5515 in
1668 5467 1906 5517 Joannem

342 5548 437 5582 non
464 5529 606 5593 longe
629 5546 655 5579 a
680 5529 792 5585 line,
815 5530 894 5593 ubi
921 5543 1077 5590 Xpmai’o
1096 5540 1157 5586 μὶν
1171 5540 1287 5593 eam
1301 5540 1463 5593 ju‘filttv
1481 5540 1528 5576 τὰ
1543 5540 1684 5593 longe,
1702 5543 1811 5588 qtae
1830 5542 1908 5593 ra-

342 5595 465 5645 tione
488 5587 690 5656 quidem
716 5590 925 5652 praedita
945 5587 1054 5638 sunt
1075 5587 1234 5656 omnia
1255 5587 1498 5656 (τινὶ-ζωῇ
1515 5587 1805 5656 pai'ticipure
1822 5591 1908 5639 do-

341 5658 458 5714 cuit,
485 5649 630 5704 secus
650 5649 743 5700 alia
766 5665 777 5698 :
804 5659 904 5699 ttnn
925 5649 1163 5714 superiori
1188 5657 1313 5714 totno
1338 5649 1418 5714 ubi
1445 5649 1615 5714 trit'.le_x
1642 5665 1808 5700 rerum
1829 5665 1906 5701 ra-

340 5709 474 5768 tione
497 5714 784 5780 pollentium
817 5709 1528 5780 gepus’statuit,Angelorum,
1552 5710 1826 5774 Hominum,
1851 5720 1905 5764 et

340 5799 408 5831 τι.
427 5773 680 5841 κτὲιιονίυν.
702 5776 806 5824 sive
825 5773 1119 5824 inferaorum
1146 5773 1271 5818 inter
1290 5783 1399 5831 quze
1424 5773 1686 5822 daemones.

1662 364 1980 424 IPIS‘I’OLA
2010 353 2236 429 ιςνιῐι,

3444 370 3551 426 802

1984 475 2384 541 irrationabilia,
2427 487 2480 534 et
2527 476 2761 537 inanima
2803 489 2948 536 sunt.
2996 491 3065 538 ιι
3106 482 3231 539 subi
3276 469 3548 554 legimus:

1985 567 2210 636 Spiritus
2235 565 2440 620 Domini
2468 568 2680 638 ruplevit
2718 568 2886 624 orbem
2923 559 3169 626 terrarum
3193 572 3349 644 (Sep.
3385 575 3436 628 1.
3467 573 3548 642 7).

1983 657 2135 725 Quod
2161 673 2430 727 nunquam
2469 659 2741 727 Scriptura
2770 671 3108 725 memoraret,
3138 661 3241 716 nisi
3267 663 3552 716 irrationa-

1987 750 2109 803 bilia
2130 765 2374 819 qumque,
2397 759 2452 805 et
2472 750 2703 804 inanima
2729 750 2870 805 illius
2895 753 3111 808 nmnine
3134 755 3550 823 complerentur.

1988 838 2181 894 Verum
2214 855 2318 894 non
2345 850 2426 893 est
2469 847 2756 894 contentus
2800 839 2902 894 hoc
2932 841 3037 894 line
3063 841 3425 908 blasphemiae.
3454 843 3548 898 sed

1987 928 2038 982 in
2069 944 2268 981 morem
2313 928 2684 993 lunatieorum,
2729 931 2818 998 qui
2851 928 3082 982 furorem
3125 944 3276 984 suum
3325 932 3554 988 illisione

1987 1019 2244 1082 dentium,
2274 1029 2327 1074 et
2357 1020 2714 1088 spumantium
2746 1020 3033 1073 salivarum
3065 1020 3323 1085 eiectione
3352 1032 3558 1076 testan—

1988 1117 2094 1172 tur,
2125 1124 2333 1163 rursum
2363 1119 2586 1172 eructat,
2626 1119 2681 1164 et
2717 1110 2847 1164 dicit
2875 1109 3068 1163 Filium
3115 1111 3224 1176 Dei,
3256 1111 3306 1165 id
3331 1121 3434 1175 est,
3466 1128 3554 1165 ra-

1990 1198 2186 1252 ti0uem
2215 1199 2315 1269 (τὸν
2333 1199 2525 1270 Λόγον),
2556 1210 2608 1253 et
2633 1214 2958 1262 sermonem,
2986 1215 3048 1253 ac
3067 1200 3312 1254 virtutem
3333 1202 3466 1269 ejus,
3487 1202 3554 1254 ad

1988 1303 2050 1342 ea
2083 1295 2285 1341 tantum
2330 1305 2449 1356 qua:
2490 1289 2824 1343 rationabilia
2870 1299 3014 1350 sunt,
3065 1291 3360 1358 pervenire.
3404 1290 3555 1356 Quod

1990 1379 2228 1442 audiens,
2260 1381 2425 1433 miror
2453 1382 2592 1434 unde
2618 1381 2925 1450 sumpserit,
2956 1391 3046 1434 aut
3072 1381 3340 1451 quomodo
3368 1382 3559 1450 legisse

1988 1485 2048 1524 se
2093 1472 2292 1526 nesciat
2325 1490 2338 1525 :
2375 1472 2557 1525 Oumia
2597 1490 2685 1541 per
2722 1475 2890 1538 ipsum
2919 1473 3054 1542 facta
3083 1483 3198 1526 sunt
3226 1475 3243 1540 (
3273 1473 3431 1526 Joau.
3461 1471 3514 1544 1)
3542 1491 3557 1528 :

1989 1575 2051 1613 ex
2073 1576 2178 1630 quo
2195 1562 2540 1631 approbatur,
2563 1562 2628 1616 ad
2654 1572 2843 1616 cuncta
2877 1563 3031 1617 Verbi
3065 1564 3157 1616 Dei
3190 1562 3558 1618 fortitudinem

1991 1653 2292 1719 pervenire.
2318 1651 2562 1706 Forsitan
2592 1653 2791 1705 oblitus
2815 1663 2868 1705 et
2891 1653 3034 1706 illius
3061 1651 3316 1715 historiae.
3347 1654 3561 1722 quando

1990 1742 2182 1796 virtute
2210 1743 2408 1797 Christi
2445 1742 2674 1796 Lazarus
2747 1743 2907 1814 596
2977 1744 3258 1797 suscitatus
3288 1753 3390 1810 est,
3407 1743 3564 1812 cujus

1992 1832 2171 1900 utique
2195 1847 2409 1900 corpus,
2440 1848 2506 1886 eo
2543 1841 2786 1900 tempore
2811 1849 2916 1902 quo
2944 1833 3010 1887 de
3041 1827 3212 1889 morte
3233 1835 3479 1902 surgebat
3508 1835 3560 1888 iit

1991 1923 2171 1986 vitam,
2192 1924 2458 1987 utanima,
2479 1923 2546 1976 ita
2565 1932 2621 1978 et
2642 1924 3044 1978 rationecaruit.
3065 1924 3326 1992 lgnoravit
3340 1934 3395 1979 et
3411 1925 3564 1991 illud,

1990 2016 2132 2082 quod
2150 2016 2218 2068 de
2245 2015 2480 2083 quinque
2501 2014 2730 2082 panibus
2751 2016 2984 2084 quinque
3003 2015 3164 2068 millia
3189 2024 3422 2070 saturata
3443 2026 3568 2070 sunt

1993 2106 2288 2170 hominum,
2319 2105 2558 2173 exceptis
2584 2105 2922 2168 mulieribus,
2953 2116 3006 2160 et
3031 2106 3319 2160 infantibus
3345 2123 3358 2160 :
3391 2119 3446 2162 et
3470 2121 3562 2161 su-

1993 2196 2304 2263 perfuerunt
2346 2195 2628 2250 duodecim
2659 2195 2872 2264 copliini
2907 2194 3323 2263 fragmentorum
3353 2195 3565 2267 (Matth.

1997 2283 2104 2356 14).
2133 2285 2280 2351 Quod
2307 2285 2494 2354 utique
2532 2284 2734 2339 Christi
2763 2285 3017 2338 fortitudo
3045 2285 3283 2354 perfecit.
3324 2288 3569 2344 Arbitror

1994 2390 2115 2427 eum
2143 2390 2242 2429 nec
2279 2375 2419 2428 illius
2449 2374 2687 2428 miraculi
2719 2374 3076 2441 recordatum,
3107 2375 3319 2444 quando
3359 2375 3570 2430 irratio-

1997 2466 2198 2520 nabiles
2229 2467 2390 2519 maris
2419 2464 2614 2520 ﬂuctus
2641 2467 2822 2520 divino
2849 2467 3063 2520 calcans
3092 2466 3242 2535 pede,
3273 2469 3570 2537 tranquilli-

1999 2558 2088 2610 tati
2117 2558 2474 2627 navigantium
2503 2557 2756 2613 reddidit.
2785 2558 2914 2624 Quze
2940 2559 3138 2613 Christi
3164 2559 3351 2624 virtus,
3382 2569 3566 2614 etnon

1996 2650 2216 2705 alterius
2261 2652 2488 2718 patravit
2533 2650 2838 2718 imperium.
2867 2649 3146 2716 Quomodo
3170 2666 3297 2719 ergo
3321 2665 3428 2705 non
3457 2659 3570 2704 toto

1997 2739 2160 2792 corde
2200 2749 2254 2793 et
2280 2739 2460 2792 animo
2485 2749 2540 2793 et
2567 2754 2793 2806 corpore
2817 2740 3192 2808 perhorrescit,
3223 2740 3425 2802 dicens,
3457 2741 3567 2794 for-

1999 2829 2274 2881 titudinem
2295 2827 2457 2882 Verbi
2479 2829 2571 2882 Dei
2592 2827 2980 2882 irrationabiles
2994 2837 3266 2883 creaturas
3290 2844 3394 2882 non
3415 2845 3571 2898 posse

1999 2918 2340 2986 pertingere?
2371 2919 2434 2972 Et
2455 2919 2542 2986 qui
2565 2918 2732 2987 jactat
2752 2919 2881 2972 sein
2910 2919 3132 2973 scicntia
3152 2918 3566 2988 Scripturarnm,

1997 3017 2050 3060 et
2068 3017 2214 3076 putat
2236 3015 2380 3062 tanta
2405 3007 2622 3077 legisse,
2644 3016 2840 3075 quanta
2868 3008 3044 3062 nullus
3067 3009 3338 3062 hominum
3361 3009 3573 3078 legerit,

1999 3101 2133 3153 sciat
2147 3100 2425 3167 scriptum,
2445 3099 2584 3168 quod
2603 3108 2924 3168 tegrotautes
2946 3099 2998 3152 in
3019 3099 3224 3154 lectulis
3239 3099 3567 3162 deferebant,

1999 3201 2054 3246 et
2080 3194 2348 3260 ponebant
2374 3193 2426 3246 in
2472 3192 2638 3246 triviis
2663 3201 2717 3246 et
2762 3192 2968 3258 plateis,
3011 3201 3065 3244 ut
3095 3189 3236 3245 Petri
3267 3205 3361 3245 eos
3387 3191 3572 3244 umbra

2001 3283 2340 3352 contingeret
2364 3293 2416 3336 et
2446 3293 2661 3338 sanaret
2688 3281 2823 3353 (Art.
2851 3281 2926 3351 5).
2956 3283 3094 3350 quod
3123 3297 3268 3335 sacra
3291 3281 3573 3351 Apostolo.

2002 3391 2117 3428 rum
2141 3378 2268 3430 Acta
2296 3384 2581 3435 testantur.
2609 3375 2879 3444 urguentia
2902 3374 3148 3438 Origenis
3176 3375 3474 3436 stultitiam,
3502 3372 3573 3443 (c)
3634 3438 3638 3442 _

2003 3482 2098 3535 per
2126 3483 2244 3534 quae
2274 3467 2324 3519 id
2367 3468 2741 3535 Apostolorum
2774 3466 2958 3518 utuhra
2996 3465 3182 3520 fecisse
3206 3465 3534 3518 convincitur
3556 3503 3574 3530 ,

2002 3557 2140 3626 quod
2164 3557 2254 3612 ille
2278 3557 2468 3611 Filium
2498 3556 2614 3622 Dei,
2645 3556 2876 3611 Verbum
2901 3555 2993 3611 Dei
3023 3571 3128 3610 non
3157 3553 3304 3623 potui
3317 3569 3390 3607 .se
3412 3561 3574 3608 testa-

2005 3658 2107 3702 ltﬂ'.

2075 3740 2163 3792 14.
2199 3738 2276 3792 De
2309 3738 2633 3792 Providentia
2661 3737 2772 3790 Dei.
2799 3765 2872 3777 —
2899 3736 3068 3789 Simili
3096 3751 3279 3789 errore
3298 3734 3576 3802 deceptus,

2003 3838 2057 3883 et
2103 3831 2345 3883 nesciens
2378 3829 2502 3896 quid
2537 3829 2800 3896 loquatur,
2833 3825 2914 3898 (tl)
2939 3841 3122 3880 eorum
3153 3828 3240 3895 qui
3271 3828 3457 3880 nolunt
3485 3826 3581 3880 Dei

2007 3921 2391 3989 providentiam
2435 3933 2600 3986 usque
2641 3918 2706 3969 ad
2746 3933 2933 3971 omnes
2968 3927 3261 3979 creaturas,
3304 3924 3357 3970 et
3398 3915 3580 3972 mundi

2007 4010 2251 4062 inferiora
2282 4008 2608 4062 descendere
2627 4047 2642 4068 ,
2669 4007 2760 4060 sed
2795 4016 2995 4060 tantum
3040 4007 3091 4058 iu
3121 4008 3375 4059 caelorum
3405 4011 3576 4074 regio-

2007 4102 2160 4153 nibus
2189 4099 2535 4160 commorari,
2565 4106 2619 4151 ut
2646 4097 2851 4150 scilicet
2880 4097 2931 4149 id
2963 4097 3148 4149 umbra
3177 4087 3367 4150 feet-rit
3390 4096 3531 4149 Petri
3562 4136 3582 4161 ,

2007 4191 2148 4259 quod
2195 4189 2416 4258 implere
2442 4189 2732 4242 Salvatoris
2773 4187 3026 4242 fortitudo
3057 4203 3160 4242 non
3199 4189 3445 4255 quiverit.
3475 4187 3583 4241 Sed

2007 4292 2061 4334 et
2085 4282 2149 4336 ad
2180 4281 2266 4334 illa
2300 4281 2578 4334 veniamus
2611 4296 2625 4332 :
2655 4278 2914 4346 Apostolo
2953 4277 3094 4332 enim
3122 4278 3190 4333 de
3230 4277 3587 4347 primogenita

2009 4371 2143 4426 Filio
2191 4371 2280 4426 Dei
2332 4371 2611 4440 perspicae
2657 4369 3020 4438 proclamante
3060 4385 3076 4420 :
3119 4385 3137 4418 α
3173 4367 3283 4422 lloc
3321 4367 3582 4436 intelligat

2009 4465 2375 4534 unusquisque
2404 4465 2455 4517 iu
2488 4464 2661 4527 nobis,
2706 4461 2846 4530 quod
2885 4471 2937 4515 et
2968 4461 3019 4514 in
3065 4459 3277 4514 Christo
3315 4459 3460 4520 lesu,
3493 4457 3582 4526 qui

2007 4572 2127 4610 cum
2166 4557 2218 4610 in
2249 4555 2418 4610 forma
2451 4554 2544 4606 Dei
2575 4561 2736 4611 esset,
2767 4566 2872 4604 non
2915 4551 3150 4618 rapinam
3179 4550 3464 4602 arbitratus
3502 4559 3586 4603 est

2007 4663 2130 4702 esse
2157 4659 2218 4699 se
2247 4643 2504 4712 aequalem
2537 4642 2679 4703 Deo,
2711 4639 2805 4693 scd
2837 4639 3072 4706 seipsum
3113 4637 3434 4702 exinanivit,
3477 4636 3587 4691 for-

2011 4751 2148 4788 tnam
2179 4734 2320 4788 servi
2350 4730 2620 4799 accipiens
2655 4749 2673 4781 ι
2707 4729 2932 4797 (Philip.
2959 4728 3019 4796 2)
3045 4745 3057 4780 :
3087 4727 3176 4782 ille
3202 4743 3361 4782 ausus
3390 4737 3472 4783 est
3501 4728 3587 4782 di-

2010 4841 2158 4892 eere,
2177 4823 2316 4892 quod
2335 4823 2508 4876 anima
2527 4819 2822 4875 Salvatoris
2841 4833 2899 4874 se
2917 4819 3270 4884 evacuaverit,
3285 4829 3338 4878 et
3359 4817 3586 4878 formant

2011 4916 2149 4969 servi
2169 4913 2454 4983 acceperit,
2475 4921 2531 4965 ut
2549 4911 2782 4965 Joannes
2801 4911 3055 4964 mentitus
3069 4925 3188 4964 esse
3204 4910 3476 4974 credatur,
3495 4910 3584 4977 qui

2010 5006 2114 5058 ait:
2133 5003 2347 5056 Verbum
2376 5019 2493 5056 caro
2517 5008 2706 5072 factum
2733 5011 2804 5054 est
2826 5002 3003 5072 (Joatt.
3029 4999 3104 5072 1).
3132 5001 3358 5056 similem
3389 5009 3589 5054 nostra:

2010 5095 2299 5151 conditioni
2328 5095 2574 5164 ingerens
2600 5093 2953 5156 Salvatorem,
2977 5093 3102 5148 dum
3131 5108 3236 5148 non
3261 5103 3342 5148 est
3364 5093 3479 5159 ipse
3495 5094 3585 5159 qui

2010 5203 2070 5242 se
2093 5186 2388 5252 evacuavit,
2421 5195 2477 5241 et
2502 5186 2723 5240 formam
2745 5185 2886 5241 servi
2907 5185 3112 5254 accepit
3141 5201 3154 5237 :
3189 5183 3282 5239 sed
3313 5180 3382 5256 (ε)
3411 5183 3588 5236 anima

2079 5403 2140 5515 (cl
2176 5404 2361 5453 Vitiose
2395 5409 2518 5463 erat,
2554 5417 2640 5465 per
2679 5417 2840 5468 quam,
2873 5410 2930 5453 ut
2958 5402 3177 5471 referres
3214 5401 3272 5449 ad
3315 5395 3586 5458 stultitiam,

2079 5483 2119 5513 υ‹
2162 5467 2363 5515 respicit
2387 5466 2708 5515 Apostolorum
2741 5474 2866 5514 acta.
2892 5465 3266 5513 Emendavtmus
3289 5472 3350 5508 ex
3375 5459 3434 5506 Β.
3461 5457 3519 5508 Ρ.

2009 5457 2141 5529 quod
2162 5467 2363 5529 respicit
2387 5457 2708 5527 .4posioiortttti
2741 5457 2866 5514 acta.
2892 5463 3266 5529 Emendavimus
3289 5472 3350 5529 ex
3375 5457 3519 5529 1131³.

2079 5524 2146 5590 (tl)
2190 5517 2260 5576 Ut'
2274 5517 2448 5576 sensus
2471 5535 2736 5590 utcumque
2758 5533 2962 5590 constet,
2975 5523 3282 5590 sumledteic
3302 5519 3416 5590 loci,
3435 5517 3591 5590 factus

2009 5583 2320 5652 est'st’ctutor,
2346 5589 2567 5652 autdux,
2595 5583 2681 5638 aut
2702 5588 2816 5652 quid
2835 5585 3015 5642 simile,
3037 5583 3164 5644 Quod
3186 5583 3379 5629 omnino
3403 5583 3593 5628 euadit

2009 5647 2316 5714 librariorum
2339 5650 2613 5714 osci.antia.
2721 5647 2736 5652 ’
2769 5709 2778 5714 _
3077 5701 3089 5711 .
3256 5704 3266 5714 ,
3560 5703 3588 5714 ..

2082 5710 2142 5775 le)
2179 5712 2422 5775 Eratalio
2444 5747 2458 5775 ,
2485 5719 2538 5761 et
2571 5709 2815 5775 contrario
2835 5703 3227 5775 sensu__ttttituam_
3253 5704 3304 5750 in
3339 5703 3592 5751 aecum-uti

2015 5765 2148 5836 casu,
2175 5788 2283 5824 eum
2307 5765 2494 5838 liquido
2513 5773 2728 5821 auctoris
2761 5779 2900 5816 mens
2922 5765 3037 5815 velit
3059 5765 3108 5812 in
3133 5771 3272 5812 recte
