4106 6340
652 443 751 500 807

650 554 739 610 ille
769 561 822 608 et
855 549 1044 613 sensit,
1072 557 1126 605 et
1150 547 1383 619 scripsit,
1413 552 1614 602 tantam
1641 543 1808 600 Deum
1836 541 2028 598 fecisse
2051 549 2228 598 mate-

651 647 802 712 riam,
829 653 1078 715 quantam
1103 655 1300 698 ornare
1331 647 1542 710 poterat
1561 645 1616 693 et
1638 637 1690 691 in
1719 650 1901 691 rerum
1926 633 2129 689 formas
2150 631 2230 687 di-

647 734 850 790 videre.
902 735 1031 801 Qua:
1079 731 1340 798 sentiens,
1385 743 1597 786 rursum
1641 726 1811 783 discat
1846 741 1876 780 a
1904 725 2079 789 nobis,
2121 739 2230 778 non

647 835 846 895 quanta
877 823 1003 881 fecit
1034 825 1195 890 Deus,
1228 830 1370 878 tanta
1397 819 1576 876 facere
1605 827 1836 890 poterat,
1860 816 1955 872 sed
1975 824 2229 886 quantam

650 931 954 972 mensuram
985 930 1164 971 rerum
1191 913 1325 970 ordo
1350 911 1623 984 poscebat,
1656 918 1802 966 tanta
1830 908 2120 963 fabricatus
2147 915 2232 962 est

648 1008 813 1075 Deus,
844 1008 1012 1062 multo
1046 1005 1304 1078 majorem
1342 1003 1544 1058 habens
1583 1009 1638 1058 et
1671 1010 1842 1056 artem
1886 1008 1941 1055 et
1964 998 2231 1054 fortitudi-

653 1114 798 1163 nem,
828 1113 988 1168 quam
1017 1112 1081 1153 ea
1108 1112 1227 1168 quae
1252 1095 1386 1151 facta
1410 1102 1554 1162 sunt,
1582 1107 1860 1148 numerum
1887 1099 2047 1162 atque
2076 1108 2230 1146 men-

648 1203 850 1244 suram.
882 1187 952 1243 Et
980 1188 1082 1242 hoc
1121 1187 1254 1242 sciat
1293 1185 1681 1255 Prophetarum
1726 1181 2044 1238 testimoniis
2084 1196 2231 1236 com-

651 1284 888 1353 probari,
939 1297 970 1337 e
1020 1282 1211 1352 quibus
1249 1276 1392 1352 [sup.
1432 1274 1586 1350 unus]
1630 1277 1706 1332 ait
1757 1294 1771 1332 :
1823 1274 2034 1344 Operuit
2081 1274 2230 1328 ccelos

652 1377 809 1430 virtus
841 1375 950 1445 ejus
1002 1387 1020 1426 :
1084 1372 1154 1426 Et
1195 1370 1332 1425 alter
1353 1369 1630 1424 clamitat:
1664 1365 1878 1421 Terram
1909 1374 2073 1418 autem
2102 1365 2231 1417 sicut

651 1468 799 1521 nihili
829 1466 945 1537 fecit
989 1479 1008 1518 :
1055 1475 1112 1518 ut
1141 1462 1398 1533 majorem
1442 1460 1536 1514 Dei
1574 1474 1692 1514 esse
1729 1458 1978 1512 virtutem
2008 1456 2088 1510 his
2114 1471 2230 1525 qua:

651 1558 788 1612 facta
818 1565 962 1622 sunt,
997 1554 1343 1626 praedicarent
1369 1549 1462 1624 [aL
1491 1547 1834 1621 pra'dicaretj.
1879 1548 2046 1602 Porro
2089 1544 2228 1616 quod

649 1648 783 1704 dixit
811 1666 825 1700 ε
856 1657 1040 1701 (errant
1066 1647 1194 1700 sicut
1225 1644 1372 1698 nihili
1398 1643 1550 1713 fecit,
1583 1641 1648 1695 de
1677 1639 1944 1693 universis
1969 1633 2230 1690 creaturis

648 1739 937 1809 Apostolus
980 1737 1339 1806 interpretans
1381 1733 1614 1802 loquitur
1661 1747 1674 1782 :
1727 1729 1825 1796 Qui
1868 1737 2009 1782 uocat
2035 1744 2092 1780 ea
2117 1741 2231 1795 quin

650 1847 752 1884 non
783 1839 918 1896 sunt,
949 1839 1188 1897 tanquam
1213 1827 1313 1881 sint
1342 1823 1518 1898 (Rom.
1547 1823 1624 1892 4).
1657 1820 1722 1877 Ut
1743 1832 1796 1876 et
1822 1835 1915 1890 per
1937 1819 2051 1872 haec
2071 1817 2230 1872 verba

649 1922 937 1984 discamus,
971 1919 1228 1988 majorem
1257 1931 1375 1972 esse
1406 1912 1766 1968 fortitudinem
1814 1909 1928 1974 Dei,
1971 1922 2128 1978 quam
2167 1921 2231 1961 ea

647 2029 766 2083 qua:
811 2012 878 2066 ab
919 2011 1011 2065 illo
1042 2008 1178 2063 facta
1210 2015 1354 2063 sunt.
1389 2007 1454 2061 Et
1483 2020 1586 2058 non
1617 2000 1886 2058 erubescit
1912 2007 2095 2054 contra
2139 1997 2229 2051 Dei

646 2103 1008 2160 fortitudinem
1053 2102 1334 2172 disputans
1378 2098 1578 2162 dicere,
1629 2094 1770 2166 quod
1819 2101 2021 2148 tantum
2064 2089 2231 2161 possit

647 2198 813 2264 Deus,
863 2203 1115 2266 quantum
1161 2193 1209 2248 ei
1241 2191 1306 2247 ad
1350 2187 1675 2262 operandam
1707 2185 1929 2242 materia
1959 2184 2229 2237 ministra-

644 2288 747 2342 rit!
794 2286 904 2342 Nec
953 2284 1196 2354 intelligit
1240 2283 1396 2336 aliam
1437 2289 1678 2334 naturam
1704 2290 1823 2332 esse
1854 2276 2145 2337 factorum,
2177 2279 2231 2326 et

644 2381 804 2435 aliam
835 2380 950 2449 ejus
994 2379 1084 2449 qui
1128 2377 1297 2431 factor
1324 2383 1408 2430 est
1439 2375 1604 2439 Deus,
1638 2387 1811 2442 neque
1840 2385 1995 2441 posse
2027 2376 2229 2422 tantum

646 2473 791 2526 illam
823 2471 890 2526 de
918 2487 1020 2540 qna
1047 2469 1246 2539 aliquid
1278 2468 1357 2534 fit,
1390 2476 1645 2537 quantum
1672 2465 1718 2519 is
1741 2470 1937 2535 potest,
1963 2461 2050 2530 qui
2075 2475 2141 2513 ex
2165 2471 2228 2512 ea

647 2561 847 2632 aliquid
879 2561 1165 2615 fabricatur
1209 2577 1223 2614 :
1267 2559 1599 2614 diversarum
1643 2555 1786 2612 enim
1812 2551 2227 2609 subStantiarum

644 2653 857 2708 diversa
885 2663 968 2707 est
995 2653 1162 2706 virtus
1188 2659 1349 2721 atque
1377 2649 1632 2706 conditio.

719 2742 807 2797 19.
845 2742 1176 2812 Quapropter
1203 2742 1248 2797 si
1279 2741 1465 2795 volunt
1493 2754 1614 2795 cum
1637 2735 1878 2792 Ecclesia
1903 2732 2228 2790 dominicum

648 2835 852 2892 Pascha
885 2835 1178 2900 celebrare,
1219 2831 1309 2902 qui
1344 2829 1648 2886 auctoritati
1687 2828 2080 2896 Scripturarum
2107 2822 2228 2877 Ori-

644 2926 796 2996 genis
841 2925 1130 2996 praeferunt
1173 2923 1558 2987 deliramenta,
1589 2919 1806 2974 audiant
1850 2918 2224 2973 inclamantem

644 3017 810 3073 Deum
839 3034 854 3071 :
883 3015 948 3069 Et
980 3032 1085 3070 non
1121 3014 1320 3069 ostendi
1345 3013 1437 3068 illa
1466 3011 1555 3066 tibi
1581 3019 1634 3065 ut
1660 3008 1945 3066 ambulares
1983 3018 2092 3080 post
2122 3023 2181 3062 ea
2208 3023 2228 3062 :

641 3109 721 3163 Ac
750 3106 1070 3178 Prophetam
1102 3103 1522 3176 lacrymabiliter
1570 3108 1999 3157 commoneutem
2047 3115 2061 3151 :
2114 3095 2158 3152 0
2196 3113 2227 3151 ο

641 3199 802 3270 fugite
831 3198 892 3252 de
921 3207 1055 3250 terra
1081 3195 1365 3266 Aquilonis,
1395 3194 1528 3249 dicit
1554 3191 1843 3255 Dominus,
1868 3191 1988 3262 quia
2028 3205 2060 3243 a
2097 3204 2224 3260 qua-

644 3299 761 3344 tuor
785 3289 944 3343 ventis
973 3287 1285 3358 congregabo
1311 3303 1419 3350 vos,
1446 3286 1499 3340 in
1530 3285 1658 3340 Sion
1707 3283 1994 3349 saluamini,
2017 3282 2102 3352 qui
2128 3281 2225 3334 hac

643 3378 813 3432 bitatis
836 3379 996 3446 ﬁliam
1018 3375 1296 3446 Babylonis
1323 3373 1510 3445 (Zach.
1531 3371 1614 3446 2).
1639 3373 1709 3430 Ut
1729 3373 1929 3430 erroris
1955 3371 2220 3437 tenebras,

641 3465 914 3539 frigusque
960 3467 1275 3537 ignorantim
1317 3465 1706 3536 relinquentes,
1752 3463 1824 3520 ad
1869 3472 2046 3520 ortum
2095 3464 2225 3520 solis

635 3558 878 3628 justitiae,
903 3558 1075 3628 juncti
1102 3573 1380 3628 magorum
1412 3557 1606 3612 studiis
1629 3564 2028 3620 convertantur,
2059 3564 2115 3611 et
2138 3556 2221 3609 in-

640 3650 942 3706 habitantes
961 3649 1336 3706 calidissimam
1355 3649 1560 3720 plagam
1577 3647 1721 3715 cteli,
1748 3661 1867 3718 qua:
1896 3645 1950 3700 in
1980 3644 2224 3716 Scriptu-

639 3758 818 3799 rarum
850 3744 1059 3799 fervore
1080 3744 1328 3807 sentitur,
1401 3742 1564 3814 603
1638 3751 1878 3812 pastores
1899 3741 2224 3798 ecclesiasti-

638 3852 730 3892 cos
747 3879 760 3902 ,
783 3846 960 3908 spreta
983 3837 1231 3909 Origenis
1259 3836 1517 3902 amentia,
1535 3835 1898 3901 sciscitentur,
1919 3842 1975 3888 et
1998 3833 2177 3888 dicant
2207 3850 2248 3888 :.

641 3927 738 3984 Ubi
790 3941 862 3985 est
905 3931 991 4002 qui
1032 3940 1186 3985 natus
1229 3939 1302 3984 est
1348 3943 1439 3982 rex
1463 3924 1770 3982 Judteorum
1797 3923 2015 3995 (Matth.
2044 3925 2100 3980 2.
2127 3923 2224 3996 2)?

637 4019 769 4076 Cum
814 4022 962 4076 illum
1012 4022 1313 4077 invenerint
1354 4019 1623 4090 jacentem
1670 4017 1724 4072 in
1754 4017 2003 4087 praesepi,
2034 4014 2224 4069 humili

637 4112 886 4169 videlicet
913 4113 1126 4182 eloquio
1163 4111 1582 4182 Scripturarum,
1616 4105 1844 4162 oﬂ‘erant
1865 4104 1958 4178 [aL
1981 4102 2221 4176 oﬂ'erunt]

638 4205 687 4260 ei
743 4219 952 4269 aurum,
997 4214 1050 4260 et
1080 4205 1224 4269 thus,
1256 4211 1312 4258 et
1339 4202 1614 4272 myrrham
1645 4217 1659 4254 :
1690 4199 1744 4254 id
1772 4206 1874 4264 est,
1907 4197 2066 4252 fidem
2093 4211 2222 4267 pro.

637 4293 838 4358 batam,
870 4303 924 4347 et
971 4293 1114 4347 omni
1157 4291 1402 4346 veritatis
1430 4288 1718 4358 splendore
1747 4287 2060 4358 fulgentem,
2089 4303 2224 4342 con-

638 4385 1062 4452 versationisque
1100 4379 1432 4437 beneolentis
1459 4378 1826 4448 fragrantiam,
1858 4386 1914 4432 et
1939 4378 2222 4432 continuen-

639 4474 788 4540 tiam,
821 4473 1003 4528 luxum
1037 4471 1344 4540 voluptatis,
1375 4478 1428 4524 et
1456 4468 1722 4524 fluitantia
1753 4469 1931 4522 carnis
1955 4456 2223 4522 incentiva

638 4565 950 4620 siccantem.
999 4563 1101 4630 Qui
1149 4562 1290 4617 enim
1338 4569 1461 4631 post
1486 4558 1707 4616 crebras
1733 4556 2220 4624 commonitiones,

637 4654 1014 4710 ecclesiasticae
1046 4652 1169 4707 fidei
1197 4650 1592 4715 contradicunt,
1619 4648 1820 4719 duplici
1848 4648 2105 4718 languore
2129 4647 2224 4702 de-

637 4743 898 4808 tinentur,
928 4743 1194 4814 nequitia,
1222 4751 1275 4797 et
1296 4739 1586 4809 imperitia,
1616 4746 1673 4794 et
1693 4739 1745 4791 in
1771 4752 1973 4792 morem
1999 4751 2221 4806 serpen-

639 4841 753 4888 tum
784 4833 880 4888 toti
910 4833 975 4888 ad
1007 4842 1222 4887 terrena
1251 4829 1518 4897 conversi,
1551 4827 1995 4896 adhzerentesque
2035 4826 2218 4892 humo,

639 4922 795 4978 bonis
840 4923 979 4977 mala
1023 4919 1336 4992 prmferunt,
1369 4935 1470 4974 nec
1498 4927 1782 4984 noverunt,
1811 4933 1930 4988 qua:
1970 4918 2040 4972 sit
2068 4917 2223 4972 diffe-

638 5014 814 5069 rentia
857 5014 1110 5068 vitiorum
1153 5020 1312 5081 atque
1338 5011 1614 5075 virtutum,
1644 5017 1700 5064 et
1728 5009 1796 5062 de
1839 5008 2037 5062 sanctis
2081 5008 2225 5063 Scri-

640 5107 814 5178 pturis
842 5105 896 5159 in
924 5104 1342 5172 correptionem,
1357 5110 1410 5156 et
1428 5101 1712 5157 sanitatem
1735 5100 1817 5154 sui
1834 5099 2222 5154 medicamenta

640 5205 1014 5261 contemnunt,
1056 5196 1111 5251 in
1151 5209 1356 5250 morem
1382 5195 1765 5266 praegnantium
1793 5192 2096 5257 mulierum,
2127 5207 2222 5248 ve-

638 5288 817 5344 ritatis
859 5287 1071 5342 fastidia
1112 5285 1436 5342 sustinentes
1463 5326 1480 5352 ,
1527 5301 1646 5358 qua:
1702 5287 1890 5342 solitos
1937 5288 2086 5346 cibos
2132 5304 2221 5345 re-

635 5389 859 5452 spuunt,
887 5391 942 5437 et
969 5380 1126 5436 noxia
1152 5395 1375 5451 quaeque
1402 5389 1708 5447 sectantur;
1737 5395 1839 5436 nec
1878 5382 2058 5438 valent
2100 5397 2222 5437 con-

639 5479 720 5528 tra
770 5470 1014 5528 veritatis
1065 5471 1244 5527 radios
1289 5471 1494 5527 clarum
1559 5471 1754 5527 animae
1823 5472 2001 5526 lumen
2049 5472 2221 5527 inten-

634 5561 804 5618 dere:
831 5562 1188 5633 despicientes
1229 5562 1645 5619 ecclesiasticam
1681 5563 2043 5634 disciplinam,
2067 5561 2219 5632 quasi

635 5654 786 5722 porci
827 5654 1133 5710 volutantur
1157 5655 1211 5710 in
1238 5669 1426 5723 caeno,
1459 5663 1515 5712 et
1539 5664 1810 5725 unguenta
1839 5661 2212 5709 contemnunt.

631 5741 742 5800 Sed
763 5743 966 5815 justum
995 5753 1099 5814 est,
1129 5756 1186 5802 ut
1209 5747 1400 5803 saltem
1445 5746 1515 5802 de
1556 5746 1818 5815 exemplis
1867 5759 1985 5814 quae
2033 5743 2217 5798 inferi-

629 5847 754 5892 mus
800 5838 1059 5910 recipiant
1113 5840 1415 5897 sanitatem.
1446 5836 1597 5894 Sicut
1646 5837 1789 5892 enim
1837 5834 1992 5892 oculo
2042 5834 2210 5891 officit

1927 427 2170 488 SANCTI
2205 426 2580 490 HIERONYMI
3811 433 3904 495 808

2335 541 2615 613 lippitudo,
2664 549 2720 598 et
2769 552 2935 599 totum
2981 558 3173 615 corpus
3217 545 3571 617 depopulatur
3610 547 3800 618 febris,
3839 545 3906 608 res

2335 646 2548 702 quoque
2585 641 2640 688 et
2666 631 2864 689 ferrum
2909 635 3160 704 paulatim
3190 636 3378 708 rubigo
3403 639 3696 706 consumit,
3726 641 3796 694 ita
3818 643 3906 698 do-

2333 733 2567 794 gmatum
2595 740 2969 794 perversorum
3002 727 3297 798 perniciosa
3325 730 3574 800 contagio
3612 732 3902 789 animarum

2335 813 2716 885 negligentium
2761 816 3212 886 pulchritudinem
3253 817 3435 887 violat,
3483 830 3540 876 et
3567 820 3798 877 deformi
3823 840 3904 880 eas

2335 900 2430 974 [οι.
2477 903 2582 977 eos]
2627 905 3028 962 mendaciorum
3079 909 3280 980 pallore
3319 908 3612 981 perfundit.
3641 910 3902 983 Obsecro,

2333 992 2558 1061 fratres,
2609 1005 2666 1051 ut
2699 995 2989 1068 ignoscatis
3025 999 3196 1055 dolori
3227 1015 3367 1069 meo,
3399 1003 3690 1058 sceleratas
3718 1004 3906 1060 doctri-

2330 1101 2430 1142 nas
2460 1087 2512 1142 in
2539 1089 2772 1144 medium
2801 1090 3114 1161 proferenti.
3144 1092 3292 1148 Licet
3317 1096 3460 1149 enim
3488 1109 3586 1166 per
3609 1095 3905 1166 Babylonia:

2333 1176 2550 1234 ﬂumina
2583 1183 2970 1252 transierimus,
3007 1193 3064 1238 ut
3092 1186 3332 1256 captivos
3353 1186 3549 1242 ibidem
3573 1202 3906 1242 commoran-

2335 1279 2414 1324 tes
2455 1269 2522 1325 ad
2563 1270 2906 1328 festivitatem
2953 1273 3247 1331 Jerusalem
3293 1292 3515 1347 pergere
3542 1278 3902 1343 suaderemus,

2335 1369 2513 1416 tamen
2544 1362 2913 1418 misericordia
2948 1364 3045 1419 Dei
3075 1366 3174 1436 ipsi
3204 1367 3568 1437 captivitatem
3602 1384 3710 1436 non
3743 1370 3905 1424 sensi-

2333 1466 2475 1520 mus,
2518 1455 2792 1524 prosperis
2820 1457 2993 1511 ventis
3025 1454 3416 1528 Scripturarum
3448 1459 3563 1513 vela
3596 1459 3902 1530 pandentes.

2332 1543 2442 1599 Nec
2469 1544 2765 1602 obruerunt
2791 1563 2888 1602 nos
2917 1547 3176 1604 doctrina:
3207 1549 3474 1606 brereticze
3505 1553 3744 1623 gurgites
3774 1553 3905 1606 intu-

2333 1648 2655 1704 mescentcs,
2685 1655 2786 1696 nec
2826 1641 3227 1698 mendaciorum
3257 1651 3552 1714 tempestas
3585 1643 3793 1711 terruit,
3822 1662 3907 1701 ue-

2333 1744 2437 1796 que
2467 1739 2732 1786 torrentes
2761 1731 3057 1801 iniquitatis
3082 1733 3134 1788 in
3166 1733 3343 1789 medio
3367 1749 3554 1789 eorum
3585 1736 3776 1806 pelago
3799 1752 3908 1806 per-

2334 1828 2628 1885 traxerunt,
2669 1821 2759 1876 ubi
2793 1822 2946 1892 juxta
2991 1823 3328 1880 Psalmistam
3355 1834 3662 1893 canentem,
3694 1825 3906 1895 chtilia

2331 1928 2545 1982 quorum
2569 1929 2668 1967 non
2697 1925 2768 1968 est
2797 1931 3036 1970 numerus
3061 1913 3178 1989 (Ps.
3204 1916 3327 1972 {03.
3355 1916 3468 1989 25),
3507 1925 3563 1971 et
3604 1918 3775 1973 Draco
3800 1917 3906 1972 dia-

2331 2003 2487 2058 bolus
2515 2014 2933 2072 commorantur,
2961 2007 3442 2062 venenatissimum
3472 2007 3673 2062 animal
3706 2018 3906 2062 sancto-

2331 2111 2451 2150 rum
2490 2097 2691 2151 lusibus
2739 2106 2925 2166 patens
2969 2114 2983 2150 :
3057 2096 3221 2169 604
3290 2112 3409 2164 nec,
3441 2107 3499 2152 ut
3524 2107 3720 2152 cuncta
3769 2097 3904 2152 brevi

2333 2201 2583 2242 sermone
2607 2186 2946 2255 concludam,
2979 2202 3047 2242 ex
3076 2188 3219 2242 omni
3250 2197 3400 2257 parte
3432 2197 3719 2242 ventorum
3751 2186 3905 2242 flabra

2331 2278 2707 2348 consurgentia
2729 2278 3148 2334 ecclesiasticam
3172 2294 3363 2333 navem
3387 2259 3719 2336 subvertere.
3733 2291 3906 2352 potue-

2332 2380 2476 2432 runt,
2507 2379 2562 2424 et
2599 2369 2897 2424 studiorum
2944 2379 3250 2449 nostrorum
3293 2384 3439 2425 saevo
3471 2372 3682 2428 turbine
3707 2372 3906 2441 operire

2332 2463 2637 2533 remigium.
2671 2463 2736 2516 Et
2766 2478 2885 2517 cum
2912 2461 3188 2518 Salvatore
3218 2462 3465 2528 Domino,
3497 2463 3666 2518 instar
3691 2463 3908 2534 discipu-

2333 2552 2506 2608 lorum
2540 2554 2705 2619 illius,
2749 2554 3064 2624 navigantes
3094 2553 3580 2619 transfretavimus,
3625 2565 3680 2610 et
3708 2563 3906 2624 portum

2331 2645 2526 2713 quietis
2570 2645 2856 2711 intrantes,
2889 2644 3307 2713 pulcherrimum
3336 2644 3643 2700 divinorum
3685 2646 3906 2702 volumi-

2332 2751 2459 2792 num
2519 2735 2666 2790 littus
2731 2736 3142 2806 amplectimur;
3195 2736 3372 2791 varios
3421 2748 3708 2807 carpentes
3755 2739 3909 2794 ﬂores

2330 2826 2592 2892 scientiae,
2619 2835 2675 2881 et
2703 2827 2856 2882 nivea
2885 2826 3124 2882 membra
3152 2826 3426 2897 sapientia:
3459 2830 3662 2897 pressis
3694 2830 3908 2899 figentes

2331 2917 2405 2991 (a)
2433 2919 2650 2985 osculis,
2682 2919 2734 2972 in
2763 2919 2880 2989 ejus
2903 2917 3169 2974 barremus
3193 2918 3552 2988 amplexibus.
3581 2929 3637 2976 et
3662 2922 3708 2976 si
3738 2922 3910 2976 Domi-

2331 3027 2429 3066 nus
2457 3013 2806 3077 concesserit,
2839 3013 3080 3066 viventes
3108 3027 3229 3067 cum
3254 3026 3350 3078 ea,
3381 3020 3436 3066 et
3465 3015 3517 3066 in
3549 3001 3695 3068 illius
3725 3030 3900 3083 persc-

2329 3112 2574 3158 veranles
2591 3117 2795 3182 amore,
2811 3103 3143 3158 cantabimus
3159 3121 3172 3158 ;
3196 3105 3406 3158 Amator
3421 3105 3498 3176 {ui
3519 3105 3909 3175 pulchritudinis

2330 3195 2439 3264 ejus
2467 3191 2622 3266 (Sap.
2655 3191 2730 3265 8).
2774 3194 3049 3264 Quotquot
3095 3195 3236 3248 enim
3264 3194 3574 3264 diligentius
3605 3195 3906 3266 Scripturas

2329 3293 2540 3340 sanctas
2584 3283 2785 3353 legunt,
2831 3291 2885 3338 et
2924 3299 3018 3353 per
3063 3284 3200 3353 picta
3247 3297 3559 3338 sermonum
3612 3285 3907 3342 celesdum

2331 3383 2480 3445 prata
2523 3373 2851 3440 discurrunt,
2903 3375 3002 3429 hac
3045 3373 3370 3430 beatitudine
3415 3374 3768 3444 perfruuntur
3817 3373 3905 3448 [ιιι.

2330 3463 2696 3537 perfruentur].
2742 3464 2843 3532 Qui
2885 3473 3062 3519 autem
3094 3465 3460 3534 relinquentes
3502 3465 3792 3521 dominica:
3828 3482 3910 3520 So-

2329 3554 2620 3609 lemnitalis
2657 3554 2912 3620 virorem,
2941 3553 3006 3608 ad
3033 3554 3244 3609 deserta
3278 3553 3688 3624 transcendunt,
3718 3556 3773 3612 iu
3799 3573 3907 3611 mo-

2327 3662 2441 3702 rem
2473 3645 2681 3700 urbium
2723 3659 2843 3715 qua:
2871 3645 3071 3716 absque
3095 3659 3249 3700 muro
3274 3654 3422 3714 sunt,
3456 3645 3685 3703 hostiles
3712 3649 3907 3703 daemo-

2328 3752 2455 3793 num
2484 3736 2712 3806 impetus
2737 3737 3020 3792 sustinent.

2399 3827 2490 3882 20.
2530 3827 2866 3898 Quapropter
2909 3827 3242 3882 imminentia
3272 3825 3404 3882 festa
3431 3829 3796 3898 celebrantes,
3824 3831 3902 3885 in-

2329 3924 2628 3993 telligamus
2673 3934 2726 3980 et
2764 3925 3144 3995 nosmetipsos,
3186 3935 3241 3980 et
3286 3925 3539 3979 universa
3576 3941 3698 3996 qua:
3727 3935 3904 3979 nostra

2327 4025 2480 4083 sunt;
2523 4017 2928 4086 scientiamque,
2971 4025 3023 4072 et
3049 4015 3122 4088 (ὁ)
3150 4015 3520 4071 rationabilem
3548 4017 3785 4071 animam
3816 4033 3908 4069 no-

2327 4116 2516 4173 stram,
2548 4109 2699 4178 quasi
2729 4117 2976 4176 matrem,
3006 4108 3147 4162 omni
3175 4107 3350 4162 studio
3386 4107 3780 4177 amplexemur,
3815 4108 3908 4161 ha-

2328 4199 2516 4256 bentes
2542 4201 2775 4255 radicem
2796 4200 3078 4263 sermonis,
3106 4209 3264 4268 atque
3295 4201 3517 4253 rationis
3543 4201 3786 4254 scientia:
3816 4216 3907 4252 no-

2329 4292 2524 4347 tionem
2554 4331 2567 4356 ,
2621 4306 2926 4348 sermonem
2974 4302 3172 4356 autem,
3227 4299 3285 4345 ut
3337 4292 3408 4345 ita
3461 4291 3680 4359 dicam,
3731 4291 3908 4362 operis

2329 4383 2670 4439 vestibulum.
2701 4385 2868 4440 Porro
2895 4401 3029 4454 opus
3059 4383 3323 4438 sermonis
3351 4391 3407 4438 et
3433 4384 3676 4438 scientia:
3699 4382 3906 4439 aedificii

2329 4474 2398 4548 (c)
2422 4484 2564 4535 tecta
2598 4475 2852 4544 perfecta,
2883 4485 2936 4532 et
2963 4476 3327 4530 firmissimum
3354 4476 3546 4531 domus
3572 4477 3786 4530 culmen
3812 4477 3909 4528 im-

2328 4569 2579 4638 positum.
2625 4568 2814 4624 Sermo
2844 4571 3008 4633 enim,
3057 4578 3109 4622 et
3137 4567 3293 4632 ratio,
3325 4577 3380 4622 et
3408 4568 3653 4635 scientia,
3684 4577 3741 4622 et
3778 4566 3909 4620 fides

2327 4659 2529 4728 absque
2573 4673 2736 4729 opere
2780 4674 2933 4714 cassa
2977 4667 3101 4714 sunt
3130 4667 3185 4712 et
3213 4658 3504 4712 instabilia.
3534 4659 3603 4712 Et
3629 4667 3686 4711 ut
3711 4656 3909 4728 aliquid

2329 4758 2547 4820 propter
2573 4765 2687 4817 eos,
2725 4752 2814 4822 qui
2855 4750 3148 4805 dialecticis
3175 4749 3380 4805 artibus
3406 4749 3635 4804 instituti
3665 4760 3812 4815 sunt,
3844 4765 3908 4804 ex

2325 4839 2416 4894 illa
2458 4840 2698 4896 doctrina
2746 4841 3022 4896 videamur
3047 4825 3355 4906 assumere;
3386 4856 3494 4910 quo
3524 4841 3686 4896 modo
3714 4843 3761 4896 si
3789 4857 3908 4895 ver-

2326 4929 2453 4985 bum
2482 4932 2683 4986 nomini
2713 4931 3116 5001 conjungamus,
3147 4929 3414 5000 perfectus
3438 4945 3630 4986 sensus
3655 4931 3908 4995 efficitur,

2325 5024 2671 5094 verbumque,
2703 5023 2746 5077 si
2775 5023 2948 5077 solum
2979 5021 3155 5088 fuerit,
3189 5030 3280 5076 aut
3323 5036 3518 5076 nomen
3562 5023 3681 5076 sine
3707 5022 3910 5086 verbo,

2327 5115 2460 5170 nihil
2505 5123 2588 5170 est
2630 5115 2848 5169 omnino
2895 5113 3037 5184 quod
3088 5113 3313 5180 dicitur;
3343 5113 3422 5167 sic
3449 5113 3675 5169 scientia
3703 5113 3911 5182 absque

2323 5220 2508 5278 opere,
2538 5213 2594 5260 et
2620 5220 2754 5275 opus
2783 5206 2898 5261 sine
2930 5205 3031 5260 fide
3058 5205 3264 5260 infirma
3291 5213 3416 5259 sunt
3439 5213 3495 5260 ct
3519 5204 3722 5259 caduca
3749 5213 3862 5270 :et,
3883 5219 3912 5256 e

2327 5297 2618 5363 contrario,
2665 5297 2889 5353 scientia
2935 5297 3082 5368 operi
3125 5297 3370 5368 copulata
3410 5296 3666 5366 perfectae
3694 5297 3911 5352 virtutis

2389 5472 2462 5536 (a)
2494 5471 2553 5523 In
2575 5477 2736 5531 textu,
2761 5471 2912 5536 oculis
2929 5510 2944 5534 ,
2973 5473 3024 5522 in
3055 5473 3243 5536 pagina:
3262 5471 3391 5536 albo
3413 5474 3522 5520 erat
3542 5470 3724 5522 osculis
3743 5506 3759 5530 ,
3779 5469 3914 5536 quod

2325 5533 2580 5596 reeipere,
2618 5536 2779 5596 priore
2821 5533 2935 5595 illo,
2980 5533 3474 5596 quod’certissimum
3513 5538 3594 5596 est
3639 5534 3914 5596 mendum,

2324 5592 2486 5646 amoto
2503 5630 2516 5654 ,
2542 5592 2636 5645 non
2653 5592 3012 5645 dubitavim'us.‘
3031 5595 3100 5643 Ac
3123 5597 3285 5643 statim
3311 5601 3418 5644 erat
3439 5592 3491 5644 in
3511 5593 3582 5644 eis
3602 5633 3618 5654 ,
3642 5595 3777 5657 quod
3800 5607 3916 5644 cou-

2325 5658 2516 5725 cinnius
2535 5659 2780 5725 acverius
2804 5671 2866 5725 ex
2888 5657 2946 5725 Β,
2972 5657 3029 5704 Ρ.
3055 5657 3346 5725 mutavimus
3365 5657 3418 5706 in
3439 5669 3563 5725 ejus.

2389 5719 2458 5778 (ὸ)
2495 5718 2552 5768 In
2570 5719 2629 5769 Β.
2654 5718 2712 5767 Ρ.
2736 5717 3050 5768 rationalem:
3077 5724 3129 5768 et
3150 5730 3287 5777 mox,
3313 5715 3495 5767 cunctis
3516 5715 3712 5768 studiis.

2385 5777 2459 5852 (c)
2497 5779 3036 5852 Emendandum‘inuuit
3056 5778 3116 5852 ad
3138 5792 3272 5849 oram
3306 5780 3417 5852 libri
3441 5777 3598 5829 editor
3622 5779 3685 5828 B.
3712 5779 3773 5830 P.
3799 5788 3914 5841 per-

2325 5839 2538 5907 ﬁcit'pro
2558 5841 2770 5905 perfecta
2789 5878 2804 5903 ,
2829 5848 2881 5891 et
2902 5839 3099 5904 imponit
3123 5853 3209 5903 pro
3230 5839 3519 5905 impositum.
