  <div class='ocr_page' id='page_1' title='image "/cluster/home/n/w/nwhite01/storage/ocr_20150623/22/hvd.32044015471378/464.png"; bbox 0 0 4106 6340; ppageno 0'>
   <div class='ocr_carea' id='block_1_1' title="bbox 257 417 362 476">
    <p class='ocr_par' dir='ltr' id='par_1_1' title="bbox 257 417 362 476">
     <span class='ocr_line' id='line_1_1' title="bbox 257 417 362 476; baseline 0 -2"><span class='ocrx_word' id='word_1_1' title='bbox 257 417 362 476; x_wconf 78' lang='lat'><strong>809</strong></span> 
     </span>
    </p>
   </div>
   <div class='ocr_carea' id='block_1_2' title="bbox 263 529 1834 602">
    <p class='ocr_par' dir='ltr' id='par_1_2' title="bbox 263 529 1834 602">
     <span class='ocr_line' id='line_1_2' title="bbox 263 529 1834 602; baseline 0.001 -16"><span class='ocrx_word' id='word_1_2' title='bbox 263 532 510 586; x_wconf 88' lang='lat' dir='ltr'><strong>indicium</strong></span> <span class='ocrx_word' id='word_1_3' title='bbox 556 537 659 586; x_wconf 91' lang='lat' dir='ltr'><strong>est.</strong></span> <span class='ocrx_word' id='word_1_4' title='bbox 711 529 890 587; x_wconf 84' lang='lat' dir='ltr'><strong>Tacita</strong></span> <span class='ocrx_word' id='word_1_5' title='bbox 918 530 1117 602; x_wconf 84' lang='lat' dir='ltr'><strong>quippe</strong></span> <span class='ocrx_word' id='word_1_6' title='bbox 1142 530 1304 586; x_wconf 85' lang='lat' dir='ltr'><strong>animi</strong></span> <span class='ocrx_word' id='word_1_7' title='bbox 1329 530 1582 602; x_wconf 72' lang='lat' dir='ltr'><strong>cogitatio</strong></span> <span class='ocrx_word' id='word_1_8' title='bbox 1605 547 1834 588; x_wconf 84' lang='lat' dir='ltr'><strong>arcanus</strong></span> 
     </span>
    </p>
   </div>
   <div class='ocr_carea' id='block_1_3' title="bbox 259 621 1838 696">
    <p class='ocr_par' dir='ltr' id='par_1_3' title="bbox 259 621 1838 696">
     <span class='ocr_line' id='line_1_3' title="bbox 259 621 1838 696; baseline 0.001 -18"><span class='ocrx_word' id='word_1_9' title='bbox 259 626 374 694; x_wconf 85' lang='lat' dir='ltr'><strong>ejus</strong></span> <span class='ocrx_word' id='word_1_10' title='bbox 397 633 481 678; x_wconf 89' lang='lat' dir='ltr'><strong>est</strong></span> <span class='ocrx_word' id='word_1_11' title='bbox 503 637 702 688; x_wconf 85' lang='lat' dir='ltr'><strong>sermo,</strong></span> <span class='ocrx_word' id='word_1_12' title='bbox 727 621 803 696; x_wconf 84' lang='grc' dir='ltr'><strong>(α)</strong></span> <span class='ocrx_word' id='word_1_13' title='bbox 831 637 950 693; x_wconf 75' lang='lat' dir='ltr'><strong>qua:</strong></span> <span class='ocrx_word' id='word_1_14' title='bbox 974 637 1071 692; x_wconf 90' lang='lat' dir='ltr'><strong>per</strong></span> <span class='ocrx_word' id='word_1_15' title='bbox 1094 621 1329 693; x_wconf 75' lang='lat' dir='ltr'><strong>linguam</strong></span> <span class='ocrx_word' id='word_1_16' title='bbox 1361 622 1658 680; x_wconf 80' lang='lat' dir='ltr'><strong>forinsecus</strong></span> <span class='ocrx_word' id='word_1_17' title='bbox 1687 639 1838 682; x_wconf 85' lang='lat' dir='ltr'><strong>reso-</strong></span> 
     </span>
    </p>
   </div>
   <div class='ocr_carea' id='block_1_4' title="bbox 257 711 1837 784">
    <p class='ocr_par' dir='ltr' id='par_1_4' title="bbox 257 711 1837 784">
     <span class='ocr_line' id='line_1_4' title="bbox 257 711 1837 784; baseline 0.001 -16"><span class='ocrx_word' id='word_1_18' title='bbox 257 729 413 780; x_wconf 87' lang='lat' dir='ltr'><strong>nans,</strong></span> <span class='ocrx_word' id='word_1_19' title='bbox 442 711 645 783; x_wconf 91' lang='lat' dir='ltr'><strong>profert</strong></span> <span class='ocrx_word' id='word_1_20' title='bbox 666 713 860 767; x_wconf 87' lang='lat' dir='ltr'><strong>mentis</strong></span> <span class='ocrx_word' id='word_1_21' title='bbox 884 713 1224 768; x_wconf 89' lang='lat' dir='ltr'><strong>sententiam.</strong></span> <span class='ocrx_word' id='word_1_22' title='bbox 1253 713 1494 784; x_wconf 87' lang='lat' dir='ltr'><strong>Cumque</strong></span> <span class='ocrx_word' id='word_1_23' title='bbox 1519 728 1700 770; x_wconf 90' lang='lat' dir='ltr'><strong>sermo</strong></span> <span class='ocrx_word' id='word_1_24' title='bbox 1721 714 1837 770; x_wconf 87' lang='lat' dir='ltr'><strong>fue-</strong></span> 
     </span>
    </p>
   </div>
   <div class='ocr_carea' id='block_1_5' title="bbox 257 807 1836 878">
    <p class='ocr_par' dir='ltr' id='par_1_5' title="bbox 257 807 1836 878">
     <span class='ocr_line' id='line_1_5' title="bbox 257 807 1836 878; baseline 0.001 -18"><span class='ocrx_word' id='word_1_25' title='bbox 257 807 329 861; x_wconf 85' lang='lat' dir='ltr'><strong>rit</strong></span> <span class='ocrx_word' id='word_1_26' title='bbox 353 820 518 876; x_wconf 90' lang='lat' dir='ltr'><strong>opere</strong></span> <span class='ocrx_word' id='word_1_27' title='bbox 561 815 986 876; x_wconf 74' lang='lat' dir='ltr'><strong>consummatus,</strong></span> <span class='ocrx_word' id='word_1_28' title='bbox 1015 807 1253 862; x_wconf 70' lang='lat' dir='ltr'><strong>scientia:</strong></span> <span class='ocrx_word' id='word_1_29' title='bbox 1281 815 1336 862; x_wconf 89' lang='lat' dir='ltr'><strong>et</strong></span> <span class='ocrx_word' id='word_1_30' title='bbox 1382 808 1695 878; x_wconf 71' lang='lat' dir='ltr'><strong>cogitationi</strong></span> <span class='ocrx_word' id='word_1_31' title='bbox 1737 823 1836 862; x_wconf 85' lang='lat' dir='ltr'><strong>no-</strong></span> 
     </span>
    </p>
   </div>
   <div class='ocr_carea' id='block_1_6' title="bbox 259 895 1836 968">
    <p class='ocr_par' dir='ltr' id='par_1_6' title="bbox 259 895 1836 968">
     <span class='ocr_line' id='line_1_6' title="bbox 259 895 1836 968; baseline 0.001 -18"><span class='ocrx_word' id='word_1_32' title='bbox 259 905 383 950; x_wconf 68' lang='lat' dir='ltr'><strong>stra:</strong></span> <span class='ocrx_word' id='word_1_33' title='bbox 413 895 536 951; x_wconf 87' lang='lat' dir='ltr'><strong>linis</strong></span> <span class='ocrx_word' id='word_1_34' title='bbox 557 895 870 965; x_wconf 78' lang='lat' dir='ltr'><strong>imponitur.</strong></span> <span class='ocrx_word' id='word_1_35' title='bbox 903 897 1065 967; x_wconf 79' lang='lat' dir='ltr'><strong>Atqui</strong></span> <span class='ocrx_word' id='word_1_36' title='bbox 1087 898 1446 968; x_wconf 80' lang='lat' dir='ltr'><strong>cogitationis,</strong></span> <span class='ocrx_word' id='word_1_37' title='bbox 1473 906 1528 953; x_wconf 92' lang='lat' dir='ltr'><strong>et</strong></span> <span class='ocrx_word' id='word_1_38' title='bbox 1549 899 1836 967; x_wconf 80' lang='lat' dir='ltr'><strong>sermonis,</strong></span> 
     </span>
    </p>
   </div>
   <div class='ocr_carea' id='block_1_7' title="bbox 259 985 1838 1057">
    <p class='ocr_par' dir='ltr' id='par_1_7' title="bbox 259 985 1838 1057">
     <span class='ocr_line' id='line_1_7' title="bbox 259 985 1838 1057; baseline 0.001 -17"><span class='ocrx_word' id='word_1_39' title='bbox 259 995 310 1040; x_wconf 90' lang='lat' dir='ltr'><strong>et</strong></span> <span class='ocrx_word' id='word_1_40' title='bbox 337 985 517 1055; x_wconf 89' lang='lat' dir='ltr'><strong>operis</strong></span> <span class='ocrx_word' id='word_1_41' title='bbox 541 985 830 1041; x_wconf 80' lang='lat' dir='ltr'><strong>reddemus</strong></span> <span class='ocrx_word' id='word_1_42' title='bbox 855 987 1122 1042; x_wconf 83' lang='lat' dir='ltr'><strong>rationem</strong></span> <span class='ocrx_word' id='word_1_43' title='bbox 1146 988 1198 1041; x_wconf 92' lang='lat' dir='ltr'><strong>in</strong></span> <span class='ocrx_word' id='word_1_44' title='bbox 1218 987 1442 1057; x_wconf 79' lang='lat' dir='ltr'><strong>judicio,</strong></span> <span class='ocrx_word' id='word_1_45' title='bbox 1468 988 1838 1043; x_wconf 85' lang='lat' dir='ltr'><strong>accusantibus</strong></span> 
     </span>
    </p>
   </div>
   <div class='ocr_carea' id='block_1_8' title="bbox 258 1076 1840 1148">
    <p class='ocr_par' dir='ltr' id='par_1_8' title="bbox 258 1076 1840 1148">
     <span class='ocr_line' id='line_1_8' title="bbox 258 1076 1840 1148; baseline 0.001 -17"><span class='ocrx_word' id='word_1_46' title='bbox 258 1091 316 1131; x_wconf 88' lang='lat' dir='ltr'><strong>se</strong></span> <span class='ocrx_word' id='word_1_47' title='bbox 345 1076 572 1130; x_wconf 91' lang='lat' dir='ltr'><strong>invicem</strong></span> <span class='ocrx_word' id='word_1_48' title='bbox 617 1076 1028 1146; x_wconf 81' lang='lat' dir='ltr'><strong>cogitationibus</strong></span> <span class='ocrx_word' id='word_1_49' title='bbox 1096 1077 1256 1148; x_wconf 73' lang='lat'><strong>605</strong></span> <span class='ocrx_word' id='word_1_50' title='bbox 1336 1079 1534 1133; x_wconf 88' lang='lat' dir='ltr'><strong>nostris</strong></span> <span class='ocrx_word' id='word_1_51' title='bbox 1561 1116 1577 1144; x_wconf 92' lang='lat'><strong>,</strong></span> <span class='ocrx_word' id='word_1_52' title='bbox 1610 1078 1724 1132; x_wconf 82' lang='lat' dir='ltr'><strong>sive</strong></span> <span class='ocrx_word' id='word_1_53' title='bbox 1749 1078 1840 1132; x_wconf 89' lang='lat' dir='ltr'><strong>de-</strong></span> 
     </span>
    </p>
   </div>
   <div class='ocr_carea' id='block_1_9' title="bbox 260 1166 1840 1237">
    <p class='ocr_par' dir='ltr' id='par_1_9' title="bbox 260 1166 1840 1237">
     <span class='ocr_line' id='line_1_9' title="bbox 260 1166 1840 1237; baseline 0 -17"><span class='ocrx_word' id='word_1_54' title='bbox 260 1166 618 1232; x_wconf 68' lang='lat' dir='ltr'><strong>fendentibus,</strong></span> <span class='ocrx_word' id='word_1_55' title='bbox 647 1167 706 1220; x_wconf 86' lang='lat' dir='ltr'><strong>in</strong></span> <span class='ocrx_word' id='word_1_56' title='bbox 735 1167 823 1221; x_wconf 87' lang='lat' dir='ltr'><strong>die</strong></span> <span class='ocrx_word' id='word_1_57' title='bbox 843 1183 944 1237; x_wconf 91' lang='lat' dir='ltr'><strong>qua</strong></span> <span class='ocrx_word' id='word_1_58' title='bbox 975 1168 1309 1237; x_wconf 86' lang='lat' dir='ltr'><strong>judicaturus</strong></span> <span class='ocrx_word' id='word_1_59' title='bbox 1332 1177 1418 1224; x_wconf 93' lang='lat' dir='ltr'><strong>est</strong></span> <span class='ocrx_word' id='word_1_60' title='bbox 1445 1170 1585 1224; x_wconf 87' lang='lat' dir='ltr'><strong>Deus</strong></span> <span class='ocrx_word' id='word_1_61' title='bbox 1613 1170 1840 1223; x_wconf 79' lang='lat' dir='ltr'><strong>abscon-</strong></span> 
     </span>
    </p>
   </div>
   <div class='ocr_carea' id='block_1_10' title="bbox 258 1259 1840 1328">
    <p class='ocr_par' dir='ltr' id='par_1_10' title="bbox 258 1259 1840 1328">
     <span class='ocr_line' id='line_1_10' title="bbox 258 1259 1840 1328; baseline 0 -14"><span class='ocrx_word' id='word_1_62' title='bbox 258 1260 366 1314; x_wconf 86' lang='lat' dir='ltr'><strong>dita</strong></span> <span class='ocrx_word' id='word_1_63' title='bbox 421 1259 718 1324; x_wconf 77' lang='lat' dir='ltr'><strong>hominum,</strong></span> <span class='ocrx_word' id='word_1_64' title='bbox 762 1275 858 1328; x_wconf 87' lang='lat' dir='ltr'><strong>pcr</strong></span> <span class='ocrx_word' id='word_1_65' title='bbox 897 1259 1083 1315; x_wconf 71' lang='lat' dir='ltr'><strong>Iesum</strong></span> <span class='ocrx_word' id='word_1_66' title='bbox 1128 1259 1399 1316; x_wconf 84' lang='lat' dir='ltr'><strong>Christum</strong></span> <span class='ocrx_word' id='word_1_67' title='bbox 1444 1261 1586 1317; x_wconf 78' lang='lat' dir='ltr'><strong>sicut</strong></span> <span class='ocrx_word' id='word_1_68' title='bbox 1642 1260 1840 1314; x_wconf 83' lang='lat' dir='ltr'><strong>Paulus</strong></span> 
     </span>
    </p>
   </div>
   <div class='ocr_carea' id='block_1_11' title="bbox 259 1350 788 1420">
    <p class='ocr_par' dir='ltr' id='par_1_11' title="bbox 259 1350 788 1420">
     <span class='ocr_line' id='line_1_11' title="bbox 259 1350 788 1420; baseline -0.002 -15"><span class='ocrx_word' id='word_1_69' title='bbox 259 1350 548 1420; x_wconf 84' lang='lat' dir='ltr'><strong>Apostolus</strong></span> <span class='ocrx_word' id='word_1_70' title='bbox 577 1350 788 1405; x_wconf 87' lang='lat' dir='ltr'><strong>scribit.</strong></span> 
     </span>
    </p>
   </div>
   <div class='ocr_carea' id='block_1_12' title="bbox 327 1442 1838 1514">
    <p class='ocr_par' dir='ltr' id='par_1_12' title="bbox 327 1442 1838 1514">
     <span class='ocr_line' id='line_1_12' title="bbox 327 1442 1838 1514; baseline 0 -18"><span class='ocrx_word' id='word_1_71' title='bbox 327 1443 420 1497; x_wconf 73' lang='lat'><strong>2|.</strong></span> <span class='ocrx_word' id='word_1_72' title='bbox 461 1442 615 1508; x_wconf 84' lang='lat' dir='ltr'><strong>Quod</strong></span> <span class='ocrx_word' id='word_1_73' title='bbox 643 1457 764 1498; x_wconf 88' lang='lat' dir='ltr'><strong>cum</strong></span> <span class='ocrx_word' id='word_1_74' title='bbox 810 1443 882 1497; x_wconf 93' lang='lat' dir='ltr'><strong>ita</strong></span> <span class='ocrx_word' id='word_1_75' title='bbox 926 1442 1018 1509; x_wconf 88' lang='lat' dir='ltr'><strong>sit,</strong></span> <span class='ocrx_word' id='word_1_76' title='bbox 1062 1444 1526 1514; x_wconf 81' lang='lat' dir='ltr'><strong>appropinquante</strong></span> <span class='ocrx_word' id='word_1_77' title='bbox 1550 1442 1838 1498; x_wconf 79' lang='lat' dir='ltr'><strong>festivitate</strong></span> 
     </span>
    </p>
   </div>
   <div class='ocr_carea' id='block_1_13' title="bbox 261 1533 1835 1605">
    <p class='ocr_par' dir='ltr' id='par_1_13' title="bbox 261 1533 1835 1605">
     <span class='ocr_line' id='line_1_13' title="bbox 261 1533 1835 1605; baseline -0.002 -16"><span class='ocrx_word' id='word_1_78' title='bbox 261 1535 490 1598; x_wconf 87' lang='lat' dir='ltr'><strong>Domini,</strong></span> <span class='ocrx_word' id='word_1_79' title='bbox 536 1535 776 1589; x_wconf 86' lang='lat' dir='ltr'><strong>dicamus</strong></span> <span class='ocrx_word' id='word_1_80' title='bbox 805 1534 941 1600; x_wconf 86' lang='lat' dir='ltr'><strong>istis,</strong></span> <span class='ocrx_word' id='word_1_81' title='bbox 984 1549 1120 1605; x_wconf 87' lang='lat' dir='ltr'><strong>quos</strong></span> <span class='ocrx_word' id='word_1_82' title='bbox 1141 1534 1390 1604; x_wconf 83' lang='lat' dir='ltr'><strong>Origenis</strong></span> <span class='ocrx_word' id='word_1_83' title='bbox 1419 1549 1570 1589; x_wconf 88' lang='lat' dir='ltr'><strong>error</strong></span> <span class='ocrx_word' id='word_1_84' title='bbox 1594 1533 1835 1598; x_wconf 84' lang='lat' dir='ltr'><strong>involvit,</strong></span> 
     </span>
    </p>
   </div>
   <div class='ocr_carea' id='block_1_14' title="bbox 257 1624 1838 1697">
    <p class='ocr_par' dir='ltr' id='par_1_14' title="bbox 257 1624 1838 1697">
     <span class='ocr_line' id='line_1_14' title="bbox 257 1624 1838 1697; baseline -0.003 -15"><span class='ocrx_word' id='word_1_85' title='bbox 257 1637 312 1682; x_wconf 90' lang='lat' dir='ltr'><strong>et</strong></span> <span class='ocrx_word' id='word_1_86' title='bbox 355 1625 707 1681; x_wconf 90' lang='lat' dir='ltr'><strong>fraudulentia</strong></span> <span class='ocrx_word' id='word_1_87' title='bbox 737 1627 978 1695; x_wconf 83' lang='lat' dir='ltr'><strong>captivos</strong></span> <span class='ocrx_word' id='word_1_88' title='bbox 1009 1635 1156 1682; x_wconf 87' lang='lat' dir='ltr'><strong>tenet</strong></span> <span class='ocrx_word' id='word_1_89' title='bbox 1188 1643 1202 1680; x_wconf 87' lang='lat'><strong>:</strong></span> <span class='ocrx_word' id='word_1_90' title='bbox 1236 1625 1425 1697; x_wconf 80' lang='lat' dir='ltr'><strong>Fugite</strong></span> <span class='ocrx_word' id='word_1_91' title='bbox 1449 1627 1511 1680; x_wconf 87' lang='lat' dir='ltr'><strong>de</strong></span> <span class='ocrx_word' id='word_1_92' title='bbox 1535 1625 1701 1680; x_wconf 78' lang='lat' dir='ltr'><strong>medio</strong></span> <span class='ocrx_word' id='word_1_93' title='bbox 1727 1624 1838 1680; x_wconf 83' lang='lat' dir='ltr'><strong>Bn-</strong></span> 
     </span>
    </p>
   </div>
   <div class='ocr_carea' id='block_1_15' title="bbox 258 1702 1835 1789">
    <p class='ocr_par' dir='ltr' id='par_1_15' title="bbox 258 1702 1835 1789">
     <span class='ocr_line' id='line_1_15' title="bbox 258 1702 1835 1789; baseline -0.001 -17"><span class='ocrx_word' id='word_1_94' title='bbox 258 1718 475 1788; x_wconf 80' lang='lat' dir='ltr'><strong>bglonis,</strong></span> <span class='ocrx_word' id='word_1_95' title='bbox 507 1726 554 1771; x_wconf 93' lang='lat' dir='ltr'><strong>et</strong></span> <span class='ocrx_word' id='word_1_96' title='bbox 583 1718 831 1771; x_wconf 80' lang='lat' dir='ltr'><strong>resaluate</strong></span> <span class='ocrx_word' id='word_1_97' title='bbox 859 1717 1196 1788; x_wconf 73' lang='lat' dir='ltr'><strong>unusquisque</strong></span> <span class='ocrx_word' id='word_1_98' title='bbox 1214 1717 1437 1770; x_wconf 85' lang='lat' dir='ltr'><strong>animam</strong></span> <span class='ocrx_word' id='word_1_99' title='bbox 1456 1702 1602 1770; x_wconf 75' lang='lat' dir='ltr'><strong>suum</strong></span> <span class='ocrx_word' id='word_1_100' title='bbox 1621 1714 1835 1789; x_wconf 75' lang='lat' dir='ltr'><strong>(Jerem.</strong></span> 
     </span>
    </p>
   </div>
   <div class='ocr_carea' id='block_1_16' title="bbox 259 1805 1838 1879">
    <p class='ocr_par' dir='ltr' id='par_1_16' title="bbox 259 1805 1838 1879">
     <span class='ocr_line' id='line_1_16' title="bbox 259 1805 1838 1879; baseline -0.002 -16"><span class='ocrx_word' id='word_1_101' title='bbox 259 1810 369 1879; x_wconf 81' lang='lat' dir='ltr'><strong>5i).</strong></span> <span class='ocrx_word' id='word_1_102' title='bbox 401 1808 652 1876; x_wconf 83' lang='lat' dir='ltr'><strong>Quamvis</strong></span> <span class='ocrx_word' id='word_1_103' title='bbox 671 1808 815 1863; x_wconf 86' lang='lat' dir='ltr'><strong>enim</strong></span> <span class='ocrx_word' id='word_1_104' title='bbox 839 1808 992 1877; x_wconf 84' lang='lat' dir='ltr'><strong>juxta</strong></span> <span class='ocrx_word' id='word_1_105' title='bbox 1016 1807 1326 1862; x_wconf 85' lang='lat' dir='ltr'><strong>vaticinium</strong></span> <span class='ocrx_word' id='word_1_106' title='bbox 1357 1807 1651 1877; x_wconf 84' lang='lat' dir='ltr'><strong>prophetae,</strong></span> <span class='ocrx_word' id='word_1_107' title='bbox 1669 1805 1838 1876; x_wconf 75' lang='lat' dir='ltr'><strong>Baby-</strong></span> 
     </span>
    </p>
   </div>
   <div class='ocr_carea' id='block_1_17' title="bbox 257 1898 1840 1968">
    <p class='ocr_par' dir='ltr' id='par_1_17' title="bbox 257 1898 1840 1968">
     <span class='ocr_line' id='line_1_17' title="bbox 257 1898 1840 1968; baseline -0.001 -14"><span class='ocrx_word' id='word_1_108' title='bbox 257 1901 344 1954; x_wconf 86' lang='lat' dir='ltr'><strong>ton</strong></span> <span class='ocrx_word' id='word_1_109' title='bbox 387 1900 526 1954; x_wconf 75' lang='lat' dir='ltr'><strong>calix</strong></span> <span class='ocrx_word' id='word_1_110' title='bbox 570 1915 754 1953; x_wconf 83' lang='lat' dir='ltr'><strong>aureus</strong></span> <span class='ocrx_word' id='word_1_111' title='bbox 795 1913 916 1954; x_wconf 88' lang='lat' dir='ltr'><strong>esse</strong></span> <span class='ocrx_word' id='word_1_112' title='bbox 962 1898 1195 1964; x_wconf 88' lang='lat' dir='ltr'><strong>dicatur,</strong></span> <span class='ocrx_word' id='word_1_113' title='bbox 1243 1907 1299 1954; x_wconf 88' lang='lat' dir='ltr'><strong>et</strong></span> <span class='ocrx_word' id='word_1_114' title='bbox 1346 1898 1736 1968; x_wconf 85' lang='lat' dir='ltr'><strong>compositione</strong></span> <span class='ocrx_word' id='word_1_115' title='bbox 1776 1912 1840 1953; x_wconf 91' lang='lat' dir='ltr'><strong>ac</strong></span> 
     </span>
    </p>
   </div>
   <div class='ocr_carea' id='block_1_18' title="bbox 262 1984 1834 2062">
    <p class='ocr_par' dir='ltr' id='par_1_18' title="bbox 262 1984 1834 2062">
     <span class='ocr_line' id='line_1_18' title="bbox 262 1984 1834 2062; baseline -0.004 -16"><span class='ocrx_word' id='word_1_116' title='bbox 262 1993 442 2062; x_wconf 88' lang='lat' dir='ltr'><strong>lepore</strong></span> <span class='ocrx_word' id='word_1_117' title='bbox 470 1991 777 2058; x_wconf 86' lang='lat' dir='ltr'><strong>verborum,</strong></span> <span class='ocrx_word' id='word_1_118' title='bbox 807 1990 1049 2045; x_wconf 85' lang='lat' dir='ltr'><strong>veritatis</strong></span> <span class='ocrx_word' id='word_1_119' title='bbox 1091 1984 1542 2059; x_wconf 83' lang='lat' dir='ltr'><strong>pulchritudinem</strong></span> <span class='ocrx_word' id='word_1_120' title='bbox 1569 1988 1834 2058; x_wconf 72' lang='lat' dir='ltr'><strong>praeferat,</strong></span> 
     </span>
    </p>
   </div>
   <div class='ocr_carea' id='block_1_19' title="bbox 263 2081 1841 2156">
    <p class='ocr_par' dir='ltr' id='par_1_19' title="bbox 263 2081 1841 2156">
     <span class='ocr_line' id='line_1_19' title="bbox 263 2081 1841 2156; baseline -0.004 -16"><span class='ocrx_word' id='word_1_121' title='bbox 263 2096 318 2140; x_wconf 90' lang='lat' dir='ltr'><strong>et</strong></span> <span class='ocrx_word' id='word_1_122' title='bbox 343 2086 686 2156; x_wconf 86' lang='lat' dir='ltr'><strong>transfiguret</strong></span> <span class='ocrx_word' id='word_1_123' title='bbox 715 2099 774 2140; x_wconf 88' lang='lat' dir='ltr'><strong>se</strong></span> <span class='ocrx_word' id='word_1_124' title='bbox 813 2084 869 2139; x_wconf 90' lang='lat' dir='ltr'><strong>in</strong></span> <span class='ocrx_word' id='word_1_125' title='bbox 914 2083 1176 2154; x_wconf 83' lang='lat' dir='ltr'><strong>Angelum</strong></span> <span class='ocrx_word' id='word_1_126' title='bbox 1213 2083 1349 2139; x_wconf 87' lang='lat' dir='ltr'><strong>lucis</strong></span> <span class='ocrx_word' id='word_1_127' title='bbox 1390 2099 1405 2136; x_wconf 90' lang='lat'><strong>:</strong></span> <span class='ocrx_word' id='word_1_128' title='bbox 1447 2089 1624 2136; x_wconf 91' lang='lat' dir='ltr'><strong>tamen</strong></span> <span class='ocrx_word' id='word_1_129' title='bbox 1670 2081 1841 2136; x_wconf 81' lang='lat' dir='ltr'><strong>scien-</strong></span> 
     </span>
    </p>
   </div>
   <div class='ocr_carea' id='block_1_20' title="bbox 261 2174 1843 2248">
    <p class='ocr_par' dir='ltr' id='par_1_20' title="bbox 261 2174 1843 2248">
     <span class='ocr_line' id='line_1_20' title="bbox 261 2174 1843 2248; baseline -0.004 -16"><span class='ocrx_word' id='word_1_130' title='bbox 261 2178 384 2232; x_wconf 87' lang='lat' dir='ltr'><strong>dum</strong></span> <span class='ocrx_word' id='word_1_131' title='bbox 410 2219 435 2246; x_wconf 26' lang='lat'><strong>,,</strong></span> <span class='ocrx_word' id='word_1_132' title='bbox 455 2177 597 2248; x_wconf 87' lang='lat' dir='ltr'><strong>quod</strong></span> <span class='ocrx_word' id='word_1_133' title='bbox 640 2178 960 2248; x_wconf 89' lang='lat' dir='ltr'><strong>quicumque</strong></span> <span class='ocrx_word' id='word_1_134' title='bbox 1004 2176 1196 2231; x_wconf 90' lang='lat' dir='ltr'><strong>bibunt</strong></span> <span class='ocrx_word' id='word_1_135' title='bbox 1237 2175 1306 2230; x_wconf 89' lang='lat' dir='ltr'><strong>de</strong></span> <span class='ocrx_word' id='word_1_136' title='bbox 1343 2174 1468 2230; x_wconf 90' lang='lat' dir='ltr'><strong>vino</strong></span> <span class='ocrx_word' id='word_1_137' title='bbox 1502 2174 1679 2240; x_wconf 88' lang='lat' dir='ltr'><strong>illius,</strong></span> <span class='ocrx_word' id='word_1_138' title='bbox 1727 2187 1843 2227; x_wconf 88' lang='lat' dir='ltr'><strong>mo-</strong></span> 
     </span>
    </p>
   </div>
   <div class='ocr_carea' id='block_1_21' title="bbox 263 2263 1842 2335">
    <p class='ocr_par' dir='ltr' id='par_1_21' title="bbox 263 2263 1842 2335">
     <span class='ocr_line' id='line_1_21' title="bbox 263 2263 1842 2335; baseline -0.003 -14"><span class='ocrx_word' id='word_1_139' title='bbox 263 2279 455 2324; x_wconf 86' lang='lat' dir='ltr'><strong>ventur</strong></span> <span class='ocrx_word' id='word_1_140' title='bbox 495 2279 552 2325; x_wconf 91' lang='lat' dir='ltr'><strong>et</strong></span> <span class='ocrx_word' id='word_1_141' title='bbox 595 2277 871 2335; x_wconf 90' lang='lat' dir='ltr'><strong>corruunt,</strong></span> <span class='ocrx_word' id='word_1_142' title='bbox 924 2276 980 2324; x_wconf 86' lang='lat' dir='ltr'><strong>et</strong></span> <span class='ocrx_word' id='word_1_143' title='bbox 1019 2267 1236 2323; x_wconf 85' lang='lat' dir='ltr'><strong>contriti</strong></span> <span class='ocrx_word' id='word_1_144' title='bbox 1285 2263 1668 2320; x_wconf 84' lang='lat' dir='ltr'><strong>lamentatione</strong></span> <span class='ocrx_word' id='word_1_145' title='bbox 1717 2271 1842 2318; x_wconf 91' lang='lat' dir='ltr'><strong>sunt</strong></span> 
     </span>
    </p>
   </div>
   <div class='ocr_carea' id='block_1_22' title="bbox 261 2355 1840 2430">
    <p class='ocr_par' dir='ltr' id='par_1_22' title="bbox 261 2355 1840 2430">
     <span class='ocr_line' id='line_1_22' title="bbox 261 2355 1840 2430; baseline -0.004 -15"><span class='ocrx_word' id='word_1_146' title='bbox 261 2360 428 2430; x_wconf 90' lang='lat' dir='ltr'><strong>digni.</strong></span> <span class='ocrx_word' id='word_1_147' title='bbox 471 2359 582 2415; x_wconf 87' lang='lat' dir='ltr'><strong>Nos</strong></span> <span class='ocrx_word' id='word_1_148' title='bbox 621 2369 800 2414; x_wconf 88' lang='lat' dir='ltr'><strong>autem</strong></span> <span class='ocrx_word' id='word_1_149' title='bbox 842 2359 1134 2413; x_wconf 76' lang='lat' dir='ltr'><strong>mortiferis</strong></span> <span class='ocrx_word' id='word_1_150' title='bbox 1179 2355 1668 2428; x_wconf 87' lang='lat' dir='ltr'><strong>perturbationibus</strong></span> <span class='ocrx_word' id='word_1_151' title='bbox 1705 2355 1840 2408; x_wconf 85' lang='lat' dir='ltr'><strong>resi-</strong></span> 
     </span>
    </p>
   </div>
   <div class='ocr_carea' id='block_1_23' title="bbox 261 2443 1844 2515">
    <p class='ocr_par' dir='ltr' id='par_1_23' title="bbox 261 2443 1844 2515">
     <span class='ocr_line' id='line_1_23' title="bbox 261 2443 1844 2515; baseline -0.006 -9"><span class='ocrx_word' id='word_1_152' title='bbox 261 2459 486 2515; x_wconf 91' lang='lat' dir='ltr'><strong>stentes,</strong></span> <span class='ocrx_word' id='word_1_153' title='bbox 527 2464 684 2504; x_wconf 90' lang='lat' dir='ltr'><strong>muro</strong></span> <span class='ocrx_word' id='word_1_154' title='bbox 707 2447 1054 2504; x_wconf 76' lang='lat' dir='ltr'><strong>continentiae</strong></span> <span class='ocrx_word' id='word_1_155' title='bbox 1096 2447 1358 2501; x_wconf 87' lang='lat' dir='ltr'><strong>vallcmus</strong></span> <span class='ocrx_word' id='word_1_156' title='bbox 1397 2445 1656 2510; x_wconf 87' lang='lat' dir='ltr'><strong>animam,</strong></span> <span class='ocrx_word' id='word_1_157' title='bbox 1698 2453 1752 2499; x_wconf 89' lang='lat' dir='ltr'><strong>et</strong></span> <span class='ocrx_word' id='word_1_158' title='bbox 1781 2443 1844 2498; x_wconf 88' lang='lat' dir='ltr'><strong>li-</strong></span> 
     </span>
    </p>
   </div>
   <div class='ocr_carea' id='block_1_24' title="bbox 258 2533 1843 2608">
    <p class='ocr_par' dir='ltr' id='par_1_24' title="bbox 258 2533 1843 2608">
     <span class='ocr_line' id='line_1_24' title="bbox 258 2533 1843 2608; baseline -0.004 -12"><span class='ocrx_word' id='word_1_159' title='bbox 258 2541 524 2596; x_wconf 86' lang='lat' dir='ltr'><strong>bertatem</strong></span> <span class='ocrx_word' id='word_1_160' title='bbox 573 2540 715 2593; x_wconf 87' lang='lat' dir='ltr'><strong>illius</strong></span> <span class='ocrx_word' id='word_1_161' title='bbox 774 2537 1080 2608; x_wconf 87' lang='lat' dir='ltr'><strong>quotidiana</strong></span> <span class='ocrx_word' id='word_1_162' title='bbox 1137 2537 1396 2591; x_wconf 88' lang='lat' dir='ltr'><strong>virtutum</strong></span> <span class='ocrx_word' id='word_1_163' title='bbox 1455 2533 1843 2591; x_wconf 84' lang='lat' dir='ltr'><strong>exercitatione</strong></span> 
     </span>
    </p>
   </div>
   <div class='ocr_carea' id='block_1_25' title="bbox 260 2626 1842 2697">
    <p class='ocr_par' dir='ltr' id='par_1_25' title="bbox 260 2626 1842 2697">
     <span class='ocr_line' id='line_1_25' title="bbox 260 2626 1842 2697; baseline -0.004 -10"><span class='ocrx_word' id='word_1_164' title='bbox 260 2641 530 2689; x_wconf 87' lang='lat' dir='ltr'><strong>tueamur.</strong></span> <span class='ocrx_word' id='word_1_165' title='bbox 559 2630 710 2685; x_wconf 90' lang='lat' dir='ltr'><strong>Sicut</strong></span> <span class='ocrx_word' id='word_1_166' title='bbox 736 2631 879 2684; x_wconf 89' lang='lat' dir='ltr'><strong>enim</strong></span> <span class='ocrx_word' id='word_1_167' title='bbox 909 2629 1104 2683; x_wconf 90' lang='lat' dir='ltr'><strong>venditi</strong></span> <span class='ocrx_word' id='word_1_168' title='bbox 1127 2628 1289 2693; x_wconf 90' lang='lat' dir='ltr'><strong>servi,</strong></span> <span class='ocrx_word' id='word_1_169' title='bbox 1315 2642 1504 2682; x_wconf 90' lang='lat' dir='ltr'><strong>eorum</strong></span> <span class='ocrx_word' id='word_1_170' title='bbox 1525 2626 1616 2697; x_wconf 91' lang='lat' dir='ltr'><strong>qui</strong></span> <span class='ocrx_word' id='word_1_171' title='bbox 1639 2641 1737 2696; x_wconf 92' lang='lat' dir='ltr'><strong>pro</strong></span> <span class='ocrx_word' id='word_1_172' title='bbox 1761 2626 1842 2681; x_wconf 90' lang='lat' dir='ltr'><strong>eis</strong></span> 
     </span>
    </p>
   </div>
   <div class='ocr_carea' id='block_1_26' title="bbox 260 2717 1840 2789">
    <p class='ocr_par' dir='ltr' id='par_1_26' title="bbox 260 2717 1840 2789">
     <span class='ocr_line' id='line_1_26' title="bbox 260 2717 1840 2789; baseline -0.005 -13"><span class='ocrx_word' id='word_1_173' title='bbox 260 2721 465 2776; x_wconf 88' lang='lat' dir='ltr'><strong>dedere</strong></span> <span class='ocrx_word' id='word_1_174' title='bbox 495 2721 744 2789; x_wconf 87' lang='lat' dir='ltr'><strong>pretium,</strong></span> <span class='ocrx_word' id='word_1_175' title='bbox 774 2728 828 2774; x_wconf 92' lang='lat' dir='ltr'><strong>et</strong></span> <span class='ocrx_word' id='word_1_176' title='bbox 853 2717 1036 2772; x_wconf 81' lang='lat' dir='ltr'><strong>famuli</strong></span> <span class='ocrx_word' id='word_1_177' title='bbox 1082 2727 1138 2772; x_wconf 90' lang='lat' dir='ltr'><strong>et</strong></span> <span class='ocrx_word' id='word_1_178' title='bbox 1177 2717 1501 2772; x_wconf 85' lang='lat' dir='ltr'><strong>verberones</strong></span> <span class='ocrx_word' id='word_1_179' title='bbox 1537 2726 1796 2769; x_wconf 87' lang='lat' dir='ltr'><strong>vocantur</strong></span> <span class='ocrx_word' id='word_1_180' title='bbox 1825 2732 1840 2769; x_wconf 88' lang='lat'><strong>:</strong></span> 
     </span>
    </p>
   </div>
   <div class='ocr_carea' id='block_1_27' title="bbox 261 2803 1842 2880">
    <p class='ocr_par' dir='ltr' id='par_1_27' title="bbox 261 2803 1842 2880">
     <span class='ocr_line' id='line_1_27' title="bbox 261 2803 1842 2880; baseline -0.005 -14"><span class='ocrx_word' id='word_1_181' title='bbox 261 2812 336 2866; x_wconf 90' lang='lat' dir='ltr'><strong>ita</strong></span> <span class='ocrx_word' id='word_1_182' title='bbox 362 2810 450 2880; x_wconf 90' lang='lat' dir='ltr'><strong>qui</strong></span> <span class='ocrx_word' id='word_1_183' title='bbox 489 2810 694 2864; x_wconf 91' lang='lat' dir='ltr'><strong>animas</strong></span> <span class='ocrx_word' id='word_1_184' title='bbox 720 2822 848 2864; x_wconf 89' lang='lat' dir='ltr'><strong>suas</strong></span> <span class='ocrx_word' id='word_1_185' title='bbox 881 2808 1045 2863; x_wconf 89' lang='lat' dir='ltr'><strong>variis</strong></span> <span class='ocrx_word' id='word_1_186' title='bbox 1070 2806 1363 2863; x_wconf 81' lang='lat' dir='ltr'><strong>vendidere</strong></span> <span class='ocrx_word' id='word_1_187' title='bbox 1403 2803 1708 2870; x_wconf 76' lang='lat' dir='ltr'><strong>desideriis,</strong></span> <span class='ocrx_word' id='word_1_188' title='bbox 1738 2803 1842 2859; x_wconf 77' lang='lat' dir='ltr'><strong>bo-</strong></span> 
     </span>
    </p>
   </div>
   <div class='ocr_carea' id='block_1_28' title="bbox 261 2897 1847 2970">
    <p class='ocr_par' dir='ltr' id='par_1_28' title="bbox 261 2897 1847 2970">
     <span class='ocr_line' id='line_1_28' title="bbox 261 2897 1847 2970; baseline -0.003 -14"><span class='ocrx_word' id='word_1_189' title='bbox 261 2917 404 2968; x_wconf 91' lang='lat' dir='ltr'><strong>rum,</strong></span> <span class='ocrx_word' id='word_1_190' title='bbox 455 2899 648 2970; x_wconf 84' lang='lat' dir='ltr'><strong>quibus</strong></span> <span class='ocrx_word' id='word_1_191' title='bbox 697 2914 758 2955; x_wconf 87' lang='lat' dir='ltr'><strong>se</strong></span> <span class='ocrx_word' id='word_1_192' title='bbox 788 2898 1124 2963; x_wconf 86' lang='lat' dir='ltr'><strong>tradiderint,</strong></span> <span class='ocrx_word' id='word_1_193' title='bbox 1157 2897 1337 2952; x_wconf 79' lang='lat' dir='ltr'><strong>famuli</strong></span> <span class='ocrx_word' id='word_1_194' title='bbox 1369 2903 1760 2965; x_wconf 90' lang='lat' dir='ltr'><strong>nuncupantur,</strong></span> <span class='ocrx_word' id='word_1_195' title='bbox 1789 2903 1847 2959; x_wconf 84' lang='lat' dir='ltr'><strong>et</strong></span> 
     </span>
    </p>
   </div>
   <div class='ocr_carea' id='block_1_29' title="bbox 263 2988 1845 3064">
    <p class='ocr_par' dir='ltr' id='par_1_29' title="bbox 263 2988 1845 3064">
     <span class='ocr_line' id='line_1_29' title="bbox 263 2988 1845 3064; baseline -0.005 -16"><span class='ocrx_word' id='word_1_196' title='bbox 263 2992 416 3064; x_wconf 83' lang='lat' dir='ltr'><strong>quasi</strong></span> <span class='ocrx_word' id='word_1_197' title='bbox 436 2990 746 3046; x_wconf 82' lang='lat' dir='ltr'><strong>crudelibus</strong></span> <span class='ocrx_word' id='word_1_198' title='bbox 771 2989 1030 3046; x_wconf 86' lang='lat' dir='ltr'><strong>obediunt</strong></span> <span class='ocrx_word' id='word_1_199' title='bbox 1053 2989 1302 3044; x_wconf 89' lang='lat' dir='ltr'><strong>dominis.</strong></span> <span class='ocrx_word' id='word_1_200' title='bbox 1329 2988 1567 3057; x_wconf 85' lang='lat' dir='ltr'><strong>Cumque</strong></span> <span class='ocrx_word' id='word_1_201' title='bbox 1585 2995 1641 3043; x_wconf 86' lang='lat' dir='ltr'><strong>et</strong></span> <span class='ocrx_word' id='word_1_202' title='bbox 1660 3001 1845 3042; x_wconf 83' lang='lat' dir='ltr'><strong>emen-</strong></span> 
     </span>
    </p>
   </div>
   <div class='ocr_carea' id='block_1_30' title="bbox 265 3080 1843 3152">
    <p class='ocr_par' dir='ltr' id='par_1_30' title="bbox 265 3080 1843 3152">
     <span class='ocr_line' id='line_1_30' title="bbox 265 3080 1843 3152; baseline -0.004 -12"><span class='ocrx_word' id='word_1_203' title='bbox 265 3085 478 3140; x_wconf 85' lang='lat' dir='ltr'><strong>datores</strong></span> <span class='ocrx_word' id='word_1_204' title='bbox 505 3083 707 3140; x_wconf 89' lang='lat' dir='ltr'><strong>erroris</strong></span> <span class='ocrx_word' id='word_1_205' title='bbox 735 3082 816 3136; x_wconf 89' lang='lat' dir='ltr'><strong>sui</strong></span> <span class='ocrx_word' id='word_1_206' title='bbox 858 3081 1026 3152; x_wconf 89' lang='lat' dir='ltr'><strong>rigida</strong></span> <span class='ocrx_word' id='word_1_207' title='bbox 1055 3080 1234 3138; x_wconf 84' lang='lat' dir='ltr'><strong>fronte</strong></span> <span class='ocrx_word' id='word_1_208' title='bbox 1273 3087 1643 3144; x_wconf 89' lang='lat' dir='ltr'><strong>contemnant,</strong></span> <span class='ocrx_word' id='word_1_209' title='bbox 1671 3086 1843 3134; x_wconf 88' lang='lat' dir='ltr'><strong>teme-</strong></span> 
     </span>
    </p>
   </div>
   <div class='ocr_carea' id='block_1_31' title="bbox 266 3169 1844 3242">
    <p class='ocr_par' dir='ltr' id='par_1_31' title="bbox 266 3169 1844 3242">
     <span class='ocr_line' id='line_1_31' title="bbox 266 3169 1844 3242; baseline -0.004 -12"><span class='ocrx_word' id='word_1_210' title='bbox 266 3175 426 3231; x_wconf 89' lang='lat' dir='ltr'><strong>ritate</strong></span> <span class='ocrx_word' id='word_1_211' title='bbox 454 3175 735 3230; x_wconf 88' lang='lat' dir='ltr'><strong>stultitiam</strong></span> <span class='ocrx_word' id='word_1_212' title='bbox 764 3171 1136 3238; x_wconf 83' lang='lat' dir='ltr'><strong>defendentes,</strong></span> <span class='ocrx_word' id='word_1_213' title='bbox 1169 3172 1437 3242; x_wconf 88' lang='lat' dir='ltr'><strong>ignorant,</strong></span> <span class='ocrx_word' id='word_1_214' title='bbox 1463 3170 1603 3241; x_wconf 92' lang='lat' dir='ltr'><strong>quod</strong></span> <span class='ocrx_word' id='word_1_215' title='bbox 1624 3169 1844 3225; x_wconf 90' lang='lat' dir='ltr'><strong>audacia</strong></span> 
     </span>
    </p>
   </div>
   <div class='ocr_carea' id='block_1_32' title="bbox 266 3262 1873 3336">
    <p class='ocr_par' dir='ltr' id='par_1_32' title="bbox 266 3262 1873 3336">
     <span class='ocr_line' id='line_1_32' title="bbox 266 3262 1873 3336; baseline -0.003 -13"><span class='ocrx_word' id='word_1_216' title='bbox 266 3267 400 3323; x_wconf 83' lang='lat' dir='ltr'><strong>nihil</strong></span> <span class='ocrx_word' id='word_1_217' title='bbox 431 3269 502 3323; x_wconf 91' lang='lat' dir='ltr'><strong>sit</strong></span> <span class='ocrx_word' id='word_1_218' title='bbox 529 3267 696 3333; x_wconf 86' lang='lat' dir='ltr'><strong>aliud,</strong></span> <span class='ocrx_word' id='word_1_219' title='bbox 732 3275 791 3320; x_wconf 91' lang='lat' dir='ltr'><strong>ut</strong></span> <span class='ocrx_word' id='word_1_220' title='bbox 832 3266 963 3321; x_wconf 88' lang='lat' dir='ltr'><strong>mihi</strong></span> <span class='ocrx_word' id='word_1_221' title='bbox 993 3266 1208 3336; x_wconf 89' lang='lat' dir='ltr'><strong>quidem</strong></span> <span class='ocrx_word' id='word_1_222' title='bbox 1241 3264 1473 3330; x_wconf 85' lang='lat' dir='ltr'><strong>videtur,</strong></span> <span class='ocrx_word' id='word_1_223' title='bbox 1513 3262 1615 3318; x_wconf 89' lang='lat' dir='ltr'><strong>nisi</strong></span> <span class='ocrx_word' id='word_1_224' title='bbox 1645 3263 1873 3332; x_wconf 86' lang='lat' dir='ltr'><strong>absque-</strong></span> 
     </span>
    </p>
   </div>
   <div class='ocr_carea' id='block_1_33' title="bbox 268 3352 1848 3428">
    <p class='ocr_par' dir='ltr' id='par_1_33' title="bbox 268 3352 1848 3428">
     <span class='ocr_line' id='line_1_33' title="bbox 268 3352 1848 3428; baseline -0.003 -15"><span class='ocrx_word' id='word_1_225' title='bbox 268 3373 426 3414; x_wconf 91' lang='lat' dir='ltr'><strong>sensu</strong></span> <span class='ocrx_word' id='word_1_226' title='bbox 469 3367 522 3412; x_wconf 90' lang='lat' dir='ltr'><strong>ct</strong></span> <span class='ocrx_word' id='word_1_227' title='bbox 558 3355 883 3428; x_wconf 85' lang='lat' dir='ltr'><strong>cogitatione</strong></span> <span class='ocrx_word' id='word_1_228' title='bbox 922 3357 1212 3420; x_wconf 88' lang='lat' dir='ltr'><strong>sententia,</strong></span> <span class='ocrx_word' id='word_1_229' title='bbox 1264 3353 1448 3425; x_wconf 90' lang='lat' dir='ltr'><strong>procul</strong></span> <span class='ocrx_word' id='word_1_230' title='bbox 1497 3368 1527 3408; x_wconf 88' lang='lat' dir='ltr'><strong>a</strong></span> <span class='ocrx_word' id='word_1_231' title='bbox 1569 3368 1629 3410; x_wconf 88' lang='lat' dir='ltr'><strong>se</strong></span> <span class='ocrx_word' id='word_1_232' title='bbox 1656 3352 1848 3424; x_wconf 91' lang='lat' dir='ltr'><strong>fugans</strong></span> 
     </span>
    </p>
   </div>
   <div class='ocr_carea' id='block_1_34' title="bbox 269 3445 1848 3520">
    <p class='ocr_par' dir='ltr' id='par_1_34' title="bbox 269 3445 1848 3520">
     <span class='ocr_line' id='line_1_34' title="bbox 269 3445 1848 3520; baseline -0.004 -15"><span class='ocrx_word' id='word_1_233' title='bbox 269 3450 675 3520; x_wconf 85' lang='lat' dir='ltr'><strong>gubernatorem</strong></span> <span class='ocrx_word' id='word_1_234' title='bbox 707 3449 1172 3520; x_wconf 86' lang='lat' dir='ltr'><strong>perturbationum</strong></span> <span class='ocrx_word' id='word_1_235' title='bbox 1199 3447 1460 3503; x_wconf 90' lang='lat' dir='ltr'><strong>animum.</strong></span> <span class='ocrx_word' id='word_1_236' title='bbox 1493 3446 1734 3515; x_wconf 90' lang='lat' dir='ltr'><strong>Cumque</strong></span> <span class='ocrx_word' id='word_1_237' title='bbox 1755 3445 1848 3500; x_wconf 89' lang='lat' dir='ltr'><strong>tali</strong></span> 
     </span>
    </p>
   </div>
   <div class='ocr_carea' id='block_1_35' title="bbox 271 3538 1851 3610">
    <p class='ocr_par' dir='ltr' id='par_1_35' title="bbox 271 3538 1851 3610">
     <span class='ocr_line' id='line_1_35' title="bbox 271 3538 1851 3610; baseline -0.002 -14"><span class='ocrx_word' id='word_1_238' title='bbox 271 3541 428 3598; x_wconf 88' lang='lat' dir='ltr'><strong>fuerit</strong></span> <span class='ocrx_word' id='word_1_239' title='bbox 453 3541 780 3610; x_wconf 87' lang='lat' dir='ltr'><strong>conspoliata</strong></span> <span class='ocrx_word' id='word_1_240' title='bbox 819 3540 1001 3595; x_wconf 90' lang='lat' dir='ltr'><strong>anima</strong></span> <span class='ocrx_word' id='word_1_241' title='bbox 1041 3538 1313 3610; x_wconf 64' lang='lat' dir='ltr'><strong>prasidio,</strong></span> <span class='ocrx_word' id='word_1_242' title='bbox 1359 3552 1600 3608; x_wconf 61' lang='lat' dir='ltr'><strong>praeceps</strong></span> <span class='ocrx_word' id='word_1_243' title='bbox 1637 3539 1692 3594; x_wconf 90' lang='lat' dir='ltr'><strong>in</strong></span> <span class='ocrx_word' id='word_1_244' title='bbox 1720 3551 1851 3608; x_wconf 87' lang='lat' dir='ltr'><strong>pro-</strong></span> 
     </span>
    </p>
   </div>
   <div class='ocr_carea' id='block_1_36' title="bbox 273 3615 1852 3701">
    <p class='ocr_par' dir='ltr' id='par_1_36' title="bbox 273 3615 1852 3701">
     <span class='ocr_line' id='line_1_36' title="bbox 273 3615 1852 3701; baseline -0.001 -15"><span class='ocrx_word' id='word_1_245' title='bbox 273 3633 492 3687; x_wconf 90' lang='lat' dir='ltr'><strong>fundum</strong></span> <span class='ocrx_word' id='word_1_246' title='bbox 517 3632 684 3688; x_wconf 79' lang='lat' dir='ltr'><strong>fertur</strong></span> <span class='ocrx_word' id='word_1_247' title='bbox 714 3631 1026 3701; x_wconf 82' lang='lat' dir='ltr'><strong>impietatis,</strong></span> <span class='ocrx_word' id='word_1_248' title='bbox 1057 3615 1114 3686; x_wconf 81' lang='lat' dir='ltr'><strong>et</strong></span> <span class='ocrx_word' id='word_1_249' title='bbox 1156 3629 1309 3700; x_wconf 89' lang='lat' dir='ltr'><strong>quasi</strong></span> <span class='ocrx_word' id='word_1_250' title='bbox 1351 3628 1582 3700; x_wconf 90' lang='lat' dir='ltr'><strong>quodam</strong></span> <span class='ocrx_word' id='word_1_251' title='bbox 1626 3631 1852 3684; x_wconf 86' lang='lat' dir='ltr'><strong>amaris-</strong></span> 
     </span>
    </p>
   </div>
   <div class='ocr_carea' id='block_1_37' title="bbox 272 3720 1851 3788">
    <p class='ocr_par' dir='ltr' id='par_1_37' title="bbox 272 3720 1851 3788">
     <span class='ocr_line' id='line_1_37' title="bbox 272 3720 1851 3788; baseline -0.001 -10"><span class='ocrx_word' id='word_1_252' title='bbox 272 3725 409 3780; x_wconf 88' lang='lat' dir='ltr'><strong>simo</strong></span> <span class='ocrx_word' id='word_1_253' title='bbox 452 3722 732 3778; x_wconf 88' lang='lat' dir='ltr'><strong>rheumatc</strong></span> <span class='ocrx_word' id='word_1_254' title='bbox 776 3722 956 3777; x_wconf 90' lang='lat' dir='ltr'><strong>lumen</strong></span> <span class='ocrx_word' id='word_1_255' title='bbox 1003 3721 1200 3778; x_wconf 90' lang='lat' dir='ltr'><strong>mentis</strong></span> <span class='ocrx_word' id='word_1_256' title='bbox 1229 3720 1500 3786; x_wconf 88' lang='lat' dir='ltr'><strong>obscurat,</strong></span> <span class='ocrx_word' id='word_1_257' title='bbox 1531 3720 1851 3788; x_wconf 90' lang='lat' dir='ltr'><strong>oculumque</strong></span> 
     </span>
    </p>
   </div>
   <div class='ocr_carea' id='block_1_38' title="bbox 273 3808 1851 3883">
    <p class='ocr_par' dir='ltr' id='par_1_38' title="bbox 273 3808 1851 3883">
     <span class='ocr_line' id='line_1_38' title="bbox 273 3808 1851 3883; baseline -0.001 -16"><span class='ocrx_word' id='word_1_258' title='bbox 273 3813 408 3883; x_wconf 88' lang='lat' dir='ltr'><strong>cjus,</strong></span> <span class='ocrx_word' id='word_1_259' title='bbox 438 3812 730 3868; x_wconf 90' lang='lat' dir='ltr'><strong>secundum</strong></span> <span class='ocrx_word' id='word_1_260' title='bbox 770 3811 1038 3882; x_wconf 88' lang='lat' dir='ltr'><strong>eloquium</strong></span> <span class='ocrx_word' id='word_1_261' title='bbox 1079 3809 1497 3880; x_wconf 89' lang='lat' dir='ltr'><strong>Scripturarum,</strong></span> <span class='ocrx_word' id='word_1_262' title='bbox 1527 3808 1851 3865; x_wconf 87' lang='lat' dir='ltr'><strong>intractabili</strong></span> 
     </span>
    </p>
   </div>
   <div class='ocr_carea' id='block_1_39' title="bbox 248 3901 1140 3975">
    <p class='ocr_par' dir='ltr' id='par_1_39' title="bbox 248 3901 1140 3975">
     <span class='ocr_line' id='line_1_39' title="bbox 248 3901 1140 3975; baseline -0.006 -13"><span class='ocrx_word' id='word_1_263' title='bbox 248 3906 610 3975; x_wconf 72' lang='lat' dir='ltr'><strong>tenebrarum</strong></span> <span class='ocrx_word' id='word_1_264' title='bbox 638 3913 797 3960; x_wconf 89' lang='lat' dir='ltr'><strong>nocte</strong></span> <span class='ocrx_word' id='word_1_265' title='bbox 819 3901 1140 3960; x_wconf 88' lang='lat' dir='ltr'><strong>circumdat.</strong></span> 
     </span>
    </p>
   </div>
   <div class='ocr_carea' id='block_1_40' title="bbox 343 3990 1852 4066">
    <p class='ocr_par' dir='ltr' id='par_1_40' title="bbox 343 3990 1852 4066">
     <span class='ocr_line' id='line_1_40' title="bbox 343 3990 1852 4066; baseline -0.005 -14"><span class='ocrx_word' id='word_1_266' title='bbox 343 3997 434 4052; x_wconf 76' lang='lat'><strong>22.</strong></span> <span class='ocrx_word' id='word_1_267' title='bbox 481 3994 632 4052; x_wconf 88' lang='lat' dir='ltr'><strong>Unde</strong></span> <span class='ocrx_word' id='word_1_268' title='bbox 677 3995 768 4066; x_wconf 91' lang='lat' dir='ltr'><strong>qui</strong></span> <span class='ocrx_word' id='word_1_269' title='bbox 804 3994 1050 4064; x_wconf 89' lang='lat' dir='ltr'><strong>Origenis</strong></span> <span class='ocrx_word' id='word_1_270' title='bbox 1077 3992 1353 4048; x_wconf 90' lang='lat' dir='ltr'><strong>erroribus</strong></span> <span class='ocrx_word' id='word_1_271' title='bbox 1380 3990 1738 4058; x_wconf 90' lang='lat' dir='ltr'><strong>delectantur,</strong></span> <span class='ocrx_word' id='word_1_272' title='bbox 1773 3990 1852 4046; x_wconf 85' lang='lat' dir='ltr'><strong>fe-</strong></span> 
     </span>
    </p>
   </div>
   <div class='ocr_carea' id='block_1_41' title="bbox 274 4081 1855 4154">
    <p class='ocr_par' dir='ltr' id='par_1_41' title="bbox 274 4081 1855 4154">
     <span class='ocr_line' id='line_1_41' title="bbox 274 4081 1855 4154; baseline -0.006 -11"><span class='ocrx_word' id='word_1_273' title='bbox 274 4087 526 4143; x_wconf 87' lang='lat' dir='ltr'><strong>stivitatis</strong></span> <span class='ocrx_word' id='word_1_274' title='bbox 553 4086 842 4142; x_wconf 64' lang='lat' dir='ltr'><strong>dominicae</strong></span> <span class='ocrx_word' id='word_1_275' title='bbox 866 4100 974 4140; x_wconf 91' lang='lat' dir='ltr'><strong>non</strong></span> <span class='ocrx_word' id='word_1_276' title='bbox 1000 4091 1218 4154; x_wconf 87' lang='lat' dir='ltr'><strong>sperent</strong></span> <span class='ocrx_word' id='word_1_277' title='bbox 1249 4081 1513 4152; x_wconf 61' lang='lat' dir='ltr'><strong>praeconia</strong></span> <span class='ocrx_word' id='word_1_278' title='bbox 1558 4098 1572 4136; x_wconf 92' lang='lat'><strong>:</strong></span> <span class='ocrx_word' id='word_1_279' title='bbox 1613 4095 1716 4136; x_wconf 90' lang='lat' dir='ltr'><strong>nec</strong></span> <span class='ocrx_word' id='word_1_280' title='bbox 1753 4097 1855 4134; x_wconf 83' lang='lat' dir='ltr'><strong>un-</strong></span> 
     </span>
    </p>
   </div>
   <div class='ocr_carea' id='block_1_42' title="bbox 268 4173 1856 4248">
    <p class='ocr_par' dir='ltr' id='par_1_42' title="bbox 268 4173 1856 4248">
     <span class='ocr_line' id='line_1_42' title="bbox 268 4173 1856 4248; baseline -0.003 -16"><span class='ocrx_word' id='word_1_281' title='bbox 268 4187 490 4248; x_wconf 87' lang='lat' dir='ltr'><strong>guenta,</strong></span> <span class='ocrx_word' id='word_1_282' title='bbox 512 4192 724 4242; x_wconf 89' lang='lat' dir='ltr'><strong>aurum,</strong></span> <span class='ocrx_word' id='word_1_283' title='bbox 750 4185 806 4232; x_wconf 90' lang='lat' dir='ltr'><strong>et</strong></span> <span class='ocrx_word' id='word_1_284' title='bbox 828 4175 1146 4247; x_wconf 86' lang='lat' dir='ltr'><strong>margaritas</strong></span> <span class='ocrx_word' id='word_1_285' title='bbox 1166 4181 1412 4245; x_wconf 73' lang='lat' dir='ltr'><strong>quan‘ant</strong></span> <span class='ocrx_word' id='word_1_286' title='bbox 1438 4174 1491 4228; x_wconf 93' lang='lat' dir='ltr'><strong>in</strong></span> <span class='ocrx_word' id='word_1_287' title='bbox 1517 4173 1653 4240; x_wconf 90' lang='lat' dir='ltr'><strong>luto,</strong></span> <span class='ocrx_word' id='word_1_288' title='bbox 1681 4189 1856 4243; x_wconf 84' lang='lat' dir='ltr'><strong>neque</strong></span> 
     </span>
    </p>
   </div>
   <div class='ocr_carea' id='block_1_43' title="bbox 274 4266 1853 4337">
    <p class='ocr_par' dir='ltr' id='par_1_43' title="bbox 274 4266 1853 4337">
     <span class='ocr_line' id='line_1_43' title="bbox 274 4266 1853 4337; baseline -0.003 -13"><span class='ocrx_word' id='word_1_289' title='bbox 274 4277 501 4324; x_wconf 88' lang='lat' dir='ltr'><strong>matrem</strong></span> <span class='ocrx_word' id='word_1_290' title='bbox 526 4282 678 4323; x_wconf 92' lang='lat' dir='ltr'><strong>suam</strong></span> <span class='ocrx_word' id='word_1_291' title='bbox 706 4267 1026 4334; x_wconf 83' lang='lat' dir='ltr'><strong>Ecclesiam,</strong></span> <span class='ocrx_word' id='word_1_292' title='bbox 1056 4281 1176 4337; x_wconf 74' lang='lat' dir='ltr'><strong>qua:</strong></span> <span class='ocrx_word' id='word_1_293' title='bbox 1203 4280 1298 4322; x_wconf 88' lang='lat' dir='ltr'><strong>eos</strong></span> <span class='ocrx_word' id='word_1_294' title='bbox 1326 4266 1510 4336; x_wconf 86' lang='lat' dir='ltr'><strong>genuit</strong></span> <span class='ocrx_word' id='word_1_295' title='bbox 1532 4275 1588 4321; x_wconf 90' lang='lat' dir='ltr'><strong>et</strong></span> <span class='ocrx_word' id='word_1_296' title='bbox 1614 4267 1853 4333; x_wconf 87' lang='lat' dir='ltr'><strong>nutrivit,</strong></span> 
     </span>
    </p>
   </div>
   <div class='ocr_carea' id='block_1_44' title="bbox 275 4357 1856 4434">
    <p class='ocr_par' dir='ltr' id='par_1_44' title="bbox 275 4357 1856 4434">
     <span class='ocr_line' id='line_1_44' title="bbox 275 4357 1856 4434; baseline -0.004 -16"><span class='ocrx_word' id='word_1_297' title='bbox 275 4361 329 4418; x_wconf 90' lang='lat' dir='ltr'><strong>in</strong></span> <span class='ocrx_word' id='word_1_298' title='bbox 377 4361 583 4431; x_wconf 82' lang='lat' dir='ltr'><strong>magnis</strong></span> <span class='ocrx_word' id='word_1_299' title='bbox 622 4357 697 4434; x_wconf 87' lang='lat' dir='ltr'><strong>(b)</strong></span> <span class='ocrx_word' id='word_1_300' title='bbox 738 4359 960 4416; x_wconf 90' lang='lat' dir='ltr'><strong>urbibus</strong></span> <span class='ocrx_word' id='word_1_301' title='bbox 1009 4359 1267 4425; x_wconf 91' lang='lat' dir='ltr'><strong>lacerent,</strong></span> <span class='ocrx_word' id='word_1_302' title='bbox 1289 4358 1383 4429; x_wconf 90' lang='lat' dir='ltr'><strong>qui</strong></span> <span class='ocrx_word' id='word_1_303' title='bbox 1422 4357 1710 4428; x_wconf 89' lang='lat' dir='ltr'><strong>aliquando</strong></span> <span class='ocrx_word' id='word_1_304' title='bbox 1733 4373 1856 4429; x_wconf 88' lang='lat' dir='ltr'><strong>pro-</strong></span> 
     </span>
    </p>
   </div>
   <div class='ocr_carea' id='block_1_45' title="bbox 273 4449 1857 4523">
    <p class='ocr_par' dir='ltr' id='par_1_45' title="bbox 273 4449 1857 4523">
     <span class='ocr_line' id='line_1_45' title="bbox 273 4449 1857 4523; baseline 0.001 -19"><span class='ocrx_word' id='word_1_305' title='bbox 273 4463 396 4523; x_wconf 87' lang='lat' dir='ltr'><strong>pter</strong></span> <span class='ocrx_word' id='word_1_306' title='bbox 444 4451 591 4506; x_wconf 89' lang='lat' dir='ltr'><strong>illum</strong></span> <span class='ocrx_word' id='word_1_307' title='bbox 632 4460 695 4507; x_wconf 83' lang='lat' dir='ltr'><strong>et</strong></span> <span class='ocrx_word' id='word_1_308' title='bbox 765 4451 1054 4521; x_wconf 88' lang='lat' dir='ltr'><strong>discipulos</strong></span> <span class='ocrx_word' id='word_1_309' title='bbox 1107 4451 1223 4520; x_wconf 83' lang='lat' dir='ltr'><strong>ejus</strong></span> <span class='ocrx_word' id='word_1_310' title='bbox 1297 4449 1577 4521; x_wconf 89' lang='lat' dir='ltr'><strong>gentilium</strong></span> <span class='ocrx_word' id='word_1_311' title='bbox 1640 4451 1694 4506; x_wconf 91' lang='lat' dir='ltr'><strong>in</strong></span> <span class='ocrx_word' id='word_1_312' title='bbox 1759 4465 1857 4506; x_wconf 91' lang='lat' dir='ltr'><strong>nos</strong></span> 
     </span>
    </p>
   </div>
   <div class='ocr_carea' id='block_1_46' title="bbox 267 4541 1854 4614">
    <p class='ocr_par' dir='ltr' id='par_1_46' title="bbox 267 4541 1854 4614">
     <span class='ocr_line' id='line_1_46' title="bbox 267 4541 1854 4614; baseline 0.003 -19"><span class='ocrx_word' id='word_1_313' title='bbox 267 4542 439 4614; x_wconf 64' lang='grc' dir='ltr'><strong>ϐω</strong></span> <span class='ocrx_word' id='word_1_314' title='bbox 508 4541 629 4596; x_wconf 87' lang='lat' dir='ltr'><strong>odia</strong></span> <span class='ocrx_word' id='word_1_315' title='bbox 685 4550 972 4612; x_wconf 88' lang='lat' dir='ltr'><strong>superant,</strong></span> <span class='ocrx_word' id='word_1_316' title='bbox 1021 4551 1078 4597; x_wconf 89' lang='lat' dir='ltr'><strong>et</strong></span> <span class='ocrx_word' id='word_1_317' title='bbox 1131 4543 1184 4596; x_wconf 90' lang='lat' dir='ltr'><strong>in</strong></span> <span class='ocrx_word' id='word_1_318' title='bbox 1225 4541 1512 4598; x_wconf 90' lang='lat' dir='ltr'><strong>dilectione</strong></span> <span class='ocrx_word' id='word_1_319' title='bbox 1561 4557 1747 4599; x_wconf 90' lang='lat' dir='ltr'><strong>eorum</strong></span> <span class='ocrx_word' id='word_1_320' title='bbox 1801 4543 1854 4599; x_wconf 94' lang='lat' dir='ltr'><strong>in</strong></span> 
     </span>
    </p>
   </div>
   <div class='ocr_carea' id='block_1_47' title="bbox 274 4631 1858 4703">
    <p class='ocr_par' dir='ltr' id='par_1_47' title="bbox 274 4631 1858 4703">
     <span class='ocr_line' id='line_1_47' title="bbox 274 4631 1858 4703; baseline 0.001 -15"><span class='ocrx_word' id='word_1_321' title='bbox 274 4648 375 4688; x_wconf 90' lang='lat' dir='ltr'><strong>nos</strong></span> <span class='ocrx_word' id='word_1_322' title='bbox 415 4631 698 4686; x_wconf 90' lang='lat' dir='ltr'><strong>maledicta</strong></span> <span class='ocrx_word' id='word_1_323' title='bbox 723 4633 1120 4701; x_wconf 88' lang='lat' dir='ltr'><strong>congeminant,</strong></span> <span class='ocrx_word' id='word_1_324' title='bbox 1149 4632 1483 4703; x_wconf 90' lang='lat' dir='ltr'><strong>divitumquc</strong></span> <span class='ocrx_word' id='word_1_325' title='bbox 1507 4635 1756 4689; x_wconf 85' lang='lat' dir='ltr'><strong>obsident</strong></span> <span class='ocrx_word' id='word_1_326' title='bbox 1779 4635 1858 4690; x_wconf 85' lang='lat' dir='ltr'><strong>fo-</strong></span> 
     </span>
    </p>
   </div>
   <div class='ocr_carea' id='block_1_48' title="bbox 275 4721 1859 4795">
    <p class='ocr_par' dir='ltr' id='par_1_48' title="bbox 275 4721 1859 4795">
     <span class='ocr_line' id='line_1_48' title="bbox 275 4721 1859 4795; baseline 0 -17"><span class='ocrx_word' id='word_1_327' title='bbox 275 4739 385 4786; x_wconf 88' lang='lat' dir='ltr'><strong>res,</strong></span> <span class='ocrx_word' id='word_1_328' title='bbox 439 4736 542 4775; x_wconf 90' lang='lat' dir='ltr'><strong>nec</strong></span> <span class='ocrx_word' id='word_1_329' title='bbox 587 4721 773 4775; x_wconf 88' lang='lat' dir='ltr'><strong>audire</strong></span> <span class='ocrx_word' id='word_1_330' title='bbox 797 4730 1042 4776; x_wconf 88' lang='lat' dir='ltr'><strong>metuunt</strong></span> <span class='ocrx_word' id='word_1_331' title='bbox 1069 4735 1192 4776; x_wconf 91' lang='lat' dir='ltr'><strong>cum</strong></span> <span class='ocrx_word' id='word_1_332' title='bbox 1221 4721 1424 4778; x_wconf 68' lang='lat' dir='ltr'><strong>Judmis</strong></span> <span class='ocrx_word' id='word_1_333' title='bbox 1458 4744 1472 4778; x_wconf 89' lang='lat'><strong>:</strong></span> <span class='ocrx_word' id='word_1_334' title='bbox 1503 4722 1666 4778; x_wconf 82' lang='lat' dir='ltr'><strong>Filios</strong></span> <span class='ocrx_word' id='word_1_335' title='bbox 1706 4728 1859 4795; x_wconf 81' lang='lat' dir='ltr'><strong>genui</strong></span> 
     </span>
    </p>
   </div>
   <div class='ocr_carea' id='block_1_49' title="bbox 273 4808 1857 4884">
    <p class='ocr_par' dir='ltr' id='par_1_49' title="bbox 273 4808 1857 4884">
     <span class='ocr_line' id='line_1_49' title="bbox 273 4808 1857 4884; baseline -0.001 -17"><span class='ocrx_word' id='word_1_336' title='bbox 273 4822 324 4868; x_wconf 84' lang='lat' dir='ltr'><strong>et</strong></span> <span class='ocrx_word' id='word_1_337' title='bbox 367 4808 614 4875; x_wconf 66' lang='lat' dir='ltr'><strong>exaltari,</strong></span> <span class='ocrx_word' id='word_1_338' title='bbox 662 4809 762 4879; x_wconf 88' lang='lat' dir='ltr'><strong>ipsi</strong></span> <span class='ocrx_word' id='word_1_339' title='bbox 803 4819 971 4862; x_wconf 80' lang='lat' dir='ltr'><strong>autem</strong></span> <span class='ocrx_word' id='word_1_340' title='bbox 1012 4825 1092 4864; x_wconf 84' lang='lat' dir='ltr'><strong>me</strong></span> <span class='ocrx_word' id='word_1_341' title='bbox 1130 4820 1425 4879; x_wconf 77' lang='lat' dir='ltr'><strong>spreverunt</strong></span> <span class='ocrx_word' id='word_1_342' title='bbox 1467 4809 1620 4882; x_wconf 87' lang='lat' dir='ltr'><strong>(lsai.</strong></span> <span class='ocrx_word' id='word_1_343' title='bbox 1655 4811 1727 4884; x_wconf 78' lang='grc' dir='ltr'><strong>Ι).</strong></span> <span class='ocrx_word' id='word_1_344' title='bbox 1757 4813 1857 4879; x_wconf 92' lang='lat' dir='ltr'><strong>Qui</strong></span> 
     </span>
    </p>
   </div>
   <div class='ocr_carea' id='block_1_50' title="bbox 276 4898 1856 4974">
    <p class='ocr_par' dir='ltr' id='par_1_50' title="bbox 276 4898 1856 4974">
     <span class='ocr_line' id='line_1_50' title="bbox 276 4898 1856 4974; baseline -0.003 -14"><span class='ocrx_word' id='word_1_345' title='bbox 276 4903 410 4960; x_wconf 89' lang='lat' dir='ltr'><strong>mihi</strong></span> <span class='ocrx_word' id='word_1_346' title='bbox 455 4901 701 4956; x_wconf 85' lang='lat' dir='ltr'><strong>videntur</strong></span> <span class='ocrx_word' id='word_1_347' title='bbox 739 4898 809 4974; x_wconf 88' lang='lat' dir='ltr'><strong>(c)</strong></span> <span class='ocrx_word' id='word_1_348' title='bbox 852 4900 1065 4956; x_wconf 83' lang='lat' dir='ltr'><strong>nescire</strong></span> <span class='ocrx_word' id='word_1_349' title='bbox 1111 4912 1271 4955; x_wconf 89' lang='lat' dir='ltr'><strong>omne</strong></span> <span class='ocrx_word' id='word_1_350' title='bbox 1317 4901 1538 4955; x_wconf 88' lang='lat' dir='ltr'><strong>verbum</strong></span> <span class='ocrx_word' id='word_1_351' title='bbox 1593 4901 1856 4967; x_wconf 87' lang='lat' dir='ltr'><strong>veritatis,</strong></span> 
     </span>
    </p>
   </div>
   <div class='ocr_carea' id='block_1_51' title="bbox 279 4989 1856 5058">
    <p class='ocr_par' dir='ltr' id='par_1_51' title="bbox 279 4989 1856 5058">
     <span class='ocr_line' id='line_1_51' title="bbox 279 4989 1856 5058; baseline -0.003 -7"><span class='ocrx_word' id='word_1_352' title='bbox 279 5011 386 5051; x_wconf 90' lang='lat' dir='ltr'><strong>non</strong></span> <span class='ocrx_word' id='word_1_353' title='bbox 419 4993 624 5049; x_wconf 89' lang='lat' dir='ltr'><strong>habens</strong></span> <span class='ocrx_word' id='word_1_354' title='bbox 649 4991 1076 5058; x_wconf 87' lang='lat' dir='ltr'><strong>fundamentum,</strong></span> <span class='ocrx_word' id='word_1_355' title='bbox 1110 4991 1215 5047; x_wconf 88' lang='lat' dir='ltr'><strong>etsi</strong></span> <span class='ocrx_word' id='word_1_356' title='bbox 1243 4989 1310 5045; x_wconf 89' lang='lat' dir='ltr'><strong>ad</strong></span> <span class='ocrx_word' id='word_1_357' title='bbox 1341 4990 1526 5046; x_wconf 90' lang='lat' dir='ltr'><strong>horam</strong></span> <span class='ocrx_word' id='word_1_358' title='bbox 1553 4991 1856 5047; x_wconf 82' lang='lat' dir='ltr'><strong>audientem</strong></span> 
     </span>
    </p>
   </div>
   <div class='ocr_carea' id='block_1_52' title="bbox 279 5080 1859 5154">
    <p class='ocr_par' dir='ltr' id='par_1_52' title="bbox 279 5080 1859 5154">
     <span class='ocr_line' id='line_1_52' title="bbox 279 5080 1859 5154; baseline -0.003 -12"><span class='ocrx_word' id='word_1_359' title='bbox 279 5085 529 5154; x_wconf 82' lang='lat' dir='ltr'><strong>illexerit,</strong></span> <span class='ocrx_word' id='word_1_360' title='bbox 560 5093 617 5139; x_wconf 89' lang='lat' dir='ltr'><strong>ut</strong></span> <span class='ocrx_word' id='word_1_361' title='bbox 643 5091 791 5154; x_wconf 89' lang='lat' dir='ltr'><strong>putet</strong></span> <span class='ocrx_word' id='word_1_362' title='bbox 813 5096 1001 5149; x_wconf 74' lang='lat' dir='ltr'><strong>verum</strong></span> <span class='ocrx_word' id='word_1_363' title='bbox 1029 5095 1149 5138; x_wconf 90' lang='lat' dir='ltr'><strong>esse</strong></span> <span class='ocrx_word' id='word_1_364' title='bbox 1173 5080 1314 5152; x_wconf 90' lang='lat' dir='ltr'><strong>quod</strong></span> <span class='ocrx_word' id='word_1_365' title='bbox 1340 5095 1446 5136; x_wconf 90' lang='lat' dir='ltr'><strong>non</strong></span> <span class='ocrx_word' id='word_1_366' title='bbox 1473 5089 1575 5148; x_wconf 91' lang='lat' dir='ltr'><strong>est,</strong></span> <span class='ocrx_word' id='word_1_367' title='bbox 1607 5082 1859 5152; x_wconf 90' lang='lat' dir='ltr'><strong>paulatim</strong></span> 
     </span>
    </p>
   </div>
   <div class='ocr_carea' id='block_1_53' title="bbox 279 5173 1900 5247">
    <p class='ocr_par' dir='ltr' id='par_1_53' title="bbox 279 5173 1900 5247">
     <span class='ocr_line' id='line_1_53' title="bbox 279 5173 1900 5247; baseline -0.002 -14"><span class='ocrx_word' id='word_1_368' title='bbox 279 5177 521 5246; x_wconf 90' lang='lat' dir='ltr'><strong>dissolvi,</strong></span> <span class='ocrx_word' id='word_1_369' title='bbox 546 5185 602 5232; x_wconf 91' lang='lat' dir='ltr'><strong>et</strong></span> <span class='ocrx_word' id='word_1_370' title='bbox 629 5176 683 5231; x_wconf 91' lang='lat' dir='ltr'><strong>in</strong></span> <span class='ocrx_word' id='word_1_371' title='bbox 713 5175 938 5230; x_wconf 88' lang='lat' dir='ltr'><strong>nihilum</strong></span> <span class='ocrx_word' id='word_1_372' title='bbox 968 5173 1172 5244; x_wconf 88' lang='lat' dir='ltr'><strong>redigi;</strong></span> <span class='ocrx_word' id='word_1_373' title='bbox 1200 5175 1614 5247; x_wconf 78' lang='lat' dir='ltr'><strong>universumque</strong></span> <span class='ocrx_word' id='word_1_374' title='bbox 1635 5185 1857 5232; x_wconf 86' lang='lat' dir='ltr'><strong>senten-</strong></span> <span class='ocrx_word' id='word_1_375' title='bbox 1895 5181 1900 5185; x_wconf 85' lang='lat'><strong><em>&#39;</em></strong></span> 
     </span>
    </p>
   </div>
   <div class='ocr_carea' id='block_1_54' title="bbox 361 5305 1473 5374">
    <p class='ocr_par' dir='ltr' id='par_1_54' title="bbox 361 5305 1473 5374">
     <span class='ocr_line' id='line_1_54' title="bbox 361 5305 1473 5374; baseline -0.002 -14"><span class='ocrx_word' id='word_1_376' title='bbox 361 5312 412 5374; x_wconf 79' lang='grc' dir='ltr'><strong>ᾳ)</strong></span> <span class='ocrx_word' id='word_1_377' title='bbox 444 5311 501 5374; x_wconf 69' lang='lat' dir='ltr'><strong>1n</strong></span> <span class='ocrx_word' id='word_1_378' title='bbox 521 5308 1007 5374; x_wconf 71' lang='lat' dir='ltr'><strong>Benedictin._qute,__</strong></span> <span class='ocrx_word' id='word_1_379' title='bbox 1023 5305 1213 5374; x_wconf 79' lang='lat' dir='ltr'><strong>scilicet</strong></span> <span class='ocrx_word' id='word_1_380' title='bbox 1231 5305 1473 5374; x_wconf 79' lang='lat' dir='ltr'><strong>cogitatio.</strong></span> 
     </span>
    </p>
   </div>
   <div class='ocr_carea' id='block_1_55' title="bbox 359 5369 1856 5434">
    <p class='ocr_par' dir='ltr' id='par_1_55' title="bbox 359 5369 1856 5434">
     <span class='ocr_line' id='line_1_55' title="bbox 359 5369 1856 5434; baseline 0 -12"><span class='ocrx_word' id='word_1_381' title='bbox 359 5369 407 5433; x_wconf 81' lang='lat' dir='ltr'><strong>b)</strong></span> <span class='ocrx_word' id='word_1_382' title='bbox 443 5372 569 5434; x_wconf 70' lang='lat' dir='ltr'><strong>Puta</strong></span> <span class='ocrx_word' id='word_1_383' title='bbox 603 5369 1060 5434; x_wconf 81' lang='lat' dir='ltr'><strong>ConstantinOpolim</strong></span> <span class='ocrx_word' id='word_1_384' title='bbox 1078 5369 1196 5434; x_wconf 89' lang='lat' dir='ltr'><strong>,_ad</strong></span> <span class='ocrx_word' id='word_1_385' title='bbox 1225 5369 1370 5430; x_wconf 74' lang='lat' dir='ltr'><strong>quam</strong></span> <span class='ocrx_word' id='word_1_386' title='bbox 1400 5371 1650 5421; x_wconf 83' lang='lat' dir='ltr'><strong>civitatem</strong></span> <span class='ocrx_word' id='word_1_387' title='bbox 1675 5369 1856 5434; x_wconf 87' lang='lat' dir='ltr'><strong>Orige-</strong></span> 
     </span>
    </p>
   </div>
   <div class='ocr_carea' id='block_1_56' title="bbox 275 5428 1853 5494">
    <p class='ocr_par' dir='ltr' id='par_1_56' title="bbox 275 5428 1853 5494">
     <span class='ocr_line' id='line_1_56' title="bbox 275 5428 1853 5494; baseline 0 -12"><span class='ocrx_word' id='word_1_388' title='bbox 275 5428 412 5484; x_wconf 67' lang='lat' dir='ltr'><strong>nistaé</strong></span> <span class='ocrx_word' id='word_1_389' title='bbox 435 5432 788 5494; x_wconf 69' lang='lat' dir='ltr'><strong>confugerant,</strong></span> <span class='ocrx_word' id='word_1_390' title='bbox 806 5428 1208 5494; x_wconf 63' lang='lat' dir='ltr'><strong>quemadmodum</strong></span> <span class='ocrx_word' id='word_1_391' title='bbox 1229 5428 1377 5494; x_wconf 73' lang='lat' dir='ltr'><strong>supra</strong></span> <span class='ocrx_word' id='word_1_392' title='bbox 1394 5438 1610 5494; x_wconf 84' lang='lat' dir='ltr'><strong>notatum</strong></span> <span class='ocrx_word' id='word_1_393' title='bbox 1634 5441 1711 5482; x_wconf 90' lang='lat' dir='ltr'><strong>est</strong></span> <span class='ocrx_word' id='word_1_394' title='bbox 1734 5428 1790 5482; x_wconf 53' lang='lat' dir='ltr'><strong>n7</strong></span> <span class='ocrx_word' id='word_1_395' title='bbox 1804 5435 1853 5482; x_wconf 83' lang='grc'><strong>5.</strong></span> 
     </span>
    </p>
   </div>
   <div class='ocr_carea' id='block_1_57' title="bbox 274 5489 1852 5557">
    <p class='ocr_par' dir='ltr' id='par_1_57' title="bbox 274 5489 1852 5557">
     <span class='ocr_line' id='line_1_57' title="bbox 274 5489 1852 5557; baseline 0.001 -15"><span class='ocrx_word' id='word_1_396' title='bbox 274 5502 423 5557; x_wconf 85' lang='lat' dir='ltr'><strong>atque</strong></span> <span class='ocrx_word' id='word_1_397' title='bbox 464 5489 607 5550; x_wconf 49' lang='lat' dir='ltr'><strong>alibi?</strong></span> <span class='ocrx_word' id='word_1_398' title='bbox 635 5492 745 5557; x_wconf 63' lang='lat' dir='ltr'><strong>Mox</strong></span> <span class='ocrx_word' id='word_1_399' title='bbox 769 5489 839 5540; x_wconf 39' lang='lat' dir='ltr'><strong>&#39;in&#39;</strong></span> <span class='ocrx_word' id='word_1_400' title='bbox 860 5491 916 5541; x_wconf 81' lang='grc' dir='ltr'><strong>Β.</strong></span> <span class='ocrx_word' id='word_1_401' title='bbox 940 5491 999 5540; x_wconf 91' lang='grc' dir='ltr'><strong>Ρ.</strong></span> <span class='ocrx_word' id='word_1_402' title='bbox 1039 5489 1254 5554; x_wconf 80' lang='lat' dir='ltr'><strong>legitur:</strong></span> <span class='ocrx_word' id='word_1_403' title='bbox 1291 5489 1380 5555; x_wconf 57' lang='lat' dir='ltr'><strong>&#39;qui</strong></span> <span class='ocrx_word' id='word_1_404' title='bbox 1416 5491 1677 5556; x_wconf 74' lang='lat' dir='ltr'><strong>aliquando</strong></span> <span class='ocrx_word' id='word_1_405' title='bbox 1715 5494 1852 5557; x_wconf 76' lang='lat' dir='ltr'><strong>mihi,</strong></span> 
     </span>
    </p>
   </div>
   <div class='ocr_carea' id='block_1_58' title="bbox 273 5553 934 5619">
    <p class='ocr_par' dir='ltr' id='par_1_58' title="bbox 273 5553 934 5619">
     <span class='ocr_line' id='line_1_58' title="bbox 273 5553 934 5619; baseline -0.006 -15"><span class='ocrx_word' id='word_1_406' title='bbox 273 5553 398 5606; x_wconf 80' lang='lat' dir='ltr'><strong>nunc</strong></span> <span class='ocrx_word' id='word_1_407' title='bbox 420 5563 614 5619; x_wconf 71' lang='lat' dir='ltr'><strong>propter</strong></span> <span class='ocrx_word' id='word_1_408' title='bbox 637 5553 776 5603; x_wconf 82' lang='lat' dir='ltr'><strong>illum</strong></span> <span class='ocrx_word' id='word_1_409' title='bbox 792 5591 806 5611; x_wconf 87' lang='lat'><strong>,</strong></span> <span class='ocrx_word' id='word_1_410' title='bbox 833 5560 934 5619; x_wconf 85' lang='lat' dir='ltr'><strong>_etc_.</strong></span> 
     </span>
    </p>
   </div>
   <div class='ocr_carea' id='block_1_59' title="bbox 337 5611 1852 5680">
    <p class='ocr_par' dir='ltr' id='par_1_59' title="bbox 337 5611 1852 5680">
     <span class='ocr_line' id='line_1_59' title="bbox 337 5611 1852 5680; baseline 0 -13"><span class='ocrx_word' id='word_1_411' title='bbox 337 5611 520 5680; x_wconf 57' lang='lat' dir='ltr'><strong>(c)&#39;Ex&#39;</strong></span> <span class='ocrx_word' id='word_1_412' title='bbox 553 5613 1151 5680; x_wconf 76' lang='lat' dir='ltr'><strong>interpunctionisvitiis,</strong></span> <span class='ocrx_word' id='word_1_413' title='bbox 1185 5626 1298 5680; x_wconf 74' lang='lat' dir='ltr'><strong>quae</strong></span> <span class='ocrx_word' id='word_1_414' title='bbox 1330 5611 1518 5680; x_wconf 75' lang='lat' dir='ltr'><strong>inﬁnita</strong></span> <span class='ocrx_word' id='word_1_415' title='bbox 1552 5615 1852 5680; x_wconf 81' lang='lat' dir='ltr'><strong>sustulimus,</strong></span> 
     </span>
    </p>
   </div>
   <div class='ocr_carea' id='block_1_60' title="bbox 253 5675 1852 5740">
    <p class='ocr_par' dir='ltr' id='par_1_60' title="bbox 253 5675 1852 5740">
     <span class='ocr_line' id='line_1_60' title="bbox 253 5675 1852 5740; baseline 0.001 -15"><span class='ocrx_word' id='word_1_416' title='bbox 253 5675 554 5740; x_wconf 10' lang='lat' dir='ltr'><strong>|neutiquazrn</strong></span> <span class='ocrx_word' id='word_1_417' title='bbox 581 5675 766 5726; x_wconf 68' lang='lat' dir='ltr'><strong>lecture</strong></span> <span class='ocrx_word' id='word_1_418' title='bbox 787 5676 1032 5740; x_wconf 56' lang='lat' dir='ltr'><strong>admonito</strong></span> <span class='ocrx_word' id='word_1_419' title='bbox 1049 5709 1063 5730; x_wconf 86' lang='lat'><strong>.</strong></span> <span class='ocrx_word' id='word_1_420' title='bbox 1088 5675 1236 5740; x_wconf 78' lang='lat' dir='ltr'><strong>unum</strong></span> <span class='ocrx_word' id='word_1_421' title='bbox 1261 5675 1375 5740; x_wconf 83' lang='lat' dir='ltr'><strong>heic</strong></span> <span class='ocrx_word' id='word_1_422' title='bbox 1396 5683 1594 5738; x_wconf 64' lang='lat' dir='ltr'><strong>praestat</strong></span> <span class='ocrx_word' id='word_1_423' title='bbox 1612 5675 1852 5740; x_wconf 78' lang='lat' dir='ltr'><strong>indicare,</strong></span> 
     </span>
    </p>
   </div>
   <div class='ocr_carea' id='block_1_61' title="bbox 273 5736 1855 5800">
    <p class='ocr_par' dir='ltr' id='par_1_61' title="bbox 273 5736 1855 5800">
     <span class='ocr_line' id='line_1_61' title="bbox 273 5736 1855 5800; baseline 0.003 -15"><span class='ocrx_word' id='word_1_424' title='bbox 273 5745 326 5786; x_wconf 94' lang='lat' dir='ltr'><strong>ut</strong></span> <span class='ocrx_word' id='word_1_425' title='bbox 351 5736 616 5800; x_wconf 79' lang='lat' dir='ltr'><strong>periculum</strong></span> <span class='ocrx_word' id='word_1_426' title='bbox 642 5741 805 5800; x_wconf 79' lang='lat' dir='ltr'><strong>facias.</strong></span> <span class='ocrx_word' id='word_1_427' title='bbox 846 5736 962 5786; x_wconf 81' lang='lat' dir='ltr'><strong>Erat</strong></span> <span class='ocrx_word' id='word_1_428' title='bbox 993 5737 1043 5786; x_wconf 92' lang='lat' dir='ltr'><strong>in</strong></span> <span class='ocrx_word' id='word_1_429' title='bbox 1077 5736 1221 5800; x_wconf 70' lang='lat' dir='ltr'><strong>editis</strong></span> <span class='ocrx_word' id='word_1_430' title='bbox 1255 5737 1316 5785; x_wconf 90' lang='lat' dir='ltr'><strong>ad</strong></span> <span class='ocrx_word' id='word_1_431' title='bbox 1352 5736 1481 5800; x_wconf 76' lang='lat' dir='ltr'><strong>hunc</strong></span> <span class='ocrx_word' id='word_1_432' title='bbox 1516 5737 1855 5800; x_wconf 75' lang='lat' dir='ltr'><strong>modumtoui</strong></span> 
     </span>
    </p>
   </div>
   <div class='ocr_carea' id='block_1_62' title="bbox 273 5797 1852 5866">
    <p class='ocr_par' dir='ltr' id='par_1_62' title="bbox 273 5797 1852 5866">
     <span class='ocr_line' id='line_1_62' title="bbox 273 5797 1852 5866; baseline 0.004 -18"><span class='ocrx_word' id='word_1_433' title='bbox 273 5797 389 5866; x_wconf 68' lang='lat' dir='ltr'><strong>mihi</strong></span> <span class='ocrx_word' id='word_1_434' title='bbox 425 5801 643 5850; x_wconf 83' lang='lat' dir='ltr'><strong>videntur</strong></span> <span class='ocrx_word' id='word_1_435' title='bbox 673 5799 872 5866; x_wconf 59' lang='grc' dir='ltr'><strong>ιιιεάιςίνεΔ</strong></span> <span class='ocrx_word' id='word_1_436' title='bbox 893 5811 1031 5866; x_wconf 75' lang='lat' dir='ltr'><strong>nume</strong></span> <span class='ocrx_word' id='word_1_437' title='bbox 1051 5797 1247 5866; x_wconf 74' lang='lat' dir='ltr'><strong>verbum</strong></span> <span class='ocrx_word' id='word_1_438' title='bbox 1269 5797 1483 5849; x_wconf 73' lang='lat' dir='ltr'><strong>veritatis</strong></span> <span class='ocrx_word' id='word_1_439' title='bbox 1501 5832 1518 5860; x_wconf 89' lang='lat'><strong>,</strong></span> <span class='ocrx_word' id='word_1_440' title='bbox 1557 5812 1650 5851; x_wconf 84' lang='lat' dir='ltr'><strong>non</strong></span> <span class='ocrx_word' id='word_1_441' title='bbox 1673 5797 1852 5854; x_wconf 76' lang='lat' dir='ltr'><strong>habens</strong></span> 
     </span>
    </p>
   </div>
   <div class='ocr_carea' id='block_1_63' title="bbox 271 5859 1482 5922">
    <p class='ocr_par' dir='ltr' id='par_1_63' title="bbox 271 5859 1482 5922">
     <span class='ocr_line' id='line_1_63' title="bbox 271 5859 1482 5922; baseline -0.003 -9"><span class='ocrx_word' id='word_1_442' title='bbox 271 5862 649 5913; x_wconf 73' lang='grc' dir='ltr'><strong>Ιιίηιιαιηίνηιηηι.</strong></span> <span class='ocrx_word' id='word_1_443' title='bbox 687 5860 786 5910; x_wconf 72' lang='lat' dir='ltr'><strong>Etsi</strong></span> <span class='ocrx_word' id='word_1_444' title='bbox 807 5860 872 5910; x_wconf 78' lang='lat' dir='ltr'><strong>ad</strong></span> <span class='ocrx_word' id='word_1_445' title='bbox 887 5859 1056 5912; x_wconf 73' lang='lat' dir='ltr'><strong>horam</strong></span> <span class='ocrx_word' id='word_1_446' title='bbox 1071 5859 1362 5922; x_wconf 77' lang='lat' dir='ltr'><strong>audientem,</strong></span> <span class='ocrx_word' id='word_1_447' title='bbox 1383 5866 1482 5909; x_wconf 91' lang='lat' dir='ltr'><strong>etc.</strong></span> 
     </span>
    </p>
   </div>
   <div class='ocr_carea' id='block_1_64' title="bbox 1591 413 2184 481">
    <p class='ocr_par' dir='ltr' id='par_1_64' title="bbox 1591 413 2184 481">
     <span class='ocr_line' id='line_1_64' title="bbox 1591 413 2184 481; baseline 0.007 -5"><span class='ocrx_word' id='word_1_448' title='bbox 1591 413 1916 478; x_wconf 72' lang='lat' dir='ltr'><strong>EPISTOLA</strong></span> <span class='ocrx_word' id='word_1_449' title='bbox 1955 417 2184 481; x_wconf 72' lang='lat' dir='ltr'><strong>XCVI“.</strong></span> 
     </span>
    </p>
   </div>
   <div class='ocr_carea' id='block_1_65' title="bbox 1943 537 3522 628">
    <p class='ocr_par' dir='ltr' id='par_1_65' title="bbox 1943 537 3522 628">
     <span class='ocr_line' id='line_1_65' title="bbox 1943 537 3522 628; baseline 0.016 -38"><span class='ocrx_word' id='word_1_450' title='bbox 1943 537 2091 628; x_wconf 81' lang='lat' dir='ltr'><strong>tiam,</strong></span> <span class='ocrx_word' id='word_1_451' title='bbox 2121 552 2241 610; x_wconf 66' lang='lat' dir='ltr'><strong>quae</strong></span> <span class='ocrx_word' id='word_1_452' title='bbox 2270 537 2322 594; x_wconf 93' lang='lat' dir='ltr'><strong>in</strong></span> <span class='ocrx_word' id='word_1_453' title='bbox 2351 553 2552 598; x_wconf 90' lang='lat' dir='ltr'><strong>morem</strong></span> <span class='ocrx_word' id='word_1_454' title='bbox 2575 547 2829 604; x_wconf 86' lang='lat' dir='ltr'><strong>torrentis</strong></span> <span class='ocrx_word' id='word_1_455' title='bbox 2852 545 2921 606; x_wconf 89' lang='lat' dir='ltr'><strong>de</strong></span> <span class='ocrx_word' id='word_1_456' title='bbox 2941 551 3172 620; x_wconf 89' lang='lat' dir='ltr'><strong>pessima</strong></span> <span class='ocrx_word' id='word_1_457' title='bbox 3197 564 3376 611; x_wconf 84' lang='lat' dir='ltr'><strong>mente</strong></span> <span class='ocrx_word' id='word_1_458' title='bbox 3395 573 3522 628; x_wconf 89' lang='lat' dir='ltr'><strong>pro-</strong></span> 
     </span>
    </p>
   </div>
   <div class='ocr_carea' id='block_1_66' title="bbox 1941 624 3520 720">
    <p class='ocr_par' dir='ltr' id='par_1_66' title="bbox 1941 624 3520 720">
     <span class='ocr_line' id='line_1_66' title="bbox 1941 624 3520 720; baseline 0.015 -39"><span class='ocrx_word' id='word_1_459' title='bbox 1941 624 2361 720; x_wconf 80' lang='lat' dir='ltr'><strong>fertur,obruere</strong></span> <span class='ocrx_word' id='word_1_460' title='bbox 2377 641 2646 690; x_wconf 90' lang='lat' dir='ltr'><strong>auctorem</strong></span> <span class='ocrx_word' id='word_1_461' title='bbox 2661 649 2814 692; x_wconf 91' lang='lat' dir='ltr'><strong>suum</strong></span> <span class='ocrx_word' id='word_1_462' title='bbox 2837 655 2850 690; x_wconf 93' lang='lat'><strong>:</strong></span> <span class='ocrx_word' id='word_1_463' title='bbox 2869 648 2923 694; x_wconf 90' lang='lat' dir='ltr'><strong>et</strong></span> <span class='ocrx_word' id='word_1_464' title='bbox 2943 641 3148 698; x_wconf 88' lang='lat' dir='ltr'><strong>litteras</strong></span> <span class='ocrx_word' id='word_1_465' title='bbox 3159 624 3520 720; x_wconf 82' lang='lat' dir='ltr'><strong>syllabasque,</strong></span> 
     </span>
    </p>
   </div>
   <div class='ocr_carea' id='block_1_67' title="bbox 1942 718 3524 805">
    <p class='ocr_par' dir='ltr' id='par_1_67' title="bbox 1942 718 3524 805">
     <span class='ocr_line' id='line_1_67' title="bbox 1942 718 3524 805; baseline 0.016 -35"><span class='ocrx_word' id='word_1_466' title='bbox 1942 718 2136 787; x_wconf 88' lang='lat' dir='ltr'><strong>quibus</strong></span> <span class='ocrx_word' id='word_1_467' title='bbox 2182 731 2297 777; x_wconf 86' lang='lat' dir='ltr'><strong>erat</strong></span> <span class='ocrx_word' id='word_1_468' title='bbox 2342 733 2612 791; x_wconf 77' lang='lat' dir='ltr'><strong>contexta,</strong></span> <span class='ocrx_word' id='word_1_469' title='bbox 2655 727 2992 798; x_wconf 88' lang='lat' dir='ltr'><strong>perdentem,</strong></span> <span class='ocrx_word' id='word_1_470' title='bbox 3035 733 3237 805; x_wconf 89' lang='lat' dir='ltr'><strong>absque</strong></span> <span class='ocrx_word' id='word_1_471' title='bbox 3278 718 3438 793; x_wconf 85' lang='lat' dir='ltr'><strong>sensu</strong></span> <span class='ocrx_word' id='word_1_472' title='bbox 3463 749 3524 795; x_wconf 85' lang='lat' dir='ltr'><strong>et</strong></span> 
     </span>
    </p>
   </div>
   <div class='ocr_carea' id='block_1_68' title="bbox 1940 811 3527 889">
    <p class='ocr_par' dir='ltr' id='par_1_68' title="bbox 1940 811 3527 889">
     <span class='ocr_line' id='line_1_68' title="bbox 1940 811 3527 889; baseline 0.015 -28"><span class='ocrx_word' id='word_1_473' title='bbox 1940 819 2163 875; x_wconf 89' lang='lat' dir='ltr'><strong>sono,et</strong></span> <span class='ocrx_word' id='word_1_474' title='bbox 2188 811 2290 867; x_wconf 89' lang='lat' dir='ltr'><strong>ulla</strong></span> <span class='ocrx_word' id='word_1_475' title='bbox 2308 812 2535 882; x_wconf 87' lang='lat' dir='ltr'><strong>imagine</strong></span> <span class='ocrx_word' id='word_1_476' title='bbox 2550 815 2868 889; x_wconf 87' lang='lat' dir='ltr'><strong>derelinqui,</strong></span> <span class='ocrx_word' id='word_1_477' title='bbox 2889 828 2944 874; x_wconf 93' lang='lat' dir='ltr'><strong>et</strong></span> <span class='ocrx_word' id='word_1_478' title='bbox 2967 822 3136 878; x_wconf 85' lang='lat' dir='ltr'><strong>instar</strong></span> <span class='ocrx_word' id='word_1_479' title='bbox 3175 829 3527 884; x_wconf 83' lang='lat' dir='ltr'><strong>venenatissi-</strong></span> 
     </span>
    </p>
   </div>
   <div class='ocr_carea' id='block_1_69' title="bbox 1941 899 3524 987">
    <p class='ocr_par' dir='ltr' id='par_1_69' title="bbox 1941 899 3524 987">
     <span class='ocr_line' id='line_1_69' title="bbox 1941 899 3524 987; baseline 0.013 -34"><span class='ocrx_word' id='word_1_480' title='bbox 1941 899 2014 953; x_wconf 91' lang='lat' dir='ltr'><strong>mi</strong></span> <span class='ocrx_word' id='word_1_481' title='bbox 2055 900 2261 957; x_wconf 90' lang='lat' dir='ltr'><strong>colubri</strong></span> <span class='ocrx_word' id='word_1_482' title='bbox 2312 913 2593 973; x_wconf 87' lang='lat' dir='ltr'><strong>percutere</strong></span> <span class='ocrx_word' id='word_1_483' title='bbox 2631 908 2958 977; x_wconf 89' lang='lat' dir='ltr'><strong>prolatorem</strong></span> <span class='ocrx_word' id='word_1_484' title='bbox 3002 924 3178 980; x_wconf 91' lang='lat' dir='ltr'><strong>suum,</strong></span> <span class='ocrx_word' id='word_1_485' title='bbox 3236 916 3524 987; x_wconf 86' lang='lat' dir='ltr'><strong>statimque</strong></span> 
     </span>
    </p>
   </div>
   <div class='ocr_carea' id='block_1_70' title="bbox 1943 994 3525 1069">
    <p class='ocr_par' dir='ltr' id='par_1_70' title="bbox 1943 994 3525 1069">
     <span class='ocr_line' id='line_1_70' title="bbox 1943 994 3525 1069; baseline 0.013 -22"><span class='ocrx_word' id='word_1_486' title='bbox 1943 994 2217 1050; x_wconf 85' lang='lat' dir='ltr'><strong>retrahere</strong></span> <span class='ocrx_word' id='word_1_487' title='bbox 2263 1007 2443 1067; x_wconf 90' lang='lat' dir='ltr'><strong>caput,</strong></span> <span class='ocrx_word' id='word_1_488' title='bbox 2490 1007 2546 1054; x_wconf 89' lang='lat' dir='ltr'><strong>et</strong></span> <span class='ocrx_word' id='word_1_489' title='bbox 2581 1000 2734 1069; x_wconf 86' lang='lat' dir='ltr'><strong>quasi</strong></span> <span class='ocrx_word' id='word_1_490' title='bbox 2761 1002 2813 1056; x_wconf 91' lang='lat' dir='ltr'><strong>in</strong></span> <span class='ocrx_word' id='word_1_491' title='bbox 2847 1001 3108 1060; x_wconf 91' lang='lat' dir='ltr'><strong>foramine</strong></span> <span class='ocrx_word' id='word_1_492' title='bbox 3144 1008 3337 1065; x_wconf 89' lang='lat' dir='ltr'><strong>mentis</strong></span> <span class='ocrx_word' id='word_1_493' title='bbox 3376 1010 3525 1068; x_wconf 87' lang='lat' dir='ltr'><strong>tabe-</strong></span> 
     </span>
    </p>
   </div>
   <div class='ocr_carea' id='block_1_71' title="bbox 1941 1089 3528 1155">
    <p class='ocr_par' dir='ltr' id='par_1_71' title="bbox 1941 1089 3528 1155">
     <span class='ocr_line' id='line_1_71' title="bbox 1941 1089 3528 1155; baseline 0.011 -18"><span class='ocrx_word' id='word_1_494' title='bbox 1941 1097 2094 1138; x_wconf 90' lang='lat' dir='ltr'><strong>scere</strong></span> <span class='ocrx_word' id='word_1_495' title='bbox 2117 1093 2276 1154; x_wconf 87' lang='lat' dir='ltr'><strong>atque</strong></span> <span class='ocrx_word' id='word_1_496' title='bbox 2302 1089 2566 1142; x_wconf 86' lang='lat' dir='ltr'><strong>consumi.</strong></span> <span class='ocrx_word' id='word_1_497' title='bbox 2599 1089 2732 1144; x_wconf 86' lang='lat' dir='ltr'><strong>Nam</strong></span> <span class='ocrx_word' id='word_1_498' title='bbox 2767 1092 3168 1149; x_wconf 85' lang='lat' dir='ltr'><strong>mendaciorum</strong></span> <span class='ocrx_word' id='word_1_499' title='bbox 3197 1096 3320 1152; x_wconf 87' lang='lat' dir='ltr'><strong>finis</strong></span> <span class='ocrx_word' id='word_1_500' title='bbox 3342 1097 3528 1155; x_wconf 85' lang='lat' dir='ltr'><strong>interi-</strong></span> 
     </span>
    </p>
   </div>
   <div class='ocr_carea' id='block_1_72' title="bbox 1937 1175 3527 1253">
    <p class='ocr_par' dir='ltr' id='par_1_72' title="bbox 1937 1175 3527 1253">
     <span class='ocr_line' id='line_1_72' title="bbox 1937 1175 3527 1253; baseline 0.012 -27"><span class='ocrx_word' id='word_1_501' title='bbox 1937 1183 2030 1226; x_wconf 84' lang='lat' dir='ltr'><strong>tus</strong></span> <span class='ocrx_word' id='word_1_502' title='bbox 2072 1183 2172 1228; x_wconf 92' lang='lat' dir='ltr'><strong>est.</strong></span> <span class='ocrx_word' id='word_1_503' title='bbox 2229 1175 2308 1229; x_wconf 91' lang='lat' dir='ltr'><strong>llli</strong></span> <span class='ocrx_word' id='word_1_504' title='bbox 2355 1177 2445 1247; x_wconf 88' lang='lat' dir='ltr'><strong>qui</strong></span> <span class='ocrx_word' id='word_1_505' title='bbox 2489 1179 2760 1248; x_wconf 88' lang='lat' dir='ltr'><strong>quondam</strong></span> <span class='ocrx_word' id='word_1_506' title='bbox 2801 1182 3075 1253; x_wconf 74' lang='lat' dir='ltr'><strong>iactabant</strong></span> <span class='ocrx_word' id='word_1_507' title='bbox 3115 1201 3175 1242; x_wconf 90' lang='lat' dir='ltr'><strong>se</strong></span> <span class='ocrx_word' id='word_1_508' title='bbox 3222 1188 3527 1245; x_wconf 88' lang='lat' dir='ltr'><strong>solitudinis</strong></span> 
     </span>
    </p>
   </div>
   <div class='ocr_carea' id='block_1_73' title="bbox 1941 1265 3523 1345">
    <p class='ocr_par' dir='ltr' id='par_1_73' title="bbox 1941 1265 3523 1345">
     <span class='ocr_line' id='line_1_73' title="bbox 1941 1265 3523 1345; baseline 0.014 -31"><span class='ocrx_word' id='word_1_509' title='bbox 1941 1271 2228 1330; x_wconf 84' lang='lat' dir='ltr'><strong>amatores,</strong></span> <span class='ocrx_word' id='word_1_510' title='bbox 2257 1265 2446 1320; x_wconf 91' lang='lat' dir='ltr'><strong>saltem</strong></span> <span class='ocrx_word' id='word_1_511' title='bbox 2477 1270 2750 1336; x_wconf 83' lang='lat' dir='ltr'><strong>parvulam</strong></span> <span class='ocrx_word' id='word_1_512' title='bbox 2777 1272 2844 1326; x_wconf 90' lang='lat' dir='ltr'><strong>ad</strong></span> <span class='ocrx_word' id='word_1_513' title='bbox 2875 1274 3188 1331; x_wconf 88' lang='lat' dir='ltr'><strong>occultanda</strong></span> <span class='ocrx_word' id='word_1_514' title='bbox 3218 1277 3523 1345; x_wconf 87' lang='lat' dir='ltr'><strong>maledicta,</strong></span> 
     </span>
    </p>
   </div>
   <div class='ocr_carea' id='block_1_74' title="bbox 1940 1353 3530 1434">
    <p class='ocr_par' dir='ltr' id='par_1_74' title="bbox 1940 1353 3530 1434">
     <span class='ocr_line' id='line_1_74' title="bbox 1940 1353 3530 1434; baseline 0.013 -29"><span class='ocrx_word' id='word_1_515' title='bbox 1940 1365 2104 1420; x_wconf 88' lang='lat' dir='ltr'><strong>super</strong></span> <span class='ocrx_word' id='word_1_516' title='bbox 2147 1353 2286 1408; x_wconf 89' lang='lat' dir='ltr'><strong>labia</strong></span> <span class='ocrx_word' id='word_1_517' title='bbox 2334 1354 2532 1412; x_wconf 89' lang='lat' dir='ltr'><strong>furoris</strong></span> <span class='ocrx_word' id='word_1_518' title='bbox 2576 1360 2659 1414; x_wconf 92' lang='lat' dir='ltr'><strong>sui</strong></span> <span class='ocrx_word' id='word_1_519' title='bbox 2707 1361 2976 1418; x_wconf 69' lang='lat' dir='ltr'><strong>aediﬁcent</strong></span> <span class='ocrx_word' id='word_1_520' title='bbox 3017 1364 3284 1434; x_wconf 88' lang='lat' dir='ltr'><strong>cellulam,</strong></span> <span class='ocrx_word' id='word_1_521' title='bbox 3323 1384 3432 1424; x_wconf 91' lang='lat' dir='ltr'><strong>non</strong></span> <span class='ocrx_word' id='word_1_522' title='bbox 3461 1371 3530 1426; x_wconf 91' lang='lat' dir='ltr'><strong>de</strong></span> 
     </span>
    </p>
   </div>
   <div class='ocr_carea' id='block_1_75' title="bbox 1941 1444 3531 1534">
    <p class='ocr_par' dir='ltr' id='par_1_75' title="bbox 1941 1444 3531 1534">
     <span class='ocr_line' id='line_1_75' title="bbox 1941 1444 3531 1534; baseline 0.011 -36"><span class='ocrx_word' id='word_1_523' title='bbox 1941 1446 2141 1500; x_wconf 89' lang='lat' dir='ltr'><strong>sanctis</strong></span> <span class='ocrx_word' id='word_1_524' title='bbox 2167 1444 2466 1503; x_wconf 80' lang='lat' dir='ltr'><strong>Jerusalem</strong></span> <span class='ocrx_word' id='word_1_525' title='bbox 2493 1449 2782 1520; x_wconf 89' lang='lat' dir='ltr'><strong>lapidibus,</strong></span> <span class='ocrx_word' id='word_1_526' title='bbox 2813 1455 2908 1510; x_wconf 88' lang='lat' dir='ltr'><strong>sed</strong></span> <span class='ocrx_word' id='word_1_527' title='bbox 2938 1457 3256 1516; x_wconf 86' lang='lat' dir='ltr'><strong>informibus</strong></span> <span class='ocrx_word' id='word_1_528' title='bbox 3298 1461 3531 1534; x_wconf 83' lang='lat' dir='ltr'><strong>Babylo-</strong></span> 
     </span>
    </p>
   </div>
   <div class='ocr_carea' id='block_1_76' title="bbox 1941 1535 3530 1615">
    <p class='ocr_par' dir='ltr' id='par_1_76' title="bbox 1941 1535 3530 1615">
     <span class='ocr_line' id='line_1_76' title="bbox 1941 1535 3530 1615; baseline 0.013 -28"><span class='ocrx_word' id='word_1_529' title='bbox 1941 1535 2026 1588; x_wconf 85' lang='lat' dir='ltr'><strong>nis</strong></span> <span class='ocrx_word' id='word_1_530' title='bbox 2046 1536 2211 1603; x_wconf 81' lang='lat' dir='ltr'><strong>saxis,</strong></span> <span class='ocrx_word' id='word_1_531' title='bbox 2240 1552 2360 1606; x_wconf 74' lang='lat' dir='ltr'><strong>quze</strong></span> <span class='ocrx_word' id='word_1_532' title='bbox 2393 1538 2626 1596; x_wconf 86' lang='lat' dir='ltr'><strong>indolata</strong></span> <span class='ocrx_word' id='word_1_533' title='bbox 2674 1551 2731 1598; x_wconf 91' lang='lat' dir='ltr'><strong>et</strong></span> <span class='ocrx_word' id='word_1_534' title='bbox 2772 1545 3053 1615; x_wconf 75' lang='lat' dir='ltr'><strong>intequalia</strong></span> <span class='ocrx_word' id='word_1_535' title='bbox 3082 1549 3302 1606; x_wconf 78' lang='lat' dir='ltr'><strong>ruitura:</strong></span> <span class='ocrx_word' id='word_1_536' title='bbox 3332 1550 3530 1608; x_wconf 85' lang='lat' dir='ltr'><strong>domus</strong></span> 
     </span>
    </p>
   </div>
   <div class='ocr_carea' id='block_1_77' title="bbox 1944 1626 3526 1716">
    <p class='ocr_par' dir='ltr' id='par_1_77' title="bbox 1944 1626 3526 1716">
     <span class='ocr_line' id='line_1_77' title="bbox 1944 1626 3526 1716; baseline 0.015 -41"><span class='ocrx_word' id='word_1_537' title='bbox 1944 1626 2176 1695; x_wconf 87' lang='lat' dir='ltr'><strong>parietes</strong></span> <span class='ocrx_word' id='word_1_538' title='bbox 2208 1627 2447 1683; x_wconf 88' lang='lat' dir='ltr'><strong>lulciant.</strong></span> <span class='ocrx_word' id='word_1_539' title='bbox 2479 1630 2791 1702; x_wconf 88' lang='lat' dir='ltr'><strong>Quanquam</strong></span> <span class='ocrx_word' id='word_1_540' title='bbox 2821 1635 3138 1693; x_wconf 76' lang='lat' dir='ltr'><strong>effeminatis</strong></span> <span class='ocrx_word' id='word_1_541' title='bbox 3160 1637 3239 1711; x_wconf 81' lang='lat' dir='ltr'><strong>[f.</strong></span> <span class='ocrx_word' id='word_1_542' title='bbox 3269 1639 3526 1716; x_wconf 69' lang='lat' dir='ltr'><strong>efferatis]</strong></span> 
     </span>
    </p>
   </div>
   <div class='ocr_carea' id='block_1_78' title="bbox 1939 1717 3530 1786">
    <p class='ocr_par' dir='ltr' id='par_1_78' title="bbox 1939 1717 3530 1786">
     <span class='ocr_line' id='line_1_78' title="bbox 1939 1717 3530 1786; baseline 0.011 -16"><span class='ocrx_word' id='word_1_543' title='bbox 1939 1717 2180 1783; x_wconf 86' lang='lat' dir='ltr'><strong>auribus,</strong></span> <span class='ocrx_word' id='word_1_544' title='bbox 2213 1727 2266 1772; x_wconf 91' lang='lat' dir='ltr'><strong>et</strong></span> <span class='ocrx_word' id='word_1_545' title='bbox 2295 1717 2584 1774; x_wconf 87' lang='lat' dir='ltr'><strong>Gentilium</strong></span> <span class='ocrx_word' id='word_1_546' title='bbox 2606 1723 2744 1778; x_wconf 90' lang='lat' dir='ltr'><strong>odiis</strong></span> <span class='ocrx_word' id='word_1_547' title='bbox 2765 1739 2823 1779; x_wconf 91' lang='lat' dir='ltr'><strong>se</strong></span> <span class='ocrx_word' id='word_1_548' title='bbox 2847 1727 3015 1781; x_wconf 89' lang='lat' dir='ltr'><strong>nostri</strong></span> <span class='ocrx_word' id='word_1_549' title='bbox 3035 1726 3365 1786; x_wconf 88' lang='lat' dir='ltr'><strong>detractione</strong></span> <span class='ocrx_word' id='word_1_550' title='bbox 3381 1745 3530 1786; x_wconf 90' lang='lat' dir='ltr'><strong>com-</strong></span> 
     </span>
    </p>
   </div>
   <div class='ocr_carea' id='block_1_79' title="bbox 1942 1807 3530 1889">
    <p class='ocr_par' dir='ltr' id='par_1_79' title="bbox 1942 1807 3530 1889">
     <span class='ocr_line' id='line_1_79' title="bbox 1942 1807 3530 1889; baseline 0.009 -27"><span class='ocrx_word' id='word_1_551' title='bbox 1942 1807 2215 1875; x_wconf 87' lang='lat' dir='ltr'><strong>mendent,</strong></span> <span class='ocrx_word' id='word_1_552' title='bbox 2267 1820 2549 1880; x_wconf 87' lang='lat' dir='ltr'><strong>carpentes</strong></span> <span class='ocrx_word' id='word_1_553' title='bbox 2595 1814 3012 1872; x_wconf 82' lang='lat' dir='ltr'><strong>ecclesiasticam</strong></span> <span class='ocrx_word' id='word_1_554' title='bbox 3058 1818 3430 1889; x_wconf 86' lang='lat' dir='ltr'><strong>disciplinam,</strong></span> <span class='ocrx_word' id='word_1_555' title='bbox 3473 1830 3530 1878; x_wconf 81' lang='lat' dir='ltr'><strong>et</strong></span> 
     </span>
    </p>
   </div>
   <div class='ocr_carea' id='block_1_80' title="bbox 1941 1897 3527 1972">
    <p class='ocr_par' dir='ltr' id='par_1_80' title="bbox 1941 1897 3527 1972">
     <span class='ocr_line' id='line_1_80' title="bbox 1941 1897 3527 1972; baseline 0.012 -25"><span class='ocrx_word' id='word_1_556' title='bbox 1941 1897 2192 1966; x_wconf 68' lang='lat' dir='ltr'><strong>panicutia</strong></span> <span class='ocrx_word' id='word_1_557' title='bbox 2219 1907 2399 1952; x_wconf 88' lang='lat' dir='ltr'><strong>nostra</strong></span> <span class='ocrx_word' id='word_1_558' title='bbox 2422 1901 2572 1970; x_wconf 90' lang='lat' dir='ltr'><strong>quasi</strong></span> <span class='ocrx_word' id='word_1_559' title='bbox 2597 1902 2826 1972; x_wconf 90' lang='lat' dir='ltr'><strong>quodam</strong></span> <span class='ocrx_word' id='word_1_560' title='bbox 2850 1905 3166 1962; x_wconf 90' lang='lat' dir='ltr'><strong>temeritatis</strong></span> <span class='ocrx_word' id='word_1_561' title='bbox 3190 1906 3377 1965; x_wconf 89' lang='lat' dir='ltr'><strong>fomite</strong></span> <span class='ocrx_word' id='word_1_562' title='bbox 3397 1909 3527 1965; x_wconf 88' lang='lat' dir='ltr'><strong>abu—</strong></span> 
     </span>
    </p>
   </div>
   <div class='ocr_carea' id='block_1_81' title="bbox 1943 1991 3528 2068">
    <p class='ocr_par' dir='ltr' id='par_1_81' title="bbox 1943 1991 3528 2068">
     <span class='ocr_line' id='line_1_81' title="bbox 1943 1991 3528 2068; baseline 0.008 -26"><span class='ocrx_word' id='word_1_563' title='bbox 1943 1996 2149 2054; x_wconf 87' lang='lat' dir='ltr'><strong>tentes;</strong></span> <span class='ocrx_word' id='word_1_564' title='bbox 2180 1998 2356 2044; x_wconf 87' lang='lat' dir='ltr'><strong>tamen</strong></span> <span class='ocrx_word' id='word_1_565' title='bbox 2383 1991 2668 2061; x_wconf 90' lang='lat' dir='ltr'><strong>aliquando</strong></span> <span class='ocrx_word' id='word_1_566' title='bbox 2697 2003 2908 2050; x_wconf 84' lang='lat' dir='ltr'><strong>taceant</strong></span> <span class='ocrx_word' id='word_1_567' title='bbox 2948 2006 3004 2052; x_wconf 91' lang='lat' dir='ltr'><strong>et</strong></span> <span class='ocrx_word' id='word_1_568' title='bbox 3027 1997 3326 2068; x_wconf 88' lang='lat' dir='ltr'><strong>quiescant,</strong></span> <span class='ocrx_word' id='word_1_569' title='bbox 3357 2008 3412 2056; x_wconf 92' lang='lat' dir='ltr'><strong>et</strong></span> <span class='ocrx_word' id='word_1_570' title='bbox 3436 2015 3528 2055; x_wconf 89' lang='lat' dir='ltr'><strong>au-</strong></span> 
     </span>
    </p>
   </div>
   <div class='ocr_carea' id='block_1_82' title="bbox 1941 2078 3531 2161">
    <p class='ocr_par' dir='ltr' id='par_1_82' title="bbox 1941 2078 3531 2161">
     <span class='ocr_line' id='line_1_82' title="bbox 1941 2078 3531 2161; baseline 0.007 -27"><span class='ocrx_word' id='word_1_571' title='bbox 1941 2078 2088 2135; x_wconf 82' lang='lat' dir='ltr'><strong>diant</strong></span> <span class='ocrx_word' id='word_1_572' title='bbox 2133 2080 2457 2151; x_wconf 86' lang='lat' dir='ltr'><strong>Prophetam</strong></span> <span class='ocrx_word' id='word_1_573' title='bbox 2485 2082 2750 2139; x_wconf 91' lang='lat' dir='ltr'><strong>dicentem</strong></span> <span class='ocrx_word' id='word_1_574' title='bbox 2781 2102 2794 2139; x_wconf 90' lang='lat'><strong>:</strong></span> <span class='ocrx_word' id='word_1_575' title='bbox 2825 2085 3050 2142; x_wconf 82' lang='lat' dir='ltr'><strong>Prohibe</strong></span> <span class='ocrx_word' id='word_1_576' title='bbox 3075 2089 3305 2161; x_wconf 77' lang='lat' dir='ltr'><strong>linguam</strong></span> <span class='ocrx_word' id='word_1_577' title='bbox 3331 2099 3468 2144; x_wconf 89' lang='lat' dir='ltr'><strong>tuam</strong></span> <span class='ocrx_word' id='word_1_578' title='bbox 3497 2107 3531 2145; x_wconf 73' lang='grc' dir='ltr'><strong><em>ι</em></strong></span> 
     </span>
    </p>
   </div>
   <div class='ocr_carea' id='block_1_83' title="bbox 1941 2172 3531 2254">
    <p class='ocr_par' dir='ltr' id='par_1_83' title="bbox 1941 2172 3531 2254">
     <span class='ocr_line' id='line_1_83' title="bbox 1941 2172 3531 2254; baseline 0.009 -31"><span class='ocrx_word' id='word_1_579' title='bbox 1941 2172 2096 2237; x_wconf 83' lang='lat' dir='ltr'><strong>malo,</strong></span> <span class='ocrx_word' id='word_1_580' title='bbox 2143 2182 2191 2226; x_wconf 85' lang='lat' dir='ltr'><strong>et</strong></span> <span class='ocrx_word' id='word_1_581' title='bbox 2215 2172 2351 2227; x_wconf 82' lang='lat' dir='ltr'><strong>labia</strong></span> <span class='ocrx_word' id='word_1_582' title='bbox 2375 2183 2463 2228; x_wconf 89' lang='lat' dir='ltr'><strong>tua</strong></span> <span class='ocrx_word' id='word_1_583' title='bbox 2490 2191 2556 2230; x_wconf 84' lang='lat' dir='ltr'><strong>ne</strong></span> <span class='ocrx_word' id='word_1_584' title='bbox 2584 2176 2857 2246; x_wconf 76' lang='lat' dir='ltr'><strong>loquantur</strong></span> <span class='ocrx_word' id='word_1_585' title='bbox 2883 2179 3060 2234; x_wconf 76' lang='lat' dir='ltr'><strong>dolum</strong></span> <span class='ocrx_word' id='word_1_586' title='bbox 3087 2179 3206 2254; x_wconf 84' lang='lat' dir='ltr'><strong>(Ps.</strong></span> <span class='ocrx_word' id='word_1_587' title='bbox 3234 2181 3348 2254; x_wconf 75' lang='lat'><strong>55).</strong></span> <span class='ocrx_word' id='word_1_588' title='bbox 3379 2183 3531 2238; x_wconf 89' lang='lat' dir='ltr'><strong>Desi-</strong></span> 
     </span>
    </p>
   </div>
   <div class='ocr_carea' id='block_1_84' title="bbox 1942 2262 3532 2343">
    <p class='ocr_par' dir='ltr' id='par_1_84' title="bbox 1942 2262 3532 2343">
     <span class='ocr_line' id='line_1_84' title="bbox 1942 2262 3532 2343; baseline 0.009 -25"><span class='ocrx_word' id='word_1_589' title='bbox 1942 2262 2240 2334; x_wconf 87' lang='lat' dir='ltr'><strong>derentque</strong></span> <span class='ocrx_word' id='word_1_590' title='bbox 2269 2279 2332 2320; x_wconf 89' lang='lat' dir='ltr'><strong>ea</strong></span> <span class='ocrx_word' id='word_1_591' title='bbox 2377 2281 2587 2336; x_wconf 88' lang='lat' dir='ltr'><strong>sapere,</strong></span> <span class='ocrx_word' id='word_1_592' title='bbox 2617 2284 2739 2339; x_wconf 65' lang='lat' dir='ltr'><strong>quae</strong></span> <span class='ocrx_word' id='word_1_593' title='bbox 2766 2271 2923 2341; x_wconf 88' lang='lat' dir='ltr'><strong>digna</strong></span> <span class='ocrx_word' id='word_1_594' title='bbox 2953 2283 3078 2328; x_wconf 88' lang='lat' dir='ltr'><strong>sunt</strong></span> <span class='ocrx_word' id='word_1_595' title='bbox 3109 2273 3216 2329; x_wconf 89' lang='lat' dir='ltr'><strong>vita</strong></span> <span class='ocrx_word' id='word_1_596' title='bbox 3244 2285 3446 2343; x_wconf 90' lang='lat' dir='ltr'><strong>sancta,</strong></span> <span class='ocrx_word' id='word_1_597' title='bbox 3476 2286 3532 2332; x_wconf 91' lang='lat' dir='ltr'><strong>ct</strong></span> 
     </span>
    </p>
   </div>
   <div class='ocr_carea' id='block_1_85' title="bbox 1943 2353 3531 2432">
    <p class='ocr_par' dir='ltr' id='par_1_85' title="bbox 1943 2353 3531 2432">
     <span class='ocr_line' id='line_1_85' title="bbox 1943 2353 3531 2432; baseline 0.01 -25"><span class='ocrx_word' id='word_1_598' title='bbox 1943 2353 2195 2409; x_wconf 65' lang='lat' dir='ltr'><strong>Ecclesia:</strong></span> <span class='ocrx_word' id='word_1_599' title='bbox 2225 2356 2515 2427; x_wconf 86' lang='lat' dir='ltr'><strong>principem</strong></span> <span class='ocrx_word' id='word_1_600' title='bbox 2545 2373 2608 2413; x_wconf 93' lang='lat' dir='ltr'><strong>ac</strong></span> <span class='ocrx_word' id='word_1_601' title='bbox 2633 2359 2716 2430; x_wconf 69' lang='grc' dir='ltr'><strong>(ό)</strong></span> <span class='ocrx_word' id='word_1_602' title='bbox 2736 2361 3050 2432; x_wconf 89' lang='lat' dir='ltr'><strong>magistrum</strong></span> <span class='ocrx_word' id='word_1_603' title='bbox 3080 2379 3186 2419; x_wconf 92' lang='lat' dir='ltr'><strong>non</strong></span> <span class='ocrx_word' id='word_1_604' title='bbox 3211 2367 3531 2423; x_wconf 89' lang='lat' dir='ltr'><strong>contristent</strong></span> 
     </span>
    </p>
   </div>
   <div class='ocr_carea' id='block_1_86' title="bbox 1945 2443 2134 2499">
    <p class='ocr_par' dir='ltr' id='par_1_86' title="bbox 1945 2443 2134 2499">
     <span class='ocr_line' id='line_1_86' title="bbox 1945 2443 2134 2499; baseline 0.011 -2"><span class='ocrx_word' id='word_1_605' title='bbox 1945 2443 2134 2499; x_wconf 87' lang='lat' dir='ltr'><strong>Deum.</strong></span> 
     </span>
    </p>
   </div>
   <div class='ocr_carea' id='block_1_87' title="bbox 1934 2535 3530 2609">
    <p class='ocr_par' dir='ltr' id='par_1_87' title="bbox 1934 2535 3530 2609">
     <span class='ocr_line' id='line_1_87' title="bbox 1934 2535 3530 2609; baseline 0.009 -21"><span class='ocrx_word' id='word_1_606' title='bbox 1934 2557 1936 2559; x_wconf 46' lang='grc'>&gt;</span> <span class='ocrx_word' id='word_1_607' title='bbox 2012 2535 2104 2590; x_wconf 76' lang='lat'><strong>23.</strong></span> <span class='ocrx_word' id='word_1_608' title='bbox 2146 2535 2254 2592; x_wconf 83' lang='lat' dir='ltr'><strong>Vos</strong></span> <span class='ocrx_word' id='word_1_609' title='bbox 2297 2545 2474 2593; x_wconf 88' lang='lat' dir='ltr'><strong>autem</strong></span> <span class='ocrx_word' id='word_1_610' title='bbox 2514 2539 2760 2609; x_wconf 88' lang='lat' dir='ltr'><strong>obsecro,</strong></span> <span class='ocrx_word' id='word_1_611' title='bbox 2805 2541 3020 2608; x_wconf 91' lang='lat' dir='ltr'><strong>fratres,</strong></span> <span class='ocrx_word' id='word_1_612' title='bbox 3054 2553 3114 2600; x_wconf 92' lang='lat' dir='ltr'><strong>ut</strong></span> <span class='ocrx_word' id='word_1_613' title='bbox 3153 2545 3206 2601; x_wconf 91' lang='lat' dir='ltr'><strong>in</strong></span> <span class='ocrx_word' id='word_1_614' title='bbox 3247 2559 3530 2603; x_wconf 85' lang='lat' dir='ltr'><strong>commune</strong></span> 
     </span>
    </p>
   </div>
   <div class='ocr_carea' id='block_1_88' title="bbox 1944 2629 3531 2704">
    <p class='ocr_par' dir='ltr' id='par_1_88' title="bbox 1944 2629 3531 2704">
     <span class='ocr_line' id='line_1_88' title="bbox 1944 2629 3531 2704; baseline 0.008 -25"><span class='ocrx_word' id='word_1_615' title='bbox 1944 2639 2162 2680; x_wconf 88' lang='lat' dir='ltr'><strong>oremus</strong></span> <span class='ocrx_word' id='word_1_616' title='bbox 2205 2641 2303 2696; x_wconf 92' lang='lat' dir='ltr'><strong>pro</strong></span> <span class='ocrx_word' id='word_1_617' title='bbox 2349 2629 2450 2695; x_wconf 91' lang='lat' dir='ltr'><strong>eis,</strong></span> <span class='ocrx_word' id='word_1_618' title='bbox 2494 2637 2549 2684; x_wconf 90' lang='lat' dir='ltr'><strong>et</strong></span> <span class='ocrx_word' id='word_1_619' title='bbox 2579 2630 2875 2701; x_wconf 87' lang='lat' dir='ltr'><strong>prophetali</strong></span> <span class='ocrx_word' id='word_1_620' title='bbox 2904 2647 3037 2688; x_wconf 86' lang='lat' dir='ltr'><strong>voce</strong></span> <span class='ocrx_word' id='word_1_621' title='bbox 3079 2633 3316 2692; x_wconf 91' lang='lat' dir='ltr'><strong>dicamus</strong></span> <span class='ocrx_word' id='word_1_622' title='bbox 3353 2653 3367 2690; x_wconf 89' lang='lat'><strong>:</strong></span> <span class='ocrx_word' id='word_1_623' title='bbox 3402 2636 3531 2704; x_wconf 83' lang='lat' dir='ltr'><strong>Quis</strong></span> 
     </span>
    </p>
   </div>
   <div class='ocr_carea' id='block_1_89' title="bbox 1941 2717 3530 2799">
    <p class='ocr_par' dir='ltr' id='par_1_89' title="bbox 1941 2717 3530 2799">
     <span class='ocr_line' id='line_1_89' title="bbox 1941 2717 3530 2799; baseline 0.008 -29"><span class='ocrx_word' id='word_1_624' title='bbox 1941 2717 2084 2771; x_wconf 73' lang='lat' dir='ltr'><strong>dabit</strong></span> <span class='ocrx_word' id='word_1_625' title='bbox 2109 2719 2267 2788; x_wconf 83' lang='lat' dir='ltr'><strong>capiti</strong></span> <span class='ocrx_word' id='word_1_626' title='bbox 2283 2734 2394 2774; x_wconf 83' lang='lat' dir='ltr'><strong>meo</strong></span> <span class='ocrx_word' id='word_1_627' title='bbox 2419 2736 2627 2790; x_wconf 84' lang='lat' dir='ltr'><strong>aquam,</strong></span> <span class='ocrx_word' id='word_1_628' title='bbox 2654 2730 2701 2777; x_wconf 80' lang='lat' dir='ltr'><strong>et</strong></span> <span class='ocrx_word' id='word_1_629' title='bbox 2725 2724 2886 2779; x_wconf 81' lang='lat' dir='ltr'><strong>oculis</strong></span> <span class='ocrx_word' id='word_1_630' title='bbox 2913 2725 3038 2780; x_wconf 84' lang='lat' dir='ltr'><strong>meis</strong></span> <span class='ocrx_word' id='word_1_631' title='bbox 3061 2726 3254 2795; x_wconf 79' lang='lat' dir='ltr'><strong>fontem</strong></span> <span class='ocrx_word' id='word_1_632' title='bbox 3274 2727 3530 2799; x_wconf 81' lang='lat' dir='ltr'><strong>lacrgnta-</strong></span> 
     </span>
    </p>
   </div>
   <div class='ocr_carea' id='block_1_90' title="bbox 1943 2810 3531 2891">
    <p class='ocr_par' dir='ltr' id='par_1_90' title="bbox 1943 2810 3531 2891">
     <span class='ocr_line' id='line_1_90' title="bbox 1943 2810 3531 2891; baseline 0.007 -29"><span class='ocrx_word' id='word_1_633' title='bbox 1943 2810 2098 2864; x_wconf 68' lang='grc' dir='ltr'><em>τριηιὲ</em></span> <span class='ocrx_word' id='word_1_634' title='bbox 2143 2819 2192 2864; x_wconf 87' lang='lat' dir='ltr'><strong>et</strong></span> <span class='ocrx_word' id='word_1_635' title='bbox 2237 2811 2470 2881; x_wconf 81' lang='lat' dir='ltr'><strong>ploraba&#39;</strong></span> <span class='ocrx_word' id='word_1_636' title='bbox 2493 2813 2579 2867; x_wconf 78' lang='lat' dir='ltr'><strong>die</strong></span> <span class='ocrx_word' id='word_1_637' title='bbox 2618 2830 2680 2869; x_wconf 83' lang='lat' dir='ltr'><strong>ac</strong></span> <span class='ocrx_word' id='word_1_638' title='bbox 2708 2823 2852 2870; x_wconf 85' lang='lat' dir='ltr'><strong>nocte</strong></span> <span class='ocrx_word' id='word_1_639' title='bbox 2879 2816 3165 2872; x_wconf 77' lang='lat' dir='ltr'><strong>vulneratos</strong></span> <span class='ocrx_word' id='word_1_640' title='bbox 3202 2819 3326 2888; x_wconf 71' lang='lat' dir='ltr'><strong>ﬁlice</strong></span> <span class='ocrx_word' id='word_1_641' title='bbox 3354 2813 3531 2891; x_wconf 72' lang='lat' dir='ltr'><strong>populi</strong></span> 
     </span>
    </p>
   </div>
   <div class='ocr_carea' id='block_1_91' title="bbox 1945 2900 3532 2979">
    <p class='ocr_par' dir='ltr' id='par_1_91' title="bbox 1945 2900 3532 2979">
     <span class='ocr_line' id='line_1_91' title="bbox 1945 2900 3532 2979; baseline 0.009 -27"><span class='ocrx_word' id='word_1_642' title='bbox 1945 2901 2042 2954; x_wconf 85' lang='lat' dir='ltr'><strong>mei</strong></span> <span class='ocrx_word' id='word_1_643' title='bbox 2087 2900 2298 2971; x_wconf 75' lang='lat' dir='ltr'><strong>(1mm.</strong></span> <span class='ocrx_word' id='word_1_644' title='bbox 2327 2901 2386 2974; x_wconf 85' lang='lat'><strong>9)</strong></span> <span class='ocrx_word' id='word_1_645' title='bbox 2431 2920 2447 2959; x_wconf 91' lang='lat'><strong>:</strong></span> <span class='ocrx_word' id='word_1_646' title='bbox 2483 2904 2581 2960; x_wconf 89' lang='lat' dir='ltr'><strong>Dei</strong></span> <span class='ocrx_word' id='word_1_647' title='bbox 2621 2905 3044 2963; x_wconf 87' lang='lat' dir='ltr'><strong>miscricordiam</strong></span> <span class='ocrx_word' id='word_1_648' title='bbox 3071 2907 3442 2979; x_wconf 84' lang='lat' dir='ltr'><strong>deprecantes,</strong></span> <span class='ocrx_word' id='word_1_649' title='bbox 3475 2922 3532 2966; x_wconf 90' lang='lat' dir='ltr'><strong>ut</strong></span> 
     </span>
    </p>
   </div>
   <div class='ocr_carea' id='block_1_92' title="bbox 1945 2990 3532 3072">
    <p class='ocr_par' dir='ltr' id='par_1_92' title="bbox 1945 2990 3532 3072">
     <span class='ocr_line' id='line_1_92' title="bbox 1945 2990 3532 3072; baseline 0.008 -28"><span class='ocrx_word' id='word_1_650' title='bbox 1945 2990 2133 3048; x_wconf 82' lang='lat' dir='ltr'><strong>liberet</strong></span> <span class='ocrx_word' id='word_1_651' title='bbox 2156 3007 2250 3048; x_wconf 88' lang='lat' dir='ltr'><strong>eos</strong></span> <span class='ocrx_word' id='word_1_652' title='bbox 2275 3008 2459 3049; x_wconf 90' lang='lat' dir='ltr'><strong>errore</strong></span> <span class='ocrx_word' id='word_1_653' title='bbox 2481 3009 2589 3066; x_wconf 93' lang='lat' dir='ltr'><strong>quo</strong></span> <span class='ocrx_word' id='word_1_654' title='bbox 2616 2996 2782 3052; x_wconf 87' lang='lat' dir='ltr'><strong>vincti</strong></span> <span class='ocrx_word' id='word_1_655' title='bbox 2810 3005 2935 3053; x_wconf 89' lang='lat' dir='ltr'><strong>sunt</strong></span> <span class='ocrx_word' id='word_1_656' title='bbox 2962 3014 2976 3052; x_wconf 87' lang='lat'><strong>:</strong></span> <span class='ocrx_word' id='word_1_657' title='bbox 3003 3006 3058 3055; x_wconf 90' lang='lat' dir='ltr'><strong>et</strong></span> <span class='ocrx_word' id='word_1_658' title='bbox 3081 2999 3284 3068; x_wconf 91' lang='lat' dir='ltr'><strong>odium,</strong></span> <span class='ocrx_word' id='word_1_659' title='bbox 3310 3016 3418 3072; x_wconf 90' lang='lat' dir='ltr'><strong>quo</strong></span> <span class='ocrx_word' id='word_1_660' title='bbox 3437 3000 3532 3055; x_wconf 80' lang='lat' dir='ltr'><strong>ad-</strong></span> 
     </span>
    </p>
   </div>
   <div class='ocr_carea' id='block_1_93' title="bbox 1945 3083 3527 3152">
    <p class='ocr_par' dir='ltr' id='par_1_93' title="bbox 1945 3083 3527 3152">
     <span class='ocr_line' id='line_1_93' title="bbox 1945 3083 3527 3152; baseline 0.006 -15"><span class='ocrx_word' id='word_1_661' title='bbox 1945 3097 2158 3138; x_wconf 87' lang='lat' dir='ltr'><strong>versum</strong></span> <span class='ocrx_word' id='word_1_662' title='bbox 2173 3098 2273 3139; x_wconf 90' lang='lat' dir='ltr'><strong>nos</strong></span> <span class='ocrx_word' id='word_1_663' title='bbox 2289 3083 2480 3140; x_wconf 89' lang='lat' dir='ltr'><strong>frustra</strong></span> <span class='ocrx_word' id='word_1_664' title='bbox 2495 3086 2784 3152; x_wconf 89' lang='lat' dir='ltr'><strong>insaniunt,</strong></span> <span class='ocrx_word' id='word_1_665' title='bbox 2803 3102 2987 3144; x_wconf 87' lang='lat' dir='ltr'><strong>amore</strong></span> <span class='ocrx_word' id='word_1_666' title='bbox 3000 3099 3349 3146; x_wconf 88' lang='lat' dir='ltr'><strong>commutent.</strong></span> <span class='ocrx_word' id='word_1_667' title='bbox 3372 3090 3527 3148; x_wconf 86' lang='lat' dir='ltr'><strong>Unde</strong></span> 
     </span>
    </p>
   </div>
   <div class='ocr_carea' id='block_1_94' title="bbox 1945 3173 3528 3250">
    <p class='ocr_par' dir='ltr' id='par_1_94' title="bbox 1945 3173 3528 3250">
     <span class='ocr_line' id='line_1_94' title="bbox 1945 3173 3528 3250; baseline 0.006 -22"><span class='ocrx_word' id='word_1_668' title='bbox 1945 3181 2110 3229; x_wconf 88' lang='lat' dir='ltr'><strong>etnos</strong></span> <span class='ocrx_word' id='word_1_669' title='bbox 2129 3173 2278 3228; x_wconf 90' lang='lat' dir='ltr'><strong>obliti</strong></span> <span class='ocrx_word' id='word_1_670' title='bbox 2301 3174 2634 3245; x_wconf 76' lang='lat' dir='ltr'><strong>iniuriarum,</strong></span> <span class='ocrx_word' id='word_1_671' title='bbox 2707 3177 2869 3249; x_wconf 64' lang='grc' dir='ltr'><strong>θον</strong></span> <span class='ocrx_word' id='word_1_672' title='bbox 2941 3178 3400 3250; x_wconf 84' lang='lat' dir='ltr'><strong>indulgentissimo</strong></span> <span class='ocrx_word' id='word_1_673' title='bbox 3429 3195 3528 3238; x_wconf 88' lang='lat' dir='ltr'><strong>eos</strong></span> 
     </span>
    </p>
   </div>
   <div class='ocr_carea' id='block_1_95' title="bbox 1945 3265 3532 3336">
    <p class='ocr_par' dir='ltr' id='par_1_95' title="bbox 1945 3265 3532 3336">
     <span class='ocr_line' id='line_1_95' title="bbox 1945 3265 3532 3336; baseline 0.006 -17"><span class='ocrx_word' id='word_1_674' title='bbox 1945 3265 2187 3334; x_wconf 90' lang='lat' dir='ltr'><strong>cupimus</strong></span> <span class='ocrx_word' id='word_1_675' title='bbox 2215 3266 2457 3336; x_wconf 89' lang='lat' dir='ltr'><strong>recipere</strong></span> <span class='ocrx_word' id='word_1_676' title='bbox 2484 3267 2629 3336; x_wconf 89' lang='lat' dir='ltr'><strong>sinu,</strong></span> <span class='ocrx_word' id='word_1_677' title='bbox 2660 3277 2715 3324; x_wconf 92' lang='lat' dir='ltr'><strong>et</strong></span> <span class='ocrx_word' id='word_1_678' title='bbox 2744 3269 2960 3324; x_wconf 91' lang='lat' dir='ltr'><strong>illorum</strong></span> <span class='ocrx_word' id='word_1_679' title='bbox 2991 3271 3271 3326; x_wconf 89' lang='lat' dir='ltr'><strong>sanitatem</strong></span> <span class='ocrx_word' id='word_1_680' title='bbox 3302 3280 3356 3327; x_wconf 89' lang='lat' dir='ltr'><strong>et</strong></span> <span class='ocrx_word' id='word_1_681' title='bbox 3393 3287 3532 3328; x_wconf 84' lang='lat' dir='ltr'><strong>con-</strong></span> 
     </span>
    </p>
   </div>
   <div class='ocr_carea' id='block_1_96' title="bbox 1947 3355 3529 3431">
    <p class='ocr_par' dir='ltr' id='par_1_96' title="bbox 1947 3355 3529 3431">
     <span class='ocr_line' id='line_1_96' title="bbox 1947 3355 3529 3431; baseline 0.005 -23"><span class='ocrx_word' id='word_1_682' title='bbox 1947 3355 2247 3410; x_wconf 87' lang='lat' dir='ltr'><strong>versionem</strong></span> <span class='ocrx_word' id='word_1_683' title='bbox 2289 3356 2357 3410; x_wconf 89' lang='lat' dir='ltr'><strong>ad</strong></span> <span class='ocrx_word' id='word_1_684' title='bbox 2401 3355 2592 3424; x_wconf 90' lang='lat' dir='ltr'><strong>Deum,</strong></span> <span class='ocrx_word' id='word_1_685' title='bbox 2623 3359 2892 3428; x_wconf 90' lang='lat' dir='ltr'><strong>propriam</strong></span> <span class='ocrx_word' id='word_1_686' title='bbox 2919 3360 3199 3416; x_wconf 89' lang='lat' dir='ltr'><strong>sanitatem</strong></span> <span class='ocrx_word' id='word_1_687' title='bbox 3227 3369 3282 3416; x_wconf 90' lang='lat' dir='ltr'><strong>et</strong></span> <span class='ocrx_word' id='word_1_688' title='bbox 3309 3361 3529 3431; x_wconf 86' lang='lat' dir='ltr'><strong>gloriam</strong></span> 
     </span>
    </p>
   </div>
   <div class='ocr_carea' id='block_1_97' title="bbox 1947 3445 3533 3519">
    <p class='ocr_par' dir='ltr' id='par_1_97' title="bbox 1947 3445 3533 3519">
     <span class='ocr_line' id='line_1_97' title="bbox 1947 3445 3533 3519; baseline 0.004 -19"><span class='ocrx_word' id='word_1_689' title='bbox 1947 3456 2334 3516; x_wconf 90' lang='lat' dir='ltr'><strong>computamus.</strong></span> <span class='ocrx_word' id='word_1_690' title='bbox 2368 3445 2437 3501; x_wconf 85' lang='lat' dir='ltr'><strong>Et</strong></span> <span class='ocrx_word' id='word_1_691' title='bbox 2463 3447 2508 3502; x_wconf 91' lang='lat' dir='ltr'><strong>si</strong></span> <span class='ocrx_word' id='word_1_692' title='bbox 2531 3447 2691 3504; x_wconf 90' lang='lat' dir='ltr'><strong>aliter</strong></span> <span class='ocrx_word' id='word_1_693' title='bbox 2713 3462 2819 3504; x_wconf 91' lang='lat' dir='ltr'><strong>non</strong></span> <span class='ocrx_word' id='word_1_694' title='bbox 2849 3460 3071 3519; x_wconf 89' lang='lat' dir='ltr'><strong>possunt</strong></span> <span class='ocrx_word' id='word_1_695' title='bbox 3092 3451 3290 3515; x_wconf 89' lang='lat' dir='ltr'><strong>curari,</strong></span> <span class='ocrx_word' id='word_1_696' title='bbox 3312 3453 3412 3507; x_wconf 90' lang='lat' dir='ltr'><strong>nisi</strong></span> <span class='ocrx_word' id='word_1_697' title='bbox 3436 3467 3533 3508; x_wconf 87' lang='lat' dir='ltr'><strong>no-</strong></span> 
     </span>
    </p>
   </div>
   <div class='ocr_carea' id='block_1_98' title="bbox 1949 3537 3533 3610">
    <p class='ocr_par' dir='ltr' id='par_1_98' title="bbox 1949 3537 3533 3610">
     <span class='ocr_line' id='line_1_98' title="bbox 1949 3537 3533 3610; baseline 0.005 -19"><span class='ocrx_word' id='word_1_698' title='bbox 1949 3545 2060 3591; x_wconf 83' lang='lat' dir='ltr'><strong>stra</strong></span> <span class='ocrx_word' id='word_1_699' title='bbox 2089 3537 2404 3602; x_wconf 86' lang='lat' dir='ltr'><strong>humilitate,</strong></span> <span class='ocrx_word' id='word_1_700' title='bbox 2435 3537 2574 3592; x_wconf 92' lang='lat' dir='ltr'><strong>ultro</strong></span> <span class='ocrx_word' id='word_1_701' title='bbox 2601 3537 2682 3594; x_wconf 89' lang='lat' dir='ltr'><strong>eis</strong></span> <span class='ocrx_word' id='word_1_702' title='bbox 2707 3539 3132 3607; x_wconf 86' lang='lat' dir='ltr'><strong>satisfaciamus;</strong></span> <span class='ocrx_word' id='word_1_703' title='bbox 3166 3540 3239 3610; x_wconf 79' lang='lat' dir='ltr'><strong>(c)</strong></span> <span class='ocrx_word' id='word_1_704' title='bbox 3287 3542 3417 3597; x_wconf 87' lang='lat' dir='ltr'><strong>nihil</strong></span> <span class='ocrx_word' id='word_1_705' title='bbox 3451 3544 3533 3599; x_wconf 90' lang='lat' dir='ltr'><strong>eis</strong></span> 
     </span>
    </p>
   </div>
   <div class='ocr_carea' id='block_1_99' title="bbox 1951 3625 3531 3700">
    <p class='ocr_par' dir='ltr' id='par_1_99' title="bbox 1951 3625 3531 3700">
     <span class='ocr_line' id='line_1_99' title="bbox 1951 3625 3531 3700; baseline 0.003 -20"><span class='ocrx_word' id='word_1_706' title='bbox 1951 3626 2224 3681; x_wconf 90' lang='lat' dir='ltr'><strong>intulimus</strong></span> <span class='ocrx_word' id='word_1_707' title='bbox 2252 3625 2482 3695; x_wconf 63' lang='lat' dir='ltr'><strong>injuriae,</strong></span> <span class='ocrx_word' id='word_1_708' title='bbox 2516 3626 2646 3680; x_wconf 88' lang='lat' dir='ltr'><strong>nihil</strong></span> <span class='ocrx_word' id='word_1_709' title='bbox 2676 3629 2977 3693; x_wconf 91' lang='lat' dir='ltr'><strong>nocuimus,</strong></span> <span class='ocrx_word' id='word_1_710' title='bbox 3008 3629 3218 3684; x_wconf 89' lang='lat' dir='ltr'><strong>tametsi</strong></span> <span class='ocrx_word' id='word_1_711' title='bbox 3248 3629 3531 3700; x_wconf 87' lang='lat' dir='ltr'><strong>indignan-</strong></span> 
     </span>
    </p>
   </div>
   <div class='ocr_carea' id='block_1_100' title="bbox 1952 3715 3534 3790">
    <p class='ocr_par' dir='ltr' id='par_1_100' title="bbox 1952 3715 3534 3790">
     <span class='ocr_line' id='line_1_100' title="bbox 1952 3715 3534 3790; baseline 0.005 -22"><span class='ocrx_word' id='word_1_712' title='bbox 1952 3723 2061 3784; x_wconf 91' lang='lat' dir='ltr'><strong>tur,</strong></span> <span class='ocrx_word' id='word_1_713' title='bbox 2089 3723 2146 3772; x_wconf 92' lang='lat' dir='ltr'><strong>et</strong></span> <span class='ocrx_word' id='word_1_714' title='bbox 2171 3715 2400 3770; x_wconf 82' lang='lat' dir='ltr'><strong>saeviunt</strong></span> <span class='ocrx_word' id='word_1_715' title='bbox 2439 3727 2623 3770; x_wconf 90' lang='lat' dir='ltr'><strong>contra</strong></span> <span class='ocrx_word' id='word_1_716' title='bbox 2653 3717 2913 3774; x_wconf 74' lang='lat' dir='ltr'><strong>Ecclesia:</strong></span> <span class='ocrx_word' id='word_1_717' title='bbox 2941 3718 3312 3785; x_wconf 86' lang='lat' dir='ltr'><strong>medicamina,</strong></span> <span class='ocrx_word' id='word_1_718' title='bbox 3342 3722 3534 3790; x_wconf 89' lang='lat' dir='ltr'><strong>quibus</strong></span> 
     </span>
    </p>
   </div>
   <div class='ocr_carea' id='block_1_101' title="bbox 1952 3802 3537 3881">
    <p class='ocr_par' dir='ltr' id='par_1_101' title="bbox 1952 3802 3537 3881">
     <span class='ocr_line' id='line_1_101' title="bbox 1952 3802 3537 3881; baseline 0.003 -20"><span class='ocrx_word' id='word_1_719' title='bbox 1952 3806 2246 3862; x_wconf 83' lang='lat' dir='ltr'><strong>vulneratis</strong></span> <span class='ocrx_word' id='word_1_720' title='bbox 2288 3807 2489 3861; x_wconf 89' lang='lat' dir='ltr'><strong>sanitas</strong></span> <span class='ocrx_word' id='word_1_721' title='bbox 2520 3802 2780 3862; x_wconf 85' lang='lat' dir='ltr'><strong>redditur.</strong></span> <span class='ocrx_word' id='word_1_722' title='bbox 2810 3807 2922 3862; x_wconf 86' lang='lat' dir='ltr'><strong>Nos</strong></span> <span class='ocrx_word' id='word_1_723' title='bbox 2951 3823 3072 3878; x_wconf 86' lang='lat' dir='ltr'><strong>quae</strong></span> <span class='ocrx_word' id='word_1_724' title='bbox 3110 3807 3332 3876; x_wconf 90' lang='lat' dir='ltr'><strong>scimus,</strong></span> <span class='ocrx_word' id='word_1_725' title='bbox 3363 3810 3537 3881; x_wconf 91' lang='lat' dir='ltr'><strong>loqui-</strong></span> 
     </span>
    </p>
   </div>
   <div class='ocr_carea' id='block_1_102' title="bbox 1954 3894 3536 3970">
    <p class='ocr_par' dir='ltr' id='par_1_102' title="bbox 1954 3894 3536 3970">
     <span class='ocr_line' id='line_1_102' title="bbox 1954 3894 3536 3970; baseline 0.002 -18"><span class='ocrx_word' id='word_1_726' title='bbox 1954 3912 2089 3963; x_wconf 90' lang='lat' dir='ltr'><strong>mur,</strong></span> <span class='ocrx_word' id='word_1_727' title='bbox 2123 3903 2318 3966; x_wconf 83' lang='lat' dir='ltr'><strong>etquae</strong></span> <span class='ocrx_word' id='word_1_728' title='bbox 2340 3894 2624 3951; x_wconf 90' lang='lat' dir='ltr'><strong>didicimus</strong></span> <span class='ocrx_word' id='word_1_729' title='bbox 2641 3935 2658 3962; x_wconf 94' lang='lat'><strong>,</strong></span> <span class='ocrx_word' id='word_1_730' title='bbox 2689 3896 3040 3965; x_wconf 72' lang='lat' dir='ltr'><strong>prtedicamus</strong></span> <span class='ocrx_word' id='word_1_731' title='bbox 3063 3911 3080 3954; x_wconf 89' lang='lat'><strong>:</strong></span> <span class='ocrx_word' id='word_1_732' title='bbox 3105 3907 3340 3966; x_wconf 90' lang='lat' dir='ltr'><strong>orantes,</strong></span> <span class='ocrx_word' id='word_1_733' title='bbox 3363 3909 3420 3954; x_wconf 90' lang='lat' dir='ltr'><strong>ut</strong></span> <span class='ocrx_word' id='word_1_734' title='bbox 3439 3901 3536 3970; x_wconf 90' lang='lat' dir='ltr'><strong>qui</strong></span> 
     </span>
    </p>
   </div>
   <div class='ocr_carea' id='block_1_103' title="bbox 1954 3985 3539 4062">
    <p class='ocr_par' dir='ltr' id='par_1_103' title="bbox 1954 3985 3539 4062">
     <span class='ocr_line' id='line_1_103' title="bbox 1954 3985 3539 4062; baseline 0.002 -19"><span class='ocrx_word' id='word_1_735' title='bbox 1954 3987 2342 4043; x_wconf 89' lang='lat' dir='ltr'><strong>ecclesiasticas</strong></span> <span class='ocrx_word' id='word_1_736' title='bbox 2386 3985 2689 4056; x_wconf 89' lang='lat' dir='ltr'><strong>despiciunt</strong></span> <span class='ocrx_word' id='word_1_737' title='bbox 2731 3987 2964 4057; x_wconf 89' lang='lat' dir='ltr'><strong>regulas,</strong></span> <span class='ocrx_word' id='word_1_738' title='bbox 3007 4003 3252 4044; x_wconf 88' lang='lat' dir='ltr'><strong>normam</strong></span> <span class='ocrx_word' id='word_1_739' title='bbox 3281 3989 3539 4062; x_wconf 80' lang='lat' dir='ltr'><strong>recipiant</strong></span> 
     </span>
    </p>
   </div>
   <div class='ocr_carea' id='block_1_104' title="bbox 1955 4077 3540 4152">
    <p class='ocr_par' dir='ltr' id='par_1_104' title="bbox 1955 4077 3540 4152">
     <span class='ocr_line' id='line_1_104' title="bbox 1955 4077 3540 4152; baseline 0.003 -18"><span class='ocrx_word' id='word_1_740' title='bbox 1955 4080 2214 4145; x_wconf 82' lang='lat' dir='ltr'><strong>veritatis,</strong></span> <span class='ocrx_word' id='word_1_741' title='bbox 2257 4092 2358 4134; x_wconf 91' lang='lat' dir='ltr'><strong>nec</strong></span> <span class='ocrx_word' id='word_1_742' title='bbox 2416 4087 2637 4150; x_wconf 86' lang='lat' dir='ltr'><strong>propter</strong></span> <span class='ocrx_word' id='word_1_743' title='bbox 2683 4077 2959 4135; x_wconf 91' lang='lat' dir='ltr'><strong>hominum</strong></span> <span class='ocrx_word' id='word_1_744' title='bbox 3005 4079 3397 4148; x_wconf 90' lang='lat' dir='ltr'><strong>confusionem,</strong></span> <span class='ocrx_word' id='word_1_745' title='bbox 3444 4098 3540 4152; x_wconf 89' lang='lat' dir='ltr'><strong>pcr</strong></span> 
     </span>
    </p>
   </div>
   <div class='ocr_carea' id='block_1_105' title="bbox 1955 4169 3541 4244">
    <p class='ocr_par' dir='ltr' id='par_1_105' title="bbox 1955 4169 3541 4244">
     <span class='ocr_line' id='line_1_105' title="bbox 1955 4169 3541 4244; baseline 0.004 -22"><span class='ocrx_word' id='word_1_746' title='bbox 1955 4185 2114 4242; x_wconf 89' lang='lat' dir='ltr'><strong>quam</strong></span> <span class='ocrx_word' id='word_1_747' title='bbox 2139 4169 2424 4225; x_wconf 81' lang='lat' dir='ltr'><strong>difficulter</strong></span> <span class='ocrx_word' id='word_1_748' title='bbox 2459 4179 2699 4226; x_wconf 89' lang='lat' dir='ltr'><strong>errantes</strong></span> <span class='ocrx_word' id='word_1_749' title='bbox 2723 4170 2922 4241; x_wconf 91' lang='lat' dir='ltr'><strong>corrigi</strong></span> <span class='ocrx_word' id='word_1_750' title='bbox 2950 4171 3147 4240; x_wconf 87' lang='lat' dir='ltr'><strong>solent,</strong></span> <span class='ocrx_word' id='word_1_751' title='bbox 3173 4171 3400 4244; x_wconf 87' lang='lat' dir='ltr'><strong>perdant</strong></span> <span class='ocrx_word' id='word_1_752' title='bbox 3437 4174 3541 4229; x_wconf 77' lang='grc' dir='ltr'><strong>ιιῑί-</strong></span> 
     </span>
    </p>
   </div>
   <div class='ocr_carea' id='block_1_106' title="bbox 1957 4261 3541 4337">
    <p class='ocr_par' dir='ltr' id='par_1_106' title="bbox 1957 4261 3541 4337">
     <span class='ocr_line' id='line_1_106' title="bbox 1957 4261 3541 4337; baseline 0.001 -18"><span class='ocrx_word' id='word_1_753' title='bbox 1957 4263 2158 4320; x_wconf 89' lang='lat' dir='ltr'><strong>litatem</strong></span> <span class='ocrx_word' id='word_1_754' title='bbox 2187 4261 2533 4336; x_wconf 58' lang='lat' dir='ltr'><strong>poenitentiae.</strong></span> <span class='ocrx_word' id='word_1_755' title='bbox 2564 4262 2632 4318; x_wconf 86' lang='lat' dir='ltr'><strong>Et</strong></span> <span class='ocrx_word' id='word_1_756' title='bbox 2659 4277 2799 4319; x_wconf 90' lang='lat' dir='ltr'><strong>nunc</strong></span> <span class='ocrx_word' id='word_1_757' title='bbox 2824 4261 3073 4332; x_wconf 87' lang='lat' dir='ltr'><strong>dicimus,</strong></span> <span class='ocrx_word' id='word_1_758' title='bbox 3105 4275 3161 4321; x_wconf 95' lang='lat' dir='ltr'><strong>et</strong></span> <span class='ocrx_word' id='word_1_759' title='bbox 3192 4272 3317 4322; x_wconf 87' lang='lat' dir='ltr'><strong>ante</strong></span> <span class='ocrx_word' id='word_1_760' title='bbox 3345 4265 3541 4337; x_wconf 65' lang='lat' dir='ltr'><strong>pracdi-</strong></span> 
     </span>
    </p>
   </div>
   <div class='ocr_carea' id='block_1_107' title="bbox 1957 4353 3542 4426">
    <p class='ocr_par' dir='ltr' id='par_1_107' title="bbox 1957 4353 3542 4426">
     <span class='ocr_line' id='line_1_107' title="bbox 1957 4353 3542 4426; baseline 0 -16"><span class='ocrx_word' id='word_1_761' title='bbox 1957 4355 2153 4423; x_wconf 87' lang='lat' dir='ltr'><strong>ximus,</strong></span> <span class='ocrx_word' id='word_1_762' title='bbox 2182 4361 2238 4410; x_wconf 88' lang='lat' dir='ltr'><strong>et</strong></span> <span class='ocrx_word' id='word_1_763' title='bbox 2265 4353 2405 4409; x_wconf 92' lang='lat' dir='ltr'><strong>idem</strong></span> <span class='ocrx_word' id='word_1_764' title='bbox 2433 4353 2742 4424; x_wconf 87' lang='lat' dir='ltr'><strong>frequenter</strong></span> <span class='ocrx_word' id='word_1_765' title='bbox 2766 4353 3082 4426; x_wconf 87' lang='lat' dir='ltr'><strong>ingerimus,</strong></span> <span class='ocrx_word' id='word_1_766' title='bbox 3113 4356 3296 4426; x_wconf 87' lang='lat' dir='ltr'><strong>vagari</strong></span> <span class='ocrx_word' id='word_1_767' title='bbox 3319 4369 3416 4410; x_wconf 87' lang='lat' dir='ltr'><strong>eos</strong></span> <span class='ocrx_word' id='word_1_768' title='bbox 3445 4369 3542 4410; x_wconf 83' lang='lat' dir='ltr'><strong>no-</strong></span> 
     </span>
    </p>
   </div>
   <div class='ocr_carea' id='block_1_108' title="bbox 1958 4445 3542 4518">
    <p class='ocr_par' dir='ltr' id='par_1_108' title="bbox 1958 4445 3542 4518">
     <span class='ocr_line' id='line_1_108' title="bbox 1958 4445 3542 4518; baseline 0 -16"><span class='ocrx_word' id='word_1_769' title='bbox 1958 4447 2153 4514; x_wconf 88' lang='lat' dir='ltr'><strong>lumus,</strong></span> <span class='ocrx_word' id='word_1_770' title='bbox 2200 4459 2300 4502; x_wconf 89' lang='lat' dir='ltr'><strong>nec</strong></span> <span class='ocrx_word' id='word_1_771' title='bbox 2337 4461 2433 4517; x_wconf 90' lang='lat' dir='ltr'><strong>per</strong></span> <span class='ocrx_word' id='word_1_772' title='bbox 2472 4446 2673 4502; x_wconf 89' lang='lat' dir='ltr'><strong>alienas</strong></span> <span class='ocrx_word' id='word_1_773' title='bbox 2711 4459 2894 4502; x_wconf 87' lang='lat' dir='ltr'><strong>errare</strong></span> <span class='ocrx_word' id='word_1_774' title='bbox 2939 4446 3264 4518; x_wconf 82' lang='lat' dir='ltr'><strong>provincias,</strong></span> <span class='ocrx_word' id='word_1_775' title='bbox 3321 4445 3416 4501; x_wconf 90' lang='lat' dir='ltr'><strong>sed</strong></span> <span class='ocrx_word' id='word_1_776' title='bbox 3471 4446 3542 4502; x_wconf 90' lang='lat' dir='ltr'><strong>ad</strong></span> 
     </span>
    </p>
   </div>
   <div class='ocr_carea' id='block_1_109' title="bbox 1958 4537 3547 4610">
    <p class='ocr_par' dir='ltr' id='par_1_109' title="bbox 1958 4537 3547 4610">
     <span class='ocr_line' id='line_1_109' title="bbox 1958 4537 3547 4610; baseline -0.001 -14"><span class='ocrx_word' id='word_1_777' title='bbox 1958 4551 2202 4597; x_wconf 80' lang='lat' dir='ltr'><strong>extorres</strong></span> <span class='ocrx_word' id='word_1_778' title='bbox 2245 4548 2302 4596; x_wconf 88' lang='lat' dir='ltr'><strong>et</strong></span> <span class='ocrx_word' id='word_1_779' title='bbox 2345 4538 2658 4595; x_wconf 84' lang='lat' dir='ltr'><strong>furibundus</strong></span> <span class='ocrx_word' id='word_1_780' title='bbox 2685 4553 2807 4594; x_wconf 91' lang='lat' dir='ltr'><strong>cum</strong></span> <span class='ocrx_word' id='word_1_781' title='bbox 2848 4537 3116 4610; x_wconf 89' lang='lat' dir='ltr'><strong>Propheta</strong></span> <span class='ocrx_word' id='word_1_782' title='bbox 3142 4537 3458 4602; x_wconf 88' lang='lat' dir='ltr'><strong>clamamus,</strong></span> <span class='ocrx_word' id='word_1_783' title='bbox 3491 4546 3547 4594; x_wconf 90' lang='lat' dir='ltr'><strong>et</strong></span> 
     </span>
    </p>
   </div>
   <div class='ocr_carea' id='block_1_110' title="bbox 1958 4628 3546 4702">
    <p class='ocr_par' dir='ltr' id='par_1_110' title="bbox 1958 4628 3546 4702">
     <span class='ocr_line' id='line_1_110' title="bbox 1958 4628 3546 4702; baseline 0 -16"><span class='ocrx_word' id='word_1_784' title='bbox 1958 4631 2225 4702; x_wconf 87' lang='lat' dir='ltr'><strong>loquimur</strong></span> <span class='ocrx_word' id='word_1_785' title='bbox 2263 4646 2276 4683; x_wconf 95' lang='lat'><strong>:</strong></span> <span class='ocrx_word' id='word_1_786' title='bbox 2315 4629 2602 4685; x_wconf 81' lang='lat' dir='ltr'><strong>Satvamini</strong></span> <span class='ocrx_word' id='word_1_787' title='bbox 2630 4629 2696 4684; x_wconf 83' lang='lat' dir='ltr'><strong>de</strong></span> <span class='ocrx_word' id='word_1_788' title='bbox 2719 4639 2887 4696; x_wconf 85' lang='lat' dir='ltr'><strong>terra,</strong></span> <span class='ocrx_word' id='word_1_789' title='bbox 2932 4639 2982 4684; x_wconf 83' lang='lat' dir='ltr'><strong>et</strong></span> <span class='ocrx_word' id='word_1_790' title='bbox 3007 4628 3349 4697; x_wconf 79' lang='lat' dir='ltr'><strong>revertimini,</strong></span> <span class='ocrx_word' id='word_1_791' title='bbox 3377 4636 3426 4684; x_wconf 76' lang='lat' dir='ltr'><strong>et</strong></span> <span class='ocrx_word' id='word_1_792' title='bbox 3447 4645 3546 4686; x_wconf 79' lang='lat' dir='ltr'><strong>tto-</strong></span> 
     </span>
    </p>
   </div>
   <div class='ocr_carea' id='block_1_111' title="bbox 2022 4861 3538 4935">
    <p class='ocr_par' dir='ltr' id='par_1_111' title="bbox 2022 4861 3538 4935">
     <span class='ocr_line' id='line_1_111' title="bbox 2022 4861 3538 4935; baseline 0.008 -24"><span class='ocrx_word' id='word_1_793' title='bbox 2022 4863 2100 4935; x_wconf 65' lang='grc' dir='ltr'><strong>(ά)</strong></span> <span class='ocrx_word' id='word_1_794' title='bbox 2138 4861 2380 4935; x_wconf 42' lang='lat' dir='ltr'><strong>FacileﬂB.</strong></span> <span class='ocrx_word' id='word_1_795' title='bbox 2404 4863 2463 4935; x_wconf 65' lang='grc' dir='ltr'><strong>Ρἶ</strong></span> <span class='ocrx_word' id='word_1_796' title='bbox 2489 4862 2654 4935; x_wconf 75' lang='lat' dir='ltr'><strong>lectio,</strong></span> <span class='ocrx_word' id='word_1_797' title='bbox 2667 4875 2775 4935; x_wconf 83' lang='lat' dir='ltr'><strong>_qua</strong></span> <span class='ocrx_word' id='word_1_798' title='bbox 2795 4862 2892 4914; x_wconf 81' lang='lat' dir='ltr'><strong>vita</strong></span> <span class='ocrx_word' id='word_1_799' title='bbox 2908 4861 3126 4935; x_wconf 62' lang='lat' dir='ltr'><strong>solitario</strong></span> <span class='ocrx_word' id='word_1_800' title='bbox 3147 4865 3354 4935; x_wconf 42' lang='lat' dir='ltr'><strong>proAvita</strong></span> <span class='ocrx_word' id='word_1_801' title='bbox 3369 4877 3538 4935; x_wconf 67' lang='lat' dir='ltr'><strong>sancta</strong></span> 
     </span>
    </p>
   </div>
   <div class='ocr_carea' id='block_1_112' title="bbox 1959 4923 3540 4995">
    <p class='ocr_par' dir='ltr' id='par_1_112' title="bbox 1959 4923 3540 4995">
     <span class='ocr_line' id='line_1_112' title="bbox 1959 4923 3540 4995; baseline 0.007 -23"><span class='ocrx_word' id='word_1_802' title='bbox 1959 4923 2168 4995; x_wconf 74' lang='lat' dir='ltr'><strong>dicitur,</strong></span> <span class='ocrx_word' id='word_1_803' title='bbox 2193 4923 2497 4995; x_wconf 63' lang='lat' dir='ltr'><strong>pracferenda</strong></span> <span class='ocrx_word' id='word_1_804' title='bbox 2519 4923 2786 4995; x_wconf 41' lang='lat' dir='ltr'><strong>videatur,-</strong></span> <span class='ocrx_word' id='word_1_805' title='bbox 2806 4938 2915 4974; x_wconf 91' lang='lat' dir='ltr'><strong>cum</strong></span> <span class='ocrx_word' id='word_1_806' title='bbox 2938 4923 3197 4995; x_wconf 67' lang='lat' dir='ltr'><strong>monachos</strong></span> <span class='ocrx_word' id='word_1_807' title='bbox 3218 4927 3540 4995; x_wconf 78' lang='lat' dir='ltr'><strong>Origenistas,</strong></span> 
     </span>
    </p>
   </div>
   <div class='ocr_carea' id='block_1_113' title="bbox 1960 4961 3538 5058">
    <p class='ocr_par' dir='ltr' id='par_1_113' title="bbox 1960 4961 3538 5058">
     <span class='ocr_line' id='line_1_113' title="bbox 1960 4961 3538 5058; baseline 0 0"><span class='ocrx_word' id='word_1_808' title='bbox 1960 4961 3538 5058; x_wconf 50' lang='lat' dir='ltr'><strong>:s‘a?Eéasaéa::z:a€u€:nuuae&#39;uaauez‘attﬁat</strong></span> 
     </span>
    </p>
   </div>
   <div class='ocr_carea' id='block_1_114' title="bbox 1961 5045 3542 5111">
    <p class='ocr_par' dir='ltr' id='par_1_114' title="bbox 1961 5045 3542 5111">
     <span class='ocr_line' id='line_1_114' title="bbox 1961 5045 3542 5111; baseline 0.007 -16"><span class='ocrx_word' id='word_1_809' title='bbox 1961 5046 2016 5095; x_wconf 86' lang='lat' dir='ltr'><strong>In</strong></span> <span class='ocrx_word' id='word_1_810' title='bbox 2061 5045 2306 5111; x_wconf 85' lang='lat' dir='ltr'><strong>Synodica_</strong></span> <span class='ocrx_word' id='word_1_811' title='bbox 2333 5045 2458 5096; x_wconf 60' lang='lat'><strong>11.5.</strong></span> <span class='ocrx_word' id='word_1_812' title='bbox 2502 5045 2654 5111; x_wconf 60' lang='lat' dir='ltr'><strong>illati</strong></span> <span class='ocrx_word' id='word_1_813' title='bbox 2693 5049 2842 5097; x_wconf 90' lang='lat' dir='ltr'><strong>nostri</strong></span> <span class='ocrx_word' id='word_1_814' title='bbox 2868 5045 3025 5111; x_wconf 74' lang='lat' dir='ltr'><strong>esse,</strong></span> <span class='ocrx_word' id='word_1_815' title='bbox 3068 5055 3121 5099; x_wconf 90' lang='lat' dir='ltr'><strong>et</strong></span> <span class='ocrx_word' id='word_1_816' title='bbox 3159 5049 3300 5111; x_wconf 90' lang='lat' dir='ltr'><strong>illos,</strong></span> <span class='ocrx_word' id='word_1_817' title='bbox 3335 5045 3403 5104; x_wconf 73' lang='grc' dir='ltr'><strong><em>ἔῖ</em></strong></span> <span class='ocrx_word' id='word_1_818' title='bbox 3421 5055 3542 5105; x_wconf 90' lang='lat' dir='ltr'><strong>alios</strong></span> 
     </span>
    </p>
   </div>
   <div class='ocr_carea' id='block_1_115' title="bbox 1963 5106 3541 5173">
    <p class='ocr_par' dir='ltr' id='par_1_115' title="bbox 1963 5106 3541 5173">
     <span class='ocr_line' id='line_1_115' title="bbox 1963 5106 3541 5173; baseline 0.006 -18"><span class='ocrx_word' id='word_1_819' title='bbox 1963 5106 2162 5173; x_wconf 77' lang='lat' dir='ltr'><strong>errores</strong></span> <span class='ocrx_word' id='word_1_820' title='bbox 2183 5106 2436 5173; x_wconf 73' lang='lat' dir='ltr'><strong>corrigere</strong></span> <span class='ocrx_word' id='word_1_821' title='bbox 2459 5109 2748 5173; x_wconf 70' lang='lat' dir='ltr'><strong>penitentia</strong></span> <span class='ocrx_word' id='word_1_822' title='bbox 2762 5146 2776 5168; x_wconf 89' lang='lat'><strong>,</strong></span> <span class='ocrx_word' id='word_1_823' title='bbox 2802 5116 2854 5158; x_wconf 90' lang='lat' dir='ltr'><strong>et</strong></span> <span class='ocrx_word' id='word_1_824' title='bbox 2878 5106 3042 5173; x_wconf 78' lang='lat' dir='ltr'><strong>digne</strong></span> <span class='ocrx_word' id='word_1_825' title='bbox 3071 5122 3160 5160; x_wconf 69' lang='lat' dir='ltr'><strong>suo</strong></span> <span class='ocrx_word' id='word_1_826' title='bbox 3198 5106 3392 5164; x_wconf 83' lang='lat' dir='ltr'><strong>nomine</strong></span> <span class='ocrx_word' id='word_1_827' title='bbox 3427 5129 3541 5164; x_wconf 88' lang='lat' dir='ltr'><strong>con-</strong></span> 
     </span>
    </p>
   </div>
   <div class='ocr_carea' id='block_1_116' title="bbox 1964 5169 3535 5232">
    <p class='ocr_par' dir='ltr' id='par_1_116' title="bbox 1964 5169 3535 5232">
     <span class='ocr_line' id='line_1_116' title="bbox 1964 5169 3535 5232; baseline 0.006 -16"><span class='ocrx_word' id='word_1_828' title='bbox 1964 5170 2180 5232; x_wconf 87' lang='lat' dir='ltr'><strong>versari,</strong></span> <span class='ocrx_word' id='word_1_829' title='bbox 2221 5173 2277 5218; x_wconf 85' lang='lat' dir='ltr'><strong>ut</strong></span> <span class='ocrx_word' id='word_1_830' title='bbox 2313 5169 2398 5232; x_wconf 84' lang='lat' dir='ltr'><strong>qui</strong></span> <span class='ocrx_word' id='word_1_831' title='bbox 2428 5169 2666 5232; x_wconf 70' lang='lat' dir='ltr'><strong>vocantur</strong></span> <span class='ocrx_word' id='word_1_832' title='bbox 2707 5169 2966 5232; x_wconf 62' lang='lat' dir='ltr'><strong>monachi,</strong></span> <span class='ocrx_word' id='word_1_833' title='bbox 3002 5171 3045 5220; x_wconf 88' lang='lat' dir='ltr'><strong>si</strong></span> <span class='ocrx_word' id='word_1_834' title='bbox 3085 5180 3249 5222; x_wconf 85' lang='lat' dir='ltr'><strong>tamen</strong></span> <span class='ocrx_word' id='word_1_835' title='bbox 3293 5175 3384 5224; x_wconf 88' lang='lat' dir='ltr'><strong>hoc</strong></span> <span class='ocrx_word' id='word_1_836' title='bbox 3421 5189 3535 5226; x_wconf 89' lang='lat' dir='ltr'><strong>esse</strong></span> 
     </span>
    </p>
   </div>
   <div class='ocr_carea' id='block_1_117' title="bbox 1959 5230 3536 5358">
    <p class='ocr_par' dir='ltr' id='par_1_117' title="bbox 1959 5230 3536 5358">
     <span class='ocr_line' id='line_1_117' title="bbox 1961 5230 3536 5303; baseline 0.004 -24"><span class='ocrx_word' id='word_1_837' title='bbox 1961 5231 2199 5302; x_wconf 59' lang='lat' dir='ltr'><strong>cupiunt,</strong></span> <span class='ocrx_word' id='word_1_838' title='bbox 2241 5230 2368 5292; x_wconf 89' lang='lat' dir='ltr'><strong>quod</strong></span> <span class='ocrx_word' id='word_1_839' title='bbox 2411 5231 2672 5292; x_wconf 89' lang='lat' dir='ltr'><strong>dicuntur,</strong></span> <span class='ocrx_word' id='word_1_840' title='bbox 2717 5230 2966 5302; x_wconf 75' lang='lat' dir='ltr'><strong>silentium</strong></span> <span class='ocrx_word' id='word_1_841' title='bbox 3009 5231 3249 5294; x_wconf 84' lang='lat' dir='ltr'><strong>diligant,</strong></span> <span class='ocrx_word' id='word_1_842' title='bbox 3298 5244 3352 5303; x_wconf 78' lang='lat' dir='ltr'><strong>et</strong></span> <span class='ocrx_word' id='word_1_843' title='bbox 3391 5235 3536 5285; x_wconf 87' lang='lat' dir='ltr'><strong>fidem</strong></span> 
     </span>
     <span class='ocr_line' id='line_1_118' title="bbox 1959 5291 3536 5358; baseline 0.003 -18"><span class='ocrx_word' id='word_1_844' title='bbox 1959 5291 2296 5358; x_wconf 49' lang='lat' dir='ltr'><strong>cathohcamg</strong></span> <span class='ocrx_word' id='word_1_845' title='bbox 2326 5291 2426 5358; x_wconf 84' lang='lat' dir='ltr'><strong>Sed</strong></span> <span class='ocrx_word' id='word_1_846' title='bbox 2442 5295 2602 5358; x_wconf 69' lang='lat' dir='ltr'><strong>statim</strong></span> <span class='ocrx_word' id='word_1_847' title='bbox 2620 5299 2748 5358; x_wconf 80' lang='lat' dir='ltr'><strong>post,</strong></span> <span class='ocrx_word' id='word_1_848' title='bbox 2768 5301 3051 5358; x_wconf 63' lang='lat' dir='ltr'><strong>magistrum</strong></span> <span class='ocrx_word' id='word_1_849' title='bbox 3068 5308 3161 5358; x_wconf 11' lang='lat' dir='ltr'><strong>pro,</strong></span> <span class='ocrx_word' id='word_1_850' title='bbox 3177 5303 3505 5358; x_wconf 71' lang='lat' dir='ltr'><strong>magistratum</strong></span> <span class='ocrx_word' id='word_1_851' title='bbox 3521 5332 3536 5356; x_wconf 93' lang='lat'><strong>,</strong></span> 
     </span>
    </p>
   </div>
   <div class='ocr_carea' id='block_1_118' title="bbox 1959 5307 3537 5417">
    <p class='ocr_par' dir='ltr' id='par_1_118' title="bbox 1959 5307 3537 5417">
     <span class='ocr_line' id='line_1_119' title="bbox 1959 5307 3537 5359; baseline 0.003 -19"><span class='ocrx_word' id='word_1_852' title='bbox 1959 5307 2258 5340; x_wconf 81' lang='lat' dir='ltr'><strong>catnoucam.</strong></span> <span class='ocrx_word' id='word_1_853' title='bbox 2274 5307 2296 5334; x_wconf 76' lang='grc' dir='ltr'><strong>ι</strong></span> <span class='ocrx_word' id='word_1_854' title='bbox 2326 5307 2426 5341; x_wconf 71' lang='lat' dir='ltr'><strong>beo</strong></span> <span class='ocrx_word' id='word_1_855' title='bbox 2442 5307 2602 5341; x_wconf 74' lang='lat' dir='ltr'><strong>suum</strong></span> <span class='ocrx_word' id='word_1_856' title='bbox 2620 5307 2748 5356; x_wconf 88' lang='lat' dir='ltr'><strong>post,</strong></span> <span class='ocrx_word' id='word_1_857' title='bbox 2768 5307 3051 5358; x_wconf 67' lang='lat' dir='ltr'><strong>magistrum</strong></span> <span class='ocrx_word' id='word_1_858' title='bbox 3068 5308 3156 5356; x_wconf 81' lang='lat' dir='ltr'><strong>pro</strong></span> <span class='ocrx_word' id='word_1_859' title='bbox 3177 5307 3505 5359; x_wconf 71' lang='lat' dir='ltr'><strong>magistratum</strong></span> <span class='ocrx_word' id='word_1_860' title='bbox 3521 5332 3537 5356; x_wconf 93' lang='lat'><strong>,</strong></span> 
     </span>
     <span class='ocr_line' id='line_1_120' title="bbox 1959 5351 3536 5417; baseline 0.003 -16"><span class='ocrx_word' id='word_1_861' title='bbox 1959 5365 2069 5417; x_wconf 64' lang='lat' dir='ltr'><strong>quae</strong></span> <span class='ocrx_word' id='word_1_862' title='bbox 2095 5365 2189 5402; x_wconf 83' lang='lat' dir='ltr'><strong>vox</strong></span> <span class='ocrx_word' id='word_1_863' title='bbox 2213 5351 2385 5402; x_wconf 89' lang='lat' dir='ltr'><strong>vitiose</strong></span> <span class='ocrx_word' id='word_1_864' title='bbox 2409 5353 2456 5402; x_wconf 92' lang='lat' dir='ltr'><strong>in</strong></span> <span class='ocrx_word' id='word_1_865' title='bbox 2477 5351 2588 5417; x_wconf 80' lang='lat' dir='ltr'><strong>aliis</strong></span> <span class='ocrx_word' id='word_1_866' title='bbox 2609 5354 3036 5417; x_wconf 71' lang='lat' dir='ltr'><strong>editis_l&#39;erebatur</strong></span> <span class='ocrx_word' id='word_1_867' title='bbox 3051 5387 3068 5414; x_wconf 88' lang='lat'><strong>,</strong></span> <span class='ocrx_word' id='word_1_868' title='bbox 3093 5356 3299 5417; x_wconf 89' lang='lat' dir='ltr'><strong>primum</strong></span> <span class='ocrx_word' id='word_1_869' title='bbox 3331 5369 3393 5404; x_wconf 86' lang='lat' dir='ltr'><strong>ex</strong></span> <span class='ocrx_word' id='word_1_870' title='bbox 3418 5369 3536 5405; x_wconf 83' lang='lat' dir='ltr'><strong>con-</strong></span> 
     </span>
    </p>
   </div>
   <div class='ocr_carea' id='block_1_119' title="bbox 1952 5414 3536 5524">
    <p class='ocr_par' dir='ltr' id='par_1_119' title="bbox 1952 5414 3536 5524">
     <span class='ocr_line' id='line_1_121' title="bbox 1952 5414 3536 5524; baseline 0.001 -59"><span class='ocrx_word' id='word_1_871' title='bbox 1952 5414 2320 5524; x_wconf 47' lang='grc' dir='ltr'><strong>ᾗῗὰμῶἷῖωὲἒω</strong></span> <span class='ocrx_word' id='word_1_872' title='bbox 2355 5415 2627 5482; x_wconf 81' lang='lat' dir='ltr'><strong>accedente</strong></span> <span class='ocrx_word' id='word_1_873' title='bbox 2662 5415 2722 5466; x_wconf 86' lang='grc' dir='ltr'><strong>Β.</strong></span> <span class='ocrx_word' id='word_1_874' title='bbox 2745 5414 2806 5468; x_wconf 86' lang='grc' dir='ltr'><strong>Ρ.</strong></span> <span class='ocrx_word' id='word_1_875' title='bbox 2841 5414 3074 5480; x_wconf 63' lang='lat' dir='ltr'><strong>mm‘agio</strong></span> <span class='ocrx_word' id='word_1_876' title='bbox 3095 5414 3407 5466; x_wconf 77' lang='lat' dir='ltr'><strong>substituere</strong></span> <span class='ocrx_word' id='word_1_877' title='bbox 3438 5429 3536 5466; x_wconf 90' lang='lat' dir='ltr'><strong>non</strong></span> 
     </span>
    </p>
   </div>
   <div class='ocr_carea' id='block_1_120' title="bbox 2023 5555 3539 5628">
    <p class='ocr_par' dir='ltr' id='par_1_120' title="bbox 2023 5555 3539 5628">
     <span class='ocr_line' id='line_1_122' title="bbox 2023 5555 3539 5628; baseline 0.005 -7"><span class='ocrx_word' id='word_1_878' title='bbox 2023 5555 2090 5628; x_wconf 72' lang='grc' dir='ltr'><strong>(ε)</strong></span> <span class='ocrx_word' id='word_1_879' title='bbox 2125 5555 2369 5628; x_wconf 55' lang='lat' dir='ltr'><strong>semis</strong></span> <span class='ocrx_word' id='word_1_880' title='bbox 2388 5556 2648 5628; x_wconf 63' lang='lat' dir='ltr'><strong>1.1mth</strong></span> <span class='ocrx_word' id='word_1_881' title='bbox 2669 5559 2954 5628; x_wconf 60' lang='grc' dir='ltr'><strong>ωεμηειῳ,</strong></span> <span class='ocrx_word' id='word_1_882' title='bbox 2983 5568 3128 5628; x_wconf 62' lang='grc' dir='ltr'><strong>«ματη</strong></span> <span class='ocrx_word' id='word_1_883' title='bbox 3161 5555 3335 5624; x_wconf 61' lang='lat' dir='ltr'><strong>iisdem</strong></span> <span class='ocrx_word' id='word_1_884' title='bbox 3372 5558 3539 5628; x_wconf 59' lang='lat' dir='ltr'><strong>venus.</strong></span> 
     </span>
    </p>
   </div>
   <div class='ocr_carea' id='block_1_121' title="bbox 1956 5590 3537 5692">
    <p class='ocr_par' dir='ltr' id='par_1_121' title="bbox 1956 5590 3537 5692">
     <span class='ocr_line' id='line_1_123' title="bbox 1956 5590 3537 5692; baseline 0.027 -39"><span class='ocrx_word' id='word_1_885' title='bbox 1956 5618 2006 5692; x_wconf 43' lang='grc' dir='ltr'><strong>ε.</strong></span> <span class='ocrx_word' id='word_1_886' title='bbox 2978 5590 3335 5692; x_wconf 42' lang='lat' dir='ltr'><strong>etiam</strong></span> <span class='ocrx_word' id='word_1_887' title='bbox 3353 5590 3537 5690; x_wconf 53' lang='lat' dir='ltr'><strong>sui?</strong></span> 
     </span>
    </p>
   </div>
   <div class='ocr_carea' id='block_1_122' title="bbox 1984 5677 3534 5791">
    <p class='ocr_par' dir='ltr' id='par_1_122' title="bbox 1984 5677 3534 5791">
     <span class='ocr_line' id='line_1_124' title="bbox 1984 5677 3534 5791; baseline -0.001 -62"><span class='ocrx_word' id='word_1_888' title='bbox 1984 5677 2170 5759; x_wconf 66' lang='lat' dir='ltr'><strong>injuria</strong></span> <span class='ocrx_word' id='word_1_889' title='bbox 2187 5677 2501 5791; x_wconf 47' lang='lat' dir='ltr'><strong>inRJtutir&#39;nus;</strong></span> <span class='ocrx_word' id='word_1_890' title='bbox 2515 5680 2920 5752; x_wconf 71' lang='lat' dir='ltr'><strong>quemadmodum</strong></span> <span class='ocrx_word' id='word_1_891' title='bbox 2930 5677 3256 5748; x_wconf 75' lang='lat' dir='ltr'><strong>supplendum</strong></span> <span class='ocrx_word' id='word_1_892' title='bbox 3274 5677 3534 5750; x_wconf 76' lang='lat' dir='ltr'><strong>innuimus.</strong></span> 
     </span>
     <span class='ocr_line' id='line_1_125' title="bbox 1984 5736 3534 5791; baseline 0.001 -2"><span class='ocrx_word' id='word_1_893' title='bbox 1984 5743 2054 5791; x_wconf 70' lang='grc' dir='ltr'><strong>,ω</strong></span> <span class='ocrx_word' id='word_1_894' title='bbox 2080 5741 2212 5791; x_wconf 86' lang='lat' dir='ltr'><strong>etB.</strong></span> <span class='ocrx_word' id='word_1_895' title='bbox 2281 5777 2296 5791; x_wconf 97' lang='lat'><strong>.</strong></span> <span class='ocrx_word' id='word_1_896' title='bbox 2321 5741 2434 5791; x_wconf 90' lang='lat' dir='ltr'><strong>heic</strong></span> <span class='ocrx_word' id='word_1_897' title='bbox 2454 5741 2550 5791; x_wconf 78' lang='lat' dir='ltr'><strong>loca</strong></span> <span class='ocrx_word' id='word_1_898' title='bbox 2569 5775 2586 5791; x_wconf 91' lang='lat'><strong>.</strong></span> <span class='ocrx_word' id='word_1_899' title='bbox 2609 5741 2740 5791; x_wconf 76' lang='lat' dir='ltr'><strong>mini</strong></span> <span class='ocrx_word' id='word_1_900' title='bbox 2757 5753 2830 5791; x_wconf 69' lang='grc' dir='ltr'><strong>ης</strong></span> <span class='ocrx_word' id='word_1_901' title='bbox 2847 5739 3074 5791; x_wconf 78' lang='lat' dir='ltr'><strong>tutunus.</strong></span> <span class='ocrx_word' id='word_1_902' title='bbox 3106 5736 3230 5788; x_wconf 71' lang='lat' dir='ltr'><strong>nihil</strong></span> <span class='ocrx_word' id='word_1_903' title='bbox 3250 5752 3500 5791; x_wconf 77' lang='lat' dir='ltr'><strong>metamus</strong></span> <span class='ocrx_word' id='word_1_904' title='bbox 3517 5775 3534 5791; x_wconf 90' lang='lat'><strong>.</strong></span> 
     </span>
    </p>
   </div>
   <div class='ocr_carea' id='block_1_123' title="bbox 1934 5741 3535 5873">
    <p class='ocr_par' dir='ltr' id='par_1_123' title="bbox 1934 5741 3535 5873">
     <span class='ocr_line' id='line_1_126' title="bbox 1956 5741 3534 5803; baseline -0.001 -11"><span class='ocrx_word' id='word_1_905' title='bbox 1956 5741 2054 5792; x_wconf 82' lang='lat' dir='ltr'><strong>Sed</strong></span> <span class='ocrx_word' id='word_1_906' title='bbox 2080 5747 2134 5793; x_wconf 89' lang='lat' dir='ltr'><strong>et</strong></span> <span class='ocrx_word' id='word_1_907' title='bbox 2153 5741 2212 5792; x_wconf 86' lang='lat' dir='ltr'><strong>B.</strong></span> <span class='ocrx_word' id='word_1_908' title='bbox 2236 5741 2296 5792; x_wconf 89' lang='lat' dir='ltr'><strong>P.</strong></span> <span class='ocrx_word' id='word_1_909' title='bbox 2321 5741 2434 5792; x_wconf 88' lang='lat' dir='ltr'><strong>heic</strong></span> <span class='ocrx_word' id='word_1_910' title='bbox 2454 5741 2551 5793; x_wconf 78' lang='lat' dir='ltr'><strong>loci</strong></span> <span class='ocrx_word' id='word_1_911' title='bbox 2569 5775 2586 5803; x_wconf 83' lang='lat'><strong>,</strong></span> <span class='ocrx_word' id='word_1_912' title='bbox 2609 5741 2740 5794; x_wconf 74' lang='lat' dir='ltr'><strong>Nihil</strong></span> <span class='ocrx_word' id='word_1_913' title='bbox 2757 5741 2830 5794; x_wconf 74' lang='lat' dir='ltr'><strong>eis</strong></span> <span class='ocrx_word' id='word_1_914' title='bbox 2847 5741 3074 5798; x_wconf 76' lang='lat' dir='ltr'><strong>tulimus,</strong></span> <span class='ocrx_word' id='word_1_915' title='bbox 3106 5741 3230 5788; x_wconf 75' lang='lat' dir='ltr'><strong>nihil</strong></span> <span class='ocrx_word' id='word_1_916' title='bbox 3250 5741 3500 5791; x_wconf 84' lang='lat' dir='ltr'><strong>nocuimus</strong></span> <span class='ocrx_word' id='word_1_917' title='bbox 3517 5775 3534 5802; x_wconf 90' lang='lat'><strong>,</strong></span> 
     </span>
     <span class='ocr_line' id='line_1_127' title="bbox 1934 5798 3535 5873; baseline 0 -21"><span class='ocrx_word' id='word_1_918' title='bbox 1934 5811 2011 5873; x_wconf 73' lang='lat' dir='ltr'><strong>ut</strong></span> <span class='ocrx_word' id='word_1_919' title='bbox 2029 5801 2171 5873; x_wconf 74' lang='lat' dir='ltr'><strong>plane</strong></span> <span class='ocrx_word' id='word_1_920' title='bbox 2190 5805 2364 5852; x_wconf 90' lang='lat' dir='ltr'><strong>mirum</strong></span> <span class='ocrx_word' id='word_1_921' title='bbox 2378 5803 2432 5852; x_wconf 82' lang='lat' dir='ltr'><strong>fit.</strong></span> <span class='ocrx_word' id='word_1_922' title='bbox 2450 5803 2678 5873; x_wconf 77' lang='lat' dir='ltr'><strong>eumdem</strong></span> <span class='ocrx_word' id='word_1_923' title='bbox 2697 5815 2915 5854; x_wconf 78' lang='lat' dir='ltr'><strong>errorem</strong></span> <span class='ocrx_word' id='word_1_924' title='bbox 2933 5800 3142 5853; x_wconf 78' lang='lat' dir='ltr'><strong>diversis</strong></span> <span class='ocrx_word' id='word_1_925' title='bbox 3156 5798 3293 5865; x_wconf 86' lang='lat' dir='ltr'><strong>locis,</strong></span> <span class='ocrx_word' id='word_1_926' title='bbox 3307 5815 3362 5852; x_wconf 85' lang='lat' dir='ltr'><strong>ac</strong></span> <span class='ocrx_word' id='word_1_927' title='bbox 3379 5801 3535 5866; x_wconf 79' lang='lat' dir='ltr'><strong>libris,</strong></span> 
     </span>
    </p>
   </div>
   <div class='ocr_carea' id='block_1_124' title="bbox 1959 5862 2678 5927">
    <p class='ocr_par' dir='ltr' id='par_1_124' title="bbox 1959 5862 2678 5927">
     <span class='ocr_line' id='line_1_128' title="bbox 1959 5862 2678 5927; baseline -0.004 -12"><span class='ocrx_word' id='word_1_928' title='bbox 1959 5871 2012 5915; x_wconf 88' lang='lat' dir='ltr'><strong>et</strong></span> <span class='ocrx_word' id='word_1_929' title='bbox 2029 5862 2061 5914; x_wconf 76' lang='lat' dir='ltr'><strong>&#39;a</strong></span> <span class='ocrx_word' id='word_1_930' title='bbox 2083 5863 2279 5914; x_wconf 86' lang='lat' dir='ltr'><strong>diversa</strong></span> <span class='ocrx_word' id='word_1_931' title='bbox 2300 5876 2444 5913; x_wconf 89' lang='lat' dir='ltr'><strong>manu</strong></span> <span class='ocrx_word' id='word_1_932' title='bbox 2467 5862 2678 5927; x_wconf 80' lang='lat' dir='ltr'><strong>peccari.</strong></span> 
     </span>
    </p>
   </div>
  </div>
