4106 6340
627 395 725 450 8H

625 509 713 562 lite
754 512 886 560 stare
911 520 931 559 :
960 501 1405 576 (a).recordamini
1433 499 1521 572 qui
1548 499 1726 571 procul
1752 498 1872 556 estis
1891 515 1924 556 α
1949 499 2195 565 Domino,

622 607 671 654 et
695 597 976 652 Jerusalem
1006 595 1244 650 ascendat
1270 611 1424 665 super
1445 610 1530 648 cor
1560 602 1776 648 vestrum
1800 591 1933 667 (Jer.
1963 592 2050 647 5i.
2080 590 2196 660 50).

693 687 784 743 24.
826 686 1074 743 Forsitan
1097 686 1214 742 haec
1241 686 1540 753 audientes,
1570 683 1945 740 ecclesiasticae
1974 696 2200 752 congre-

620 780 850 855 gationis
894 793 1048 835 amor
1087 778 1308 843 subeat,
1376 787 1432 834 et
1473 776 1820 833 recordentur
1859 775 2107 831 fraternae
2147 775 2202 830 in

618 884 904 926 commune
930 869 1148 934 lzetitize,
1179 879 1232 924 et
1259 868 1600 940 hymnorum,
1628 867 1818 938 quibus
1841 881 1962 922 eum
1992 865 2201 922 exteris

620 961 903 1018 Dominum
931 961 1305 1025 concinebant,
1330 960 1600 1031 frigusque
1625 959 1868 1014 odiorum
1897 958 2201 1014 dilectionis

619 1055 799 1110 calore
839 1062 1190 1119 commutent,
1232 1063 1285 1107 et
1327 1053 1628 1123 intelligant
1669 1067 1767 1106 nos
1807 1051 2062 1118 medicos,
2093 1067 2204 1106 non

619 1145 883 1208 inimicos,
909 1145 1395 1215 indulgentissimos
1424 1155 1622 1216 patres,
1657 1159 1761 1199 non
1793 1144 1969 1198 hostili
1996 1154 2202 1198 tumen-

619 1241 703 1292 tes
731 1236 998 1305 superbia.
1025 1235 1210 1307 Neque
1236 1236 1378 1291 enim
1412 1236 1524 1290 ﬁeri
1550 1243 1745 1306 potest,
1773 1245 1831 1290 ut
1853 1249 1988 1306 quos
2008 1235 2200 1290 salvari

617 1327 882 1392 volumus,
915 1326 1090 1395 perire
1118 1328 1416 1397 cupiamus,
1447 1335 1502 1382 et
1539 1342 1644 1381 non
1675 1326 1753 1382 eis
1779 1326 2201 1384 ecclesiasticam

618 1416 820 1483 virgam
856 1415 1099 1471 converti
1132 1417 1182 1471 in
1216 1415 1462 1472 baculum
1506 1434 1520 1470 :
1553 1418 1596 1471 si
1629 1425 1804 1472 tamen
1835 1416 2202 1486 relinquentes

618 1521 881 1570 errorem,
911 1507 1188 1562 veritatem
1231 1508 1381 1578 sequi
1411 1507 1594 1570 velint,
1625 1516 1681 1562 et
1709 1507 1957 1562 omittere
1983 1506 2202 1562 temeri-

619 1607 782 1651 tatem
825 1597 1212 1652 lascivientium
1258 1612 1566 1667 puerorum.
1611 1598 1706 1653 Sin
1735 1607 1913 1652 autem
1944 1604 2205 1667 respuunt

617 1703 757 1750 eam,
804 1695 858 1742 et
907 1696 1314 1742 contemnentes
1360 1687 1781 1744 ecclesiasticam
1825 1688 2198 1758 disciplinam,

621 1776 831 1830 elevant
859 1790 1024 1831 cornu
1057 1792 1214 1832 suum
1241 1787 1430 1832 contra
1463 1779 1674 1848 regulas
1701 1779 1838 1848 ejus,
1867 1788 1922 1834 et
1949 1780 2200 1835 salutaria

617 1877 933 1936 spernentes
975 1869 1240 1936 consilia,
1284 1871 1573 1940 projiciunt
1613 1881 1944 1939 retrorsum,
1984 1872 2204 1929 audiant

617 1959 899 2014 Dominum
929 1960 1348 2016 comminantem
1387 1979 1402 2016 :
1428 1961 1600 2017 Homo
1621 1964 1708 2032 qui
1737 1964 1914 2035 fecerit
1941 1965 1994 2019 in
2025 1981 2204 2036 super-

615 2051 722 2116 bia,
754 2062 806 2104 ut
837 2068 938 2106 non
970 2053 1148 2107 audiat
1185 2053 1536 2120 Sacerdotem,
1582 2057 1669 2125 qui
1692 2065 1793 2110 stat
1817 2057 1886 2110 ad
1912 2057 2204 2112 ministran-

615 2144 737 2196 dum
765 2145 816 2198 in
857 2146 1061 2199 nomine
1101 2144 1199 2200 Dei
1239 2146 1318 2216 (b)
1361 2147 1455 2212 tui,
1501 2146 1580 2200 vel
1608 2147 1860 2216 judicent,
1901 2149 2204 2218 quicumque

615 2235 768 2304 fuerit
797 2236 850 2290 in
875 2236 1050 2291 diebus
1076 2238 1204 2302 illis,
1237 2238 1482 2291 morietur
1507 2235 1602 2310 [aL
1631 2237 1899 2310 moriatur]
1919 2239 2069 2294 homo
2092 2239 2200 2306 ille,

617 2337 666 2383 et
694 2328 894 2396 auferes
920 2328 1112 2382 malum
1137 2328 1200 2383 de
1229 2326 1418 2395 Israel,
1457 2338 1506 2382 et
1543 2327 1710 2382 omnis
1739 2329 1956 2399 populus
1992 2330 2203 2384 audiens

617 2421 847 2485 timebit,
923 2421 1089 2492 608
1158 2429 1205 2475 et
1246 2437 1350 2474 non
1393 2420 1549 2488 impie
1589 2431 1703 2489 aget
1742 2419 1880 2474 ultra
1907 2419 2082 2490 (Deut.
2111 2421 2202 2476 l7.

622 2513 738 2580 12).
785 2511 984 2567 Verum
1012 2528 1079 2567 ne
1105 2511 1350 2581 occupati
1375 2513 1521 2567 circa
1545 2510 1945 2565 vulneratorum
1972 2510 2205 2564 curatio-

623 2617 774 2670 nem,
807 2604 975 2656 nostri
1005 2603 1350 2658 immemores
1377 2601 1568 2668 simus,
1607 2611 1662 2656 et
1705 2600 1921 2670 propria
1969 2601 2202 2670 negliga-

620 2707 762 2760 mns,
794 2707 857 2746 ae
896 2693 1044 2761 juxta
1071 2692 1216 2762 quod
1247 2693 1504 2763 scriptum
1531 2701 1616 2747 est
1643 2709 1659 2746 :
1689 2692 1818 2746 Aliis
1847 2693 2200 2761 pra’dt'canles,

620 2785 720 2852 ipsi
761 2783 962 2853 reprobi
1005 2783 1324 2836 inveniamur
1367 2784 1444 2853 (l.
1496 2780 1618 2838 Cor.
1663 2782 1752 2853 9),
1801 2797 2204 2838 commonemus

621 2882 842 2938 stantes,
875 2882 932 2926 ut
959 2883 1184 2928 caveant
1216 2889 1229 2927 :
1263 2888 1330 2928 ne
1352 2873 1480 2928 dum
1503 2872 1809 2943 jacentibus
1834 2887 2048 2928 manum
2076 2888 2204 2944 por-

622 2966 819 3036 rigunt,
860 2965 958 3034 ipsi
989 2974 1264 3034 corruant,
1311 2974 1448 3020 etut
1488 2974 1764 3020 servantes
1788 2965 2202 3022 ecclesiasticam

621 3059 978 3128 disciplinam,
1005 3058 1243 3114 futurum
1263 3059 1520 3129 judicium
1546 3058 1920 3116 reformident.

690 3149 781 3205 25.
826 3149 989 3219 Igitur
1023 3149 1350 3205 dominicum
1390 3149 1593 3205 Pascha
1621 3150 1975 3215 celebrantes,
2004 3149 2205 3207 sanctis

621 3239 1018 3310 Scripturarum
1070 3240 1418 3310 purificemur
1455 3241 1702 3309 eloquiis,
1746 3249 1802 3295 et
1845 3240 1912 3295 ad
1967 3241 2204 3311 trophaza

623 3330 918 3388 Salvatoris
973 3332 1349 3401 respicientes,
1399 3341 1589 3387 cuncta
1632 3332 1970 3398 offendicula,
2011 3334 2206 3404 quibus

623 3425 747 3479 vita:
777 3433 978 3479 nostrze
1002 3424 1328 3479 curriculum
1356 3425 1677 3487 retardatur,
1710 3427 2015 3482 auferamus
2041 3444 2072 3482 e
2101 3442 2207 3482 me-

623 3514 734 3569 dio.
780 3515 1070 3570 Avaritiam
1101 3515 1253 3585 quasi
1301 3515 1676 3571 fteneratorem
1728 3517 2014 3586 pessimum
2043 3518 2208 3574 decli-

624 3615 835 3672 nantes,
863 3622 1013 3662 vana:
1042 3607 1228 3677 gloria:
1253 3608 1619 3676 cupiditatem,
1660 3618 1716 3663 ut
1746 3609 2098 3665 insatiabilem
2118 3610 2206 3680 ju-

621 3699 862 3768 gulemus
889 3699 1077 3762 feram,
1103 3706 1158 3753 et
1185 3698 1551 3754 fornicationis
1579 3699 1826 3754 blandum
1855 3715 1917 3754 ac
1946 3700 2205 3756 lubricum

623 3790 900 3844 colubrum
941 3788 1170 3844 sollicita
1214 3799 1396 3845 mente
1439 3791 1683 3845 vitemus.
1729 3790 1785 3844 Si
1811 3791 2024 3860 quando
2053 3789 2206 3846 nobis

623 3882 931 3951 prosperior
994 3896 1176 3936 rerum
1238 3895 1366 3936 aura
1415 3881 1774 3947 successerit,
1819 3883 2116 3936 humilitate
2151 3891 2208 3936 et

623 3972 1042 4029 mansuetudine
1081 3981 1342 4026 tumorem
1381 3973 1550 4026 animi
1582 3983 1960 4040 temperemus.
2006 3973 2062 4028 Si
2107 3973 2205 4026 atl-

622 4065 762 4122 versi
796 4065 937 4119 venti
967 4064 1232 4128 flaverint,
1265 4062 1574 4117 fortitudine
1598 4077 1842 4132 pressum
1869 4073 1923 4118 et
1938 4065 2206 4133 jacentem

625 4159 861 4212 animum
889 4157 1238 4218 suscitemus,
1270 4154 1478 4222 ipsique
1506 4154 1673 4206 nostri
1700 4154 1904 4223 peccati
1931 4163 2208 4208 accusato-

626 4265 716 4305 res
743 4252 912 4304 simus
959 4266 973 4300 :
1023 4258 1081 4300 ut
1107 4246 1335 4300 scientes
1372 4245 1729 4313 nosmetipsos
1755 4245 2123 4314 corripiamus,
2154 4255 2209 4301 et

619 4340 732 4412 jugi
777 4338 1144 4401 meditatione,
1168 4337 1420 4390 virtutum
1470 4334 1771 4390 libertatem
1814 4336 2043 4401 animus,
2090 4352 2207 4406 quin

623 4432 766 4486 vitiis
815 4443 1070 4500 oppressa
1114 4437 1220 4493 est,
1251 4442 1656 4496 recuperemus.
1687 4426 2020 4496 Quapropter
2050 4429 2206 4495 positi

624 4524 680 4579 in
710 4524 1004 4579 certamine
1045 4529 1102 4576 et
1143 4518 1342 4575 sudore
1366 4534 1430 4574 ac
1461 4518 1644 4573 labore
1671 4518 2034 4587 praesentium,
2063 4516 2204 4572 futu-

626 4629 740 4668 ram
767 4614 922 4668 nobis
943 4611 1298 4668 solemnitatis
1312 4610 1549 4666 caelestis
1573 4610 1798 4680 gloriam
1825 4618 2205 4678 praeparantcs,

624 4705 934 4775 priusquam
978 4713 1182 4758 stemus
1229 4712 1354 4758 ante
1397 4702 1630 4758 tribunal
1677 4699 1895 4765 Christi,
1941 4702 2206 4770 praeterita

627 4806 844 4866 peccata
873 4796 1178 4865 paenitentia
1206 4795 1538 4864 corrigamus
1567 4810 1580 4846 :
1616 4793 1866 4862 praesenti
1896 4790 2022 4846 ﬂetu
2064 4793 2208 4846 redi-

629 4903 837 4942 mamus
863 4887 1038 4942 futura
1079 4886 1290 4956 gaudia,
1318 4886 1608 4955 aculeoque
1639 4884 1983 4940 conscientia:
2009 4885 2063 4940 in
2094 4901 2209 4940 mo-

627 4995 745 5037 rem
770 4982 945 5050 apium
972 4979 1162 5040 noxios
1189 4987 1527 5047 peccatorum
1554 4977 1704 5032 focos
1730 4978 2075 5046 repellamus,
2104 4979 2210 5049 ple-

628 5087 695 5126 na
743 5071 882 5125 ceris
937 5084 1000 5123 ac
1049 5068 1209 5122 melle
1259 5068 1489 5122 alvearia
1539 5076 1899 5123 reservantes.
1945 5067 2207 5124 Curemus

629 5163 840 5218 diversa
867 5161 1114 5214 vitiorum
1146 5157 1386 5221 vulnera,
1419 5167 1473 5212 et
1503 5157 1716 5225 rapinas
1739 5157 1982 5223 divitum,
2011 5158 2206 5227 quibus

625 5256 709 5309 vel
740 5251 971 5308 maxime
991 5249 1092 5304 hoc
1112 5248 1387 5302 hominum
1410 5248 1618 5317 capitur
1631 5262 1820 5317 genus,
1845 5249 2047 5304 crebris
2067 5264 2206 5304 com-

623 5343 1010 5401 monitionibus
1041 5340 1414 5410 reprimamus.
1461 5339 1529 5392 Et
1565 5341 1644 5393 sic
1685 5340 1982 5409 poterimus
2029 5341 2204 5396 immi-

621 5441 864 5496 nentium
905 5435 1234 5508 jejuniorom
1280 5433 1384 5487 iter
1430 5446 1673 5503 carpere.
1705 5431 1961 5503 Incipient
1988 5433 2058 5504 (c)
2087 5433 2202 5490 dies

684 5572 756 5637 (α)
793 5572 890 5622 Pro
910 5569 989 5637 his
1013 5566 1207 5637 vulgata
1225 5600 1241 5625 ,
1266 5564 1567 5637 Quifugistis
1589 5563 1808 5637 gladium
1825 5599 1840 5625 ,
1867 5561 2034 5624 venite,
2059 5562 2204 5615 nolite

621 5628 749 5684 sta're'
770 5673 784 5692 ,
807 5629 1135 5683 recordamini
1156 5628 1325 5692 procul
1349 5628 1453 5676 Davi
1471 5628 1558 5685 ini,
1585 5628 1681 5675 etc.

682 5696 754 5758 (ὑ)
775 5686 925 5758 ἘΙ-ιιι,
951 5695 1038 5758 tu",
1061 5686 1200 5758 sacro
1224 5696 1366 5740 textu
1389 5694 1652 5758 renuenie.
1670 5686 1875 5758 Lagiera
1901 5686 1958 5758 ad
1980 5686 2206 5758 Graecum

613 5748 1138 5819 exempiarexigenda
1160 5758 1300 5812 sunt,
1323 5763 1434 5819 qua;
1456 5763 1483 5798 a
1507 5748 1714 5819 Vulgata
1735 5749 2029 5819 discordant.

682 5812 846 5879 (c)'B.
876 5813 935 5865 P.
974 5812 1257 5877 incipientes
1287 5812 1712 5876 quadragesimum
1750 5823 1782 5859 a
1816 5812 2077 5870 tricesima,
2107 5815 2203 5861 etc.

1929 385 2174 447 SANCTI
2210 383 2589 452 ΗῘΕΒΟΝἹΙΙΙ

2309 497 2743 570 Quadragesima:
2782 512 2814 555 a
2873 499 3142 558 tricesima
3182 501 3273 560 die
3316 504 3517 562 mensis
3559 506 3784 564 ﬂeehir.
3824 511 3894 569 Et

2312 588 2704 645 hebdomadam
2741 590 2992 648 salutaris
3032 593 3256 649 Pascha:
3294 595 3684 654 celebrabimus
3709 601 3892 671 quinta

2309 680 2399 738 die
2455 681 2656 739 mensis
2719 683 3014 751 Pharmuti,
3065 685 3310 744 finientes
3349 689 3554 759 jejunia
3597 693 3890 750 secundum

2307 775 2659 847 Evangelicas
2687 777 3006 834 traditiones
3037 793 3264 849 vespere
3309 781 3517 836 sabbati
3557 781 3769 839 decima
3807 786 3892 843 die

2308 865 2582 923 Pbarmuti
2617 885 2633 921 :
2665 876 2722 923 et
2765 869 3112 926 illucescente
3153 871 3333 925 statim
3388 872 3663 928 Dominiea
3690 915 3707 940 ,
3759 876 3891 933 festa

2307 960 2638 1017 celebremus
2686 961 2965 1018 undecima
3017 961 3105 1018 die
3141 959 3380 1033 ejusdem
3425 965 3658 1032 mensis,
3733 968 3894 1042 an

2305 1048 2590 1120 jnngentes
2633 1059 2689 1107 et
2735 1060 2941 1122 septem
2991 1052 3228 1123 reliquas
3286 1053 3650 1111 hebdomadas
3695 1071 3892 1116 sancta

2310 1139 2654 1196 Pcotecostes
2699 1159 2713 1196 :
2757 1151 2817 1196 ut
2843 1157 2967 1198 cum
2997 1142 3083 1198 his
3111 1144 3201 1214 qui
3232 1143 3504 1200 Trinitatis
3535 1161 3697 1202 unam
3724 1151 3891 1204 confi-

2310 1240 2488 1286 tentur
2531 1231 2884 1298 divinitatem,
2919 1235 2971 1289 in
3011 1235 3166 1292 celis
3204 1235 3422 1306 praemia
3464 1237 3807 1308 recipiamus,
3839 1243 3888 1299 il

2307 1322 2522 1378 Christo
2562 1321 2690 1378 Jesu
2719 1324 2949 1379 Domino
2976 1334 3186 1392 nostro,
3229 1341 3325 1396 per
3348 1343 3506 1397 quem
3529 1337 3584 1384 et
3613 1344 3737 1384 eum
3763 1347 3888 1402 quo,

2309 1411 2418 1467 Deo
2460 1411 2606 1468 Patri
2635 1411 2830 1482 gloria,
2857 1423 2912 1469 et
2943 1414 3246 1484 imperium,
3277 1429 3401 1471 cum
3439 1415 3640 1475 Sancto
3664 1418 3888 1490 Spiritu,

2308 1501 2360 1557 in
2389 1501 2585 1557 stecuIa
2611 1503 2952 1570 seculorum,
2983 1506 3172 1560 Amen.

2378 1615 2469 1672 26.
2499 1615 2736 1672 Salutate
2758 1616 2984 1672 invicem
3006 1617 3060 1674 in
3080 1619 3264 1675 osculo
3283 1631 3492 1676 sancto.
3518 1620 3768 1678 Salutant
3792 1639 3892 1680 vos

2307 1722 2495 1764 omnes
2523 1708 2616 1780 qui
2657 1724 2867 1765 mecum
2909 1721 3039 1767 sunt
3085 1711 3295 1768 fratres.
3330 1713 3398 1768 Et
3445 1714 3549 1769 hoc
3588 1719 3888 1773 necessario

2308 1801 2592 1856 scribimus
2611 1843 2627 1868 ,
2656 1813 2714 1856 ut
2742 1803 2926 1858 sciatis
2955 1818 3052 1874 pro
3081 1805 3278 1860 sanctis
3305 1814 3361 1862 et
3398 1804 3571 1861 beatis
3612 1807 3890 1879 Episcopis

2309 1896 2398 1966 qui
2444 1897 2497 1950 in
2546 1895 2774 1950 Domino
2816 1895 3188 1962 dormierunt,
3230 1897 3510 1954 ordinatos
3551 1913 3675 1956 esse
3717 1900 3770 1956 in
3809 1901 3889 1971 (ἀ)

2308 1985 2581 2042 Lemnado
2607 2001 2706 2056 pro
2729 1985 2961 2051 Heroue,
2991 1985 3216 2042 Naseam
3244 2003 3258 2041 :
3292 1989 3344 2042 in
3377 1987 3610 2058 Erythro
3630 1989 3890 2058 proSab-

2309 2081 2486 2147 batio,
2520 2079 2748 2135 Paulum
2777 2097 2790 2134 :
2826 2081 2879 2135 in
2925 2079 3159 2137 Omboes
3202 2094 3303 2152 pro
3342 2081 3613 2152 Sylvano,
3649 2081 3886 2139 Verrem.

2307 2171 2404 2227 His
2430 2186 2560 2242 ergo
2589 2172 2836 2239 scribite,
2868 2182 2926 2258 et
2947 2172 3015 2228 ab
3046 2173 3128 2228 his
3172 2173 3399 2244 accipite
3439 2173 3716 2245 paeifieas,
3745 2173 3889 2245 juxta

2303 2262 2728 2319 ecclesiasticum
2752 2277 2982 2329 morem,
3011 2263 3238 2318 litteras.

2725 2395 3056 2454 EPISTOLA
3090 2397 3162 2467 (c)
3191 2394 3360 2452 xcrx
3391 2394 3461 2470 (ο

2869 2545 2938 2585 ιι)
2975 2544 3331 2586 τηεονιιιυιι.

2309 2660 2537 2718 Excusat
2567 2679 2620 2718 se
2647 2661 2950 2731 Theoprfifo,
2981 2663 3119 2734 quod
3145 2664 3423 2718 subnexam
3451 2661 3758 2720 Paschalem
3785 2665 3888 2735 ejus

2381 2754 2670 2824 Epistolam
2714 2756 2879 2809 serius
2920 2757 3158 2820 verterit;
3205 2755 3476 2825 impeditus
3527 2758 3717 2826 partim
3759 2758 3891 2812 obitu

2381 2844 2587 2912 Paulae,
2618 2846 2804 2916 partim
2832 2862 2925 2901 suo
2955 2847 3150 2901 morbo.

2364 2976 2768 3033 BEATISSIMO
2805 2975 3010 3033 eam:
3049 2975 3438 3034 THEOPHILO
3476 2936 3840 3035 llruosnius.

2382 3113 2436 3167 l.
2470 3111 2688 3166 Hieron.
2718 3111 3002 3182 trgrotatio.
3037 3111 3114 3166 Ex
3144 3125 3211 3166 eo
3240 3121 3482 3182 tempore
3513 3129 3621 3183 quo
3659 3113 3891 3170 Beatitu-

2310 3202 2448 3257 diuis
2498 3210 2602 3256 tua:
2646 3201 2826 3270 accepi
2877 3201 3174 3270 Epistolas,
3210 3200 3398 3272 juncto
3449 3201 3694 3258 Paschali
3738 3205 3889 3272 libro,

2311 3307 2480 3362 usque
2511 3292 2562 3345 in
2592 3300 2912 3360 praesentem
2943 3291 3084 3346 diem
3106 3333 3121 3355 ,
3156 3291 3224 3346 ita
3267 3300 3322 3346 et
3349 3307 3587 3348 incerare
3615 3293 3814 3357 luctus,
3843 3305 3894 3350 et

2309 3383 2709 3447 Sollicitudine,
2740 3396 2804 3437 ac
2840 3382 3067 3436 diversis
3095 3397 3258 3451 super
3295 3391 3439 3437 statu
3479 3383 3734 3440 Ecclesia:
3776 3385 3891 3441 hinc

2314 3474 2442 3529 inde
2469 3473 2776 3528 rumoribus
2797 3473 3096 3543 exagitatus
3118 3488 3255 3535 sum,
3285 3482 3343 3528 ut
3364 3474 3448 3527 vix
3472 3475 3724 3530 volumen
3753 3485 3891 3530 tuum

2313 3565 2576 3636 potuerim
2633 3566 2684 3618 in
2741 3564 2988 3618 Latinum
3039 3579 3342 3620 sermonem
3395 3573 3632 3621 vertere.
3686 3565 3892 3636 Optime

2312 3658 2456 3712 enim
2485 3656 2626 3711 nosti
2653 3657 2828 3726 juxta,
2863 3665 3097 3711 veterem
3129 3655 3474 3720 sententiam,
3505 3654 3620 3710 Non
3652 3671 3774 3712 esse
3803 3657 3892 3711 tri-
3939 3655 3944 3659 ’

2315 3759 2449 3804 stem
2479 3748 2841 3819 eloquentiam
2869 3766 2882 3802 :
2914 3748 3144 3802 maxime
3170 3747 3214 3801 si
3240 3747 3306 3800 ad
3334 3747 3709 3816 aegritudinem
3736 3747 3893 3802 animi

2313 3840 2534 3894 accedat
2559 3844 2801 3908 corporis
2830 3837 3108 3908 a‘gritudo.
3141 3837 3205 3890 Et
3231 3835 3368 3890 hanc
3399 3837 3568 3905 ipsam
3603 3837 3893 3907 Epistulam

2313 3931 2462 3987 febre
2500 3942 2763 3997 arstuans,
2806 3938 2859 3984 et
2885 3929 3127 3999 quintum
3157 3927 3263 3998 jam
3291 3925 3431 3982 diem
3463 3927 3793 3984 decumbens
3819 3928 3891 3984 le-

2312 4073 2492 4122 omisso
2537 4068 2678 4128 infra,
2701 4067 3066 4120 celebrabimus.
3101 4067 3254 4116 Porro
3287 4065 3538 4128 tricesima
3570 4064 3681 4114 dies
3704 4065 3896 4128 Mecbir

2313 4134 2558 4182 vicesimae
2579 4126 2765 4194 quarta:
2790 4131 3040 4194 Eelu-uarii
3065 4127 3358 4194 respondet;
3384 4134 3436 4175 et
3459 4126 3711 4174 Pbarmuti
3733 4130 3892 4194 quinta

2314 4195 2574 4243 tricesimm
2597 4187 2786 4254 "prima:
2810 4191 2965 4254 Martii
2980 4224 2994 4248 ,
3022 4187 3273 4254 undecima
3297 4195 3488 4254 autern_,
3514 4195 3674 4254 sertae
3695 4187 3896 4254 _Kpri|i§

2315 4269 2377 4303 ex
2401 4255 2582 4362 (iunius
2599 4248 2716 4362 anui
2734 4252 3205 4316 quadringentesimi
3222 4250 3426 4300 secundi
3449 4249 3635 4298 Pascha
3679 4248 3893 4298 deuotari

2315 4329 2410 4362 est.
2431 4330 2512 4362 ora
2537 4329 2615 4362 um
2641 4327 2698 4362 es
2721 4351 2732 4362 .

2314 4323 2615 4365 est-[oratum
2641 4323 2732 4363 est.

2376 4331 2747 4485 fa
2771 4374 2822 4425 S.
2848 4373 3017 4431 Paulo,
3039 4372 3274 4423 tentando
3295 4371 3451 4445 legit,
3477 4383 3689 4481 eamqiie
3725 4371 3894 4420 urbem

2423 4451 2630 4485 roviucia
2657 4437 2821 4485 Litiva:
2844 4433 3170 4485 Pentapoleos
3191 4441 3470 4485 constituit.
3505 4445 3566 4481 ex
3639 4446 3698 4482 oc
3735 4441 3892 4482 tamen

2315 4439 2362 4486 io
2382 4433 2630 4485 Provincia
2657 4437 2821 4498 Libya:
2844 4433 3170 4498 Pentapoleos
3191 4433 3470 4498 constituit,
3505 4445 3566 4481 ex
3604 4433 3698 4498 hoc
3735 4441 3892 4498 tamen

2314 4513 2412 4547 uno
2446 4492 2819 4559 'l‘heopltilunSis‘
2849 4492 3068 4558 epistola:
3104 4497 3407 4559 testimonio,
3455 4492 3564 4559 non
3601 4495 3734 4559 enim
3773 4492 3891 4554 apud

2313 4554 2782 4627 aiiostleographos
2817 4554 3047 4627 veteres,
3084 4564 3168 4627 aut
3191 4559 3237 4604 in
3281 4557 3491 4627 antiquis
3525 4554 3894 4627 Episcopatuum

2313 4614 2628 4686 Notitiis-ulla
2652 4614 2869 4686 ejusest
2897 4614 3119 4686 mentio;
3152 4618 3344 4666 tametsi
3377 4614 3518 4686 facile
3553 4614 3722 4686 colligi
3757 4627 3892 4686 posse

2318 4683 2570 4740 videatur,
2610 4677 2705 4728 non
2744 4681 2884 4728 aliam
2915 4683 2976 4728 ab
3001 4693 3060 4728 ea
3084 4692 3198 4727 esse
3221 4714 3235 4738 ,
3264 4691 3406 4740 quam
3441 4677 3738 4740 Isauriam
3762 4683 3894 4740 vocat

2313 4737 2588 4792 Antoninus
2607 4779 2620 4798 ,
2655 4743 2836 4792 itinere
2862 4755 2888 4789 a
2913 4740 3217 4790 Ptolemaide
3255 4737 3618 4788 Alexandriam.
3638 4741 3760 4796 Quae
3781 4737 3892 4786 sub-

2313 4805 2535 4867 sequitur
2566 4804 2808 4867 Erythra,
2851 4803 3013 4867 eidem
3043 4801 3329 4867 Provinciae
3364 4798 3529 4867 Libyae
3570 4798 3894 4867 Pentapoleos

2313 4859 2601 4916 adscribitur
2631 4859 2694 4913 in
2738 4863 3054 4913 Alexandrini
3101 4859 3469 4909 Patriarchatus'
3503 4861 3692 4909 notitia.
3732 4859 3896 4908 ‘Alias

2313 4927 2576 4998 Ψξξίυιζὲλδε
2599 4924 2909 4998 θί.εν9ι¹¹ῑ’⁰η
2922 4921 3510 4998 ,θρυφΡΨΨΨίθἾΨ-’,Ξὲ
3520 4990 3531 4998 .
3541 4922 3595 4998 ξίέ
3619 4921 3756 4998 ΑἳΞίξ
3768 4920 3896 4998 99ῃῖ

2315 4981 2416 5037 cilii
2457 4981 2867 5046 Chalcedonénsis
2908 4981 3016 5034 Act.
3061 4985 3108 5046 l.
3149 4995 3288 5046 ipsaet,
3323 4981 3618 5046 appellatur.
3640 4981 3896 5046 _Denique

2313 5063 2401 5112 pro
2416 5049 2593 5112 ΟηιιγοεΔ
2610 5048 2792 5098 Grzecte
2812 5045 3023 5106 Notium,
3049 5041 3585 5112 Gigaéiqu_e__scr'iptores
3607 5041 3896 5112 plerunnjue

2313 5104 2467 5175 39590.__
2487 5108 2690 5159 Ombroe
2743 5116 2920 5158 vocant
2940 5143 2956 5168 ,
3000 5104 3059 5156 ac
3093 5104 3330 5156 'l‘beljaidi
3367 5104 3598 5154 secunda:
3617 5104 3620 5105 ⁷
3642 5105 3896 5153 verissime

2313 5173 2600 5236 adjudicant.

2380 5256 2449 5318 (ε)
2493 5254 2754 5318 Lectorem
2775 5263 3039 5318 monemus
3052 5250 3231 5318 iterum
3251 5284 3266 5309 ,
3291 5249 3545 5318 pertinere
3567 5247 3695 5318 hanc
3717 5247 3894 5318 episio-

2311 5307 2407 5368 lam
2429 5307 2537 5368 cum
2569 5317 2790 5364 subnexa
2822 5311 3071 5379 Paschalis
3105 5307 3512 5379 interpretatione
3546 5307 3762 5379 adanni
3787 5307 3892 5379 ξω.

2312 5379 2634 5443 posteriorem
2656 5384 2842 5443 partem
2861 5387 2876 5435 ;
2901 5373 3042 5443 subdi
3061 5383 3181 5420 vero
3200 5369 3312 5443 héic
3328 5369 3596 5443 loci‘semel
3615 5369 3896 5443 intermisso

2311 5430 2586 5501 iemporum
2624 5430 2798 5486 ordine
2818 5470 2833 5496 ,
2861 5430 2937 5484 ὀὺ
2968 5435 3166 5483 istarum
3193 5433 3610 5501 eiucubrationum
3648 5430 3859 5501 indolem
3877 5461 3892 5486 ,

2311 5492 2702 5568 ingeniumque,
2759 5492 2908 5568 atque
2962 5495 3261 5568 argumenti
3301 5492 3732 5568 μιιξιιιξεξπῃρηειξιξ⁸

2309 5554 2874 5622 di§trahi.suumquein
2892 5554 3048 5605 locum
3070 5557 3331 5622 reservari,
3358 5555 3482 5622 docti
3509 5554 3894 5622 homines,_quos

2309 5625 2358 5672 in
2397 5611 2650 5672 consilium
2681 5611 3022 5674 adhibuimus,
3059 5627 3195 5676 aegre
3236 5616 3564 5676 patiebantur.
3610 5611 3815 5676 Accedit
3849 5613 3894 5676 in

2309 5685 2562 5752 νειετίιξυε
2725 5690 2880 5752 argue.
2900 5681 2948 5728 in
2982 5672 3712 5752 t’hlgitie,_§‘P'liH9§.£?EE‘PE°
3738 5672 3892 5736 ἱιωεί·

2309 5746 2506 5797 ιωῐιθιδὶ
2529 5747 2698 5793 ordine
2721 5737 2831 5792 aliis
2852 5742 2916 5789 de
2938 5737 3094 5788 causis
3118 5737 3288 5786 vitioso
3317 5743 3467 5798 atque
3486 5737 3709 5788 inverso.

2371 5809 2446 5868 (Γ)
2483 5806 2608 5858 Alias
2629 5806 2710 5856 3i.
2736 5802 2924 5865 scripta
2946 5812 3070 5850 anno
3091 5798 3199 5846 404.
