4106 6340
243 332 365 392 8ιᾶ

256 439 435 506 ctulo,
465 435 631 494 nimia
673 435 1006 494 festinatione
1045 431 1239 488 dictavi
1268 449 1282 486 :
1314 422 1572 485 breviteF'
1594 429 1837 484 indicans

255 532 426 606 διο
494 529 813 585 Beatitudini
858 536 982 592 tuae,
1017 538 1266 595 magnum
1299 536 1385 576 me
1410 520 1647 574 laborem
1675 518 1837 573 susti-

263 625 446 678 nuisse
475 623 530 678 in
553 621 901 677 translatione
923 617 1066 689 ejus,
1100 626 1160 670 ut
1183 628 1372 669 omnes
1400 612 1696 668 sententias
1725 609 1840 680 pari

261 722 542 768 venustate
579 711 960 777 transferrem,
1007 718 1062 765 et
1099 707 1300 764 Graica:
1339 704 1661 775 eloquentiae
1690 701 1841 756 Lati-

263 818 390 857 num
420 803 595 873 aliqua
623 818 685 857 ex
719 811 870 870 parte
899 798 1246 868 responderet
1267 794 1560 864 eloquium.

250 961 254 965 ι
333 894 386 948 2.
419 895 474 949 ln
505 893 766 963 principio
787 889 1178 960 philosopharis
1203 903 1217 940 :
1250 897 1306 941 et
1326 884 1655 954 generaliter
1677 895 1844 950 agens

263 986 389 1039 dttm
417 999 607 1039 omnes
631 983 828 1047 erudis,
863 997 1024 1035 unum
1052 979 1302 1049 iugulas:
1334 979 1384 1031 in
1417 975 1845 1045 reliquis-autem

261 1075 405 1146 quod
450 1075 537 1130 vel
580 1074 952 1128 diflicillimum
1002 1083 1118 1136 est,
1171 1069 1473 1124 Rhetorica:
1522 1065 1850 1135 eloquentiae

260 1165 442 1235 jungis
487 1165 842 1234 Philosophos
861 1204 878 1228 ,
922 1173 978 1217 et
1008 1160 1450 1224 Demosthenem,
1481 1164 1642 1225 atque
1673 1155 1852 1208 Plato-

265 1271 389 1310 nem
411 1256 565 1310 nobis
591 1255 892 1310 consocias.
916 1251 961 1309 Ο
983 1261 1177 1323 quanta
1203 1251 1452 1304 dicuntur
1474 1247 1528 1301 in
1553 1245 1846 1308 luxuriam,

264 1348 480 1417 quantis
505 1347 786 1416 prmconiis
809 1346 1083 1400 extollitur
1103 1343 1452 1406 continentia,
1478 1349 1533 1396 et
1553 1339 1619 1394 de
1647 1335 1852 1391 intimis

265 1440 544 1510 sapientia:
572 1439 888 1508 disciplinis,
917 1438 1026 1493 diei
1059 1453 1120 1491 ac
1149 1436 1344 1498 noctis,
1377 1435 1516 1488 luam
1542 1445 1754 1494 cursus,
1784 1442 1850 1482 ac

268 1533 399 1588 solis
427 1533 587 1598 ratio,
615 1532 798 1587 mundi
825 1531 978 1586 iSIius
1007 1539 1193 1587 natura
1221 1528 1543 1584 describitur
1569 1542 1586 1591 ;
1629 1531 1686 1580 et
1714 1522 1851 1578 hanc

270 1627 442 1696 ipsam
469 1625 886 1695 disputationem
917 1625 983 1679 ad
1010 1624 1405 1693 Scripturarum
1433 1619 1600 1685 refers
1621 1615 1854 1672 auctori-

271 1727 435 1772 tatem
459 1757 476 1784 ,
521 1732 592 1772 ne
636 1717 688 1770 in
719 1716 963 1771 Pascliali
995 1716 1134 1770 libro
1162 1713 1390 1768 videaris
1414 1712 1481 1766 de
1506 1709 1852 1765 saecularibus

271 1810 561 1880 quidquam
605 1808 842 1864 fontibus
891 1817 1184 1863 mutuatus.
1229 1805 1368 1872 Quid
1419 1803 1617 1874 plura?
1662 1801 1720 1856 In
1770 1800 1854 1855 his

272 1900 492 1956 laudare
522 1909 573 1955 te
604 1915 793 1955 vereor
817 1941 832 1965 ,
865 1914 932 1954 ne
975 1896 1279 1952 assentandi
1317 1896 1519 1949 crimen
1559 1895 1848 1948 incurram.

270 1991 515 2062 Optimus
543 1991 682 2046 liber
709 2001 816 2057 est,
843 1999 898 2045 et
926 1991 977 2044 in
1007 1987 1366 2055 Philosophia,
1397 1994 1452 2041 et
1475 1999 1640 2056 agens
1670 1999 1854 2038 susce-

277 2092 418 2150 ptam
448 2095 664 2136 causam
708 2082 912 2151 absque
950 2079 1146 2133 invidia
1175 2091 1551 2147 personarum.
1583 2073 1733 2130 Unde
1761 2074 1858 2127 ob-

275 2188 430 2228 secro
473 2181 560 2238 te,
611 2174 854 2244 ignoscas
899 2172 1133 2226 tarditati
1183 2173 1345 2226 etiam
1391 2185 1561 2232 mete;
1597 2169 1666 2222 ita
1712 2168 1855 2222 enim

277 2279 474 2320 sancta:
485 2275 542 2321 et
559 2265 880 2321 venerabilis
895 2265 1073 2320 Paula:
1085 2263 1362 2318 confectus
1377 2277 1492 2316 sum
1509 2261 1854 2327 dormitione,

280 2368 336 2410 nt
362 2357 566 2427 absque
587 2357 944 2411 translatione
969 2355 1130 2423 hujus
1156 2354 1303 2417 libri,
1335 2368 1503 2422 usque
1533 2351 1588 2405 in
1621 2366 1857 2420 praesen-

278 2449 478 2502 tiarum
517 2448 648 2502 nihil
687 2447 828 2501 aliud
859 2446 1022 2500 divini
1050 2444 1231 2514 operis
1259 2443 1583 2512 scripserim.
1617 2441 1859 2496 Perdidi-

280 2554 401 2593 mus
429 2539 597 2601 enim,
627 2546 684 2590 ut
711 2537 824 2606 ipse
854 2536 1016 2601 nosti,
1045 2543 1270 2604 repente
1299 2533 1547 2588 solatium
1569 2573 1585 2598 ,
1615 2532 1752 2602 quod
1783 2530 1864 2603 (nt

278 2629 628 2684 conscientia:
665 2635 864 2682 nostrae
896 2628 1047 2681 testis
1076 2636 1158 2682 est
1186 2625 1476 2696 Dominus)
1505 2641 1612 2679 non
1642 2624 1707 2677 ad
1741 2639 1863 2694 pro-

283 2720 430 2789 prius
456 2719 702 2774 ducimus
729 2719 1078 2774 necessitates
1096 2759 1113 2784 ,
1143 2718 1237 2773 sed
1263 2716 1329 2771 ad
1368 2727 1673 2772 sanctorum
1704 2717 1863 2771 refri-

279 2812 453 2881 geria,
481 2811 674 2880 quibus
702 2809 790 2864 illa
818 2810 1046 2864 sollicite
1074 2808 1359 2864 serviebat.
1392 2807 1584 2864 Sancta
1617 2817 1673 2864 et
1700 2821 1861 2862 vene-

286 2903 470 2958 rabilis
501 2912 586 2969 te,
638 2903 746 2956 ﬁlia
792 2913 879 2959 tua
930 2903 1314 2969 Eustochium,
1365 2919 1483 2972 qua:
1529 2902 1724 2956 nullam
1769 2915 1866 2970 pro

286 2995 473 3050 matris
493 2995 736 3050 absentia
768 2996 957 3065 recipit
977 2995 1418 3057 consolationem,
1445 3003 1495 3048 tc
1521 2996 1764 3048 universa
1791 2984 1868 3063 (α)

287 3085 620 3140 Fraternitas
667 3086 981 3156 suppliciter
1008 3089 1222 3141 salutat.
1259 3084 1334 3156 (li)
1367 3085 1557 3140 Libros
1600 3098 1736 3154 quos
1772 3083 1870 3138 duo

289 3175 415 3230 dum
451 3176 732 3246 scripsisse
763 3186 816 3233 te
855 3177 1110 3232 nuntiasti
1134 3219 1150 3244 ,
1181 3177 1264 3231 vel
1293 3175 1546 3247 legendos
1575 3175 1726 3230 nobis
1746 3215 1763 3244 ,
1787 3174 1871 3230 vel

289 3267 580 3325 vertendos
607 3270 927 3325 transmitte.
957 3268 1092 3324 Vale
1119 3269 1174 3324 in
1200 3267 1435 3324 Christo.

706 3403 866 3476 611
943 3401 1276 3458 EPISTOLA
1317 3400 1358 3456 c
1390 3399 1482 3472 (c).

365 3551 482 3592 Si"!
540 3551 825 3592 THEOPHILI
879 3549 1230 3590 ALEXANDBINI
1285 3545 1512 3587 EI'ISCOH
1567 3546 1636 3585 ΑΒ
1688 3543 1878 3585 τοτιυε

299 3643 502 3684 seven
541 3640 816 3683 nrtscoros
851 3641 1134 3682 essemus
1165 3625 1245 3695 (Δ)
1273 3639 1396 3679 anan
1441 3622 1566 3678 404.
1610 3639 1642 3677 n
1693 3636 1879 3677 aleae-

298 3733 438 3774 ιιῐιιο
463 3733 814 3774 ικτιιιιριιετε.

300 3809 615 3865 Cenandum
652 3828 685 3864 a
725 3809 972 3880 peccatis,
1018 3809 1146 3864 inita
1193 3808 1438 3862 virtutum
1484 3805 1878 3871 consuetudine,

369 3916 472 3970 qua
491 3901 563 3954 ad
591 3901 791 3955 Pascha
811 3900 1168 3954 celebrandam
1195 3895 1354 3952 animi
1389 3905 1759 3968 prteparentnr.
1785 3893 1882 3948 Je-

367 3992 632 4063 jum’orum
665 3991 1185 4062 quadragesimalium
1225 3988 1500 4043 observatio
1526 3997 1735 4054 sancta,
1778 3996 1885 4041 tum

375 4093 513 4137 recta
537 4083 590 4137 in
619 4081 785 4138 Deum
821 4082 948 4152 ﬁdes
986 4088 1360 4152 proponuntur.
1394 4078 1628 4149 Origeni:
1652 4092 1883 4145 errores,

371 4189 504 4245 quos
549 4174 798 4230 exsecrari
841 4182 1074 4243 oporteat
1120 4180 1238 4225 ante
1276 4169 1606 4224 Dominicum
1660 4167 1886 4223 Pascha.

372 4263 636 4320 Calcanda
658 4266 866 4336 insuper
890 4265 1127 4332 avaritia,
1159 4273 1206 4319 et
1229 4263 1392 4319 amori
1418 4262 1470 4318 in
1495 4260 1662 4318 Deum
1685 4261 1889 4316 dilectio

326 4401 328 4404 .
377 4357 433 4411 in
461 4358 719 4427 proximos
735 4357 1027 4429 jungenda.

380 4471 433 4527 ι.
463 4471 612 4527 Nunc
651 4486 865 4543 quoque
909 4471 1004 4527 Dei
1041 4463 1159 4526 viva
1204 4469 1467 4542 sapientia
1517 4482 1616 4525 nos
1653 4467 1720 4524 ad
1768 4481 1892 4523 san-

373 4605 448 4668 (a)
472 4605 692 4655 Fratrum
715 4611 886 4668 coetus,
908 4603 1273 4668 quisolitariam
1295 4617 1405 4653 cum
1427 4601 1722 4668 Hieronymo
1745 4602 1893 4668 vitam

310 4663 562 4739 agebant,
591 4663 894 4739 gnate-ritimis
928 4663 1042 4739 beic
1075 4666 1339 4739 lociolivio
1378 4676 1534 4739 sensu.
1566 4663 1890 4739 intelligitur;

313 4723 424 4794 eius
442 4723 606 4794 tamen
625 4724 843 4794 vocabuli
863 4725 989 4794 apud
1007 4723 1658 4794 ecclesiasticos‘Scriptores
1678 4725 1896 4794 acceptio

312 4783 446 4837 varia
470 4792 564 4841 est,
591 4791 644 4834 et
664 4783 974 4846 significatio:
1001 4798 1093 4846 nec
1115 4799 1225 4834 raro
1248 4799 1332 4846 pro
1354 4783 1571 4846 Ecclesia
1591 4785 1733 4846 sumi,
1759 4783 1894 4845 saepe

314 4850 462 4910 etiam
470 4847 703 4910 Amysterii
717 4843 928 4910 multum
945 4858 1001 4894 ac
1017 4843 1335 4910 religionisin
1354 4859 1414 4910 eo
1435 4844 1641 4910 positum
1658 4843 1891 4910 invenias.

312 4908 422 4958 Vid.
457 4904 688 4970 Opiat‘um
725 4905 992 4970 Milevitan.
1017 4904 1130 4970 init.
1149 4905 1233 4953 lib.
1262 4907 1306 4954 l.
1345 4907 1408 4953 de
1442 4904 1713 4957 Schistnate
1735 4905 1898 4953 Dona-

313 4971 472 5020 tistar.
499 4968 547 5018 in
571 4981 784 5030 eumque
805 4968 1055 5017 doctorum
1078 4969 1288 5030 virorum
1310 4975 1465 5016 notas.

378 5032 454 5094 (ιι)
478 5030 616 5082 Haud
639 5023 1004 5094 aliosputamus
1019 5029 1217 5094 indicari
1247 5029 1410 5085 libros,
1431 5023 1896 5094 quam_lllps__i_nve-

313 5086 551 5143 ctivarum
571 5099 739 5154 contra
760 5086 811 5142 S.
834 5091 1073 5154 Joannem
1091 5086 1493 5154 Cbrysostommn,
1517 5089 1601 5154 qui
1625 5088 1686 5136 ab
1718 5086 1896 5136 Hiero-

315 5169 457 5219 nymo
481 5155 679 5218 quidem
701 5151 1128 5219 Latine_explicati
1164 5151 1310 5219 sunt;
1333 5151 1439 5219 _sed
1471 5151 1669 5219 minime
1701 5154 1897 5219 mutem

314 5210 536 5267 ttilerun't
573 5230 738 5279 neque
777 5217 826 5264 in
873 5210 1039 5279 Graico
1077 5215 1386 5279 exemplari,
1431 5225 1598 5279 neque
1636 5211 1688 5279 in
1728 5210 1898 5260 Latina

315 5274 721 5340 interpretatione
739 5312 756 5335 ,
782 5276 1005 5340 exceptis
1028 5275 1154 5340 apud
1185 5274 1462 5340 Facundum
1490 5274 1898 5340 Hermiaueusem

316 5334 602 5402 fragmentis
617 5334 853 5402 perquam
871 5334 1086 5400 eiiguis.
1110 5337 1316 5388 Consule
1337 5336 1479 5400 paulo
1495 5334 1621 5386 infra
1644 5335 1897 5400 epistolam

319 5401 410 5451 114
432 5409 486 5452 et
508 5401 625 5452 uuae
640 5403 706 5450 ibi
730 5401 1032 5451 adnotamus.

379 5463 450 5588 ξε)
489 5457 560 5514 ΑΙ.
584 5476 783 5514 numero
804 5470 954 5534 caret,
975 5461 1160 5534 scripta
1194 5466 1240 5511 et
1265 5459 1409 5511 latine
1440 5459 1635 5510 reddita
1679 5471 1759 5510 an.
1784 5457 1905 5520 404.,

401 5527 457 5588 α)
490 5527 727 5577 Nimirum
750 5526 1020 5588 superioris
1051 5537 1165 5588 anui
1188 5523 1298 5572 403.
1334 5521 1618 5574 Paschalem
1641 5519 1898 5588 epistolam

401 5519 457 5589 α’)
490 5527 727 5577 Nimirum
750 5519 1020 5589 superioris
1051 5519 1165 5589 anui
1188 5523 1298 5572 403.
1334 5521 1618 5574 Paschalem
1641 5519 1898 5589 epistolam

316 5583 645 5654 Bierbnymus
674 5601 771 5654 non
913 5587 1089 5654 Latine
1127 5587 1505 5654 interpretatus,
1553 5591 1605 5634 et
1641 5583 1898 5654 splendide

318 5647 548 5724 fallunttir
569 5657 672 5724 tum
694 5653 777 5724 qui
800 5649 928 5699 illam
960 5649 1257 5724 amittantur
1274 5647 1616 5724 intercidisse,
1652 5652 1756 5724 tum
1779 5657 1901 5724 vero

317 5715 530 5775 maxime
550 5716 633 5775 qui
655 5705 868 5775 priorem
889 5712 1004 5775 anni
1028 5711 1112 5761 401
1142 5717 1198 5763 ut
1218 5709 1437 5762 lacunam
1459 5705 1719 5774 impleant,
1751 5705 1898 5763 alteri

318 5773 410 5826 405
429 5788 540 5829 cum
561 5773 771 5829 Baronio
791 5774 1087 5828 adscribunt.

1656 312 1984 377 EPISTOLA
2021 316 2084 374 C.

3427 325 3534 386 8η

1943 442 2088 485 ctum
2157 441 2415 502 provocat
2478 433 2684 491 Pascha
2745 437 3155 506 celebrandum,
3205 455 3393 498 omnes
3433 458 3532 498 cn.

1944 525 2096 596 piens
2141 525 2262 594 ejus
2304 539 2425 582 esse
2469 528 2804 598 participes:
2837 529 2981 586 unde
3019 547 3250 604 propero
3295 534 3362 589 ad
3401 534 3533 594 illud

1944 625 2225 672 currentes
2251 617 2442 687 gradu,
2469 618 2695 689 jejuniis
2731 628 2787 675 et
2810 621 3142 678 continentia
3169 624 3425 697 omnique
3447 624 3533 678 af-

1946 707 2184 763 ﬂictione
2201 709 2448 778 corporis
2470 717 2770 780 pugnantes
2790 721 2976 767 contra
3007 714 3262 773 virtutum
3287 715 3537 771 adversa-

1947 797 2150 852 riarnm
2178 797 2520 866 industriam,
2544 801 2843 871 voluptates
2867 802 3171 874 rcdigamus
3191 807 3256 860 ad
3281 807 3532 872 nihilum,

1949 889 2069 946 fulti
2096 889 2394 947 Salvatoris
2418 893 2620 948 auxilio
2648 912 2662 949 :
2694 902 2752 950 et
2793 909 3010 964 peccata
3055 907 3236 952 nostra
3269 899 3379 954 Deo
3400 940 3416 962 ,
3446 902 3534 968 qui

1950 996 2146 1036 sanare
2195 993 2392 1053 potest,
2443 985 2758 1053 simpliciter
2781 986 3124 1052 confitentes,
3171 1004 3360 1045 verum
3405 1005 3538 1044 con-

1953 1073 2196 1128 scientia:
2241 1074 2502 1143 judicium
2535 1076 2924 1144 formidemus,
2977 1089 3035 1132 ut
3080 1093 3202 1133 cum
3250 1081 3412 1134 David
3447 1096 3539 1134 vo-

1953 1161 2245 1218 ciferantes
2298 1174 2462 1234 atque
2533 1166 2772 1222 dicentes
2819 1185 2835 1221 :
2885 1167 3107 1222 I’eccata
3175 1167 3533 1223 adolescentia:

1955 1269 2084 1308 nica:
2119 1251 2189 1326 (ε)
2217 1266 2264 1309 et
2295 1257 2594 1326 ignorantia:
2631 1275 2756 1314 mete
2792 1277 2854 1314 ne
2896 1261 3183 1316 memineris
3208 1276 3228 1314 :
3253 1264 3535 1316 secundum
3597 1312 3600 1315 .

1955 1347 2360 1402 misericordium
2388 1359 2528 1405 tuam
2574 1367 2768 1406 memor
2791 1363 2896 1407 cato
2920 1353 3018 1407 mei
3045 1351 3164 1426 (Ps.
3190 1353 3282 1407 27.
3313 1353 3401 1425 7);
3429 1362 3538 1408 ter-

1955 1438 2269 1508 rore-ignis
2311 1442 2512 1496 interni
2529 1443 2827 1499 crescentia
2871 1443 2998 1498 vitia
3022 1458 3401 1499 eonsumemus
3443 1442 3536 1515 [aL

1953 1529 2336 1602 constituamus]
2368 1547 2632 1601 :quorum
2677 1533 2806 1608 linis
2840 1543 2953 1600 est,
2991 1535 3101 1589 alia
3126 1535 3270 1590 ultra
3314 1549 3418 1589 non
3469 1535 3546 1587 fa-

1906 1666 1908 1668 τ
1953 1630 2174 1685 cere,et
2195 1621 2474 1677 exordium
2493 1624 2700 1690 salutis,
2727 1625 3123 1694 prmteritorum
3147 1625 3366 1681 oblivio.
3393 1625 3546 1680 Sicut
3585 1635 3590 1644 ’

1955 1715 2100 1770 enim
2130 1717 2446 1786 principium
2470 1718 2569 1771 viae
2603 1716 2663 1788 (f.
2689 1717 2828 1788 vita)
2857 1717 3038 1784 bonae,
3064 1716 3243 1774 facere
3268 1718 3434 1788 justa,
3467 1719 3544 1771 sic

1955 1807 2238 1862 exordium
2269 1808 2598 1863 cessantium
2631 1820 2976 1878 peccatorum
3007 1818 3112 1877 est,
3145 1825 3330 1865 eorum
3378 1799 3546 1878 impe-

1959 1906 2044 1955 tus
2085 1899 2363 1966 cohibere,
2393 1899 2525 1955 dum
2570 1909 2664 1954 aut
2693 1902 2902 1957 ratione
2932 1901 3233 1966 frenantur.
3281 1913 3370 1958 aut
3403 1913 3547 1958 metu

1956 1991 2023 2046 ad
2070 1992 2362 2062 praecipitia
2413 2007 2518 2047 non
2567 1992 2819 2063 veniunt.
2856 1993 3099 2063 Cumque
3129 1993 3260 2065 legis
3308 1994 3464 2050 fuerit
3498 1997 3549 2049 in

1957 2085 2138 2140 animo
2177 2084 2503 2151 recordatio,
2552 2084 2694 2140 illico
2747 2083 2978 2154 fugiunt,
3007 2094 3062 2140 ct
3091 2095 3369 2141 cessantes
3413 2087 3550 2141 ultra

1961 2175 2275 2245 procedere,
2303 2175 2356 2230 in
2381 2175 2822 2244 triumphantium
2846 2175 3099 2230 virtutum
3121 2187 3297 2230 castra
3327 2177 3396 2247 (1)
3423 2193 3553 2230 con-

1959 2268 2184 2334 cedunt,
2217 2268 2578 2339 paulatimque
2625 2267 2937 2334 ptenitendo
3007 2268 3171 2339 612
3255 2268 3552 2322 referentes

1964 2359 2187 2430 pedem,
2236 2368 2291 2416 et
2320 2360 2640 2430 sapientium
2682 2359 2939 2428 judicium
2979 2359 3346 2422 declinantes,
3382 2361 3550 2414 instar

1963 2450 2091 2506 fumi
2121 2451 2465 2507 resolvuntur
2495 2451 2546 2505 in
2573 2450 2821 2505 nihilum.
2853 2449 3083 2505 Difﬁcile
3103 2460 3360 2505 sanantur
3387 2451 3548 2512 mala,

1963 2558 2083 2613 quae
2105 2559 2210 2596 non
2233 2542 2411 2596 statim
2455 2551 2512 2596 ut
2531 2555 2781 2615 crescere
2817 2547 3115 2609 cmperunt,
3142 2539 3545 2608 opprimuntur:

1966 2633 2134 2688 facilis
2158 2641 2242 2688 est
2268 2647 2453 2688 eorum
2493 2632 2809 2697 eradicatio,
2840 2647 2964 2685 cum
2990 2631 3082 2701 qui
3125 2630 3326 2685 dudum
3357 2645 3549 2699 pecca-

1965 2732 2154 2779 verunt
2178 2766 2192 2789 ,
2227 2738 2320 2792 per
2345 2723 2713 2792 paenitentiam
2743 2721 2810 2776 ad
2843 2721 3179 2791 prudentiam
3221 2729 3550 2774 convertun-

1968 2823 2073 2877 tur,
2101 2823 2156 2869 et
2178 2813 2282 2868 line
2305 2812 2582 2883 peccandi,
2606 2812 3028 2867 emolumentum
3052 2809 3354 2864 invenerint
3381 2811 3554 2879 potni-

1970 2905 2135 2962 tendi.
2180 2904 2364 2974 Neque
2403 2904 2545 2958 enim
2596 2917 2884 2973 possumus
2927 2901 3235 2971 opprimere
3284 2901 3551 2958 incentiva

1968 2996 2238 3057 vitiorum,
2269 2995 2371 3049 nisi
2399 2995 2624 3049 virtutes
2652 2993 2828 3049 facere
2853 2991 3182 3060 coeperimus
3211 3009 3226 3046 :
3258 3002 3346 3045 aut
3373 3007 3555 3046 cessa.

1971 3087 2103 3142 bttnt
2134 3096 2312 3142 vetera
2339 3086 2648 3156 priusquam
2690 3098 2955 3140 novorum
2983 3082 3238 3152 Operibus
3264 3080 3558 3134 excludan-

1973 3189 2078 3234 tur.
2105 3178 2172 3233 Et
2200 3176 2470 3246 quomodo
2495 3177 2540 3230 si
2567 3185 2752 3231 contra
2783 3172 3224 3243 supervenientes
3255 3171 3562 3240 voluptate.

1975 3272 2129 3328 ﬁrmo
2157 3272 2336 3326 animo
2363 3271 2698 3335 resistamus,
2733 3268 3000 3339 praeterita
3025 3272 3240 3336 peccata
3267 3263 3514 3318 delentur
3541 3280 3554 3316 :

1976 3363 2044 3418 ita
2073 3377 2423 3434 perseverans
2449 3362 2494 3418 si
2525 3360 2685 3416 fuerit
2713 3360 3106 3430 praeteritorum
3136 3355 3356 3420 oblivio,
3385 3353 3557 3408 futura

1976 3458 2168 3514 delicta
2192 3458 2329 3511 ultra
2356 3469 2601 3510 crescere
2628 3467 2734 3508 non
2764 3451 3040 3506 valebunt.
3068 3448 3328 3504 Malorum
3362 3447 3560 3516 quippe

1977 3559 2311 3618 cperatores,
2343 3545 2494 3615 quasi
2524 3545 2575 3598 in
2613 3543 2872 3598 ditionem
2911 3555 3062 3595 suam
3105 3537 3408 3607 redigentes
3443 3549 3558 3596 eos,

1979 3639 2068 3708 qui
2098 3643 2322 3706 possunt
2348 3634 2656 3706 prohibere,
2702 3647 2804 3686 nec
2843 3628 3155 3699 prohibent,
3182 3634 3292 3680 tota
3331 3623 3398 3678 ad
3439 3637 3563 3691 pec-

1980 3728 2210 3783 candum
2239 3724 2638 3780 debacchantur
2675 3721 2903 3785 insania,
2945 3725 3000 3773 et
3028 3715 3298 3772 silentium
3343 3715 3396 3767 in
3439 3727 3564 3765 sen-

1982 3833 2102 3874 sum
2142 3815 2437 3881 trahentes,
2484 3809 2740 3883 quidquid
2791 3809 2971 3862 animo
3016 3805 3183 3861 libido
3220 3801 3563 3872 suggesserit,

1983 3925 2146 3981 opere
2165 3908 2382 3980 explere
2401 3907 2664 3961 nituntur.
2685 3902 2934 3957 Libertas
2953 3896 3296 3970 praesentium
3318 3893 3568 3949 vitiorqu

1985 4004 2159 4059 futura
2182 4000 2447 4072 germinat
2465 3997 2593 4052 vitia
2621 4013 2634 4049 :
2667 4003 2720 4050 et
2744 3994 2789 4049 si
2814 3993 2996 4065 priora
3021 3987 3342 4061 neglexeris,
3371 3985 3490 4041 fons
3518 3994 3574 4039 ct

1987 4091 2332 4151 seminarium
2362 4089 2658 4144 futurorum
2683 4093 2788 4142 est.
3506 4131 3510 4135 .

2057 4185 2113 4240 2.
2147 4179 2475 4239 Prohibenda
2498 4186 2726 4250 peccata.
2755 4176 2887 4245 Quae
2909 4189 3030 4231 cum
3062 4173 3134 4228 ita
3165 4170 3295 4235 sint,
3325 4166 3419 4240 qui
3448 4180 3575 4236 pos-

1989 4286 2115 4334 sunt
2139 4273 2426 4347 prohibere
2465 4276 2782 4340 peccantes,
2823 4275 2879 4322 et
2917 4263 3118 4321 laboris
3158 4262 3283 4330 fuga
3311 4259 3578 4326 inertique

1990 4368 2204 4425 silentio
2227 4363 2591 4424 dissimulant,
2619 4368 2674 4415 et
2697 4371 2946 4414 crescere
2975 4355 3250 4426 patiuntur
3274 4351 3434 4412 mala,
3461 4363 3582 4416 par-

1992 4461 2180 4530 ticipes
2208 4470 2396 4513 eorum
2436 4451 2736 4509 rectissime
2757 4448 3162 4519 judicabantur,
3200 4443 3290 4512 qui
3333 4447 3582 4494 auctores

1991 4528 2255 4608 scelerum
2285 4554 2432 4610 sunt,
2458 4552 2514 4599 et
2541 4540 2876 4612 negligentiae
2906 4549 3094 4607 ptenas
3122 4536 3270 4588 luent
3300 4549 3313 4586 :
3340 4530 3466 4585 dum
3509 4528 3585 4580 ir-

1993 4638 2311 4697 rationabile
2343 4635 2512 4690 otium
2554 4631 2738 4686 sudori
2786 4625 3158 4681 ulciscentium
3191 4619 3585 4692 prmtulerunt,

1995 4732 2256 4784 malentes
2277 4726 2514 4796 quietem
2536 4719 2878 4790 culpabilem,
2908 4731 3068 4786 quam
3092 4714 3436 4770 severitatem
3461 4709 3590 4764 vitia

1995 4818 2378 4875 succidentem.
2412 4813 2468 4868 Si
2490 4811 2634 4866 enim
2661 4806 2979 4862 recedamus
3006 4820 3037 4858 a
3064 4805 3231 4867 vitiis,
3268 4801 3479 4873 penitus
3513 4799 3594 4852 in-

1997 4912 2268 4974 teribunt,
2309 4913 2365 4961 et
2401 4918 2586 4959 eorum
2617 4899 2954 4956 fraudulenta
2991 4895 3220 4953 dulcedo
3263 4891 3587 4956 siccabitur;

1997 5000 2280 5068 omnisque
2307 4997 2537 5064 impetus
2565 4991 2854 5061 voluptatis
2880 4989 3114 5060 quodam
3137 5029 3155 5055 ,
3183 4995 3245 5040 ut
3269 4986 3344 5040 ita
3366 4983 3546 5039 dicam

1997 5093 2256 5163 languore
2283 5085 2578 5158 torpescit:
2608 5082 2821 5156 quando
2849 5095 3003 5138 mens
3027 5091 3212 5136 nosu'a
3237 5077 3396 5133 fuerit
3426 5074 3598 5129 virtu-

2061 5267 2131 5332 (e)
2167 5266 2230 5332 ῐῃΔ
2279 5264 2448 5316 Graeco
2499 5271 2684 5332 nempe
2733 5270 2878 5332 emta,
2900 5297 2912 5316 ,
2966 5261 3020 5306 et
3073 5255 3123 5304 in
3162 5253 3592 5332 ffliflIOdelll‘llmecftz

1998 5315 2234 5395 gignendi
2268 5315 2431 5395 casum
2458 5361 2474 5386 ,
2516 5331 2570 5373 et
2609 5315 2660 5395 in
2699 5315 2912 5395 plurium
2945 5317 3199 5395 accusandi
3238 5315 3592 5395 denoted-amite

2001 5369 2858 5457 Biiiii'dEhuEIiiiipieééajiéciiope,
2884 5378 3215 5457 Augustinus,

1999 5432 2511 5506 iih‘iiift‘ééﬁithﬁétis'é
2520 5432 2716 5510 ratque
2739 5432 2947 5495 alterum
2963 5432 3276 5492 Carnutense
3293 5432 3590 5483 Psalterium

2000 5517 2378 5644 {afﬁgmﬁerinde
2402 5577 2480 5644 est
2501 5577 2671 5644 atque,
2696 5582 2727 5618 a
2752 5556 3592 5644 oti-tatibus

2404 5612 2735 5702 Ἦᾳῖίῖἶιῖιῖέυξ
2755 5612 2937 5702 tamen
2953 5612 3180 5702 negmt‘di‘
3202 5612 3592 5702 in:

2002 5681 2780 5762 fe'rys'e'tfitzncoutrario“sensu,
2827 5687 2879 5740 in
2922 5681 3318 5746 triumphantium
3362 5681 3592 5725 virtntnut

2002 5775 2169 5822 castra
2189 5759 2284 5816 non
2305 5759 2588 5812 concedam.
