4106 6340
540 324 644 384 8f5

538 440 608 496 tis
634 435 938 509 hospitium.
963 433 1122 504 Legis
1146 429 1449 489 recordatio
1476 446 1584 490 non
1612 431 1740 489 sinit
1765 439 1984 503 peccata
2012 443 2110 500 ge-

535 529 750 592 nerari,
795 541 896 584 nec
937 541 1002 583 ea
1036 539 1287 584 crescere
1328 525 1558 597 patitur;
1599 539 1828 597 cumque
1875 522 2111 578 futurum

537 619 773 675 tribunal
816 626 872 674 et
905 615 1307 674 formidolosum
1332 616 1520 689 judicii
1563 617 1710 674 diem
1736 613 1812 690 (α)
1839 616 2112 684 cogitave-
2153 661 2160 668 .

532 712 664 779 rint,
691 717 803 766 tum
831 710 1076 782 principii
1104 709 1247 766 diem
1271 750 1289 776 ,
1315 710 1554 767 medium
1573 749 1592 778 ,
1619 709 1886 780 finemque
1907 705 2112 778 peccati

534 800 877 872 prohibebit,
920 809 977 858 et
1019 815 1232 858 amaros
1257 800 1404 858 illius
1426 800 1654 868 ﬂuctus,
1683 808 1841 871 atque
1884 798 2114 852 intume-

532 898 746 947 scentes
772 891 1010 963 gurgites
1047 906 1217 962 usque
1258 891 1326 947 ad
1364 892 1537 963 ipsum
1577 890 1777 946 fontem
1799 930 1814 955 ,
1842 901 2114 958 venasque

532 980 791 1048 siccabit;
819 982 989 1038 virtus
1057 981 1220 1055 613
1295 981 1413 1052 lege
1442 981 1690 1037 comitata
1731 979 1981 1033 vitiorum
2011 989 2112 1046 op-

534 1071 728 1138 primet
762 1073 997 1139 semina,
1039 1081 1097 1129 et
1122 1073 1356 1128 animum
1393 1071 1463 1128 de
1487 1071 1778 1127 humilibus
1804 1068 1872 1125 ad
1901 1067 2112 1126 excelsa

531 1166 801 1222 sustollet.
831 1167 875 1222 E
907 1167 1180 1222 contrario
1204 1165 1356 1234 vitia,
1387 1167 1491 1222 nisi
1529 1171 1899 1229 coerceantur,
1925 1176 2114 1232 super-

532 1256 708 1322 biant,
740 1267 798 1312 et
824 1257 1138 1313 ebedientes
1158 1257 1260 1313 sibi
1289 1257 1356 1313 ad
1381 1257 1587 1313 inferna
1613 1255 1938 1317 detrudunt;
1965 1268 2114 1308 cum-

532 1364 640 1419 que
667 1349 842 1405 semel
865 1349 1206 1420 possederint
1231 1349 1458 1416 animas,
1493 1350 1800 1420 opprimunt
1818 1362 1911 1404 eas
1931 1346 2112 1401 illece-

530 1439 646 1495 bris
672 1441 1040 1510 voluptatum,
1083 1455 1184 1496 nec
1223 1441 1408 1496 sinunt
1433 1440 1585 1512 juxta
1616 1438 1833 1493 humani
1873 1435 2114 1505 corporis

533 1538 732 1586 statum
763 1532 818 1587 in
843 1533 1091 1600 sublime,
1123 1543 1471 1604 erectumque
1498 1532 1798 1602 suspicere,
1828 1529 1923 1585 sed
1949 1530 2116 1583 instar

533 1622 799 1692 pecudum
826 1623 894 1678 ad
939 1631 1156 1680 terrena
1177 1623 1466 1678 declinant.
1501 1623 1578 1679 De
1602 1623 1796 1693 quibus
1834 1621 2115 1676 Psalmista

533 1721 779 1777 testatur,
811 1714 1018 1781 dicens,
1055 1712 1374 1770 Vocaeeruut
1402 1715 1610 1768 nomine
1634 1729 1730 1768 sua
1757 1718 1810 1768 in
1837 1711 1984 1767 terris
2009 1711 2116 1766 suis

532 1802 704 1875 (Psal.
732 1803 844 1877 ts).

603 1899 660 1953 5.
691 1897 792 1966 Qui
813 1898 1044 1953 exstantia
1068 1898 1210 1953 sitia.
1242 1899 1391 1954 Dicat
1415 1898 1640 1969 aliquis,
1673 1897 1820 1969 quod
1839 1898 1885 1953 si
1915 1904 2117 1951 tantam

532 1988 735 2046 habent
761 1990 886 2044 vitia
927 1989 1331 2058 fortitudinem,
1375 1998 1431 2046 et
1470 1990 1730 2060 plurimos
1770 2003 1942 2058 usque
1982 1987 2118 2043 adeo

532 2081 726 2138 blanda
753 2085 1101 2153 persuasione
1137 2082 1485 2153 supplantant
1515 2100 1529 2137 :
1559 2081 1686 2152 quid
1713 2079 1912 2136 debent
1934 2093 2114 2150 agere,

533 2174 624 2243 qui
655 2187 880 2243 peccare
920 2189 980 2230 se
1020 2174 1348 2240 sentientes,
1395 2173 1621 2244 cupiunt
1664 2181 1873 2227 mutare
1903 2178 2118 2241 peccata

536 2262 852 2329 virtutibus,
899 2272 952 2319 et
982 2278 1168 2319 amore
1196 2263 1480 2319 meliorum
1513 2262 1696 2332 pejora
1739 2261 2120 2317 contemnunt?

535 2351 772 2409 Audiant
817 2352 1186 2424 hujuscemodi
1230 2353 1538 2422 loquentem
1576 2351 1792 2424 Moysen
1824 2369 1837 2404 :
1869 2348 1944 2423 (ὁ)
1984 2349 2118 2404 Pec-

537 2443 702 2499 easti?
730 2443 901 2498 desine
919 2484 934 2510 ,
965 2443 1072 2498 line
1097 2443 1300 2514 peccati
1333 2443 1510 2513 priora
1537 2443 1853 2497 subvertens
1871 2483 1886 2507 ,
1919 2450 1973 2496 et
1998 2439 2118 2495 effi-

537 2535 820 2592 cacissime
845 2535 1200 2591 medicamine
1236 2535 1365 2590 vitia
1389 2534 1684 2590 emendans
1713 2533 2014 2589 cessatione
2037 2532 2122 2586 vi-

537 2626 734 2681 tiorum
761 2643 776 2680 :
805 2624 990 2679 dulces
1017 2624 1170 2679 malae
1198 2625 1322 2678 vita:
1353 2623 1637 2680 illecebras
1655 2663 1675 2691 ,
1702 2632 1757 2678 et
1786 2622 2122 2678 blandientes

433 2751 442 2761 .
539 2716 786 2787 corporis
811 2716 1134 2786 voluptates,
1161 2717 1312 2785 quasi
1344 2716 1504 2772 noxia
1527 2730 1731 2770 venena
1761 2714 1991 2770 declina.
2012 2712 2124 2770 Nec

540 2821 640 2876 per
667 2805 928 2861 lubricam
949 2813 1006 2860 et
1032 2805 1251 2861 mollem
1279 2805 1593 2860 deliciarum
1619 2804 1934 2874 ingrediaris
1957 2804 2122 2859 semi-

539 2906 648 2952 tam
678 2913 692 2952 :
724 2897 846 2968 quia
869 2896 1089 2968 jejuniis
1125 2903 1183 2951 et
1217 2895 1543 2951 continentia
1569 2893 1640 2968 (c)
1677 2894 1988 2949 solemnitas
2024 2908 2123 2963 ap-

538 2987 908 3058 prehenditur,
941 2995 998 3044 et
1025 2988 1114 3044 vix
1144 2987 1450 3042 laborantes
1489 2996 1649 3058 atque
1687 2986 1941 3041 sudantes
1984 2985 2122 3040 mala

539 3079 696 3135 bonis
723 3093 1008 3149 possumus
1033 3079 1417 3144 immutare,.et
1438 3087 1799 3148 repugnantes
1817 3077 2126 3148 opprimere

541 3171 869 3242 voluptates.
903 3170 1066 3226 Pauci
1105 3178 1267 3234 sunt,
1299 3172 1386 3240 qui
1425 3170 1643 3224 calcatis
1682 3169 1826 3223 vitiis
1856 3169 2121 3223 tramitem

541 3270 762 3318 teneant
808 3263 1088 3328 veritatis,
1141 3263 1268 3316 dum
1312 3262 1514 3316 malitia
1559 3261 1852 3316 innumeris
1894 3260 2122 3315 nocendi

542 3354 712 3409 utitur
735 3353 961 3421 artibus,
987 3363 1044 3410 et
1063 3353 1203 3409 vinci
1233 3368 1338 3408 non
1369 3361 1564 3422 potest,
1593 3352 1697 3407 nisi
1725 3352 2002 3422 sapientia:
2030 3351 2124 3407 de-

543 3460 707 3515 super
745 3444 1032 3500 fulciamur
1053 3445 1288 3510 auxilio,
1335 3445 1617 3498 clamantis
1659 3443 1812 3498 nobis
1855 3453 2016 3514 atque
2042 3443 2125 3498 di-

542 3535 712 3591 centis
740 3550 756 3590 :
790 3533 920 3591 Noli
947 3535 1150 3603 timere,
1187 3536 1308 3606 quia
1359 3545 1522 3589 tecum
1563 3551 1675 3589 sum
1702 3532 1854 3606 (Gen.
1885 3534 1976 3589 26.
2007 3532 2120 3606 24).

541 3625 662 3680 Mali
689 3627 940 3682 interitus
963 3635 1076 3692 est,
1120 3627 1258 3681 mala
1287 3627 1425 3682 ultra
1462 3642 1566 3680 non
1608 3625 1784 3681 facere
1812 3645 1826 3681 :
1855 3626 2004 3681 radix
2039 3627 2122 3680 vi-

541 3717 737 3772 tiorum
763 3717 896 3788 legis
935 3717 1069 3772 scita
1107 3727 1474 3773 contemnere.
1512 3717 1578 3772 Ut
1617 3726 1831 3787 peccata
1860 3719 2125 3788 germinat

541 3805 638 3880 (al.
666 3807 974 3882 germinant]
1000 3809 1340 3881 negligentia,
1373 3810 1444 3864 ita
1466 3809 1770 3864 sollicitudo
1787 3810 2012 3865 virtutes
2033 3824 2127 3880 pa-

541 3899 632 3953 rit.
664 3898 775 3955 Lex
797 3899 1061 3954 custodita
1091 3899 1240 3970 fugat
1268 3900 1611 3970 ignominiam
1631 3941 1647 3966 ,
1679 3900 1918 3969 neglecta
1948 3911 2126 3969 partu-

541 3989 613 4044 rit
637 4003 824 4058 ptnnas
848 4005 863 4041 :
881 3998 937 4046 et
953 3999 1173 4060 quanto,
1198 3991 1244 4045 si
1271 3990 1619 4061 deSpiciatur,
1633 3992 1810 4046 severi
1829 3991 2024 4062 judicis
2043 3989 2124 4064 (ά)

540 4081 780 4138 imitatur
822 4083 1217 4149 truculentiam,
1246 4091 1416 4151 tanto,
1446 4087 1490 4138 si
1525 4091 1789 4148 servetur,
1820 4085 2126 4141 clementis-

429 4200 450 4209 -
542 4175 664 4230 simi
701 4177 868 4246 patris
905 4177 1124 4232 exhibet
1165 4176 1647 4231 mansuetudinem.
1678 4177 1864 4234 lctrua
1905 4193 2123 4234 necem

542 4266 774 4322 cessatio
800 4267 1015 4322 virtutis
1058 4268 1381 4337 principium
1410 4277 1514 4322 est.
1541 4265 1801 4322 Medicina
1827 4271 2126 4338 praeterito-

541 4369 698 4424 rum,
738 4371 802 4413 ac
838 4359 1219 4428 praesentium,
1260 4357 1666 4429 futurorumque
1702 4359 1950 4416 vitiorum
1989 4360 2125 4432 legis

601 4490 680 4602 ἔα)
714 4489 972 4565 Mallemus
1019 4490 1238 4563 quidem,
1282 4489 1559 4554 cogitaverit
1581 4528 1596 4549 ,
1631 4490 1759 4561 quod
1801 4490 1862 4539 ad
1905 4499 2123 4563 mentem

619 4553 856 4602 ereudum
877 4561 960 4602 stt.
1007 4553 1107 4602 Sed
1128 4553 1308 4602 deinde
1330 4542 1597 4602 legendum
1617 4564 1810 4601 omnino
1832 4560 1909 4602 est
1945 4566 2123 4602 orma-

541 4542 856 4616 referendum
877 4555 960 4604 sit.
1007 4542 1107 4616 S'ed
1123 4542 1308 4616 deinde
1330 4542 1597 4616 legendum
1617 4542 1810 4616 omnino
1832 4560 1909 4602 est
1945 4553 2124 4616 princi-

542 4614 847 4678 piumdics,
870 4622 956 4666 aut
975 4612 1266 4678 principium
1290 4612 1507 4674 tantum,
1541 4614 1584 4664 si
1616 4613 1798 4678 mavis;
1831 4612 1960 4675 quod
1992 4616 2125 4665 enim

541 4673 771 4740 principii
798 4673 929 4740 diem
963 4673 1082 4726 editi
1120 4673 1415 4737 praeferunt,
1466 4673 1658 4726 tametsi
1703 4687 1804 4722 nou
1845 4673 2119 4737 mutamus,

543 4738 817 4800 certissime
835 4738 1148 4800 depravatum
1169 4745 1264 4787 est.

612 4798 676 4865 (ὁ)
712 4796 1179 4865 Hunclticum,_c_um
1201 4811 1435 4862 nusquam
1457 4801 1508 4848 in
1528 4796 1867 4865 Pentateucho
1895 4799 1962 4848 sit
1984 4798 2121 4848 inve-

546 4858 683 4922 nire;
699 4872 775 4922 ex,
785 4872 958 4922 eorum
982 4859 1142 4922 indole
1167 4858 1388 4922 putamus
1411 4873 1542 4922 esse,
1569 4867 1624 4909 ut
1645 4858 2010 4922 Chrysostomus
2031 4872 2120 4908 no-

545 4928 618 4970 tat
638 4918 819 4971 Homil.
834 4921 948 4970 7.in
972 4918 1181 4982 priorem
1195 4920 1254 4968 ad
1278 4918 1668 4982 Corinthios,qui
1686 4918 1853 4981 scripti
1873 4920 2118 4982 dicuntur,

545 4994 663 5030 cum
689 4993 789 5031 non
822 4981 991 5033 verbis
1008 5017 1023 5041 ,
1046 4981 1136 5043 sed
1159 4994 1217 5030 re
1240 4982 1341 5043 ipsa
1363 4981 1588 5043 expressi
1604 4981 1733 5042 sint,
1765 4998 1789 5027 it
1811 4981 2122 5043 quemadmo-

545 5045 660 5092 dum
694 5043 746 5091 in
782 5043 997 5104 historiis
1021 5079 1036 5099 ,
1062 5042 1143 5091 vel
1176 5041 1286 5104 cum
1326 5041 1500 5104 eadem
1535 5041 1724 5102 scripta
1749 5041 2120 5104 sit—sententia,

546 5105 768 5165 quamvis
787 5116 884 5152 non
905 5103 1080 5165 iisdem
1103 5103 1287 5152 verbis.
1311 5117 1335 5147 ι
1358 5101 1541 5165 Verum
1565 5101 1757 5165 preprio
1779 5111 1885 5151 loco
1906 5105 1955 5150 in
1980 5101 2122 5153 vctu;

544 5163 722 5223 stioris,
745 5177 891 5223 quam
916 5163 1087 5213 Italam
1117 5170 1306 5221 vocant,
1329 5163 1579 5213 versionis
1601 5163 1849 5212 codicibus
1869 5166 2122 5216 exstitisse

548 5226 732 5276 Genes.
757 5223 809 5277 ι.
836 5227 912 5277 13.
936 5225 1114 5274 indicat
1135 5223 1188 5274 S.
1209 5225 1312 5286 ipse
1328 5225 1484 5286 Pater
1499 5225 1592 5286 sub
1609 5224 1689 5272 fin.
1716 5223 1870 5286 Epist.
1896 5225 1954 5274 ad
1978 5226 2122 5278 Sabi-

545 5289 759 5356 nianum,
784 5288 860 5338 his
883 5287 1088 5356 verbis:
1115 5283 1247 5346 Quod
1269 5285 1335 5336 ad
1357 5283 1476 5336 cuin
1507 5284 1691 5336 dictum
1724 5283 1810 5348 est,
1835 5286 1921 5338 tibi
1941 5285 2124 5340 dictum

545 5355 679 5412 puta,
700 5349 1184 5412 Peccasti,quiesee._

600 5407 679 5521 (sit)
715 5411 813 5462 Pro
843 5407 1014 5462 habitu
1035 5409 1271 5520 accipitur
1296 5409 1406 5482 heic
1425 5407 1540 5468 loci,
1563 5421 1655 5459 seu
1677 5423 1810 5461 more
1836 5415 1888 5462 et
1911 5423 2122 5462 consue-

635 5487 735 5521 tne.
767 5486 878 5521 dum
913 5480 1108 5521 actuum
1163 5477 1417 5521 reuuenua
1457 5478 1778 5521 comparatur.
1825 5487 1923 5521 auo
1959 5483 2122 5521 tamen

546 5472 735 5534 tudine,
767 5486 878 5538 qum
913 5480 1108 5523 actuum
1141 5472 1778 5538 frequentia_comparatur,
1825 5487 1923 5536 quo
1959 5483 2122 5525 tamen

545 5547 696 5586 sensu
718 5534 844 5600 apud
867 5537 1024 5586 bonos
1044 5534 1278 5606 auctores
1294 5541 1373 5584 est
1381 5534 1539 5644 {igne
1557 5534 1794 5584 insolens.

612 5594 682 5644 ldl
721 5597 908 5644 Iterum
929 5598 1116 5644 absaue
1133 5594 1350 5644 codicum
1483 5629 1496 5643 .
1529 5607 1624 5644 one
1648 5597 1794 5644 leueu

612 5594 682 5670 (at)
721 5594 908 5670 lterum
929 5598 1119 5670 absque
1133 5594 1361 5670 codicum.
1381 5594 1496 5644 Mss.
1529 5607 1624 5668 ope
1648 5596 1913 5670 legendum
1938 5597 2111 5670 velim,

544 5656 794 5721 minitatur
825 5661 931 5711 loco
964 5656 1205 5721 imitatur;
1233 5656 1362 5720 quod
1403 5670 1500 5708 nec
1535 5656 1722 5708 isocolo'
1743 5659 1973 5721 sequenti
2007 5656 2124 5721 satis

542 5717 676 5772 bene
699 5724 968 5788 respondet
993 5759 1008 5784 ,
1030 5734 1146 5785 nec,
1167 5719 1211 5772 si
1233 5717 1357 5786 quid
1370 5720 1615 5786 videmus,
1644 5717 1861 5785 congruo
1883 5733 2030 5774 sensu
2051 5720 2126 5772 di-

1798 316 2046 374 SANCTl
2080 312 2466 371 HIERONYMI

3691 328 3804 384 διδ

2222 427 2489 484 indefessa
2511 427 2822 486 meditatio:
2853 444 2974 502 qua:
2997 444 3119 487 cum
3147 436 3470 504 possessoris
3489 438 3572 493 sui
3598 439 3801 498 habue-

2220 518 2292 574 rit
2313 519 2690 586 securitatem,
2721 521 2928 576 cunctis
2962 524 3457 591 perturbationibus
3495 538 3663 584 caret.
3696 531 3798 587 Sa-

2219 610 2417 680 pientia
2443 610 2638 680 quippe
2677 611 2729 666 in
2759 612 2916 668 nobis
2953 624 3206 684 operatur
3245 617 3487 674 bonum:
3519 630 3804 692 postquam

2219 701 2270 756 ei
2300 700 2556 756 mundum
2585 701 2765 758 cordis
2793 704 3182 772 praebuerimus
3201 707 3560 768 habitaculum
3581 754 3599 780 ,
3628 723 3684 768 et
3709 729 3801 770 co-

2216 792 2504 861 gitationes
2572 791 2740 866 61‘
2807 793 2862 850 in
2909 809 3072 866 opera
3103 801 3442 857 verterimus.
3479 802 3588 858 Nec
3620 805 3798 859 ambi-

2216 884 2378 955 gitur,
2409 885 2535 955 quin
2580 886 2635 940 in
2677 897 2962 958 utramque
2997 899 3236 958 partem,
3267 894 3354 949 vel
3401 893 3664 962 faciendi,
3714 896 3798 951 vel

2218 989 2324 1030 non
2351 973 2576 1031 faciendi
2602 975 2762 1042 bona,
2795 976 3090 1034 habeamus
3117 981 3342 1038 liberam
3373 984 3677 1042 facultatem
3697 1027 3714 1053 ,
3745 997 3802 1043 es

2216 1069 2488 1137 oppressis
2517 1069 2719 1139 pravis,
2743 1069 2890 1125 recta
2920 1081 3249 1129 nascantur:
3279 1082 3511 1146 tuncque
3540 1078 3798 1134 virtutum

2217 1159 2360 1214 inter
2402 1173 2462 1214 se
2509 1161 2746 1216 concinit
2786 1162 3016 1230 chorus,
3059 1179 3184 1220 cum
3215 1167 3466 1222 vitiorum
3509 1170 3561 1223 in
3604 1171 3800 1229 animis

2216 1247 2375 1303 fuerit
2401 1249 2654 1305 solitudo.
2685 1251 2837 1308 Sicut
2863 1254 3007 1308 enim
3037 1255 3368 1312 continentia
3399 1258 3452 1313 in
3482 1262 3799 1330 corporibus

2216 1341 2417 1397 nostris
2440 1343 2690 1400 obtinens
2716 1345 3096 1416 principatum,
3129 1347 3470 1406 inﬁrmitates
3499 1354 3644 1408 nasci
3675 1369 3800 1424 pro-

2216 1431 2398 1501 hibet,
2429 1441 2485 1489 et
2523 1443 2792 1492 amatores
2838 1438 2920 1492 sui
2963 1453 3064 1494 nec
3105 1438 3382 1508 debilitat,
3425 1457 3524 1502 nec
3567 1446 3792 1512 occidit,

2217 1525 2622 1596 praeteritosque
2652 1526 2938 1598 languores
2979 1527 3036 1584 in
3083 1530 3360 1600 pristinam
3391 1533 3626 1588 restituit
3649 1537 3796 1590 sani-

2218 1623 2400 1681 tatem,
2429 1626 2484 1672 et
2507 1618 2782 1688 expellens
2802 1620 2946 1690 quod
2971 1630 3157 1677 contra
3180 1632 3422 1678 naturam
3446 1635 3550 1693 est,
3581 1638 3798 1684 revocat

2219 1720 2279 1761 ea
2301 1722 2419 1777 quae
2442 1717 2645 1765 naturae
2667 1724 2900 1780 congrua
2919 1720 3063 1778 sunt,
3086 1720 3145 1768 ut
3163 1713 3354 1784 mquali
3378 1723 3798 1785 temperamento

2218 1798 2342 1852 vita:
2368 1798 2527 1870 hujus
2551 1801 2690 1856 ratio
2717 1811 3108 1858 conservetur:
3137 1802 3218 1858 sic
3241 1805 3417 1858 anima
3454 1805 3626 1874 legum
3649 1807 3799 1875 jussa

2218 1905 2588 1960 conservans,
2635 1901 2893 1962 quantum
2924 1894 3166 1964 recipere
3208 1902 3386 1964 potest
3422 1894 3654 1950 humana
3700 1912 3799 1951 na-

2222 1992 2372 2050 tura,
2411 1998 2442 2038 a
2482 1985 2742 2041 malorum
2770 1986 3088 2056 contagione
3114 1987 3430 2052 secernitur,
3473 1996 3529 2043 et
3555 2003 3622 2044 ex
3653 1991 3799 2045 omni

2221 2082 2370 2143 parte
2399 2073 2653 2141 sollicita,
2676 2089 2846 2146 seque
2872 2076 3312 2144 circumspiciens
3333 2118 3347 2138 ,
3376 2077 3508 2132 nihil
3534 2077 3601 2132 ad
3631 2093 3690 2134 se
3723 2079 3802 2133 in-

2223 2165 2388 2220 troire
2410 2165 2702 2235 permittit,
2732 2165 2876 2236 quod
2903 2167 3232 2222 contrarium
3257 2168 3328 2226 sit
3354 2168 3630 2237 praeclaris
3657 2170 3801 2239 cogi-

2223 2256 2531 2311 tationibus.
2563 2256 2702 2324 Quin
2723 2258 2903 2327 potius
2924 2257 2978 2312 in
3003 2258 3257 2328 templum
3277 2273 3433 2314 versa
3459 2258 3572 2326 Dei,
3598 2261 3800 2316 cmlesti

2217 2347 2417 2417 jugiter
2440 2348 2778 2403 solemnitate
2796 2349 3108 2419 perfruitur,
3129 2349 3333 2405 habens
3355 2349 3590 2414 divitias,
3619 2352 3802 2406 obser-

2222 2443 2457 2497 vautiam
2486 2442 2650 2513 legis,
2680 2458 2799 2513 qua:
2819 2442 3062 2512 jaceutes
3110 2443 3369 2509 suscitat,
3398 2443 3672 2513 malosque
3702 2459 3802 2513 po.

2225 2532 2408 2597 niens,
2450 2532 2585 2588 alios
2611 2533 2867 2604 corrigit,
2895 2543 2953 2590 et
2989 2548 3202 2605 semper
3226 2534 3464 2590 clamans
3495 2551 3509 2588 :
3543 2533 3804 2604 Numquid

2223 2623 2307 2694 qui
2332 2623 2510 2676 cecidit
2530 2662 2545 2688 ,
2577 2639 2680 2678 non
2706 2624 2971 2695 resurget?
2999 2634 3089 2678 aut
3115 2627 3204 2695 qui
3231 2640 3434 2679 auersus
3459 2633 3530 2679 est
3547 2663 3565 2691 ,
3594 2640 3698 2678 non
3722 2640 3802 2678 re-

2223 2722 2442 2768 vertetur
2464 2712 2677 2786 (Jerem.
2704 2710 2799 2786 8)?
2827 2729 2976 2784 spem
3019 2715 3209 2770 salutis
3252 2715 3474 2785 largitur
3505 2714 3807 2784 pmuitenti-

2225 2805 2362 2858 bus:
2391 2804 2518 2859 dum
2548 2813 2732 2860 monet
2751 2846 2765 2869 ,
2797 2812 2854 2858 ut
2880 2805 3048 2874 prosit
3077 2823 3091 2858 :
3124 2805 3378 2874 corripit,
3411 2812 3471 2858 ut
3505 2803 3756 2860 emendet
3787 2822 3802 2857 :

2213 2895 2593 2965 pudoremque
2624 2895 2968 2965 pristinorum
3001 2895 3245 2964 injiciens
3272 2905 3616 2966 peccatorum
3637 2936 3653 2959 ,
3685 2894 3809 2949 facit

2227 2989 2450 3042 meliora
2492 2988 2685 3042 sectari
2732 3005 2746 3042 :
2797 3003 2918 3059 qua:
2961 2999 3215 3058 appetere
3261 3003 3421 3042 nemo
3462 2988 3663 3058 possit,
3708 2987 3807 3041 nisi

2227 3080 2372 3151 prius
2401 3079 2748 3134 conscientia:
2773 3080 2998 3134 vulnera
3028 3078 3421 3134 condemnarit.

2296 3172 2349 3225 4.
2385 3171 2579 3224 Verum
2606 3171 2729 3240 quia
2767 3171 2854 3224 lex
2879 3171 3210 3240 negligentes
3237 3171 3356 3234 sui,
3387 3177 3445 3224 et
3485 3170 3537 3222 in
3569 3181 3805 3222 errorem

2225 3263 2503 3318 demersos
2525 3262 2764 3316 consiliis
2789 3263 3006 3331 Optimis
3033 3262 3099 3315 ad
3128 3262 3349 3316 meliora
3375 3275 3636 3316 revocare
3663 3259 3811 3314 festi-

2227 3363 2352 3414 nat,
2381 3353 2531 3423 quasi
2573 3368 2759 3407 norma
2801 3368 3088 3422 pravorqu
3116 3368 3372 3422 operum;
3401 3367 3496 3406 eos
3520 3363 3695 3406 autem
3721 3350 3809 3421 qui

2227 3445 2330 3500 sibi
2350 3444 2623 3507 obediunt,
2651 3445 2855 3514 absque
2877 3446 3098 3515 praemio
3121 3460 3240 3500 esse
3264 3459 3369 3499 non
3398 3446 3614 3514 patitur,
3640 3461 3810 3514 neque

2227 3538 2443 3590 mternis
2472 3535 2730 3606 angustiis
2776 3537 2987 3605 premi;
3017 3546 3278 3607 quotquot
3322 3546 3564 3591 sanctum
3611 3537 3809 3591 Pascha

2227 3627 2588 3690 celebramus,
2623 3626 2953 3681 continentia
2996 3637 3155 3697 atque
3177 3627 3395 3697 jejuniis
3431 3629 3651 3682 latorem
3681 3629 3812 3698 legis

2228 3721 2456 3774 amicum
2482 3720 2634 3774 nobis
2656 3735 2777 3775 esse
2799 3719 3077 3779 faciamus.
3100 3721 3365 3790 Propheta
3391 3721 3471 3775 bis
3493 3721 3579 3790 qui
3610 3721 3810 3775 Pascha

2227 3810 2530 3877 celebrant,
2564 3811 2911 3880 promittente
2939 3829 2952 3865 :
2988 3811 3104 3866 Eri:
3129 3827 3318 3880 corona
3356 3811 3552 3866 decoris
3578 3813 3629 3865 in
3659 3828 3810 3865 manu

2227 3901 2466 3966 Domini,
2498 3876 2545 3954 et
2566 3876 2810 3955 diadema
2851 3902 2994 3972 regni
3022 3902 3074 3955 in
3105 3876 3259 3955 maria
3286 3901 3384 3955 Dei
3411 3903 3485 3955 tui
3525 3900 3690 3972 (Isai.
3722 3902 3808 3957 6‘2.

2228 3990 2303 4065 ὅ).
2333 3992 2656 4064 Opulentum
2683 3993 2936 4047 virtutum
2969 3993 3272 4048 convivium
3314 3993 3682 4064 requiramus,
3726 4008 3815 4047 or-

2227 4095 2416 4141 nantes
2446 4101 2546 4142 nos
2574 4086 2796 4140 scientia
2837 4086 3233 4155 Scripturarum
3254 4126 3272 4152 ,
3306 4086 3458 4154 quasi
3487 4083 3813 4139 solemnibus

2227 4178 2579 4232 vestimentis.
2609 4177 2802 4233 Sancta
2825 4219 2840 4244 ,
2874 4177 3178 4232 laetantibus
3205 4175 3732 4245 nobiscum-Angelis
3759 4174 3810 4228 in

2227 4268 2387 4335 cmlo,
2414 4270 2593 4323 oscula
2625 4283 3005 4339 praeparemus,
3038 4268 3282 4338 fugantcs
3301 4281 3518 4321 omnem
3543 4267 3813 4336 negligen-

2226 4360 2386 4425 tiam,
2415 4367 2471 4414 et
2493 4369 2806 4429 rumpentes
2834 4374 3043 4414 moram
3066 4399 3082 4425 ,
3114 4367 3172 4412 ut
3197 4358 3358 4414 alacri
3385 4373 3504 4414 cum
3534 4358 3811 4427 discipulis

2227 4453 2293 4510 ad
2336 4453 2666 4511 Salvatorem
2713 4468 3001 4525 pergamus
3063 4453 3305 4516 incessu,
3378 4452 3540 4524 615
3612 4451 3811 4506 dicam-

2226 4561 2394 4616 usque
2423 4545 2494 4613 ei,
2525 4545 2624 4603 Ubi
2647 4548 2719 4600 vis
2741 4562 2976 4616 paremus
3001 4545 3090 4599 tibi
3125 4542 3200 4618 (ιι)
3224 4544 3426 4599 Pascha
3449 4543 3661 4616 (Matth.
3678 4541 3811 4614 26)?

2288 4730 2360 4794 (α)
2392 4730 2642 4794 Revocant
2661 4731 2768 4782 haec
2788 4731 2932 4794 nobis
2949 4731 3001 4780 in
3024 4733 3244 4794 mentem
3265 4728 3533 4789 pericopen
3557 4724 3812 4794 quamdam

2225 4786 2483 4855 Theophili
2515 4793 2687 4854 nostri,
2711 4791 3012 4855 quam,_dum
3034 4789 3202 4855 Romae
3224 4786 3486 4855 egeremus
3505 4823 3518 4844 ,
3546 4786 3608 4855 ex
3632 4786 3811 4855 Gateua

2224 4849 2430 4916 quadam
2468 4856 2521 4903 in
2542 4849 2773 4904 Vaticano
2928 4854 3040 4903 699.
3073 4849 3406 4922 antiquissimo
3442 4849 3809 4922 exscripsimus,

2228 4909 2340 4978 quae
2364 4929 2403 4968 δι
2422 4933 2488 4976 τῆς
2510 4926 2547 4966 ot
2570 4917 3036 4980 ζοβαστιιηςηεὶνθβω
3053 4909 3242 4980 decinia
3257 4909 3504 4980 paschali.
3527 4909 3706 4980 dicitur
3715 4922 3810 4980 ἐι.

2225 4969 2393 5049 pressa
2419 4992 2432 5027 :
2459 4969 2550 5027 nos
2572 4969 2683 5049 heia
2706 4974 2768 5049 eo
2779 4969 3027 5049 libentius
3047 4973 3382 5049 subneetimus
3398 5007 3419 5048 ι
3447 4969 3577 5049 quod
3598 4969 3812 5049 nondum

2224 5035 2276 5088 in
2299 5037 2474 5103 vulgus
2507 5039 2777 5102 prodiderit
2802 5052 2818 5099 ;
2841 5039 2918 5086 sic
2937 5045 3103 5086 autem
3127 5049 3184 5085 se
3207 5035 3370 5084 habet.
3401 5035 3466 5086 ίνι
3488 5044 3595 5082 πάλιν
3616 5043 3662 5082 τὸ
3682 5057 3811 5093 τερα-

2223 5111 2398 5165 ultaque
2435 5115 2500 5152 καὶ
2520 5113 2689 5162 κάλυμμα
2725 5116 2791 5160 τίς
2825 5108 2952 5157 uisae
2988 5109 3265 5154 ἁναστιῦαπις
3293 5106 3616 5156 iscumqu
3635 5107 3814 5165 «θραύει.

2223 5175 2288 5223 τὴν
2311 5156 2555 5228 diana-49m
2576 5156 2644 5212 «ei
2659 5156 2901 5226 hicn-itaqu
2921 5173 3110 5224 πανήγυριν
3125 5167 3420 5221 aranei-(prro.
3437 5173 3588 5218 βοῶν-τις
3605 5181 3658 5219 τῳ
3678 5156 3782 5205 imi
3802 5193 3814 5210 ,

2225 5241 2293 5274 τοῦ
2318 5239 2428 5284 ϐίλιις
2452 5238 2694 5286 ἑτοιμάσωμεν
2735 5249 2796 5274 σοι
2815 5236 2860 5274 τὸ
2881 5236 3032 5286 ιάσχαί
3054 5233 3112 5271 ὅτι
3133 5232 3196 5270 καὶ
3218 5231 3392 5280 μαθόντες
3413 5230 3498 5281 πόρ’
3518 5229 3634 5267 αὐτοῦ
3658 5229 3692 5266 ιν
3723 5228 3812 5265 ἄνευ

2225 5301 2316 5350 quia
2338 5295 2411 5337 8er
2451 5299 2619 5337 ιπιτιλιὶν
2655 5301 2781 5344 τοῦτο,
2801 5292 2874 5336 iw
2906 5302 2976 5335 τῶν
2998 5291 3241 5346 fundae-ripe"
3268 5294 3485 5350 ξρατμάτυν
3516 5290 3674 5341 {ferme
3697 5291 3746 5350 ιὶς
3767 5289 3816 5326 τύ.

2224 5345 2312 5411 ἀτια
2335 5367 2403 5399 τῶν
2423 5359 2531 5410 ἁγίων
2565 5355 2735 5409 decantet
2757 5365 2804 5410 τῇ
2826 5361 2942 5412 γνώμῃ
2981 5345 3212 5404 Gaditanus“.
3257 5345 3352 5393 Lee.
3375 5353 3396 5392 ὁ
3413 5350 3572 5403 Κριστὸς
3594 5350 3706 5397 αὑτός
3729 5349 3813 5400 ὓπερ

2224 5422 2321 5472 ἡμῶν
2346 5422 2519 5469 deﬂete,
2540 5425 2605 5460 τοῦ
2627 5421 2726 5459 κατὰ
2758 5422 2820 5460 τὸν
2842 5421 2952 5459 tm
2983 5419 3168 5472 ἀπωριυς
3187 5417 3347 5454 duum
3367 5420 3432 5462 τήν
3453 5416 3592 5465 uti”.
3614 5412 3702 5462 ἧμιν
3723 5412 3809 5450 αι’·
3869 5429 3875 5435 ’

2225 5486 2303 5521 vim:
2323 5484 2497 5534 ὶῦτρωσιν
2532 5480 2730 5533 ὠράμινοξ
2761 5483 2826 5521 καὶ
2853 5480 2940 5534 help
2975 5481 3073 5531 ἡμῶν
3096 5477 3320 5532 tingendas
3341 5482 3393 5528 τῷ
3414 5477 3593 5526 προσέθει..
3622 5477 3692 5513 τοῦ
3714 5472 3796 5512 θεοῦ

2225 5547 2310 5584 τότε
2333 5547 2394 5594 μιν
2416 5546 2482 5596 γὰρ
2499 5543 2598 5588 ita!
2629 5547 2694 5582 τοῦ
2718 5545 2881 5583 tvm
2903 5544 3010 5593 μόνος
3033 5541 3055 5580 ὁ
3075 5541 3254 5594 ἀπαθῶς
3284 5537 3540 5596 Musseti;
3561 5536 3611 5574 τὰ
3631 5534 3721 5587 ἅτις
3743 5539 3814 5575 τα

2226 5607 2331 5657 ἁγίων
2353 5606 2419 5650 ut.
2439 5594 2505 5644 {es
2524 5605 2618 5644 nos
2650 5606 2817 5656 μίνοντος
2840 5601 2904 5644 sui
2922 5605 2967 5644 τδ
2987 5603 3191 5657 pepigit
3211 5597 3405 5650 δνυάμως.
3425 5597 3454 5657 s_
3470 5594 3514 5657 st
3534 5597 3655 5657 σγιὴρ
3683 5596 3811 5642 διαϐὰς

2225 5648 2450 5724 ιὲιεαν-έρις
2464 5648 2691 5724 cotem
2709 5648 2877 5708 εισιλδιιν
2895 5648 3063 5706 om:
3085 5648 3270 5724 cetera.
3282 5648 3810 5724 castrensem:

2226 5727 2326 5780 tur,
2350 5709 2691 5780 TbeOphilum'
2709 5725 2958 5768 auctorem
2991 5727 3089 5765 non
3110 5709 3338 5780 videntur
3360 5709 3552 5780 habere
3569 5741 3588 5768 ,
3622 5709 3810 5780 etiamst

2228 5767 2654 5870 illi'adsta‘tbantur
2681 5791 2694 5832 :
2719 5767 2975 5845 superiora
3003 5782 3170 5830 autem
3189 5773 3262 5826 sic
3278 5771 3518 5826 venimus
3538 5782 3554 5822 :
3572 5767 3610 5819 ’c
3635 5767 3701 5821 Ut
3720 5767 3812 5820 de-
