4106 6340
280 298 387 365 817

278 424 438 486 atque
466 409 576 486 [aL
607 405 726 482 ιιι]
760 407 814 464 in
840 405 1101 465 celerum
1127 398 1413 463 cmoaeulo
1450 397 1764 465 constituti,
1794 410 1861 453 ac

280 504 566 579 mysticum
588 499 795 557 Pascha
817 498 1099 567 facientes,
1124 494 1397 567 possimus
1415 500 1634 549 cantare
1657 509 1672 547 :
1699 490 1864 559 Quam

281 596 469 653 dilecta
507 591 838 659 tabernacula
878 600 967 646 tua
997 589 1215 645 Domine
1257 588 1498 643 virtutum
1534 584 1704 657 (Psal.
1735 583 1859 657 85)!

283 687 359 743 lbi
388 685 532 742 enim
562 682 893 755 Angelorum
923 679 1253 751 reperiemus
1280 676 1373 751 [aL
1401 673 1708 749 reperimus]
1732 675 1867 731 cho-

284 793 396 844 ros,
423 784 477 832 et
502 790 626 832 cum
652 774 732 830 eis
757 774 890 829 festa
918 772 1257 829 celebrantes
1273 810 1290 838 ,
1318 768 1631 825 habebimus
1656 781 1751 824 eos
1773 780 1865 823 so-

281 869 399 924 cios
417 867 798 940 mysteriorum
818 864 938 931 Dei,
965 871 1021 919 et
1040 862 1374 918 exultatione
1398 858 1649 914 inell’abili
1670 857 1867 929 gestie-

284 972 436 1023 mus,
467 955 746 1027 sapientia
783 969 905 1010 cum
944 953 1048 1009 illis
1077 958 1412 1008 sacramenta
1436 949 1744 1005 discentes:
1775 944 1871 1002 ubi

285 1049 429 1105 nulla
456 1046 662 1104 fraudis
688 1045 933 1116 deceptio
960 1053 1044 1100 est
1072 1060 1087 1099 :
1117 1041 1206 1099 ubi
1230 1042 1321 1114 qui
1344 1048 1545 1096 vestem
1573 1054 1680 1094 non
1708 1037 1869 1093 habet

287 1139 623 1211 nuptialem,
658 1137 968 1197 convivium
1014 1136 1215 1191 intrare
1260 1132 1595 1204 prohibetur,
1644 1130 1771 1187 licet
1816 1131 1867 1182 in

288 1228 540 1302 praesenti
567 1229 765 1285 sarculo
804 1226 1008 1297 justum
1052 1239 1172 1281 esse
1200 1238 1260 1281 se
1295 1224 1484 1294 jactet.
1514 1221 1705 1277 Omnia
1746 1230 1870 1276 sunt

287 1322 365 1378 ibi
388 1319 722 1378 senescentis
756 1333 822 1375 ac
855 1328 1127 1390 provecta:
1168 1316 1329 1387 plena
1376 1312 1672 1384 prudentiae
1701 1327 1714 1364 :
1747 1310 1869 1365 nul-

288 1414 478 1485 lusque
518 1411 626 1479 ibi,
664 1410 817 1481 juxta
858 1407 1213 1477 Prophetam.
1256 1406 1555 1461 immaturas
1594 1400 1871 1473 sapientia:

288 1503 590 1574 reperietur
613 1519 627 1555 :
652 1490 732 1574 ζα)
756 1499 873 1555 Erit
888 1499 1045 1567 enim,
1072 1498 1263 1568 inquit,
1277 1497 1478 1569 juvenis
1496 1504 1694 1551 centum
1712 1508 1873 1548 anno-

287 1608 403 1648 rum
423 1589 578 1665 (Isai.
597 1590 686 1646 65.
713 1587 806 1663 20)
830 1607 846 1645 :
870 1587 1236 1659 magnitudine
1261 1586 1466 1645 numeri
1488 1584 1875 1657 perfectionem

289 1680 612 1738 eruditionis
637 1679 949 1737 ostendens.
976 1676 1162 1744 Unde,
1193 1675 1389 1732 fratres
1406 1714 1423 1741 ,
1449 1682 1648 1730 sanctae
1678 1674 1869 1729 cccles-

291 1773 470 1844 tisque
490 1769 785 1828 vocationis
808 1770 1124 1841 participes,
1144 1767 1477 1825 Salvatorem
1505 1780 1602 1836 per
1628 1762 1870 1835 Prophe-

294 1873 404 1918 tam
428 1861 711 1919 audiamus
736 1860 1055 1919 clamantem
1078 1874 1096 1917 ;
1136 1855 1358 1913 Veniam
1373 1870 1676 1927 congregare
1703 1868 1874 1918 omnes

291 1960 559 2023 gentes,“
587 1952 801 2019 venient,
831 1961 881 2005 et
898 1949 1132 2005 videbunt
1156 1948 1375 2021 gloriam
1402 1963 1566 2003 meam
1583 1986 1599 2013 ,
1631 1954 1677 2002 ct
1705 1945 1875 2000 dimit-

297 2056 403 2103 tam
419 2061 579 2116 super.
591 2060 679 2101 eos
704 2044 906 2115 signum
927 2039 1125 2115 mundi(
1144 2039 1275 2095 lsai.
1305 2038 1418 2113 66).

363 2136 417 2192 5.
448 2135 529 2192 Ad
560 2135 953 2207 solemnitatem
980 2133 1141 2204 igitur
1155 2146 1526 2204 properemus,
1551 2139 1709 2200 atque
1734 2129 1878 2185 dica-

294 2245 457 2284 mus:
499 2228 633 2285 Mihi
667 2238 839 2283 autem
866 2226 996 2281 absit
1023 2224 1267 2297 gloriari,
1297 2223 1395 2278 nisi
1422 2223 1477 2277 in
1503 2237 1653 2301 cruce
1689 2219 1878 2276 Christi

294 2321 441 2392 (Gal.
472 2318 562 2394 6).
607 2319 799 2385 Dabit,
831 2316 1020 2385 dabit,
1052 2316 1306 2386 inquam,
1352 2312 1716 2369 laborantibus
1742 2326 1876 2381 gau-

211 2418 217 2423 ’
293 2412 474 2478 dium,
513 2420 570 2467 et
608 2409 977 2481 jejunantibus
1019 2404 1341 2462 benedicens
1382 2403 1671 2477 loquetur:
1715 2400 1879 2456 Erunt

291 2505 469 2561 domui
490 2503 645 2559 ludat
667 2502 723 2556 in
759 2500 1002 2572 gaudium
1027 2508 1078 2554 et
1106 2498 1334 2554 latitiam
1352 2538 1368 2564 ,
1395 2506 1440 2552 et
1469 2497 1522 2551 in
1543 2495 1881 2551 solemnitates

295 2597 475 2661 bonas,
500 2603 549 2650 et
568 2592 861 2649 latabimini
881 2606 902 2646 :
930 2591 1186 2646 veritatem
1205 2606 1265 2643 ac
1285 2604 1457 2659 pacem
1483 2588 1677 2660 diligite
1695 2585 1877 2660 (Zach.

294 2686 352 2742 8.
386 2683 513 2758 16):
541 2699 650 2741 non
675 2691 760 2741 est
776 2682 920 2739 enim
948 2680 1188 2737 omnium
1217 2679 1550 2745 solemnitas,
1579 2677 1675 2733 sed
1699 2676 1879 2732 domui

292 2777 471 2842 Jndm,
496 2775 550 2830 id
579 2784 694 2842 est,
728 2774 980 2830 Ecclesia:
999 2771 1219 2829 Christi.
1247 2771 1412 2842 igitur
1436 2770 1562 2842 quia
1587 2768 1881 2826 secundum

296 2866 659 2934 Psalmistam,
682 2864 901 2934 Tempus
915 2863 1136 2936 faciendi
1156 2861 1374 2917 Domino
1397 2859 1567 2934 (Psat.
1588 2860 1710 2917 118.
1733 2858 1878 2933 126);

294 2972 350 3016 et
373 2959 573 3015 Paulus
601 2957 792 3013 scribit
822 2975 836 3011 :
869 2954 994 3011 Non:
1022 2956 1272 3026 praeessit
1292 2995 1310 3024 ,
1340 2955 1447 3009 dies
1473 2966 1647 3008 autem
1684 2969 1879 3024 appro-

295 3046 577 3117 pinquavit.
607 3042 923 3114 Abiiciamus
942 3058 1061 3114 ergo
1080 3057 1236 3113 opera
1261 3040 1592 3105 tenebrarum,
1626 3048 1671 3095 et
1697 3038 1882 3093 indua-

297 3156 410 3194 mur
430 3153 578 3193 arma
614 3137 777 3202 lucis,
804 3135 935 3191 sicut
958 3135 1013 3190 in
1041 3133 1126 3189 die
1158 3135 1366 3187 honeste
1404 3131 1747 3198 ambulemus,
1778 3147 1880 3185 non

297 3230 745 3287 comessationibus
767 3237 816 3283 et
837 3226 1192 3293 ebrietatibus,
1222 3242 1326 3280 non
1354 3223 1601 3279 cubilibus
1629 3232 1676 3279 et
1711 3226 1882 3294 impu-

297 3321 519 3389 dicitiis,
559 3337 662 3377 non
702 3320 1020 3375 contentione
1062 3327 1110 3373 et
1150 3316 1476 3372 wuzututione
1506 3331 1527 3370 :
1552 3314 1642 3369 sed
1684 3312 1883 3367 induite

297 3412 572 3468 Dominum
593 3410 770 3468 Iesum
838 3410 1004 3482 616
1072 3406 1352 3471 Christum,
1371 3414 1418 3460 et
1442 3406 1611 3459 carnis
1625 3420 1801 3459 curam
1819 3418 1883 3457 ue

299 3504 517 3575 feceritis
531 3503 585 3558 in
604 3501 867 3558 desideriis
886 3499 1062 3574 (Rom.
1083 3499 1171 3553 15.
1194 3496 1304 3566 η).
1321 3495 1350 3552 Ι
1356 3506 1534 3551 ustum
1556 3504 1638 3551 est
1656 3502 1882 3550 cunctos

300 3594 509 3650 Domini
536 3594 726 3651 timore
751 3602 1007 3665 purgatos
1037 3590 1248 3660 dignam
1286 3602 1544 3658 peragere
1570 3586 1877 3643 solemnita-

286 3669 428 3751 tem,
453 3684 798 3742 continentiis
826 3695 1038 3753 quoque
1059 3694 1123 3735 ac
1138 3678 1360 3749 jejuniis
1379 3677 1644 3734 redimere
1666 3678 1883 3732 castita-

299 3788 455 3845 tem,
486 3784 543 3833 et
586 3776 945 3833 dormientem
992 3786 1213 3827 sensum
1257 3769 1409 3841 vigili
1438 3768 1717 3839 suscitare
1744 3768 1882 3836 ﬁde,

299 3869 603 3939 imitarique
629 3866 1086 3938 sapientissimum
1117 3862 1390 3918 Danielem
1409 3903 1424 3926 ,
1463 3860 1532 3917 de
1556 3876 1664 3931 quo
1687 3860 1880 3917 scribi-

300 3972 424 4018 tur:
453 3960 546 4016 Est
572 3961 648 4015 vir
666 3964 721 4015 in
745 3973 901 4030 regno
925 3966 1033 4022 tuo,
1062 3956 1117 4010 in
1139 3971 1238 4020 quo
1262 3963 1334 4010 est
1362 3954 1573 4026 spiritus
1597 3951 1697 4007 Dei
1715 3992 1732 4021 ,
1762 3961 1809 4007 et
1830 3953 1882 4007 in

299 4054 470 4111 dit-bus
517 4053 677 4124 patris
732 4051 806 4105 tui
842 4047 1108 4120 vigilantia
1143 4056 1191 4101 et
1227 4046 1478 4116 sapientia
1514 4046 1729 4101 inventa:
1770 4031 1883 4119 [aL

298 4140 547 4216 inventa.]
571 4153 685 4199 sunt
707 4142 760 4197 in
791 4156 849 4196 eo
869 4139 1032 4213 (Dan.
1063 4139 1118 4194 5.
1148 4135 1259 4211 11).
1282 4137 1384 4205 Qui
1414 4136 1558 4192 enim
1594 4151 1781 4192 curam
1800 4137 1885 4192 sui

300 4244 526 4304 gerunt,
574 4241 636 4289 ut
671 4231 738 4286 ad
787 4230 1011 4287 meliora
1051 4227 1373 4300 proﬁciant,
1405 4225 1669 4282 habentes
1712 4226 1883 4297 legem

301 4325 451 4395 quasi
478 4323 825 4380 fortissimum
848 4322 1061 4387 ducem,
1085 4327 1274 4392 parent
1294 4318 1538 4390 imperiis
1558 4318 1695 4389 ejus,
1718 4326 1774 4373 et
1795 4332 1884 4373 ve-

300 4415 499 4471 nientia
524 4423 711 4470 contra
737 4428 796 4469 se
823 4422 1043 4485 peccata
1069 4412 1407 4477 subvertant,
1445 4407 1731 4480 splendore
1756 4421 1886 4478 ope-

278 4514 418 4569 trum
448 4505 774 4560 iilustrantes
816 4504 1037 4559 Pascha:
1066 4503 1455 4559 festivitatem:
1498 4509 1554 4557 et
1597 4499 1887 4556 securitate

303 4598 671 4662 conscientia),
699 4596 1162 4665 perturbationum
1181 4594 1361 4666 jacula
1391 4594 1720 4665 negligentes
1744 4635 1759 4661 ,
1789 4606 1887 4663 spe

305 4685 601 4754 anticipant
643 4685 941 4739 victoriam.
988 4685 1091 4752 Qui
1135 4695 1314 4739 autem
1357 4685 1548 4740 horum
1592 4685 1887 4739 imitatores

306 4828 404 4866 nuo
438 4812 599 4865 velum
632 4821 781 4924 atque
803 4815 1158 4877 operimentum
1179 4812 1359 4863 litteras
1379 4814 1719 4873 demittentes,
1736 4824 1887 4864 reve-

306 4876 400 4924 lata
418 4875 561 4924 facie.
576 4887 698 4924 uuas
736 4889 823 4924 pro
843 4874 1047 4924 transitu
1068 4874 1368 4924 sacriﬁcium.
1385 4874 1623 4924 Dominici
1636 4874 1887 4924 Paschatis

304 4876 400 4941 his
418 4875 561 4941 facie,
576 4874 713 4941 quasi
736 4889 823 4938 pro
836 4874 1047 4941 transitu
1068 4874 1368 4941 sacriﬁcium,
1385 4874 1623 4941 Dominici
1636 4874 1888 4941 Pahsebatis

304 4912 1368 4999 ἒΐοιῐόἒῖἆιέῧὶιὶὶίἔαὲἴιῖἕξὲεἶῖιῖοῖέὲῗῖά
1385 4912 1661 4999 ῑὲέιῖἱὶἶῗξ
1675 4912 1888 4999 ὕδῖῦἶέ

304 5011 535 5062 paremus
554 5000 647 5050 tibi
668 4999 854 5062 Pascha
874 4999 900 5049 τ
929 5016 952 5045 e
969 4995 1050 5047 λι)
1072 4997 1176 5060 ipso
1198 4997 1329 5062 enim
1352 4995 1702 5060 intelligentes,
1731 4996 1785 5045 in
1806 5009 1890 5046 su-

306 5058 491 5125 periori.
509 5067 642 5125 tecto
662 5060 831 5124 perﬁci
853 5058 1105 5125 oportere;
1126 5058 1265 5125 quod
1281 5065 1359 5109 est
1379 5058 1532 5125 supra
1564 5064 1768 5125 terrena
1790 5070 1883 5107 ne-
1898 5080 1915 5091 ρ

306 5118 437 5186 gutta
457 5159 472 5184 ,
504 5118 708 5173 solliciio
730 5118 903 5186 curqu
920 5122 1081 5171 animo
1090 5118 1378 5186 quidemne
1400 5118 1570 5186 mente
1585 5155 1600 5180 ,
1627 5118 1685 5168 ad
1710 5118 1888 5186 Sancta

306 5179 590 5256 Sanctorum
612 5179 903 5256 procedant:
922 5195 1072 5256 quem
1090 5179 1245 5232 locum
1267 5181 1486 5256 (metatus
1506 5179 1615 5244 ipse
1638 5180 1889 5256 pronobis

307 5247 592 5309 ingressus,
614 5243 791 5309 legalis
810 5243 1065 5309 Pontiﬁcis
1091 5256 1292 5309 cperam
1324 5249 1475 5308 atque
1509 5243 1655 5293 usum
1689 5254 1888 5309 cessare

307 5304 696 5376 teéitLaater'natn
711 5307 851 5357 nobis
866 5304 1549 5376 inveniensredemptionem,
1566 5312 1620 5356 et
1638 5317 1727 5376 pro
1747 5305 1889 5354 nobis

305 5365 531 5420 ante'Dei
548 5368 723 5419 faciem
738 5380 855 5418 sese
870 5368 1188 5418 constituens.
1201 5365 1340 5418 Tune
1362 5369 1495 5418 enim
1512 5365 1671 5418 semel
1694 5366 1743 5415 in
1758 5378 1889 5417 anno

306 5430 440 5492 solus
461 5431 692 5483 Pontifex
714 5431 766 5480 in
787 5429 963 5481 Sancta
983 5428 1678 5492 Sanctorumltngrediebatur,
1705 5427 1885 5492 pepulo

307 5489 426 5542 forts
445 5493 684 5554 adstante,
707 5492 837 5554 quod
860 5496 1047 5542 tantum
1070 5482 1313 5541 facultatis
1327 5482 1428 5554 non
1450 5482 1885 5554 baberet’fsalva-

307 5550 870 5666 ἱοῃι-εέἓξνὲἓῗιιε,
892 5557 1188 5618 potestatem
1207 5552 1433 5602 omnibus
1457 5553 1643 5603 intrare
1675 5550 1885 5603 volenti-

548 5625 628 5667 tus
649 5623 785 5668 est»

367 5676 442 5740 (a)
466 5672 539 5728 Ex
561 5677 730 5740 Greco
750 5688 857 5729 ιστιι
874 5687 942 5740 τι,
956 5686 977 5726 s
992 5687 1070 5733 νιος
1084 5685 1211 5725 una.
1227 5684 1345 5727 tm:
1370 5672 1612 5740 Vulgatus
1635 5675 1768 5726 enim
1788 5673 1885 5727 alto

312 5736 499 5791 sensu:
525 5739 749 5803 quam
772 5736 896 5805 puer
916 5736 1108 5790 centum
1129 5748 1364 5790 aureorum
1385 5736 1634 5797 nutriatur.

1684 278 2016 339 EPISTOLA
2049 278 2115 336 ε.

3441 279 3552 338 818

1966 404 2123 463 sunt,
2145 398 2442 463 antequam
2480 392 2665 450 ineant
2708 394 2950 465 praelium
2975 436 2992 464 ,
3039 395 3308 453 desiderio
3333 397 3571 454 virtutis.

1967 487 2198 560 palmam
2227 475 2489 557 occupant
2519 485 2913 558 triumphorum
2931 528 2955 557 ,ι
2983 503 3347 562 coronamque
3375 491 3549 545 victo-

1968 595 2055 637 res
2074 579 2294 636 lubricae
2317 578 2604 650 voluptatis
2643 578 2697 634 in
2723 579 3031 637 coelestibus
3056 581 3367 654 possident,
3395 598 3551 640 reve-

1969 671 2074 728 lata
2116 671 2249 727 facie
2268 712 2285 737 ,
2329 673 2508 727 animo
2536 670 2964 741 contemplantes
2987 713 3003 741 ,
3032 673 3467 730 vociferabantur
3495 683 3549 730 et

1969 762 2186 820 dicent:
2218 761 2473 819 Dominus
2499 760 2668 827 Deus,
2704 761 2950 834 fortitudo
2985 780 3126 831 mea,
3151 774 3196 819 et
3224 775 3371 835 ponet
3399 765 3550 837 pedes

1969 869 2105 910 meos
2135 850 2209 927 (ο)
2246 854 2301 908 in
2338 853 2854 916 consummationem,
2892 869 3045 922 super
3085 854 3284 910 excelsa
3325 865 3551 910 statuens

1972 965 2069 1014 me,
2101 958 2157 1002 ut
2185 948 2383 1003 vincam
2408 948 2461 1003 in
2488 948 2685 1003 cantico
2710 948 2843 1019 ejus.

2041 1039 2095 1094 6.
2124 1038 2235 1095 Nec
2272 1048 2519 1110 putemus
2534 1080 2560 1107 ,.
2581 1038 2774 1093 fratres
2801 1038 3097 1106 carissimi,
3139 1049 3406 1096 certamen
3434 1054 3553 1095 esse

1975 1137 2407 1198 pcrpetuum,ut
2433 1127 2636 1184 idcirco
2674 1128 2969 1197 lassemur;
3001 1127 3094 1184 sed
3127 1128 3361 1184 sciamus
3390 1128 3553 1184 ﬁnem

1974 1220 2128 1291 hujus
2150 1226 2406 1276 eordnam
2438 1235 2560 1276 esse
2582 1220 2829 1291 justitiae,
2861 1235 3020 1291 quam
3063 1219 3205 1274 nulla
3233 1220 3554 1281 saeculorum

1972 1310 2269 1381 Corrumpit
2310 1320 2460 1367 artas.
2499 1311 2746 1368 Studium
2782 1311 2904 1368 vita:
2950 1311 3104 1368 istius
3149 1322 3205 1368 et
3250 1312 3557 1368 certaminis

1975 1402 2268 1471 temporale
2287 1412 2388 1470 est,
2412 1402 2501 1474 qui
2523 1412 2703 1459 autem
2726 1401 2988 1459 inoll‘enso
3008 1404 3340 1460 cucurrerint
3364 1402 3557 1474 gradu,

1972 1505 2028 1551 ct
2063 1495 2129 1551 ad
2154 1495 2356 1552 calcem
2388 1498 2632 1552 venerint
2662 1498 3005 1567 prmmiorum
3026 1536 3048 1567 ,
3092 1511 3259 1552 novas
3287 1495 3561 1551 invenient
3646 1492 3653 1497 ’

1974 1588 2303 1656 mansiones,
2332 1588 2610 1644 victoriam
2636 1589 2859 1645 canticis
2886 1588 3334 1645 demonstrantes.
3378 1586 3563 1659 Itaque

1972 1682 2143 1751 gratia
2194 1681 2406 1737 Domini
2456 1681 2758 1754 triumphos
2803 1682 2960 1738 nobis
3012 1682 3079 1737 de
3128 1680 3561 1737 sceleratissimis

1974 1771 2308 1829 dmmonibus
2354 1773 2671 1843 pollicente,
2711 1773 2914 1844 jejunia
2959 1773 3065 1828 rite
3105 1771 3469 1839 celebremus,
3503 1782 3563 1826 ut

1975 1864 2327 1920 solemuitutis
2349 1879 2562 1935 quoque
2582 1864 2682 1920 rite
2699 1863 2985 1935 participes
3004 1863 3190 1920 simus.
3211 1849 3568 1933 Nequaquam

1975 1955 2163 2013 diebus
2205 1955 2680 2025 Quadragesimtn,
2739 1955 2877 2010 sicut
2927 1953 3185 2010 luxuriosi
3234 1953 3426 2010 divites
3477 1968 3568 2010 so-

1978 2048 2108 2115 lent,
2180 2047 2343 2120 617
2416 2046 2490 2119 (ε)
2532 2048 2637 2102 vini
2661 2046 2911 2117 poculum
2935 2048 3287 2116 suspiremus,
3314 2047 3565 2117 nequein

1979 2138 2254 2209 procinctu
2294 2147 2350 2194 et
2376 2137 2598 2208 ιιι-ωηο,
2632 2138 2721 2192 ubi
2750 2136 2903 2192 labor
2937 2146 2993 2193 et
3017 2136 3182 2192 sudor
3204 2146 3288 2192 est
3318 2152 3568 2193 necessa-

1979 2230 2124 2296 rius,
2157 2230 2398 2286 carnium
2427 2229 2607 2285 edulio
2651 2229 3003 2285 delectemur.
3037 2227 3260 2300 Crapula
3286 2229 3485 2300 quippe
3511 2238 3567 2284 ct

1979 2322 2232 2385 ebrietas,
2262 2329 2318 2379 et
2341 2330 2550 2377 caetera:
2580 2320 2738 2392 hujus
2764 2321 2886 2376 vitae
2928 2318 3195 2375 illecebrae
3218 2318 3566 2390 opulentissio

1981 2427 2124 2466 mum
2146 2411 2447 2466 animarum
2473 2411 2787 2468 thesaurum
2811 2410 3157 2478 exhauriunt,
3190 2419 3244 2466 ct
3269 2422 3564 2467 sementem

1981 2503 2215 2559 scientia:
2240 2502 2608 2574 doctrinaeque
2634 2502 2965 2559 uberrimam
2992 2502 3076 2558 sui
3102 2501 3432 2558 admixtione
3453 2502 3565 2557 suf-

1984 2598 2180 2652 fueant.
2210 2595 2569 2665 Quamobrem
2615 2595 2872 2651 Dominus
2911 2604 3070 2666 atque
3098 2593 3342 2651 Salvator
3370 2609 3564 2665 provo-

1981 2704 2111 2745 cans
2135 2688 2428 2759 discipulns
2454 2701 2583 2743 suos
2610 2687 2678 2742 ad
2705 2688 2937 2759 rigorem
2976 2686 3321 2742 continentia:
3339 2728 3355 2755 ,
3384 2686 3567 2759 loque-

1982 2782 2136 2837 batur
2162 2799 2175 2837 :
2207 2780 2463 2835 Attendite
2488 2779 2648 2848 vobis,
2678 2795 2740 2834 ne
2766 2764 2900 2851 forte
2927 2789 3200 2850 graventur
3224 2777 3379 2832 corda
3404 2787 3568 2834 vestra

1982 2873 2194 2946 crapula
2223 2883 2271 2929 et
2297 2872 2570 2937 ebrietate,
2600 2880 2648 2927 et
2689 2872 2826 2926 curis
2867 2872 3022 2943 hujus
3050 2873 3198 2940 vitm,
3234 2882 3281 2928 et
3329 2868 3437 2945 [aL
3470 2870 3565 2945 ne]
3596 2854 3603 2865 ’

1983 2965 2303 3036 superveniat
2327 2964 2380 3019 in
2402 2980 2488 3021 vos
2509 2964 2773 3031 repentina
2796 2964 2904 3019 dies
2924 2965 3016 3019 illa
3038 2981 3057 3020 :
3084 2974 3328 3035 tanquam
3356 2965 3568 3034 laqueus

1983 3059 2117 3131 enim
2151 3059 2466 3128 superveniet
2507 3058 2560 3112 in
2605 3073 2810 3121 oumes,
2856 3058 2943 3128 qui
2986 3056 3159 3113 sedent
3196 3073 3351 3127 super
3386 3058 3568 3127 {aciem

1983 3149 2146 3217 cumis
2165 3158 2313 3204 terra:
2337 3147 2488 3221 (Luc.
2510 3149 2602 3205 21.
2627 3149 2716 3204 54.
2745 3158 2791 3202 et
2814 3148 2927 3220 55).
2953 3146 3032 3223 (τι)
3059 3148 3265 3220 Surgite
3284 3167 3305 3204 :
3330 3147 3569 3203 abeamus

1984 3240 2101 3295 hinc
2127 3224 2308 3314 (Joan.
2344 3241 2433 3296 ts.
2464 3238 2579 3314 51),
2606 3254 2743 3311 quos
2768 3240 2838 3296 ob
2867 3240 3351 3312 negligentiam‘sui
3392 3255 3568 3313 pinna:

1984 3330 2125 3386 illico
2153 3339 2574 3403 consequentur.
2622 3332 2726 3399 Qui
2754 3342 2930 3388 autem
2961 3332 3139 3404 legum
3170 3340 3439 3404 praecepta
3469 3347 3565 3388 cu-

1983 3424 2255 3492 stodiunt,
2287 3425 2537 3496 ignorant
2565 3425 2746 3481 vinum
2778 3424 2832 3480 in
2857 3423 3105 3495 jejuniis,
3145 3425 3385 3481 carnium
3416 3439 3567 3480 esum
3628 3418 3635 3423 ’

1984 3517 2293 3587 repudiant,
2319 3526 2376 3571 et
2402 3516 2755 3573 insatiabilem
2783 3517 3061 3572 avaritiam
3086 3516 3179 3573 Dei
3206 3518 3396 3572 timore
3422 3531 3570 3573 com-

1983 3615 2230 3678 poscunt.
2260 3605 2413 3663 Unde
2440 3606 2506 3661 ad
2532 3607 2872 3663 continentes
2895 3605 3169 3677 Scriptura
3198 3606 3435 3677 quotidie
3460 3607 3574 3660 cla-

1984 3698 2174 3752 mitat:
2215 3695 2404 3751 Vinum
2436 3706 2485 3751 et
2513 3698 2728 3752 siceram
2757 3712 2858 3750 non
2888 3695 3052 3750 bibent
3080 3694 3288 3769 (Judic.
3322 3696 3410 3750 15.
3436 3696 3490 3751 4.
3522 3705 3570 3751 et

1985 3788 2038 3842 7.
2066 3798 2112 3842 et
2132 3786 2240 3860 14).
2273 3788 2338 3843 Et
2357 3802 2387 3842 e
2406 3787 2675 3843 contrario
2694 3785 2864 3842 Judaei
2885 3785 2954 3843 ob
2974 3786 3186 3857 culpam
3207 3785 3430 3843 audiunt
3451 3803 3466 3841 :
3495 3785 3568 3858 (e)

2055 3958 2123 4071 (la
2146 3958 2221 4010 Ex
2240 3971 2401 4021 graeco
2423 3972 2472 4018 εις
2494 3972 2713 4018 συντίλιιαν,
2732 3958 2784 4010 in
2806 3958 3259 4011 consummationem
3281 3971 3299 4010 :
3322 3958 3573 4023 Vulgatus

2126 4021 2305 4071 ebraeo.
2331 4021 2470 4071 euasi
2493 4032 2761 4071 cervorum.
2780 4027 2833 4070 et
2855 4034 2969 4070 mox
2991 4036 3057 4071 τοῦ
3078 4038 3239 4071 νικῆσαι.
3259 4028 3312 4071 ut
3333 4022 3524 4071 vineam
3552 4033 3573 4071 :

1989 4021 2305 4083 ex'Hebraeo,
2331 4021 2470 4083 quasi
2482 4032 2761 4083 certorum,
2780 4027 2833 4070 et
2855 4034 2969 4083 mox
2991 4036 3057 4072 τοῦ
3078 4038 3239 4082 νικῆσαι,
3259 4028 3312 4072 ut
3333 4021 3524 4073 vitream
3552 4033 3573 4071 :
3637 4042 3643 4073 ;

1985 4084 2117 4148 quod
2135 4079 2520 4148 Vulgatusdixit
2535 4080 2633 4148 a_ll_o
2653 4094 2823 4148 sensu,
2846 4081 3013 4148 victor.

2057 4143 2118 4211 (e)
2155 4141 2448 4211 Aliquandiu
2490 4144 2631 4211 nobis
2671 4141 2781 4206 plus
2810 4141 2961 4211 aequo
2990 4143 3157 4211 durior
3182 4144 3286 4195 visa
3320 4148 3400 4211 est
3430 4142 3579 4206 hujus

1988 4204 2083 4256 loci
2107 4204 2360 4268 sententia
2376 4242 2390 4264 ,
2415 4206 2628 4268 maxime
2650 4204 2761 4254 cum
2782 4204 3099 4268 paulo‘infra,
3124 4211 3179 4257 et
3200 4218 3284 4255 nu.
3319 4207 3369 4257 8.
3392 4204 3573 4268 conce-
3633 4221 3640 4229 ·

1989 4269 2086 4330 ptis
2106 4266 2273 4330 verbis
2284 4264 2824 4330 jejuniorumtempofe
2845 4280 2877 4317 a
2890 4265 3021 4330 vino,
3047 4264 3107 4330 ut,
3123 4281 3157 4330 a
3178 4268 3409 4330 carnibus
3430 4266 3573 4318 absti.

1987 4325 2199 4400 nendum
2226 4325 2517 4400 _conStant‘er
2546 4325 2850 4400 Iheopbilus
2875 4325 3070 4400 jubeat.
3092 4329 3281 4400 Damst
3293 4331 3422 4400 quis
3452 4339 3574 4387 sum

1989 4391 2085 4440 iret
2106 4387 2404 4453 conclusum,
2429 4387 2943 4453 Fidelibus'olimiviui
2967 4388 3193 4453 poculum
3216 4391 3268 4440 in
3287 4387 3571 4453 Quadragc-

1988 4454 2126 4502 sima:
2155 4450 2358 4515 jejuniis
2388 4462 2627 4515 usurpare
2666 4464 2766 4502 non
2800 4449 3203 4515 licuisse,__multa
3223 4449 3573 4515 veniebant'in

1988 4509 2340 4575 mentemquse
2362 4509 2539 4575 opponi
2561 4514 2805 4585 poterant.
2825 4509 2989 4573 Atque
3002 4509 3046 4559 ii
3064 4511 3283 4574 quidem,
3293 4512 3389 4584 .qui
3414 4511 3573 4562 varias

1988 4573 2319 4624 Eccleslarum
2342 4572 2723 4623 consuetudines
2745 4578 3006 4634 enarrant,
3023 4570 3252 4634 Socrates
3271 4571 3434 4634 1th.}.
3458 4583 3567 4634 cap.

1989 4636 2067 4685 22.
2103 4641 2158 4706 et.
2192 4633 2491 4706 Sozomenus
2530 4634 2820 4706 l_ib.ﬁ7._cap.
3033 4632 3463 4706 minimetradunt
3484 4632 3573 4683 ob-

1990 4702 2259 4753 servatum,
2300 4694 2480 4744 nedum
2506 4694 2570 4741 ab
2606 4692 2825 4743 Ecclesia
2860 4692 3117 4752 sancitum,
3144 4694 3263 4743 utsi
3283 4694 3369 4757 qui
3392 4693 3517 4744 adeo
3542 4709 3571 4746 ιι

1993 4758 2110 4828 virm.
2129 4756 2435 4828 abstinerent
2450 4751 2870 4828 ,Είδεξξεειυίειξεξί
2893 4764 3064 4828 πελεν
3097 4755 3281 4828 Pstis.
3304 4768 3453 4828 quem
3473 4754 3570 4828 Εε-

1992 4816 2281 4866 clesiastica:
2322 4814 2512 4877 regulas
2544 4814 2755 4877 dandum
2791 4815 2873 4877 sit,
2909 4814 3142 4877 quidquid
3183 4814 3293 4866 aliis
3321 4814 3567 4868 videatur.

1992 4877 2211 4937 Tandem
2253 4873 2508 4937 commode
2542 4876 2756 4925 occurrit
2794 4873 3082 4937 Tertulliani
3124 4875 3275 4937 locus,
3318 4878 3450 4927 unde
3481 4878 3576 4932 hoe

1992 4937 2122 5000 idem
2144 4935 2426 5000 planissime
2439 4935 2743 5000 doceremut;
2770 4935 2992 5000 Quidam,
3029 4934 3201 5000 inquit,
3229 4934 3315 4989 lib.
3339 4939 3405 4989 de
3428 4938 3575 4991 Cultu

1993 4996 2283 5049 feminarum
2322 5010 2370 5048 c.
2393 4998 2444 5048 9.
2474 5014 2499 5044 ι
2521 4999 2674 5061 ipsam
2706 4996 2805 5061 _Det
2834 4996 3110 5061 creaturam
3129 4996 3225 5049 sibi
3253 5001 3571 5059 interdicunt,

1993 5061 2300 5125 abstinentes
2321 5061 2453 5125 vino,
2477 5067 2530 5110 et
2541 5058 2837 5125 animalibus
2859 5059 3135 5125 epulantes,
3158 5058 3575 5125 quorumfructus

1992 5120 2116 5187 nulli
2158 5119 2380 5187 periculo
2410 5126 2495 5187 aut
2513 5120 2820 5171 sollicitudini
2850 5121 3099 5187 adjacent,
3122 5119 3218 5187 sed
3246 5122 3571 5187 humilitatem

1993 5183 2290 5256 animantium
2312 5183 2543 5256 invictus
2561 5194 2762 5256 quoque
2781 5183 3234 5256 castigationepeo
3252 5183 3521 5256 immolant.
3537 5199 3562 5231 ν

2062 5243 2132 5311 (d)
2167 5243 2398 5311 Nonnihil
2421 5243 2713 5311 resarcietur
2736 5244 2891 5311 locus,
2905 5243 2961 5295 'et
2979 5244 3200 5295 voculam
3222 5248 3265 5297 si
3289 5256 3541 5310 pmponas

1993 5303 2269 5367 nam'certe
2292 5303 2598 5355 librariorum
2628 5307 2868 5356 incuriam
2877 5303 3130 5367 expertus
3153 5314 3248 5356 est.

2061 5365 2124 5433 (e)
2160 5366 2277 5440 Loci
2313 5367 2460 5440 hujus
2496 5367 2682 5440 hiatum
2706 5365 2925 5440 pendula
2945 5365 3414 5440 atquejmpetjfecta

2029 5426 2151 5479 turis
2170 5426 2417 5493 sententia
2452 5430 2637 5493 arguit,
2660 5426 2729 5479 ad
2742 5442 2886 5493 quam
2903 5426 3215 5493 explendam
3227 5426 3411 5489 aliquid
3436 5426 3575 5475 nobis

2029 5442 2151 5479 turea
2170 5442 2417 5501 sententia
2452 5442 2637 5492 arguit,
2660 5442 2723 5479 au
2742 5442 2886 5504 quam
2913 5442 2977 5478 ex
3010 5442 3207 5478 tendam
3227 5442 3411 5489 aliquid
3436 5442 3569 5475 nom:

1993 5442 2214 5559 gryetert
2229 5489 2444 5559 editione
2457 5490 2517 5540 B.
2536 5490 2596 5559 l’.
2610 5492 2823 5559 prastdit
2847 5490 2957 5559 fuit,
2969 5443 3096 5559 ’ἥσει
3118 5497 3172 5538 et
3192 5489 3295 5559 ipsa
3315 5499 3425 5559 cum
3439 5495 3569 5559 saepe

1992 5551 2298 5617 βιυείεὲίαὲε
2313 5552 2407 5617 ξίῑν,
2420 5559 2522 5617 illm
2539 5545 2654 5603 heic
2672 5564 2872 5617 quoque
2889 5545 2983 5600 loci
3004 5545 3297 5617 mgycmﬁiq
3315 5545 3397 5597 illa
3407 5558 3472 5617 _se
3494 5545 3595 5595 bar

1992 5614 2098 5676 bet,
2124 5630 2155 5676 γε
2172 5612 2377 5676 Dabatis
2385 5608 2573 5676 bibere
2593 5608 2773 5664 sanctis
2787 5608 2960 5663 "vinum
2989 5618 3044 5660 et
3060 5608 3344 5676 Prophetis,
3371 5614 3424 5676 et
3445 5616 3576 5676 pra:-

1992 5666 2249 5743 cipisbstts
2264 5672 2632 5743 ωαρηιωνβρρ
2653 5680 2870 5743 vomens
2884 5679 2986 5743 ,ειρο
3008 5685 3032 5715 ι
3044 5666 3233 5743 Imus
3251 5666 3579 5743 semissis!"

1994 5728 2294 5802 cunilam.
2308 5740 2359 5789 et
2378 5728 2632 5800 Pronactis
2647 5728 3000 5801 precipiebatis
3022 5728 3252 5792 dicentes,
3275 5728 3585 5795 N'e’praphe‘

2448 4813 2512 4877 las
2544 4813 2755 4877 dandum
2791 4815 2873 4877 sit,
2909 4814 3026 4877 quid
