4106 6340
329 448 508 504 lorum
547 453 816 499 memores
847 456 864 496 :
892 432 1267 494 lacerabantur
1285 429 1511 497 viscera,
1527 425 1653 487 tabo
1675 434 1731 486 et
1756 427 1907 483 sanie

329 543 478 592 artus
522 531 855 597 difﬂuebant,
888 536 945 584 et
990 537 1165 582 tamen
1208 521 1471 580 sententia
1527 517 1907 590 perseverabat

330 623 620 682 immobilis
648 640 664 679 :
691 622 827 678 liber
853 627 970 676 erat
992 614 1221 679 animus,
1249 623 1305 669 et
1347 611 1484 668 mala
1512 609 1796 681 praesentia
1826 608 1909 663 fu-

329 727 572 772 turorum
599 727 696 784 spe
723 708 1050 781 despiciebat
1077 705 1170 779 [aL
1201 701 1583 775 despiciebant}.
1606 698 1908 756 Lassaban-

330 815 417 861 tur
453 813 710 867 tortores.
749 809 804 857 et
847 815 953 855 non
982 797 1278 852 lassabatur
1322 793 1498 849 ﬁdes:
1528 791 1910 861 frangebantur

328 909 472 960 ossa,
502 903 558 950 et
585 893 800 948 volubili
823 901 937 947 rota
959 888 1134 944 omnis
1157 900 1416 958 compago
1443 899 1725 940 nervorum
1745 889 1908 952 atque

327 995 538 1042 artuum
569 984 894 1046 solvebatur,
926 990 980 1037 et
1010 981 1062 1034 in
1104 980 1421 1034 immensum
1465 975 1716 1045 spirantia
1761 987 1908 1027 mor-

330 1089 442 1135 tem
487 1078 731 1134 incendia
780 1074 1210 1145 consurgebant:
1241 1071 1411 1142 plenzn
1452 1078 1606 1124 erant
1653 1065 1910 1122 ferventis

328 1174 434 1229 olei
480 1172 798 1242 sartagines,
843 1179 898 1224 et
940 1169 1005 1222 ad
1051 1165 1287 1236 frigenda
1337 1172 1645 1219 sanctorum
1682 1172 1907 1229 corpora

330 1274 535 1319 terrore
562 1259 862 1318 incredibili
889 1256 1280 1329 personabant;
1326 1263 1380 1310 et
1409 1263 1584 1308 tamen
1629 1251 1768 1307 inter
1794 1250 1910 1304 haec

329 1355 509 1410 omnia
543 1352 845 1423 paradisum
889 1351 1071 1404 animo
1100 1347 1523 1410 deambulantes,
1566 1359 1670 1400 non
1713 1343 1911 1398 sentic-

331 1447 458 1501 liaut
488 1443 626 1514 quod
659 1443 1012 1514 patiebantur,
1060 1439 1152 1496 sed
1195 1438 1336 1509 quod
1369 1439 1550 1492 videre
1597 1435 1906 1506 cupiebant.

329 1537 478 1592 Mens
503 1537 644 1591 enim
670 1535 760 1589 Dei
788 1533 976 1587 timore
1000 1532 1190 1585 vallata
1212 1529 1452 1584 ﬁammas
1473 1535 1709 1596 superat,
1735 1523 1909 1578 varios

333 1637 717 1682 tormentorum
749 1623 952 1694 spernit
980 1621 1214 1676 dolores.
1246 1620 1500 1689 Cumque.
1521 1616 1685 1672 semel
1728 1614 1909 1670 virtuti

330 1735 391 1774 se
435 1715 731 1781 tradiderit,
763 1712 1018 1784 quidquid
1061 1710 1277 1766 adversi
1321 1707 1582 1771 evenerit,
1629 1707 1818 1770 calcat,
1856 1713 1912 1760 et

329 1807 578 1878 despicit.
605 1805 790 1873 Qualis
817 1803 913 1858 fuit
942 1802 1138 1857 Paulus
1159 1800 1399 1856 scribens
1428 1815 1442 1853 :
1475 1796 1542 1852 In
1571 1797 1648 1852 liis
1681 1796 1912 1851 omnibus

330 1913 648 1968 superamus,
698 1912 788 1965 per
835 1910 969 1960 eum,
1017 1894 1103 1964 qui
1152 1909 1243 1946 nos
1270 1891 1446 1945 dilexit
1487 1890 1666 1960 (Rom.
1707 1889 1763 1944 8.
1792 1887 1906 1959 57).

329 1989 481 2057 Quod
524 1989 666 2042 enim
709 1987 974 2042 suStinere
1025 2001 1130 2039 non
1176 1993 1351 2054 potest
1395 1983 1574 2038 carnis
1619 1981 1903 2051 fragilitas,

331 2081 558 2136 naturali
586 2079 890 2135 infirmitate
916 2086 1186 2150 superata,
1210 2075 1372 2132 vincit
1403 2076 1636 2142 animus,
1662 2074 1764 2130 ﬁde
1793 2074 1908 2130 col-

328 2173 550 2244 loquens
577 2173 704 2228 Deo.

401 2263 490 2318 10.
532 2265 673 2332 Ergo
696 2262 785 2332 qui
804 2260 1029 2331 jejunia,
1053 2258 1107 2314 id
1129 2267 1231 2326 est,
1255 2258 1712 2314 conversationem
1734 2258 1911 2326 Auge.

328 2356 484 2411 licam
515 2355 787 2410 imitantur
819 2355 870 2409 in
904 2355 1080 2418 terris,
1113 2350 1191 2423 (a)
1225 2350 1564 2406 meminerint
1594 2350 1732 2404 illius
1756 2349 1906 2415 dicti,

327 2445 558 2517 Regnum
590 2443 687 2498 Dei
713 2461 811 2498 non
841 2453 912 2497 est
931 2443 1071 2496 cibus
1099 2451 1146 2495 et
1169 2450 1338 2511 potus,
1365 2441 1453 2494 sed
1481 2441 1693 2504 iustitia,
1716 2449 1763 2492 et
1783 2455 1912 2510 gau-

325 2539 491 2600 dium,
522 2547 568 2589 et
598 2551 720 2605 pax,
750 2543 798 2588 et
833 2533 1006 2588 fictilia
1031 2532 1206 2602 (Rom.
1238 2530 1352 2598 M).
1381 2531 1472 2585 lsti
1499 2528 1592 2602 [λιι.
1629 2528 1781 2601 Quia]
1814 2545 1910 2599 per

326 2628 736 2691 continentiam,
769 2626 920 2681 brevi
946 2634 1002 2681 et
1027 2640 1192 2696 parvo
1237 2623 1422 2679 labore
1477 2637 1666 2693 magna
1705 2622 1805 2676 sibi
1853 2632 1908 2676 et

325 2729 526 2774 acterna
557 2718 844 2772 conciliant
875 2717 1122 2787 praemia;
1169 2722 1221 2769 et
1263 2715 1429 2769 multo
1469 2714 1587 2784 plus
1617 2713 1902 2782 accipiunt,

323 2826 484 2882 quam
514 2810 765 2874 offerunt,
810 2820 866 2865 et
912 2810 1073 2865 futuri
1112 2807 1367 2877 temporis
1394 2806 1562 2877 gloria
1613 2793 1904 2875 prmsentcs

322 2901 596 2972 angustias
621 2901 882 2970 mitigant,
911 2901 1032 2971 quia
1058 2901 1110 2954 in
1139 2899 1242 2954 hoc
1263 2899 1434 2954 stadio
1460 2914 1556 2969 pro
1580 2899 1776 2953 virtute
1800 2914 1903 2968 pu-

323 2993 625 3062 gnantibus,
661 2991 778 3046 linis
820 2993 923 3046 erit
960 2991 1245 3061 aliquando
1283 2990 1608 3046 certaminis.
1650 2989 1780 3044 Nam
1809 2989 1900 3059 qui

324 3081 418 3155 [aL
449 3083 548 3148 Qui
571 3080 758 3152 autem]
793 3097 1019 3152 pugnam
1063 3083 1253 3136 ineunt
1293 3091 1478 3135 contra
1527 3082 1676 3147 vitia,
1721 3089 1774 3135 et
1810 3095 1900 3134 sa-

322 3175 536 3246 pientiae,
560 3173 856 3244 disciplinis
881 3189 1006 3230 suas
1026 3174 1233 3229 animas
1257 3173 1593 3242 dedicaruut,
1615 3183 1901 3243 quantum-

324 3284 426 3338 que
474 3270 672 3338 patitur
721 3268 951 3322 humana
1002 3267 1260 3334 conditio,
1315 3267 1593 3323 scientiam
1643 3275 1903 3336 appetunt
1945 3324 1948 3327 ,

323 3357 642 3423 futurorum,
669 3373 761 3428 per
789 3358 1068 3427 speculum
1105 3367 1159 3412 et
1189 3357 1497 3428 imaginem,
1531 3372 1690 3412 sensu
1713 3368 1766 3411 ct
1797 3357 1902 3412 ﬁde

323 3452 582 3507 calorum
645 3465 805 3520 regna
870 3458 1190 3514 cernentes,
1249 3458 1646 3518 consequentur
1696 3458 1900 3504 arterna

326 3541 561 3611 pnnmia,
589 3550 643 3596 et
671 3541 816 3596 nullo
854 3548 1156 3609 temporum
1200 3540 1305 3594 fine
1347 3539 1666 3593 claudenda.
1740 3539 1900 3610 621

326 3633 450 3687 Dies
485 3641 540 3686 et
583 3647 686 3685 nox
715 3631 876 3686 certis
917 3630 1172 3685 horarum
1215 3629 1317 3684 sibi
1359 3631 1653 3684 succedunt
1692 3630 1900 3698 Spatiis,

325 3723 682 3794 paulatimque
710 3721 1102 3786 decrescentes,
1135 3719 1275 3790 quod
1313 3721 1586 3781 amittunt,
1614 3721 1900 3790 recipiunt,

324 3825 379 3870 et
403 3815 544 3886 quod
580 3815 863 3884 recipiunt,
913 3814 1150 3868 tribuunt
1182 3830 1196 3866 :
1227 3813 1294 3866 ad
1326 3812 1568 3866 eamdem
1599 3828 1902 3866 mensuraut

325 3907 408 3964 bis
457 3909 509 3963 in
555 3923 700 3964 anno
749 3908 1153 3972 convenientes,
1200 3922 1297 3962 nec
1349 3917 1568 3960 manent
1615 3907 1665 3959 in
1710 3905 1902 3961 eodem

325 4008 487 4065 statu,
518 3999 610 4054 sed
646 3999 718 4068 (b)
755 3999 1016 4054 brevitate
1052 4006 1108 4052 et
1142 3996 1471 4066 longitudine
1501 3995 1752 4050 horarum
1783 4010 1902 4050 mo-

325 4099 502 4144 menta
531 4083 920 4156 discriminant,
952 4097 1010 4142 ut
1035 4087 1217 4142 utilem
1245 4087 1443 4141 mundo
1470 4085 1664 4140 faciant
1691 4096 1900 4154 tempo-

325 4195 441 4235 rum
471 4181 855 4236 diversitatem.
881 4179 1009 4235 Nam
1030 4195 1134 4250 que
1160 4179 1274 4234 dies
1305 4180 1374 4250 (ο)
1404 4179 1592 4235 ordine
1618 4189 1671 4233 et
1701 4178 1903 4234 circulo

324 4287 423 4327 suo
449 4271 517 4327 de
544 4272 713 4326 noctis
753 4272 1082 4342 temporibus
1128 4280 1418 4335 mutuatur,
1451 4278 1507 4324 et
1552 4285 1760 4323 rursum
1794 4284 1900 4323 nox

324 4362 513 4432 recipit
562 4363 703 4433 quod
753 4363 938 4434 largita
977 4371 1062 4418 est
1103 4380 1117 4417 :
1161 4362 1392 4432 dumque
1434 4361 1667 4416 vicissim
1716 4371 1770 4416 et
1809 4360 1904 4415 tri-

326 4452 512 4517 buunt,
547 4465 600 4508 et
629 4455 912 4524 accipiunt,
947 4463 1003 4510 et
1028 4454 1158 4511 orbe
1187 4455 1417 4526 quodam
1458 4453 1598 4525 quod
1645 4453 1900 4524 paulatim

323 4543 615 4597 amiserant
635 4542 1024 4609 decrescentes,
1049 4545 1245 4598 sensim
1266 4555 1573 4599 crescentes
1594 4543 1858 4612 recipiunt
1882 4560 1897 4597 :

324 4634 581 4688 creatoris
631 4633 725 4687 Dei
769 4637 1183 4704 interpretantur
1227 4635 1566 4704 sapientiam.
1609 4637 1785 4704 Atque
1832 4650 1899 4690 ex

231 4773 247 4784 ,
326 4721 427 4774 hac
456 4721 818 4776 vicissitudine
861 4724 1152 4790 spatiorum
1185 4724 1270 4777 vel
1300 4733 1606 4778 menstruus
1636 4725 1774 4778 luna:
1813 4739 1902 4778 or-

324 4812 407 4866 bis
433 4810 678 4876 efﬁcitur,
710 4813 790 4867 vel
821 4813 952 4866 solis
970 4827 1065 4866 sua
1099 4827 1194 4881 per
1215 4814 1435 4884 vestigia
1461 4816 1778 4870 revertentis
1804 4831 1898 4869 an-

323 4917 424 4959 nus
459 4901 730 4970 impletur,
775 4901 902 4957 dum
943 4912 1207 4966 crescunt,
1258 4915 1417 4975 atque
1455 4904 1795 4972 decrescunt,
1845 4916 1901 4960 et

321 4980 492 5064 lar‘
507 4995 894 5065 pneteritorum
925 4994 1097 5050 futura
1128 4995 1440 5060 succedunt,
1474 4995 1660 5051 eadem
1690 5012 1903 5067 semper

320 5095 480 5155 atque
503 5086 604 5140 alia
632 5095 867 5157 tempora
907 5096 1322 5143 commutantur.
1359 5088 1509 5144 Unde
1535 5097 1589 5144 ct
1618 5087 1742 5143 luna
1772 5103 1900 5158 pru-

321 5175 637 5232 dentissimo
664 5177 755 5232 Dei
783 5178 1010 5234 artiﬁcio
1037 5181 1272 5247 condita,
1296 5189 1350 5236 et
1372 5181 1660 5236 formarum
1688 5191 1900 5237 mutans

321 5269 626 5335 varietates,
654 5269 719 5324 ad
751 5271 1134 5340 plenitudinem
1164 5272 1350 5338 tendit,
1393 5285 1446 5328 et
1470 5272 1687 5327 festinat
1721 5271 1787 5327 ad
1815 5271 1900 5327 di-

320 5359 690 5428 minutionem,
736 5372 793 5418 ut
819 5361 1072 5434 quicquid
1097 5378 1344 5420 crescens
1385 5365 1728 5436 acquisierat,
1772 5380 1898 5436 per-

405 5499 456 5563 ᾳ)
472 5497 650 5563 _Vulgo
673 5505 817 5549 antea
841 5498 1103 5563 legebatur
1125 5499 1466 5563 meminerunt.

403 5559 447 5635 ιι)
472 5559 737 5635 Breviores
754 5559 948 5635 hieme,
965 5568 1137 5612 aestate
1154 5560 1402 5624 longiores
1412 5568 1550 5611 erant
1563 5562 1750 5635 diurnae
1767 5565 1898 5635 bene

318 5625 443 5687 apud
469 5630 692 5684 veteres,
713 5625 893 5687 quibus
923 5635 1227 5687 unaquaeque
1263 5637 1351 5685 per
1375 5637 1552 5675 annum
1572 5625 1681 5676 dies
1704 5627 1752 5676 in
1773 5627 1898 5676 duo-

318 5680 476 5735 decim
503 5680 795 5736 partes'si've
819 5686 962 5736 horas
984 5680 1309 5735 tribuebatur.

319 5743 456 5858 e“(fl
487 5743 715 5802 Fortasse
751 5746 972 5808 ordinem
1014 5753 1060 5802 et
1093 5745 1330 5802 circulum
1359 5759 1498 5802 stium
1527 5749 1895 5834 rescribendum

1731 304 2064 373 ειηετοω
2098 311 2160 372 C.

2014 429 2106 484 dat
2132 427 2446 502 amittatque
2479 430 2822 492 decrescens.
2855 434 2968 494 Nec
2988 443 3094 494 stat
3127 437 3180 494 in
3206 431 3394 497 eodem
3424 447 3591 512 statu,

2013 520 2108 576 sed
2133 519 2446 592 quibusdam
2473 522 2726 594 gradibus
2747 528 3040 586 ascendens
3054 539 3216 601 atque
3234 531 3589 599 descendens,

2011 611 2078 669 de
2105 621 2413 683 paupertate
2442 615 2612 684 pergit
2652 615 2718 670 ad
2746 616 2976 686 divitias,
3020 630 3074 676 et
3100 621 3168 676 de
3211 621 3412 678 divitiis
3455 623 3592 679 redit

2012 703 2078 758 ad
2106 715 2470 776 paupertatem
2500 723 2515 762 :
2540 705 2654 778 ipsa
2695 706 3001 767 diversitate
3040 713 3326 769 formarum
3364 714 3592 770 mutabi-

2013 793 2119 850 iem
2145 805 2200 851 et
2225 795 2494 852 conditam
2521 813 2580 854 se
2604 798 2726 854 eSse
2749 797 3138 858 demonstrans.
3171 803 3298 872 Quis
3322 820 3450 860 vero
3470 818 3592 875 pos-

2013 887 2084 941 sit
2128 887 2288 958 digno
2329 902 2579 944 sermone
2619 890 2919 960 exprimere
2948 891 3077 946 solis
3103 908 3339 962 cursum,
3384 904 3434 950 et
3465 895 3591 954 anni

2014 977 2271 1033 circulum
2315 980 2504 1035 rationi
2535 991 2823 1036 menstrua:
2845 980 2922 1054 (ά)
2951 983 3062 1039 sive
3089 984 3257 1040 lunari
3294 1002 3594 1057 congruen-

2017 1073 2163 1127 tem?
2193 1073 2325 1127 Dum
2369 1089 2463 1144 per
2499 1084 2726 1144 quatuor
2767 1075 3000 1131 volvitur
3045 1085 3305 1146 tempora,
3349 1088 3404 1134 et
3437 1082 3491 1136 in
3533 1095 3593 1136 se

2014 1179 2228 1233 semper
2279 1167 2584 1234 revertitur,
2636 1168 2936 1238 eademque
2984 1183 3230 1224 mensura
3282 1173 3594 1228 conscendit

2014 1267 2174 1326 atque
2197 1255 2492 1322 descendit,
2533 1265 2585 1312 et
2615 1267 2818 1313 aeterno
2860 1257 3051 1314 ordine
3088 1259 3325 1314 labitur:
3359 1269 3415 1315 ut
3451 1262 3594 1330 quod

2016 1345 2201 1402 lunare
2237 1347 2465 1416 spatium
2505 1348 2717 1418 triginta
2762 1347 2951 1404 diebus
2992 1349 3177 1417 implet
3217 1363 3282 1405 ac
3325 1351 3592 1417 noctibus,

2017 1439 2118 1495 hoc
2141 1439 2272 1495 solis
2300 1455 2488 1495 cursus
2515 1441 2700 1510 spatiis
2725 1440 2850 1495 anni
2882 1442 3138 1496 vertentis
3179 1441 3404 1497 reficiat.
3430 1440 3594 1497 Cum-

2016 1547 2120 1602 que
2147 1532 2212 1586 ad
2241 1532 2598 1602 aequalitatem
2624 1531 2730 1587 diei
2755 1534 3032 1604 noctisque
3062 1533 3388 1604 pervenerit,
3415 1541 3470 1589 et
3505 1549 3595 1604 pa-

2017 1639 2236 1694 rumper
2265 1623 2315 1677 in
2348 1622 2482 1678 libra
2503 1623 2636 1692 justi
2665 1639 2854 1680 cursus
2874 1625 3104 1690 steterit,
3134 1625 3351 1681 festinat
3373 1625 3440 1680 ad
3463 1626 3595 1682 ina:-

2016 1715 2346 1784 qualitatcm,
2374 1714 2631 1769 deserens
2649 1714 2715 1768 ad
2742 1714 2882 1784 quod
2915 1725 3250 1785 pervenerat.
3283 1715 3435 1784 Quod
3468 1729 3596 1787 puto

2019 1806 2397 1872 Ecclesiasten,
2441 1820 2508 1860 ne
2539 1805 2608 1861 de
2651 1805 2840 1860 alienis
2885 1817 3067 1861 nostra
3110 1806 3347 1862 fontibus
3377 1807 3592 1862 hauria-

2016 1913 2155 1962 tnns,
2188 1897 2239 1952 in
2267 1896 2535 1951 volumine
2563 1909 2663 1950 suo
2702 1895 2886 1951 dicere
2919 1913 2932 1951 :
2963 1893 3165 1966 Gyrans
3191 1896 3421 1966 gyrando
3460 1897 3594 1950 vadit

2015 1988 2242 2057 spiritus,
2272 1995 2318 2041 et
2344 1988 2395 2040 in
2425 1987 2640 2041 circulos
2667 2003 2785 2040 suos
2807 1987 3069 2040 revertitur
3084 1987 3291 2054 spiritus
3315 1984 3486 2057 (Eccl.
3517 1988 3592 2052 l),

2015 2094 2249 2134 annuum
2321 2079 2484 2150 622
2558 2077 2687 2133 solis
2728 2092 2944 2133 cursum
2965 2078 3376 2148 signiﬁcantem.
3398 2079 3594 2134 Eadem

2016 2169 2158 2225 enim
2189 2180 2485 2238 temporum
2517 2178 2630 2222 rota
2663 2169 2713 2222 in
2754 2177 2926 2224 semet
2949 2171 3254 2234 revertitur,
3289 2169 3500 2224 rediens
3528 2170 3594 2224 ad

2015 2276 2100 2328 ea,
2134 2261 2275 2314 unde
2299 2260 2567 2329 profectus
2595 2261 2786 2316 fuerat.

2087 2353 2174 2407 ll.
2216 2353 2407 2407 Sancta
2426 2368 2551 2407 vero
2577 2351 2920 2421 cmlestisque
2946 2351 3261 2407 sclemnitas
3290 2353 3468 2408 radios
3498 2368 3595 2408 no-

2015 2442 2095 2498 bis
2124 2443 2204 2497 sui
2248 2442 2550 2512 splendoris
2596 2443 2864 2507 rmittens,
2909 2442 3071 2498 nullis
3116 2444 3303 2513 spatiis
3335 2446 3593 2498 termina-

2017 2546 2103 2591 tur
2135 2553 2149 2590 :
2175 2550 2404 2604 cumque
2429 2543 2732 2590 Sanctorum
2763 2535 3076 2600 certamina,
3105 2545 3157 2587 et
3187 2535 3465 2603 praesentis
3490 2551 3595 2590 sa:-

2013 2629 2116 2684 ciili
2165 2628 2316 2681 labor
2367 2625 2526 2680 ﬁnem
2577 2625 2923 2694 acceperint,
2977 2625 3229 2679 succedet
3280 2634 3603 2698 perpetuum

2011 2719 2283 2790 gaudium,
2329 2728 2383 2774 et
2434 2730 2633 2772 aeterna
2675 2717 2954 2771 festivitas.
3012 2715 3166 2772 Unde
3219 2717 3440 2786 perfecti
3493 2718 3590 2772 viri

2011 2811 2218 2864 animas
2245 2823 2371 2864 suas
2405 2807 2472 2862 ab
2509 2808 2653 2861 omni
2703 2823 2949 2862 errorum
2993 2807 3219 2877 caligine
3258 2818 3592 2876 separantes,

2005 2902 2117 2972 jam
2146 2916 2287 2956 nunc
2325 2900 2456 2956 festa
2489 2899 2776 2954 decantauit
2805 2914 2822 2955 :
2851 2898 3174 2953 lntroeamus
3204 2908 3372 2968 portas
3399 2900 3508 2969 ejus
3542 2901 3593 2954 in

2009 2993 2342 3063 confessione,
2370 2991 2501 3044 atria
2525 2991 2638 3060 ejus
2664 2992 2714 3043 in
2743 2991 2941 3066 hymnis
2965 2987 3134 3061 (Psni.
3162 2990 3276 3059 94),
3301 2989 3596 3046 SaIVatoris

2009 3086 2293 3140 adventrum
2326 3084 2463 3140 laetis
2505 3084 2726 3139 vocibus
2775 3091 3148 3153 personantes.
3181 3083 3314 3139 Cum
3353 3085 3494 3138 enim
3541 3086 3591 3139 in

2009 3186 2123 3231 toto
2150 3177 2280 3232 orbe
2305 3185 2551 3246 regnaret
2579 3176 2800 3241 malitia,
2828 3184 2880 3229 et
2911 3173 3164 3230 tenebras
3193 3175 3442 3230 humanis
3467 3191 3594 3230 ocu-

2011 3268 2077 3322 lis
2098 3268 2371 3322 dazmones
2391 3266 2726 3330 oﬁ'udissent,
2769 3281 2942 3336 neque
2983 3275 3166 3336 posset
3191 3267 3270 3322 eis
3307 3267 3450 3323 ullus
3479 3269 3596 3337 opi-

2010 3357 2190 3422 tulari,
2216 3357 2366 3427 juxta
2391 3356 2518 3412 illud
2545 3358 2686 3428 quod
2709 3355 2969 3428 scriptum
2998 3365 3081 3412 est
3111 3374 3125 3411 :
3155 3357 3390 3427 Respexi,
3418 3368 3463 3411 et
3492 3375 3593 3413 non

2008 3458 2112 3502 erat
2151 3448 2238 3517 qui
2273 3447 2606 3502 auxiliaretur
2635 3461 2653 3500 :
2679 3446 3013 3511 considerari,
3055 3457 3100 3500 et
3129 3448 3297 3500 nullus
3322 3448 3409 3518 qui
3438 3449 3595 3501 susci-

2008 3550 2142 3610 peret
2173 3535 2342 3610 (Psol.
2378 3538 2491 3608 99),
2533 3547 2590 3593 ut
2637 3538 2796 3594 ﬁnem
2838 3538 3061 3593 haberet
3089 3539 3375 3608 aliquando
3402 3539 3589 3609 impic~

2010 3642 2112 3693 tas,
2145 3643 2199 3686 et
2229 3632 2595 3686 destrueretur
2623 3631 2939 3685 idololatria:
2987 3630 3363 3694 fraudulentia,
3408 3633 3595 3686 vivens

2009 3721 2199 3776 Sermo
2231 3721 2345 3788 Dei,
2377 3721 2506 3776 nihil
2548 3721 2616 3775 de
2659 3730 2844 3775 nostra
2876 3720 3184 3790 relinquens
3219 3719 3592 3785 similitudine,

2008 3813 2210 3882 absque
2236 3812 2352 3867 solo
2395 3823 2635 3882 peccato,
2685 3811 2826 3880 quod
2869 3811 3225 3866 substantiam
3267 3826 3373 3866 non
3413 3810 3594 3878 habet,

2009 3919 2149 3960 novo
2173 3903 2334 3958 modo
2358 3902 2424 3958 ad
2453 3918 2551 3958 nos
2576 3902 2759 3956 venire
2783 3902 3030 3971 dignatus
3059 3910 3163 3968 est,
3192 3910 3249 3956 ut
3278 3901 3428 3958 ﬁeret
3458 3903 3598 3957 ﬁlius

2011 3995 2244 4050 hominis
2271 3995 2370 4066 (ε),
2399 4004 2454 4050 et
2479 4001 2820 4065 permaneret
2858 3992 3025 4049 Filius
3066 3992 3182 4058 Dei,
3215 4001 3372 4048 natus
3400 3993 3597 4063 quippe

2009 4103 2074 4142 ex
2108 4087 2340 4158 Virgine,
2371 4087 2471 4141 hoc
2505 4094 2709 4140 tantum
2739 4084 2919 4140 stultis
2947 4084 3214 4141 mentibus
3241 4083 3591 4149 credebatur,

2008 4179 2149 4251 quod
2173 4179 2312 4235 oculi
2345 4177 2805 4234 demonstrabant.
2840 4177 2922 4233 Ex
2961 4177 3214 4248 operibus
3261 4193 3388 4232 vero
3429 4185 3482 4232 et
3524 4175 3600 4230 si-

2008 4287 2232 4343 gnorum
2275 4271 2640 4341 magnitudine
2675 4269 2817 4327 Deus
2860 4270 3146 4326 invisibilis
3175 4285 3206 4324 a
3248 4269 3598 4340 prudentibus

2008 4365 2347 4432 cernebatur,
2377 4379 2642 4436 quemque
2666 4363 2833 4421 facies
2860 4363 3134 4419 hominem
3170 4360 3593 4427 demonstrabat,

2009 4458 2153 4514 hunc
2192 4458 2419 4513 virtutes
2464 4455 2841 4527 signiﬁcabant
2889 4456 3091 4518 Deum,
3148 4453 3362 4510 servilis
3409 4452 3595 4508 format

2008 4551 2210 4604 vilitate
2233 4540 2565 4619 coopertum.
2589 4546 2904 4616 Quanquam
2953 4545 3095 4599 enim
3126 4543 3443 4598 tradiderint
3471 4558 3592 4597 eum

2007 4641 2198 4704 .Ittdzei,
2245 4648 2300 4694 et
2340 4636 2759 4706 cruciﬁgendum
2803 4635 3024 4690 vocibus
3075 4632 3250 4702 impiis
3294 4633 3596 4687 conclama-

2009 4733 2135 4792 rint,
2176 4728 2551 4784 iuterfectionc
2592 4725 2836 4796 corporis
2865 4724 2982 4794 ejus
3011 4723 3294 4778 Dominum
3338 4722 3592 4791 blaSphe-

2008 4829 2216 4876 mantes
2252 4839 2266 4874 :
2299 4819 2407 4872 imo
2446 4817 2720 4872 occisione
2775 4815 2956 4870 carnis
2990 4813 3275 4869 dominicm
3310 4815 3449 4868 servi
3492 4814 3592 4868 im-

2011 4909 2222 4979 pietatis
2244 4906 2442 4969 effecti,
2493 4915 2672 4962 tamen
2717 4904 2786 4962 ad
2827 4915 3055 4962 mortem
3100 4903 3394 4975 intrepidus
3434 4919 3592 4961 acce-

2008 5001 2161 5064 dens,
2182 5009 2239 5053 ut
2267 4999 2422 5054 nobis
2445 4997 2659 5053 virtutis
2687 4997 2956 5070 praeberet
2974 4996 3299 5068 exemplum,
3329 4997 3594 5054 Dominus

2007 5092 2188 5162 gloria:
2219 5090 2271 5145 iu
2303 5090 2418 5160 ipsa
2455 5089 2704 5156 passione
2743 5096 3071 5162 monstratu-5
3102 5097 3204 5154 est,
3247 5088 3593 5158 impassibilis

2008 5155 2299 5238 divinitatis
2324 5155 2663 5252 permanens
2694 5181 2994 5251 majestate,
3023 5155 3079 5234 8t
3112 5193 3274 5234 carne
3302 5155 3591 5247 passibilis,

2003 5276 2153 5346 juxta
2179 5274 2320 5330 beati
2348 5273 2494 5330 Petri
2519 5282 2764 5344 repertus
2789 5271 3086 5342 eloquium.
3126 5269 3195 5324 Et
3220 5268 3342 5323 ideo
3370 5281 3466 5337 pro
3490 5281 3593 5321 no-

2004 5367 2088 5424 bis
2116 5366 2342 5438 patiens,
2385 5379 2493 5421 non
2520 5364 2654 5436 fugit
2691 5371 2940 5430 mortem,
2983 5377 3052 5416 ne
3089 5373 3188 5414 nos
3215 5359 3408 5413 timore
3447 5369 3592 5411 mor-

2065 5501 2147 5567 (d)
2166 5501 2310 5567 Illud,
2332 5502 2430 5567 sive
2453 5499 2630 5567 tantum,
2655 5501 2705 5549 in
2730 5499 2946 5550 editione
2962 5494 3105 5567 B._l?.
3129 5491 3460 5567 desideratur:

2069 5549 2143 5628 ZE)’
2171 5549 2652 5628 Hitec'miserabilitér
2683 5549 3048 5628 acceptanerant
3067 5557 3121 5628 in
3137 5551 3473 5628 benedictio:

2003 5616 2141 5680 tione
2173 5627 2232 5675 ad
2257 5626 2386 5676 hunc
2407 5625 2627 5686 modum,
2641 5616 2851 5686 utﬁefet
2871 5617 3001 5682 ﬁlius
3020 5616 3591 5686 Ιιοῃιὺιίδκειςιρςιξωᾳῃξτ

2002 5671 2232 5753 eius
2492 5671 2561 5753 ξε
2581 5671 2783 5753 vagae.
2924 5690 3000 5753 εξ
3015 5676 3194 5753 signa»?
3215 5671 3591 5753 gensgens

2003 5736 2176 5817 posses
2193 5736 2494 5817 extundere.
2516 5736 2908 5817 Restiituitnttset‘
2921 5736 3109 5817 gl'gjff,
3120 5736 3506 5817 figﬁ‘1990m,
3531 5736 3592 5788 es

2005 5799 2234 5868 iratius:
2256 5799 2315 5865 Β.
2341 5809 2400 5862 Ρ.
2424 5819 2535 5874 quae
2557 5807 2753 5884 omnino
2770 5799 3100 5884 sensui
3120 5799 3417 5866 necessaria.
