4106 6340
479 446 551 503 tis
579 441 658 514 (a)
689 439 802 511 ejus
833 436 1154 510 proprietate
1179 431 1459 495 bellantes,
1498 426 1775 484 victoriam
1803 425 2056 497 perdere-

480 548 620 590 mus.
656 531 789 586 Nam
834 533 878 583 si
926 527 1184 582 timuisset
1226 538 1462 590 crucem,
1509 520 1773 577 contraria
1815 518 1899 573 his
1940 531 2059 586 quae

478 625 738 679 docuerat
799 634 994 690 gerens
1025 658 1038 681 ,
1081 617 1201 687 quis
1260 612 1644 684 discipulorum
1706 612 1824 681 ejus
1885 608 2058 663 libens

478 713 640 786 623
717 725 812 781 pro
853 709 1108 780 religione
1150 706 1478 778 pugnasset?
1523 703 1780 759 lrridetur
1807 702 1984 771 itaque
2029 713 2059 754 a

478 819 510 857 a
539 801 715 858 stultis
740 808 794 855 et
823 797 1130 861 incredulis,
1159 797 1248 866 qui
1287 795 1471 849 orbem
1504 803 1764 849 terrarum
1793 805 1903 844 sua:
1932 790 2062 844 sub-

475 895 606 966 jecit
636 893 779 958 ﬁdei,
822 899 876 946 et
919 889 1150 945 nominis
1192 887 1480 943 Christiani
1509 884 1709 940 sanctis
1738 883 1956 952 largitus
1983 887 2065 934 est

477 985 808 1055 dignitatem.
835 981 1077 1050 Cumque
1107 978 1414 1050 magnitudo
1443 977 1693 1032 virtutum
1733 974 1849 1045 ejus
1872 973 2063 1037 omni-

479 1075 578 1129 bus
605 1072 862 1128 enitescat
888 1069 980 1143 [aL
1011 1066 1244 1140 clareat],
1274 1066 1647 1138 blasphemare
1682 1080 1787 1120 non
1828 1071 2061 1120 cessant.

479 1167 573 1221 Ille
609 1179 737 1219 vero
764 1163 854 1234 qui
899 1160 1150 1217 irridetur
1178 1161 1343 1227 Deus,
1376 1159 1629 1230 operibus
1669 1157 2064 1213 demonstratus

478 1265 582 1323 est,
610 1265 668 1311 ut
706 1256 1008 1310 dtemonum
1039 1252 1236 1322 templa
1265 1250 1624 1317 subverteret,
1654 1259 1706 1304 ut
1736 1247 2064 1318 Origenista-

479 1363 598 1402 rum
639 1347 960 1416 impietatem
1005 1351 1254 1412 argueret
1289 1340 1627 1410 versipellem
1659 1357 1672 1394 :
1706 1354 1931 1410 quorum
1972 1353 2069 1391 au-

481 1447 598 1494 ctor
621 1437 896 1506 Origenes,
928 1435 996 1489 ita
1040 1448 1198 1488 aures
1237 1432 1556 1502 simplicium
1590 1440 1648 1486 et
1682 1430 1940 1485 leviorum
1971 1442 2066 1483 sua

481 1529 830 1600 persuasione
857 1524 1087 1595 decepit,
1118 1533 1178 1578 ut
1215 1523 1396 1578 solent
1434 1523 1487 1576 in
1522 1522 1698 1576 littora
1734 1536 1800 1575 ex
1837 1520 1948 1575 alto
1971 1534 2066 1574 ve-

484 1623 693 1678 nientes
737 1619 866 1676 illidi
904 1618 1168 1690 gurgites,
1213 1624 1269 1672 ct
1312 1618 1364 1670 iu
1406 1623 1580 1671 semet
1620 1613 1889 1684 spumanti
1926 1613 2070 1668 mole

483 1713 766 1782 conﬁingi

532 1804 644 1858 12.
687 1803 792 1858 Nos
842 1817 972 1870 ergo
1017 1800 1084 1855 ad
1129 1814 1275 1866 eum,
1330 1799 1419 1869 qui
1468 1813 1633 1853 ausus
1682 1806 1765 1853 est
1809 1797 2064 1860 scribere,

486 1895 637 1950 ruina
677 1893 1069 1949 rationabilium
1097 1902 1462 1946 creaturarum
1493 1904 1615 1944 esse
1645 1904 1869 1958 corpora
1910 1889 2069 1943 labri-

486 1999 626 2054 cata,
655 1987 769 2042 zelo
808 1985 930 2040 ﬁdei
961 1984 1212 2040 concitati
1242 1983 1529 2054 loquamur
1559 1999 1574 2036 :
1604 1982 1660 2038 Si
1697 1983 1789 2036 tibi
1819 1981 2067 2051 hujusce-

487 2081 630 2137 moli
681 2079 926 2150 impietas
970 2078 1166 2148 placet,
1222 2077 1491 2146 quomodo
1541 2074 1735 2130 Paulus
1782 2073 2068 2144 Apostolus

489 2171 674 2226 scribit
721 2188 734 2224 :
785 2169 912 2224 Volo
960 2166 1366 2222 adolescentulos
1391 2165 1594 2230 nubere,
1627 2166 1762 2234 ﬁlios
1811 2180 2071 2235 procreare

489 2262 646 2334 (Tim.
681 2260 1006 2333 5)?‘Utrum
1055 2260 1256 2315 idcirco
1305 2258 1560 2328 praecepit
1611 2261 1847 2326 nuptias,
1901 2265 1959 2312 ut
2001 2272 2067 2311 ex

488 2353 802 2410 mulieribus
829 2352 1099 2407 nascentia
1126 2365 1375 2420 corpora,
1402 2349 1682 2404 ruentibus
1705 2348 1771 2403 de
1799 2347 1938 2403 caelo
1957 2348 2068 2400 An-

486 2445 643 2514 gelis,
675 2453 729 2498 et
767 2443 938 2498 versis
960 2443 1111 2512 juxta
1143 2449 1195 2496 te
1225 2441 1277 2495 in
1308 2440 1534 2506 animas,
1575 2453 1822 2494 carceres
1865 2452 2070 2509 prmpa-

487 2544 670 2590 rarent
695 2531 787 2606 [aL
820 2529 1194 2604 prwpararet]?
1223 2533 1304 2584 An
1346 2538 1404 2584 ut
1433 2529 1486 2584 in
1511 2527 1887 2598 conjunctione
1912 2527 2072 2580 mari-

491 2626 581 2681 tali
626 2625 718 2680 Dei
767 2625 1045 2679 sententiae
1101 2624 1380 2687 serviens,
1437 2629 1720 2676 conservet
1776 2620 2070 2673 humanum

488 2718 698 2790 genus?
725 2717 780 2772 Si
810 2717 953 2770 enim
997 2716 1109 2769 vult
1143 2713 1571 2768 adolescentulas
1598 2709 1822 2773 nubere,
1850 2719 1906 2765 et
1935 2709 2072 2764 ﬁlios

491 2824 798 2882 procreare,
849 2823 946 2878 per
992 2819 1126 2876 quas
1173 2812 1468 2858 nascuntur
1510 2816 1736 2872 corpora
1793 2800 2065 2854 humana:

488 2899 806 2971 corporibus
832 2905 1012 2952 autem
1045 2905 1261 2965 propter
1288 2907 1472 2963 poenas
1511 2901 1671 2961 atque
1697 2889 1952 2960 supplicia
1989 2905 2075 2944 cr-

490 3005 672 3049 rantes
702 2993 898 3046 anima:
931 2990 1208 3053 uniuntur,
1243 2986 1370 3041 nulli
1413 2985 1655 3051 dubium,
1685 2986 1811 3055 quin
1858 2994 2074 3054 prepter

490 3100 676 3156 paruas
705 3085 1027 3148 animarum,
1058 3090 1112 3135 et
1153 3093 1258 3133 non
1293 3087 1507 3147 propter
1536 3076 1900 3146 generationis
1927 3077 2074 3130 ordi-

493 3195 615 3233 nem
663 3176 966 3246 nuptiarum
1017 3169 1432 3227 adolescentulis
1485 3167 1698 3222 vincula
1751 3167 2070 3222 tribuantur.

451 3318 456 3322 .
493 3270 691 3324 Verum
731 3267 890 3332 absit,
924 3273 985 3320 ut
1025 3265 1094 3318 ita
1124 3277 1244 3317 esse
1270 3259 1575 3325 credamus,
1617 3268 1671 3314 et
1716 3258 1916 3322 mariti,
1945 3273 2077 3312 uxo-

493 3362 674 3432 risque
716 3357 918 3414 {tndem
956 3369 1060 3410 non
1089 3353 1157 3408 ob
1183 3351 1633 3413 benedictionem,
1674 3348 1770 3404 sed
1801 3348 1869 3404 ob
1891 3363 2079 3418 pecca-

497 3465 606 3508 tum
639 3451 823 3521 juncta
855 3448 1157 3504 credamus.
1188 3445 1297 3500 Nec
1327 3443 1492 3498 Adam
1530 3454 1584 3497 et
1610 3443 1772 3496 Evam
1810 3443 2078 3512 plasmans

496 3545 657 3607 Deus,
687 3548 905 3611 propter
930 3538 1139 3592 animas
1185 3535 1251 3590 de
1290 3534 1426 3589 cazlo
1473 3541 1689 3587 ruentes
1718 3542 1772 3586 et
1811 3532 1983 3602 lapsas
2015 3530 2076 3604 [Γ.

496 3630 688 3703 lapsus]
734 3628 1132 3686 rationabilium
1177 3635 1543 3680 creaturarum
1587 3622 1960 3678 benedictione
2002 3623 2108 3695 (b)'

496 3722 720 3778 sociavit
749 3739 760 3774 :
789 3720 1009 3776 Crescite
1030 3726 1076 3771 et
1104 3715 1534 3785 multiplicamini,
1567 3714 1771 3777 dicens,
1810 3723 1856 3767 et
1895 3715 2083 3784 replete

497 3825 680 3868 terram
707 3811 856 3884 (Gen.
883 3813 930 3866 1.
956 3809 1072 3878 28).
1103 3807 1160 3864 Si
1198 3808 1340 3862 enim
1365 3814 1582 3876 propter
1609 3814 1824 3875 peccata
1852 3804 1904 3859 in
1933 3805 2082 3860 caelis

496 3903 854 3976 prmcedentia
880 3902 945 3958 ad
983 3910 1154 3956 terras
1188 3901 1366 3954 missae
1391 3907 1518 3953 sunt
1554 3898 1768 3963 animm,
1811 3905 1868 3952 ut
1893 3912 2083 3966 corpo-

498 3995 646 4051 ribus
676 3996 987 4066 ligarentur,
1029 3991 1287 4047 mentitur
1313 3990 1511 4045 Paulus
1532 3989 1774 4044 scribens
1799 4007 1811 4042 :
1844 3987 2080 4042 Honora-

499 4088 621 4142 biles
650 4088 861 4156 nuptiaz,
909 4093 956 4139 et
1003 4083 1169 4136 cubile
1211 4081 1596 4135 immaculatum
1630 4078 1786 4150 (Heb.
1833 4079 1948 4147 12).
1977 4079 2081 4135 Sed

500 4193 834 4248 nequaquam
864 4175 956 4230 ille
984 4173 1261 4230 mentitur.
1301 4173 1464 4242 Igitur
1493 4186 1599 4226 non
1625 4181 1845 4241 propter
1874 4173 2082 4227 ruinam

500 4271 822 4331 animarum,
851 4281 1075 4336 corpora
1101 4264 1426 4319 fabricantur
1454 4280 1468 4317 :
1495 4262 1590 4316 sed
1623 4271 1680 4316 ut
1705 4262 1934 4316 mundus
1967 4277 2088 4317 suco

500 4360 743 4415 cessione
787 4357 1142 4423 nascentium,
1177 4354 1521 4409 morientium
1554 4353 1745 4407 damna
1775 4361 2088 4423 compenset

502 4447 1002 4524 [al.compensaret],
1048 4456 1104 4503 ct
1153 4446 1466 4502 brevitatem
1520 4443 1767 4498 humanm
1813 4443 1936 4499 vitae
1965 4446 2085 4497 vin-

502 4552 588 4599 cat
639 4542 979 4598 successione
1049 4538 1215 4612 624
1284 4545 1562 4609 perpetua.
1589 4536 1725 4592 Nam
1771 4537 1816 4592 si
1870 4546 2088 4591 ruentes

503 4632 805 4703 junctaeque
828 4630 1144 4701 corporibus
1184 4630 1574 4684 benedicuntur
1607 4643 1638 4682 a
1681 4627 1810 4693 Deo,
1850 4627 2088 4681 melioris

508 4720 829 4775 conditionis
857 4728 1033 4784 erunt,
1061 4727 1340 4789 postquam
1367 4733 1589 4788 corpora
1616 4730 1963 4787 susceperunt
1992 4715 2086 4787 [ιιι.

509 4809 838 4882 susceperint]
871 4829 882 4864 :
911 4811 1052 4882 quod
1080 4811 1124 4864 si
1148 4811 1344 4864 idcirco
1371 4809 1438 4880 (ε)
1472 4809 1745 4873 dicuntur,
1775 4818 1832 4863 ut
1857 4810 1906 4863 in
1932 4809 2089 4862 ultio—

512 4919 634 4961 ncm
667 4910 1026 4972 peccatorum,
1048 4915 1276 4970 corpora
1303 4900 1588 4970 accipiant,
1612 4899 1881 4970 quomodo
1921 4900 2084 4955 benev

582 5032 645 5100 (a)
669 5032 812 5092 Illud,
837 5033 1141 5100 proprietate,
1153 5035 1194 5082 si
1218 5033 1359 5100 modo
1374 5031 1509 5082 locus
1525 5045 1670 5082 sanus
1689 5040 1781 5092 est,
1808 5043 2091 5100 usurpatum

519 5093 740 5160 puiainus
754 5093 1202 5160 pro'singulaitate,
1228 5093 1383 5160 Graec.
1408 5107 1488 5144 κατ’
1510 5102 1608 5144 tam»;
1627 5119 1639 5149 ς
1655 5093 2092 5160 (ιιιειῐιςιιτιηίιιιιιιο

518 5154 736 5209 auctore.
757 5154 898 5214 Quod
923 5154 963 5204 Si
987 5154 1277 5214 conjectura:
1299 5154 1434 5204 locus
1457 5161 1553 5213 est,
1576 5154 1815 5215 suspicari
1836 5157 1988 5216 possis
2013 5155 2086 5205 le-

519 5218 734 5282 gendum
753 5216 943 5282 duobus
963 5217 1145 5282 verbis,
1161 5228 1252 5278 pro
1265 5217 1454 5282 pietate,
1472 5216 1520 5264 in
1536 5228 1684 5279 quem
1707 5229 1904 5265 sensum
1929 5217 2093 5266 denuo

517 5274 682 5330 subdit
709 5276 853 5341 aquis
875 5274 1228 5341 discipulorum
1243 5274 1347 5335 ejus
1370 5274 1528 5327 tibm-
1544 5274 1659 5326 PRO
1682 5284 1991 5341 RELIGIQA’E
2008 5292 2095 5341 pu-

518 5348 710 5407 gnasset
728 5336 867 5399 ἔνοιιὶ
888 5336 1094 5389 meliora
1117 5336 1351 5402 proferet,
1364 5350 1588 5401 magnam
1611 5351 1639 5386 a
1662 5340 1802 5389 nobis
1823 5339 1966 5389 inibit
1981 5336 2096 5404 gra-

517 5408 650 5456 tiam.
1634 5420 1642 5430 ι

607 5466 652 5524 ο)
689 5464 745 5514 In
765 5463 826 5514 B.
851 5463 912 5514 P.
934 5460 1116 5523 legitur
1138 5457 1468 5524 Bmedidione
1489 5459 1702 5524 uocabit,_
1712 5474 1799 5524 pro
1820 5461 2033 5514 sociavit.

606 5521 649 5587 οἱ
686 5527 762 5576 Ita
793 5526 946 5575 habet
963 5521 1284 5587 lieuedictina
1315 5521 1486 5587 editio,
1529 5529 1582 5587 et
1603 5522 1664 5572 ita
1689 5521 1873 5587 legitur
1897 5537 2095 5587 quoque

517 5591 572 5639 in
591 5583 653 5639 ΒΖ
677 5588 738 5638 Ρ.
762 5587 938 5638 vitiose
959 5588 1172 5645 omnino,
1194 5585 1236 5634 si
1260 5583 1401 5645 modo
1423 5583 1704 5645 mendosam
1726 5583 2028 5644 scripturam
2038 5587 2100 5634 ab

521 5650 714 5713 integra
730 5643 1180 5713 sciumsseponere.
1193 5645 1319 5697 Olim
1331 5643 1994 5713 legendumsuspieabamur,
2016 5645 2099 5696 be-

519 5704 839 5769 nedii‘zmtia',
884 5704 1012 5773 quo'd
1049 5709 1249 5773 minime
1268 5704 1413 5773 nunc
1446 5707 1684 5773 probatur
1697 5704 1842 5773 ,‘__imo
1879 5704 2098 5758 labuntur

525 5765 892 5822 rescribendum
902 5765 1028 5823 'esse
1049 5771 1390 5824 constituimus
1413 5765 1477 5822 ei
1499 5765 1760 5832 Theophili
1784 5773 1971 5819 mente.

1770 311 2010 402 SANCTI
2048 309 2426 367 lll'ERONYMI

3637 319 3754 380 82$

2168 423 2415 479 dicuntur
2445 422 2497 478 in
2527 424 2859 495 corporibus,
2887 424 2938 480 in
2966 441 3086 496 qua:
3106 427 3174 482 ob
3199 413 3414 497 peccata
3439 438 3744 490 venerunt?

2167 514 2210 568 E
2233 513 2439 570 duobus
2461 515 2604 570 enim
2642 516 2867 573 alterum
2889 516 2993 574 erit
3020 536 3034 573 :
3062 528 3156 574 aut-
3180 529 3305 575 ante
3331 523 3541 576 ruinam
3580 523 3746 582 fuisse

2167 620 2260 659 eas
2284 606 2337 660 in
2365 603 2447 676 (d)
2471 605 2863 672 benedictione,
2895 618 2986 664 aut
3009 620 3130 680 post
3154 613 3366 667 ruinam
3389 613 3601 684 junctas
3627 632 3748 672 cor-
3785 587 3796 599 .

2169 697 2390 767 poribus
2433 713 2768 770 nequaquam
2814 716 2973 772 posse
3013 703 3274 759 benedici.
3319 705 3377 760 Si
3415 707 3557 762 enim
3601 709 3746 764 illam

2169 787 2331 841 vitam
2365 786 2668 844 benedictio
2687 791 2950 860 sequitur,
2978 792 3135 847 istam
3160 793 3357 850 deserit
3386 812 3400 849 :
3426 797 3470 851 si
3500 798 3566 852 ad
3592 799 3746 855 istam

2171 877 2516 944 transfertur,
2551 881 2604 934 in
2645 879 2736 936 illa
2776 897 2884 936 non
2921 882 3087 939 fuisse
3119 887 3475 942 convincitur.
3513 889 3664 955 Quod
3705 893 3749 946 si

2169 979 2224 1025 et
2248 981 2531 1042 antequam
2576 983 2818 1041 ruerent,
2863 975 3201 1047 necdumque
3238 978 3486 1034 humanis
3519 983 3754 1050 corpori-

2169 1063 2275 1121 bus
2302 1065 2649 1132 vestirentur,
2683 1067 2898 1123 luerunt
2920 1069 2972 1123 in
2999 1069 3391 1138 benedictione,
3420 1081 3474 1128 et
3511 1085 3748 1142 ruentes,

2172 1155 2536 1227 trahentesque
2564 1173 2812 1228 corpora,
2841 1176 3028 1216 rursus
3057 1161 3352 1217 benedictae
3385 1174 3531 1228 sunt,
3563 1167 3754 1223 similis

2171 1246 2444 1314 eritjuxta
2482 1248 2874 1305 benedictionis
2917 1252 3276 1309 conditionem
3323 1263 3378 1310 et
3426 1258 3576 1325 prior
3619 1259 3749 1323 vita,

2171 1345 2220 1390 et
2250 1337 2520 1406 posterior
2553 1357 2566 1394 :
2595 1340 2738 1410 quod
2769 1356 3104 1412 nequaquam
3126 1359 3465 1415 consequens
3485 1358 3586 1412 est,
3631 1349 3749 1419 quia

2173 1430 2500 1497 peccatrices
2529 1434 2813 1502 supplicia,
2855 1450 2961 1489 non
2999 1446 3284 1505 peccantes
3329 1439 3751 1497 benedictionem

2173 1532 2464 1575 merentur.
2504 1523 2767 1593 Quidquid
2791 1541 2822 1581 e
2843 1524 3053 1582 duobus
3083 1543 3268 1584 verum
3308 1546 3428 1586 esse
3462 1537 3754 1602 responde-

2172 1609 2297 1674 rint,
2324 1611 2452 1666 vitio
2488 1614 2783 1683 subjacebit
2810 1635 2825 1672 :
2852 1617 2980 1672 dum
3007 1619 3097 1673 isti
3135 1620 3321 1676 nolunt
3359 1621 3452 1693 [al.
3499 1625 3749 1696 nolentes]

2171 1700 2546 1757 ecclesiastica:
2571 1704 2827 1761 doetrinae
2854 1709 3093 1778 regulam
3132 1712 3422 1768 custodire.
3451 1713 3576 1769 Sive
3611 1717 3752 1770 enim

2174 1802 2389 1860 propter
2431 1806 2645 1864 peccata
2689 1798 2757 1853 de
2801 1801 2943 1854 celo
2985 1803 3178 1857 anima:
3228 1815 3541 1861 corruentes
3589 1805 3757 1863 instar

2171 1885 2400 1938 carceris
2427 1895 2484 1941 et
2526 1897 2834 1944 catenarum
2874 1893 3185 1961 corporibus
3228 1893 3441 1965 illigata:
3480 1906 3622 1965 sunt,
3666 1915 3754 1952 re-

2172 1974 2492 2042 spondeam,
2520 1979 2790 2048 quomodo
2834 1981 3000 2035 Adam
3033 1991 3087 2038 et
3126 1984 3256 2050 Eva,
3293 1987 3561 2040 masculus
3589 1997 3642 2042 et
3681 1989 3755 2043 le-

2173 2065 2338 2130 mina,
2371 2065 2614 2124 viventes
2653 2071 2703 2123 in
2735 2073 3050 2141 corporibus
3087 2074 3350 2130 benedicti
3383 2078 3548 2131 sunt?
3573 2078 3754 2149 Neque

2173 2159 2314 2212 cutim
2355 2163 2507 2229 juxta
2546 2161 2894 2218 deliramenta
2940 2181 3125 2219 eorum
3171 2167 3327 2221 nuda:
3364 2169 3557 2224 anima:
3589 2171 3668 2224 vir
3702 2181 3755 2224 et

2172 2250 2365 2304 mulier
2383 2252 2738 2321 appellantur,
2797 2254 2890 2308 sed
2915 2270 3139 2324 corpora
3182 2273 3302 2326 qum
3334 2275 3518 2313 sexum
3553 2269 3758 2314 ulrum-
3826 2299 3834 2305 -

2173 2355 2277 2409 que
2315 2341 2664 2410 distinguunt.
2711 2343 2834 2399 Sive
2863 2343 2956 2417 [aL
3007 2345 3068 2400 Si
3106 2346 3241 2419 vero]
3285 2357 3408 2404 ante
3441 2365 3665 2420 corpora
3702 2353 3753 2406 in

2174 2431 2482 2488 ctelcstihus
2509 2437 2873 2503 morabantur,
2901 2445 2955 2491 et
2977 2438 3127 2493 beata
3155 2439 3233 2494 eis
3263 2445 3387 2495 tunc
3406 2449 3540 2508 erat,
3568 2443 3756 2514 digna-

2175 2539 2280 2593 que
2323 2525 2699 2582 benedictione
2742 2529 2944 2599 absque
2995 2533 3314 2601 corporibus
3358 2518 3695 2590 converSatio
3735 2551 3752 2592 :

2175 2631 2277 2684 qua
2306 2616 2514 2673 ratione
2539 2627 2630 2672 aut
2659 2620 2967 2690 priusquam
3002 2632 3238 2688 ruerent,
3271 2624 3564 2697 benedicta:
3607 2637 3754 2692 sunt,

2175 2717 2265 2760 aut
2289 2717 2568 2777 postquam
2596 2722 2937 2776 corruerunt,
2970 2724 3024 2767 et
3048 2713 3099 2767 in
3131 2728 3341 2783 pinnam
3367 2715 3540 2769 ruina:
3559 2717 3756 2771 craSsis

2176 2799 2492 2866 Corporibus
2533 2801 2796 2869 copulata:
2838 2809 2986 2867 sunt,
3018 2819 3208 2858 rursus
3252 2805 3622 2861 benedictione
3658 2807 3756 2860 do-

2178 2891 2409 2943 nantnr?
2429 2891 2610 2961 Neque
2631 2893 2772 2947 enim
2789 2894 3016 2963 idipsum
3039 2903 3120 2949 est
3147 2896 3448 2952 benedictio
3463 2907 3623 2968 atque
3637 2913 3760 2968 sup-

2181 2981 2416 3051 plicium,
2435 2998 2552 3052 qua:
2573 2991 2625 3037 et
2647 2983 2974 3050 nominibus,
2995 2995 3049 3041 et
3065 2988 3312 3057 operibus
3339 2989 3522 3056 procul
3541 2989 3756 3044 distant:

2180 3090 2276 3128 nee
2303 3075 2664 3144 possuut'ullo
2715 3077 2874 3133 modo
2921 3079 3064 3134 inter
3102 3093 3160 3134 se
3189 3081 3406 3144 sociari,
3441 3096 3572 3149 quas
3617 3091 3757 3136 tanta

2179 3165 2369 3219 dividit
2396 3167 2764 3236 repugnantia.
2803 3167 3083 3234 Quomodo
3112 3176 3288 3224 autem
3313 3179 3369 3224 et
3395 3169 3552 3238 justis
3581 3171 3758 3224 multi-

2183 3257 2310 3310 tudo
2339 3256 2631 3312 liberorum
2673 3273 2770 3327 pro
2808 3260 3181 3316 benedictione
3217 3262 3588 3330 promittitur?
3629 3261 3761 3315 Pro-

2183 3350 2340 3418 plzeta
2373 3349 2584 3404 dicente
2613 3368 2626 3404 :
2663 3349 2764 3415 Qui
2792 3351 3028 3405 minimus
3055 3360 3148 3418 est,
3180 3352 3274 3406 erit
3297 3352 3349 3406 in
3373 3352 3576 3407 millia:
3601 3361 3646 3406 et
3679 3353 3761 3421 qui

2183 3441 2500 3503 novissimus,
2528 3443 2580 3494 in
2610 3451 2806 3511 gentem
2832 3459 3086 3515 magnam.

2256 3533 2343 3588 13.
2388 3533 2526 3602 Ergo
2566 3542 2620 3588 et
2656 3535 2742 3604 qui
2789 3537 2974 3591 volunt
3019 3538 3228 3591 Domini
3282 3537 3416 3593 festa
3468 3538 3759 3601 celebrare,

2183 3625 2429 3695 Origenis
2459 3626 2742 3682 simulacra
2772 3639 3141 3696 contemnant,
3170 3639 3224 3686 et
3264 3631 3643 3700 turpitudinem
3671 3631 3766 3683 do-

2183 3727 2422 3786 gmatum
2451 3717 2590 3774 illius
2617 3723 2829 3776 ratione
2850 3731 3130 3792 superent.
3159 3721 3308 3777 Sicut
3339 3708 3482 3777 enim
3514 3723 3766 3776 Ethnieo-

2186 3827 2304 3864 rum
2377 3811 2540 3884 625
2615 3813 2916 3884 impiissimi
2945 3829 3186 3870 errorem
3231 3823 3287 3869 et
3327 3814 3766 3869 consuetudinem

2190 3899 2485 3969 prieferunt
2515 3903 2746 3971 veritati,
2776 3903 3101 3961 fabricantes
3131 3906 3182 3959 in
3219 3905 3494 3960 hominum
3522 3906 3770 3960 similitu-

2187 3994 2364 4048 dinem
2424 3993 2584 4063 idula,
2635 4003 2689 4050 et
2732 3996 3054 4051 invisibilem
3092 3996 3530 4066 blasphemantcs
3577 3996 3765 4060 Deum,

2188 4085 2315 4140 dum
2346 4085 2568 4140 formam
2599 4095 2652 4140 et
2690 4087 2927 4140 membra
2969 4096 3024 4141 et
3067 4065 3265 4157 organa
3300 4065 3554 4156 genitalia
3605 4087 3655 4140 in
3699 4086 3768 4155 (ε)

2190 4177 2268 4230 cis
2317 4190 2437 4231 esse
2481 4176 2798 4246 conﬁngunt
2838 4195 2851 4230 :
2891 4191 3034 4231 nunc
3081 4178 3276 4242 virum,
3333 4191 3475 4230 nunc
3516 4175 3769 4230 fen‘iinam

2190 4267 2532 4333 confitcntes,
2575 4279 2628 4322 ct
2654 4276 2968 4321 nudaverant
2994 4268 3210 4339 gloriam
3244 4267 3640 4337 ineorrnptibilis
3679 4265 3772 4319 Dei

2190 4363 2242 4416 in
2270 4363 2650 4416 similitudinem
2675 4362 2913 4432 imaginis
2953 4361 3296 4433 corruptibilis
3339 4360 3557 4414 hominis
3593 4358 3767 4429 (Rom.

2195 4455 2244 4507 1.
2271 4451 2383 4524 25),
2418 4453 2794 4522 variarumque
2822 4451 3116 4507 formarum
3147 4469 3161 4506 :
3195 4453 3264 4506 ita
3303 4451 3563 4520 Origenes
3603 4451 3772 4504 facili-

2197 4553 2302 4598 tate
2331 4553 2385 4598 et
2426 4544 2701 4613 impietate
2751 4543 3105 4610 credentium,
3147 4543 3298 4613 quasi
3339 4542 3562 4597 delubra
3603 4541 3773 4596 idolo-

2195 4651 2334 4701 rum,
2366 4644 2687 4689 tractatuum
2735 4649 2956 4689 suorum
3006 4634 3353 4689 monimentis
3381 4632 3618 4694 demisit,
3659 4647 3775 4701 quae

2196 4744 2292 4782 nos
2322 4728 2641 4782 auctoritate
2681 4728 3101 4797 Scriptumrnm,
3144 4735 3198 4780 et
3238 4725 3358 4779 zelo
3387 4724 3509 4779 ﬁdei
3549 4723 3772 4778 subver-

2197 4831 2388 4888 tentes,
2422 4827 2634 4874 utamur
2661 4819 2747 4873 illa
2779 4817 3126 4872 similitudine
3155 4834 3168 4870 :
3199 4815 3268 4871 Ut
3302 4817 3502 4870 etenim
3533 4829 3770 4868 cmmen-

2199 4915 2316 4967 tarii
2359 4911 2617 4982 quadram
2663 4911 2907 4964 volentes
2951 4909 3217 4964 mdilicare
3256 4907 3494 4970 domum,
3539 4904 3775 4982 aequales

2197 5021 2261 5061 ex
2293 5004 2435 5058 omni
2463 5014 2611 5071 parte
2637 5001 2866 5072 parietes
2903 5000 3217 5065 metiuntur,
3251 5012 3452 5066 eosque
3491 4969 3780 5050 noru‘ct

2197 5095 2577 5166 perpendiculo
2623 5091 2940 5163 dirigentes,
2989 5090 3130 5160 quod
3183 5090 3364 5142 animo
3409 5087 3778 5158 depinxerint,

2199 5203 2360 5258 opere
2391 5193 2672 5241 exstruunt
2708 5199 2720 5236 :
2751 5191 2804 5236 et
2831 5180 3070 5251 ejusdem
3097 5195 3364 5236 Inensurm
3399 5195 3495 5248 per
3521 5178 3776 5247 quadrum

2200 5280 2365 5335 latera
2394 5285 2619 5348 quatuor
2650 5274 2882 5343 jungunt
2917 5271 3126 5342 angulis
3169 5285 3381 5325 sursum
3411 5284 3474 5323 ac
3501 5267 3778 5332 deorsum,

2201 5381 2430 5441 emptam
2473 5369 2852 5439 atqualitatem,
2894 5365 3256 5435 paulatimque
3302 5365 3635 5417 incrementa
3673 5374 3788 5412 ser-

2203 5472 2410 5527 vantes,
2452 5469 2508 5515 ut
2551 5460 2788 5516 materia:
2830 5458 3196 5514 diversitatem
3231 5455 3422 5526 jungat
3455 5454 3636 5524 operis
3675 5451 3783 5522 pul-

2289 5639 2343 5701 d)
2377 5636 2610 5687 Voculam
2632 5638 2681 5688 in
2703 5635 3037 5700 supplevimus
3061 5647 3122 5701 ex
3148 5631 3445 5701 conjectura.

2289 5642 2343 5701 d)
2377 5642 2610 5687 Voculam
2632 5642 2681 5688 in
2703 5642 3037 5700 supplevimus
3061 5647 3122 5684 ex
3148 5642 3445 5692 conjectura.

2267 5642 2332 5767 ie)
2373 5702 2431 5751 B.
2457 5701 2527 5767 Γ,
2552 5700 2603 5749 in
2639 5712 2694 5767 eo
2727 5712 2829 5767 esse
2853 5702 2960 5767 ;‘et
2992 5695 3133 5760 paulo
3160 5693 3279 5743 infra
3304 5688 3590 5742 vocabulum
3615 5686 3716 5740 zelo
3737 5699 3791 5738 tn

2213 5760 2384 5817 eadem
2411 5762 2626 5814 editione
2648 5760 2972 5812 desideratur.
