4106 6340
1083 245 1109 255 Α

345 261 451 320 825

343 374 613 442 chritudo,
641 383 696 432 et
719 372 1001 446 angulares
1024 371 1195 429 lineas
1217 371 1408 429 artifex
1435 379 1698 426 structura
1731 381 1918 427 custo-

342 467 454 523 diat
484 485 502 521 :
529 465 610 522 sic
651 466 908 522 Ecclesiae
935 473 1292 536 praeceptores
1320 463 1579 520 habentes
1620 463 1918 518 testimonia

269 582 272 589 ’
339 561 754 631 Scripturarum,
798 560 948 613 lirma
995 556 1256 612 doctrinae
1302 555 1502 612 faciunt
1547 555 1914 623 fundamenta,

340 661 392 707 et
423 650 672 720 intrepidi
699 656 1035 722 permanent,
1065 646 1354 702 oﬂ'erentes
1377 662 1538 717 opera
1563 661 1655 700 sua
1677 645 1913 710 Christo,

334 729 772 812 atque‘dicentes
803 758 816 794 :
846 739 1104 808 Conﬁrma
1142 754 1221 792 me
1247 737 1300 792 in
1329 738 1488 792 verbis
1511 737 1609 791 tuis
1641 735 1758 810 (Ps.
1792 737 1912 790 118.

331 835 445 905 28).
472 833 589 903 Ipse
609 835 775 899 enim,
809 833 876 888 de
914 847 1020 902 quo
1047 832 1304 901 scriptum
1336 840 1419 884 est
1447 847 1462 884 :
1492 827 1738 897 Lapidem
1768 844 1912 897 quem

330 925 727 995 reprobaverunt
754 923 1084 992 a’diﬁcantes,
1120 923 1203 976 hic
1242 923 1408 994 factus
1445 931 1516 974 est
1555 921 1607 973 in
1644 929 1796 988 caput
1821 935 1913 971 au-

330 1018 438 1088 gufi
465 1015 680 1088 (Matth.
712 1014 828 1087 21),
874 1031 970 1070 nos
1018 1024 1072 1070 et
1102 1029 1195 1068 eos
1235 1014 1322 1083 qui
1367 1026 1578 1066 sursum
1621 1018 1764 1074 sunt,
1806 1025 1908 1063 una

328 1107 668 1164 solemnitate
697 1106 771 1180 (a)
799 1106 1095 1172 consociat,
1127 1105 1193 1159 ad
1226 1119 1382 1174 quam
1425 1103 1517 1175 [al.
1552 1101 1719 1174 quem]
1747 1117 1906 1156 cursu

326 1199 488 1254 celeri
533 1198 864 1266 navigantes,
897 1197 1099 1252 rabiem
1143 1206 1330 1250 contra
1383 1211 1481 1249 nos
1531 1194 1906 1248 ltazreticorum

326 1291 581 1344 ﬂuctuum
634 1289 890 1344 velociter
944 1287 1387 1354 dissolvendam,
1445 1287 1665 1340 minime
1718 1284 1906 1339 formi-

323 1382 529 1436 demus.

395 1473 481 1528 14.
522 1471 671 1528 Sicut
707 1471 848 1526 enim
879 1470 1267 1542 gubernatores
1308 1482 1622 1538 magnarum
1663 1465 1898 1528 navium,

321 1579 442 1617 eum
486 1562 714 1617 viderint
759 1562 1079 1616 immensum
1121 1577 1187 1616 ex
1233 1561 1346 1614 alto
1386 1560 1572 1613 venire
1613 1557 1894 1627 gurgitem,

239 1691 244 1697 .
319 1653 472 1723 quasi
513 1664 794 1707 venatores
838 1650 1227 1706 ferocissimam
1275 1649 1536 1714 bestiam,
1589 1656 1900 1718 spumantes

318 1747 512 1801 ﬂuctus
549 1745 867 1815 suscipiunt,
911 1760 1112 1814 eosque
1145 1759 1318 1814 prorze
1358 1741 1660 1811 objectione
1689 1749 1900 1795 susten-

318 1845 450 1901 tant,
493 1835 770 1891 ﬂectentes
802 1837 855 1891 in
898 1835 1168 1891 diversum
1213 1833 1610 1905 gubernacula“
1639 1840 1694 1886 et
1734 1839 1895 1901 prout

315 1938 596 1984 ventorum
633 1928 793 1983 ﬂatus
830 1936 886 1983 et
916 1926 1209 1982 necessitas
1235 1926 1534 1996 imperarit,
1570 1924 1896 1993 stringentes

315 2019 599 2085 funiculos,
637 2019 719 2074 vel
748 2019 1013 2083 laxantes,
1039 2032 1268 2086 cumque
1303 2016 1442 2071 unda
1472 2013 1795 2077 subsederit,
1827 2028 1892 2066 ex

314 2122 538 2180 utroque
572 2111 723 2166 navis
755 2111 924 2165 latere
953 2110 1250 2164 laborantia
1280 2109 1552 2163 clavorum
1586 2107 1794 2160 vincula
1816 2105 1895 2157 di-

313 2205 560 2268 mittunt,
606 2213 664 2259 ut
711 2218 995 2273 parumper
1045 2201 1371 2272 quiescentia
1424 2208 1650 2252 venturo
1702 2195 1891 2266 gurgiti

311 2283 678 2366 praeparentur
710 2313 723 2348 :
755 2297 842 2365 qui
885 2310 1007 2348 cum
1061 2308 1246 2348 rursus
1285 2292 1581 2356 advenerit,
1628 2291 1894 2358 stringunt

308 2392 579 2446 clavorum
611 2391 820 2458 capita,.
850 2396 903 2442 et
933 2386 1192 2456 palmulas
1224 2385 1471 2451 dilatant,
1515 2392 1573 2438 ut
1600 2383 1703 2436 huc
1734 2393 1892 2452 atque

308 2485 437 2538 illuc
508 2482 674 2554 626
743 2479 926 2536 scissis
955 2479 1201 2542 ﬂatibus,
1245 2476 1467 2547 aequalis
1509 2475 1578 2530 sit
1613 2474 1890 2542 utriusque

306 2575 492 2631 lateris
536 2574 706 2639 labor,
737 2581 792 2628 et
824 2571 966 2641 quod
1011 2571 1167 2625 simul
1213 2585 1318 2624 non
1362 2576 1571 2638 poterat
1610 2565 1885 2630 sustineri,

306 2668 518 2724 divisim
554 2665 882 2721 tolerabilius
909 2664 1000 2718 ﬂat
1028 2681 1040 2716 :
1073 2663 1162 2734 qui
1190 2662 1272 2717 sui
1298 2677 1481 2716 curam
1522 2667 1730 2730 gerunt,
1769 2659 1889 2712 lmi-

306 2770 488 2816 tantur
521 2759 752 2828 exempli
785 2756 1207 2819 similitudinem,
1243 2763 1297 2809 et
1321 2753 1624 2826 divinorum
1663 2751 1886 2820 dispen-

248 2898 250 2900 τ
304 2855 508 2909 satione
538 2851 840 2913 verborum,
873 2849 1022 2919 quasi
1048 2847 1427 2918 gubernaculo,
1453 2853 1683 2912 utentes,
1706 2859 1888 2898 occur-

303 2952 426 2998 runt
448 2942 817 2996 luereticorum
847 2939 1167 3008 tempestati,
1208 2946 1262 2994 et
1297 2937 1560 3001 ﬂuctibus,
1592 2936 1762 3006 legem
1789 2935 1884 2989 Dei

306 3051 401 3104 pro
443 3044 556 3090 arte
585 3033 896 3098 retinentes,
943 3040 1003 3086 ut
1034 3031 1123 3101 qui
1162 3038 1474 3085 corruerant
1516 3025 1612 3100 [ιιι.
1643 3043 1886 3097 corrupe-

302 3125 460 3198 rant],
489 3126 810 3181 suscitentur
833 3140 847 3178 :
871 3123 958 3193 qui
979 3131 1141 3188 stant,
1165 3121 1318 3174 firmo
1333 3127 1676 3190 perseverent
1695 3118 1881 3188 gradu,

303 3229 356 3275 et
384 3220 476 3292 [al.
504 3217 582 3291 ut]
609 3233 796 3273 omnes
824 3218 875 3272 in
911 3230 1194 3271 commune
1235 3213 1492 3268 doctrinm
1535 3211 1883 3282 epitulatioue

303 3318 598 3366 serventur.
620 3306 772 3376 Quod
797 3307 940 3362 enim
971 3303 1313 3375 gubernatori
1339 3302 1539 3364 clavus,
1569 3305 1668 3355 hoc
1703 3301 1882 3354 animo

302 3411 386 3456 est
408 3400 488 3455 lex
518 3400 608 3454 Dei
642 3415 654 3450 :
687 3398 744 3454 In
763 3413 866 3469 qua
894 3395 1231 3452 Dominicum
1253 3394 1458 3449 Pascha
1486 3391 1761 3457 facientes,
1794 3407 1884 3445 ca-

303 3495 441 3549 ritati
480 3493 573 3548 Dei
611 3502 665 3547 et
704 3491 926 3562 proximi
963 3491 1014 3544 in
1057 3487 1256 3543 mundo
1302 3487 1430 3541 nihil
1459 3485 1602 3540 aliud
1631 3484 1881 3555 praefera-

302 3602 440 3649 mus,
471 3600 642 3654 neque
678 3598 775 3653 pro
816 3581 1072 3635 varietate
1111 3579 1462 3632 humanorum
1503 3591 1745 3636 casuum,
1791 3575 1882 3644 qui

302 3676 405 3731 huc
432 3677 660 3746 illucque
685 3683 984 3740 vertuntur,
1027 3673 1346 3727 sententiam
1378 3677 1797 3732 commutemus,
1826 3675 1884 3721 ttt

300 3766 490 3837 quibus
519 3767 720 3822 dudum
743 3781 842 3836 pro
873 3764 1127 3834 potentia,
1154 3762 1292 3831 turpi
1325 3760 1630 3815 adulatione
1665 3759 1736 3830 (b)
1764 3773 1882 3812 ser-

300 3859 545 3924 vivimus,
577 3859 619 3911 si
648 3857 784 3911 forte
804 3855 1114 3911 reﬂaverint
1137 3852 1302 3918 venti,
1331 3861 1388 3907 et
1419 3859 1727 3921 paupertate
1751 3850 1884 3904 divi-

300 3951 408 4016 tiae,
442 3950 737 4005 humilitate
777 3948 1095 4013 sublimitas,
1147 3947 1430 4018 ignominia
1475 3945 1644 4016 gloria
1687 3943 1884 4000 fuerint

300 4042 596 4107 immutata,
623 4042 675 4096 in
702 4040 887 4096 hostes
912 4049 1135 4109 repente
1156 4048 1444 4103 vertamur,
1469 4039 1780 4094 resistentes
1805 4039 1883 4094 eis

301 4135 355 4189 in
409 4135 622 4201 faciem,
667 4150 836 4205 quos,
886 4133 1235 4190 veneratione
1291 4133 1482 4203 dignos
1531 4133 1878 4198 ducebamus,

302 4227 652 4296 temporibus,
704 4241 812 4280 non
855 4227 962 4282 ﬁde
1009 4225 1458 4281 necessitudinem
1495 4224 1879 4296 ponderantes.

300 4315 412 4371 ltno
436 4317 664 4373 latentes
688 4317 992 4374 inimicitias
1019 4317 1355 4373 necessitatis
1383 4325 1624 4386 tempore
1656 4317 1882 4372 demon-

299 4417 554 4474 strantes,
585 4419 642 4463 et
669 4409 722 4463 in
757 4408 1162 4465 similitudinem
1198 4409 1533 4480 serpentium
1580 4409 1882 4479 proceden-

303 4507 384 4554 tes
413 4498 480 4554 de
503 4499 692 4564 foveis,
722 4507 781 4553 ut
805 4515 910 4554 non
937 4501 1110 4555 solum
1133 4500 1474 4571 ingratissimi
1497 4501 1664 4554 simus
1686 4500 1738 4554 in
1766 4515 1880 4567 eos,

300 4606 530 4660 quorum
569 4591 844 4646 beneﬂciis
875 4593 1326 4658 sustentabamur,
1365 4592 1661 4663 gaudentes
1691 4593 1735 4647 si
1783 4609 1882 4646 no-

303 4683 447 4734 mina
475 4680 750 4734 clientium
794 4682 1215 4748 possederimus,
1257 4682 1352 4736 sed
1382 4683 1534 4752 quasi
1573 4683 1881 4751 perduelles

302 4784 397 4826 eos
425 4785 595 4840 usque
616 4768 684 4823 ad
712 4771 1024 4838 sanguinem
1053 4785 1438 4840 persequamur
1461 4789 1474 4824 :
1495 4771 1730 4840 dejectos
1754 4789 1880 4842 pro-

256 4869 606 4931 wstratosque
652 4861 941 4926 calcantes,
983 4875 1117 4930 quos
1163 4860 1366 4915 dudum
1415 4872 1636 4930 propter
1669 4862 1884 4918 divitias

302 4952 725 5024 susp'cicbamus
755 4951 846 5026 [εἰ.
878 4951 1315 5025 suscipiebamus],
1344 4953 1607 5024 pessimos
1644 4955 1883 5011 omnium

303 5047 721 5110 conclamantes,
747 5054 1026 5116 postquam
1048 5060 1181 5115 opes
1205 5055 1516 5117 paupertate
1538 5049 1881 5115 mutaverint,

306 5139 582 5194 laudantes
608 5139 921 5208 potentiam,
953 5146 1008 5192 et
1037 5137 1408 5195 infelicitatem
1446 5125 1882 5195 calumniantes:

306 5244 529 5302 ncc_pro
553 5245 732 5284 rerum
760 5239 974 5295 natura,
1004 5227 1098 5284 sed
1127 5245 1222 5300 pro
1243 5229 1501 5286 varietate
1537 5245 1756 5285 casuum
1790 5230 1887 5284 ho-

306 5329 562 5376 norantes
597 5321 850 5389 aliquem,
891 5319 973 5375 vel
1016 5329 1457 5377 contemnentes:
1490 5331 1546 5376 ut
1573 5337 1708 5394 quos
1735 5322 1886 5393 prius

305 5411 553 5469 dominos
579 5421 635 5468 et
661 5423 916 5484 patronos
941 5413 1283 5482 vocabamus,
1312 5416 1531 5471 eosdem
1567 5415 1720 5486 quasi
1759 5431 1884 5471 vcr-

371 5562 437 5692 m
473 5566 635 5642 Yulgo
657 5566 919 5642 legebatur
942 5565 1230 5642 imperfecto
1248 5579 1396 5617 sensu
1420 5569 1711 5642 consociatus.

391 5627 419 5677 b
474 5628 764 5692 Glossatorts
790 5643 1040 5692 regentum
1059 5635 1204 5692 sapit,
1228 5631 1359 5692 quod
1381 5631 1568 5687 additur
1587 5645 1636 5682 tu
1658 5631 1711 5682 Β.

371 5627 437 5695 (b)
474 5627 764 5699 Glossatoris
790 5627 1040 5696 ingenium
1059 5630 1204 5699 sapit,
1228 5631 1359 5694 quod
1381 5631 1568 5687 additur
1587 5632 1636 5682 in
1658 5631 1716 5682 Β.
1742 5631 1796 5681 Ρ.
1805 5667 1820 5694 ,
1845 5643 1887 5682 st

305 5687 428 5750 forte
447 5703 724 5751 sementim.

1803 259 2123 322 EPISTULA
2163 263 2223 316 Β.

3509 233 3616 336 sati

2031 375 2279 439 berones,
2323 385 2376 431 et
2408 389 2591 434 servos
2635 381 3006 462 nequissimos
3031 385 3364 458 appellemus
3395 405 3410 443 :
3442 398 3604 458 atque

2026 485 2091 522 ex
2122 469 2265 522 omni
2291 480 2441 538 parte
2466 483 2722 542 appareat
2751 487 2932 532 nostra
2959 461 3211 548 iniquitas
3237 477 3327 551 (ο),
3356 477 3483 534 dum
3509 488 3602 536 aut

2024 560 2269 628 indignos
2310 552 2609 630 laudamus,
2646 572 2738 619 aut
2774 565 2966 636 dignos
3004 567 3182 634 laude,
3211 569 3603 625 obtrectatione

2023 652 2413 721 persequimur,
2460 653 2732 710 imitantes
2776 657 2904 711 illud
2961 660 3102 728 quod
3130 659 3196 714 ad
3237 661 3450 716 beatum
3494 661 3598 716 Job

2021 745 2408 824 exprobrantes
2433 745 2811 816 loquebantur,
2838 747 3014 804 Pauca
3037 767 3129 820 pro
3154 753 3333 822 quibus
3360 754 3597 823 peccasti,

2018 835 2300 888 verberatus
2329 851 2381 889 es
2411 833 2531 908 (Job
2565 837 2652 891 ll.
2681 835 2757 908 7).

2091 924 2176 978 15.
2201 924 2560 996 Nequaquam
2589 926 2752 995 igitur
2778 926 2967 984 dubias
3005 943 3156 998 opes,
3203 931 3298 986 sed
3342 933 3593 988 virtutem

2017 1014 2376 1070 firmissimam
2431 1017 2712 1088 diligamus
2749 1035 2764 1072 :
2795 1033 2900 1073 non
2954 1034 3054 1075 nos
3107 1021 3302 1076 duritia
3347 1023 3595 1079 humiliet

2018 1109 2366 1175 paupertatis,
2401 1123 2506 1163 non
2549 1110 2812 1164 extollant
2837 1109 3063 1178 divitiae,
3104 1127 3222 1180 quae
3251 1103 3594 1168 stultisstos

2015 1194 2288 1250 hominum
2360 1198 2518 1269 627
2592 1199 2892 1269 deprimere
2933 1209 2989 1256 et
3035 1202 3248 1256 elevare
3301 1216 3596 1259 consueve-

2011 1294 2171 1350 runt;
2201 1286 2294 1340 sed
2332 1297 2617 1359 utrumque
2657 1305 2753 1363 pro
2799 1307 2982 1346 rerum
3023 1291 3301 1346 honestate
3341 1292 3589 1347 modere-

2010 1393 2146 1442 mur,
2183 1388 2236 1433 et
2275 1379 2468 1444 tristia,
2510 1392 2565 1436 et
2607 1380 2728 1436 laeta
2773 1383 2964 1453 aequali
3010 1383 3192 1438 animo
3239 1384 3587 1438 sustinentes.

2010 1471 2317 1525 Divitiarum
2349 1489 2476 1526 cura
2501 1488 2720 1528 somnos
2748 1470 3088 1546 interrumpit
3109 1474 3469 1541 dulcissimos,
3503 1474 3590 1529 in-

2009 1561 2182 1615 noxiis
2212 1561 2510 1616 calumnias
2537 1565 2716 1634 struit,
2750 1575 2804 1619 et
2841 1579 2961 1618 cum
3012 1565 3245 1620 inﬁnitas
3281 1580 3414 1633 opes
3452 1579 3586 1620 con-

2005 1654 2325 1721 gregaverit,
2346 1657 2621 1708 materiam
2640 1655 2855 1710 mternis
2877 1656 3086 1724 ignibus
3103 1666 3271 1726 parat.
3291 1657 3585 1725 Postquam

2005 1759 2133 1796 vero
2181 1743 2499 1798 insatiabilis
2540 1745 2690 1799 furor
2735 1747 2972 1815 qumsitis
3017 1747 3209 1816 opibus
3257 1747 3583 1816 incubuerit,

2004 1850 2110 1889 non
2142 1835 2389 1905 expletur
2412 1837 2656 1903 avaritia,
2689 1837 2784 1892 sed
2815 1840 3110 1893 contemnit
3136 1839 3300 1908 leges,
3325 1839 3583 1908 gehenna:

2003 1927 2244 1984 ﬂammas
2275 1929 2522 1999 despicit,
2559 1928 2795 1984 futurum
2821 1929 3006 1999 judicii
3039 1931 3264 1985 tribunal
3293 1931 3455 1986 habet
3484 1947 3582 2002 pro

1993 2020 2192 2084 nihilo.
2237 2020 2348 2075 Nec
2389 2030 2592 2075 tantum
2642 2021 2933 2077 adversarii
2973 2032 3158 2077 contra
3206 2022 3388 2077 hostes
3430 2037 3578 2088 suos,

2000 2121 2253 2180 quantum
2298 2111 2496 2165 divitiae
2538 2121 2723 2166 contra
2763 2113 2986 2167 virtutes
3028 2113 3306 2177 dimicant,
3355 2114 3456 2167 nisi
3491 2129 3581 2168 ra-

2001 2205 2166 2272 tione,
2193 2212 2248 2259 et
2275 2203 2326 2259 in
2355 2205 2625 2274 proximos
2655 2188 3023 2259 misericordia
3064 2214 3450 2275 temperentur.
3484 2205 3576 2259 lla:

1999 2296 2051 2349 in
2079 2296 2300 2351 urbibus
2327 2296 2590 2351 nobilitati
2635 2295 3010 2366 prazferuntur,
3045 2297 3126 2352 ha:
3161 2299 3315 2352 novis
3344 2297 3578 2352 homini-

1999 2389 2096 2443 bus
2123 2389 2392 2458 antiquam
2417 2387 2620 2443 donant
2645 2387 2922 2443 familiam.
2964 2389 3239 2459 Nunquam
3273 2389 3578 2444 divitiarum

1996 2481 2320 2535 desiderium
2350 2481 2473 2536 ullis
2493 2480 2694 2535 divitiis
2722 2474 3136 2550 satiari'potest.
3179 2481 3312 2550 Eget
3340 2495 3574 2549 semper,

1995 2573 2085 2642 qui
2123 2587 2315 2627 avarus
2362 2581 2486 2626 est:
2519 2572 2690 2626 nescit
2736 2569 2814 2644 (ά)
2853 2585 3180 2634 mensuram,
3237 2571 3321 2626 cui
3371 2581 3573 2626 tantum

1994 2665 2143 2718 deest
2172 2661 2312 2733 quod
2346 2661 2529 2726 habet,
2559 2669 2816 2731 quantum
2840 2659 2980 2731 quod
3004 2676 3107 2715 non
3133 2660 3576 2718 babet.lufernus

1993 2753 2220 2808 mortuis
2252 2768 2356 2806 non
2396 2752 2640 2822 expletur
2673 2769 2687 2806 :
2716 2752 2813 2808 sed
2858 2760 3059 2822 quanto
3099 2752 3280 2820 plures
3318 2767 3575 2824 suscepe-

1992 2845 2080 2909 rit,
2113 2852 2259 2898 tanto
2287 2843 2467 2911 plures
2503 2841 2796 2896 desiderat.
2832 2841 3075 2896 Imitatur
3101 2858 3227 2912 ergo
3254 2859 3376 2898 eum
3403 2846 3577 2899 avari-

1991 2937 2083 3000 tia,
2116 2949 2215 2989 nec
2244 2931 2421 2987 satiari
2459 2942 2654 3002 potest,
2701 2932 2797 2987 sed
2849 2932 3099 3002 quicquid
3145 2933 3410 3000 habuerit,
3452 2936 3573 3004 plus

1990 3024 2230 3092 requiret
2260 3040 2273 3076 :
2304 3024 2482 3077 minus
2526 3031 2675 3090 putat
2699 3023 2766 3076 ab
2795 3037 2862 3077 eo
2889 3021 3030 3092 quod
3070 3024 3215 3091 cupit
3243 3039 3402 3079 omne
3431 3025 3572 3094 quod

1991 3116 2244 3188 possidet,
2275 3129 2492 3182 semper
2522 3115 2806 3180 immensa,
2835 3129 3054 3183 semper
3080 3114 3384 3179 immodica,
3414 3117 3571 3170 ardo-

1990 3224 2103 3262 rem
2153 3208 2449 3276 peccatoris
2480 3221 2639 3274 opum
2677 3206 3039 3276 magnitudine
3075 3223 3181 3261 non
3209 3209 3567 3278 restinguens,

1989 3303 2041 3356 in
2069 3300 2325 3356 conviviis
2354 3315 2458 3353 non
2486 3300 2634 3353 cibos
2665 3314 2857 3353 vorans
2883 3296 2976 3370 [aL
3013 3298 3197 3372 vorat].
3229 3301 3321 3354 sed
3355 3301 3569 3371 injusti-

1990 3393 2116 3446 tiam
2152 3412 2164 3445 ε
2199 3393 2250 3446 in
2286 3392 2503 3463 judiciis
2543 3391 2716 3462 jurgia
2763 3392 2996 3447 miscens
3037 3391 3126 3464 [ιιι.
3162 3393 3374 3464 miscet],
3412 3401 3573 3463 atque

1987 3484 2300 3548 discordias,
2331 3483 2586 3537 invidiam
2621 3483 2872 3552 parturit,
2915 3499 3195 3552 perquam
3239 3483 3306 3537 ad
3348 3484 3574 3539 homici-

1986 3575 2130 3630 dium
2160 3577 2468 3645 pervenitur
2494 3593 2507 3628 :
2534 3591 2639 3629 non
2672 3585 2753 3630 est
2779 3590 3002 3644 compos
3029 3577 3242 3640 mentis,
3281 3575 3376 3630 sed
3419 3579 3571 3645 quasi

1987 3669 2133 3723 ebria
2168 3669 2408 3734 ﬂuctuat,
2444 3683 2603 3721 unam
2637 3665 2840 3720 habens
2870 3679 3200 3731 mensuram,
3240 3673 3392 3721 extra
3420 3682 3573 3722 men-

1987 3774 2166 3813 suram
2213 3773 2428 3826 semper
2459 3757 2749 3826 inquirere.
2787 3755 2933 3810 Mare
2979 3756 3251 3810 littoribus
3285 3756 3568 3820 clauditur,

1987 3858 2042 3904 et
2083 3849 2363 3903 venientes
2403 3863 2470 3902 ex
2513 3847 2622 3900 alto
2649 3847 2862 3912 ﬂuctus,
2900 3856 2956 3901 et
2980 3847 3184 3902 rabiem
3222 3848 3576 3903 immitescen-

1989 3941 2118 3995 tium
2148 3940 2411 4009 gurgitum
2453 3946 2636 4007 portus
2671 3936 2754 3990 vel
2774 3936 3095 4002 ’manul'acti,
3127 3936 3210 3990 vel
3247 3945 3435 3990 natura
3478 3937 3572 3990 ﬁr-

1987 4031 2213 4086 missimi
2252 4030 2537 4100 prohibent
2571 4047 2585 4084 :
2614 4028 2918 4084 divitiarum
2963 4029 3293 4099 cupidinem,
3340 4027 3446 4083 nisi
3484 4043 3575 4082 ra-

1991 4124 2134 4178 tione
2188 4121 2460 4191 frenetur,
2502 4136 2602 4177 nec
2652 4120 2936 4177 consilium
2993 4127 3291 4190 temperat,
3343 4134 3442 4176 nec
3489 4118 3578 4172 lex

1989 4214 2235 4284 mitigare
2290 4221 2492 4286 potest,
2543 4227 2646 4268 nec
2700 4211 2807 4265 ulla
2860 4211 3022 4266 satiat
3066 4209 3414 4266 abundantia.
3460 4207 3578 4263 Non

1988 4304 2276 4370 erubescit,
2311 4301 2417 4357 non
2447 4301 2517 4376 (e)
2557 4302 2794 4357 futurum
2823 4301 3086 4369 judicium
3114 4299 3453 4362 reformidat,
3483 4299 3579 4354 sed

1988 4395 2258 4452 desiderio
2289 4395 2406 4464 plus
2434 4393 2689 4459 habendi,
2721 4401 2781 4447 ut
2825 4393 3084 4448 luxuriosi
3124 4391 3289 4446 dediti
3329 4391 3578 4458 volupta-

1989 4490 2131 4544 tibus
2156 4488 2329 4543 solent
2361 4487 2558 4557 gestire
2587 4487 2638 4540 in
2666 4485 2964 4554 amplexus,
2997 4495 3052 4540 et
3079 4483 3320 4539 insanire
3351 4483 3417 4537 ad
3456 4480 3581 4535 libi-

1987 4581 2200 4644 dinem,
2253 4579 2323 4633 ita
2377 4577 2765 4632 calumniarum
2839 4575 3006 4648 628
3078 4584 3135 4630 et
3181 4573 3577 4630 dissensionum

1989 4671 2147 4725 urbes
2177 4684 2239 4724 ac
2277 4669 2502 4730 viculos,
2529 4666 2785 4731 villasque
2822 4667 3098 4734 complet:
3133 4664 3357 4732 insulas,
3389 4664 3578 4728 maria,

1991 4770 2180 4828 terras,
2208 4760 2408 4827 littora,
2442 4759 2576 4824 vias,
2607 4756 2880 4822 transitus,
2909 4756 3082 4810 studia
3104 4754 3176 4828 (ι’)
3197 4756 3430 4826 possidet
3452 4771 3581 4810 ava.

2057 4887 2121 4962 (e)
2160 4891 2220 4940 In
2247 4889 2682 4960 eademeditione,
2722 4885 2842 4938 dum
2876 4885 3098 4954 indignos
3123 4886 3284 4952 laude,
3311 4894 3394 4939 aut
3417 4887 3573 4940 obtre-

1991 4960 2196 5014 ctatione
2219 4963 2569 5014 prosequimur.

2055 5012 2132 5075 (ά)
2165 5011 2432 5076 Perperam
2466 5012 2793 5076 Martianteus,
2811 5011 2962 5062 nescit
2987 5017 3317 5076 mensvestra,
3342 5026 3439 5070 cm.
3475 5021 3572 5062 etc.

1989 5073 2179 5126 Vocem
2216 5073 2518 5137 mensuram,
2556 5087 2711 5137 quam
2731 5074 2850 5137 olim
2887 5087 2950 5123 ex
2983 5073 3183 5137 ingenio
3219 5076 3573 5135 substituimus,

1993 5137 2144 5187 etiam
2185 5137 2238 5185 in
2262 5137 2418 5200 veteri
2444 5133 2661 5200 editione
2681 5135 2741 5185 B.
2783 5135 2849 5200 P:
2879 5137 2962 5197 qui
2987 5133 3112 5200 ᾔδει·
3135 5149 3264 5186 nunc
3293 5137 3487 5186 minime
3524 5133 3576 5200 in

1993 5205 2217 5272 promptu
2255 5206 2368 5272 est,
2388 5196 2488 5272 legi
2521 5196 2971 5272 oruuamurLi’orro
2999 5196 3404 5272 irieumsensum
3431 5197 3574 5259 paulo

1991 5259 2116 5309 infra
2134 5259 2155 5310 ἐ
2182 5273 2327 5310 unam
2349 5259 2488 5309 habet
2523 5259 2842 5320 MENSURMI
2862 5265 3008 5320 extra
3040 5265 3363 5320 MENSURAM
3385 5271 3573 5320 semper

1989 5321 2366 5394 inquirereﬂid.
2390 5321 2544 5394 Epist.
2669 5319 2732 5394 ad
2753 5318 2940 5394 Paulin.
2968 5332 3102 5394 nuru:

2075 5333 2366 5372 mrere.vra.
2392 5333 2544 5394 taprsr.
2570 5333 2649 5369 eo.
2673 5333 2732 5391 ao
2755 5333 2940 5368 rauim.
2968 5333 3102 5368 num.
3126 5333 3203 5368 lU.
3326 5378 3338 5390 _
3415 5378 3425 5388 ο
3462 5379 3472 5389 ⁸

2043 5333 2122 5502 ἔρ)
2161 5383 2342 5432 Iterum
2367 5391 2539 5455 vnttose
2563 5382 2887 5454 Martianteus,
2915 5380 3296 5490 iaculamur-um
3307 5378 3574 5439 judicium.

2075 5447 2131 5502 1⁸)
2165 5444 2388 5494 Fecimus
2423 5457 2597 5493 uuuort
2616 5455 2838 5502 numero,
2874 5453 2998 5502 posst
3036 5448 3080 5490 et
3102 5447 3323 5502 quartae,
3356 5453 3443 5502 pro
3477 5452 3574 5500 quo

2075 5447 2131 5508 Γ)
2163 5444 2388 5510 Fecimus
2423 5444 2599 5510 minori
2616 5455 2844 5510 omnem,
2869 5444 3080 5510 possidet
3102 5444 3323 5510 (auaritia)
3356 5453 3443 5510 pro
3477 5452 3578 5500 quo

1991 5501 2138 5570 vulgo
2162 5505 2421 5570 legebatur
2445 5505 2497 5554 in
2523 5505 2684 5570 editis,
2719 5501 2959 5570 possident
2995 5501 3231 5570 avaritiae:
3269 5501 3578 5570 ﬂammatus

1989 5559 2153 5632 anteiri
2178 5559 2420 5630 impendio
2433 5566 2588 5628 magis
2608 5559 2796 5632 peccat,
2818 5565 3007 5632 intrusa.
3020 5559 3480 5632 cenvoculanduntse
3495 5560 3578 5608 de-

1989 5629 2189 5696 siderio,
2215 5621 2333 5693 e'tc.,
2355 5640 2502 5696 quam
2511 5621 2828 5679 wauctoritate
2851 5623 3036 5676 veteris
3051 5622 3112 5672 B.
3135 5621 3196 5674 P.
3223 5621 3454 5676 editionis
3483 5631 3577 5672 ex-

1995 5693 2273 5756 punximus.
