4106 6340
526 327 632 386 827

527 442 670 509 ritia,
702 440 829 498 dum
854 435 1117 495 desiderio
1147 436 1264 507 plus
1292 432 1547 499 habendi,
1573 431 1931 503 negotiatione
1956 445 2100 485 mer-

525 547 615 588 ces
645 533 749 587 huc
770 533 996 600 illucque
1024 537 1335 592 commutat,
1363 536 1418 581 ct
1442 525 1712 580 fraudibus
1735 534 1895 594 atque
1924 522 2105 594 perju-

526 627 620 680 riis
650 625 953 678 divitiarum
981 622 1103 688 iacit
1135 619 1472 689 iuexplebilia
1503 616 1869 674 fundamenta.

600 717 687 770 16.
714 715 896 783 Itaque
917 711 1282 781 hujuscemodi
1301 710 1498 765 rabiem
1517 716 1940 770 contemnentes,
1961 703 2103 760 divi-

525 809 626 860 tias
654 806 854 858 cultum
889 802 1002 868 Dei,
1030 812 1085 856 et
1123 800 1453 855 ﬁrmissimas
1492 798 1858 869 possessiones
1891 794 1974 866 (a)
2009 809 2103 850 ca-

522 895 720 949 stitatis
748 902 803 947 et
840 891 1231 957 sanctimoniae,
1271 891 1639 960 requiramus;
1681 887 1967 943 adorantes
1996 885 2099 940 Pa-

524 986 641 1048 tris,
673 992 729 1038 et
769 984 908 1048 Filii,
938 992 992 1038 et
1031 982 1261 1052 Spiritus
1303 982 1482 1037 Sancti
1525 995 1682 1034 unam
1725 979 2099 1042 divinitatem;

523 1079 974 1129 resnrtectionem
1013 1085 1344 1129 mortuorum
1375 1072 1856 1142 incorruptibilem,
1884 1080 1936 1127 et
1961 1069 2103 1140 jugi-

523 1174 605 1218 ter
632 1175 1029 1233 permanentem
1072 1179 1193 1219 esse
1220 1163 1522 1218 credentes.
1573 1163 1757 1232 Neque
1801 1161 1944 1216 enim
1987 1158 2101 1213 lieri

523 1265 720 1322 potest,
760 1266 815 1307 ut
845 1269 962 1308 eam
993 1269 1140 1309 mors
1177 1262 1413 1322 superet,
1454 1269 1573 1322 qua:
1613 1252 1810 1306 Christi
1855 1253 2103 1320 passione

524 1346 735 1399 firmata
766 1355 867 1412 est,
914 1345 1182 1400 suscitans
1227 1347 1596 1414 incorruptum
1641 1353 1692 1398 et
1741 1343 1794 1397 in
1840 1350 2102 1396 internum

524 1452 844 1507 permanens
882 1437 1135 1505 templum
1168 1435 1412 1505 corporis
1450 1435 1556 1490 sui.
1585 1435 1813 1488 Oremus
1843 1447 1940 1502 pro
1971 1431 2100 1501 piis-

521 1531 674 1587 simis
700 1529 1154 1601 Imperatoribus;
1183 1538 1235 1583 et
1261 1529 1638 1582 observatione
1664 1527 1796 1596 legis
1822 1524 1939 1590 Dei,
1964 1523 2104 1593 jeju-

523 1624 734 1680 niorum
782 1629 1045 1692 piaret-pta
1091 1619 1411 1675 decoremns
1458 1636 1472 1673 :
1518 1619 1638 1688 quia
1685 1617 1854 1672 virtus
1899 1615 2102 1685 absque

522 1715 631 1769 nlla
677 1712 997 1768 necessitate
1022 1712 1256 1767 custodit
1301 1720 1597 1766 sectatores
1624 1723 1771 1774 suos,
1803 1718 1856 1762 et
1887 1721 2102 1762 sensum

522 1807 576 1862 in
615 1806 968 1875 cogitationes
1019 1804 1196 1860 varias
1240 1803 1605 1862 ﬂuctuantem.
1655 1800 1724 1857 de
1769 1799 1998 1855 terrenis
2034 1797 2102 1853 ad

521 1899 733 1955 excelsa
761 1897 1034 1963 sublimat,
1064 1911 1395 1966 nequaquam
1426 1893 1880 1966 pulchritudinem
1906 1906 2102 1962 corpo-

522 2003 665 2054 rum,
686 1987 782 2044 sed
805 1986 882 2058 (b)
911 1987 1338 2043 conversationis
1365 2000 1427 2039 ac
1459 2000 1666 2039 morum
1695 1983 1936 2037 ordinem
1969 1997 2101 2036 con-

522 2079 812 2148 templans,
838 2076 1131 2135 ostendens
1154 2076 1204 2130 ei
1227 2075 1518 2130 lmtantium
1547 2075 1597 2128 in
1619 2073 1758 2128 cmlo
1779 2073 2102 2143 Angelorum

521 2169 740 2236 choros,
783 2179 838 2224 et
870 2169 1074 2224 ducens
1121 2167 1518 2238 splendentium
1556 2165 1954 2234 disciplinarum
1995 2159 2103 2216 ful-

519 2277 673 2332 gnra,
703 2271 762 2316 ut
782 2262 833 2316 in
859 2263 1110 2330 praesenti
1140 2259 1336 2314 sazculo
1367 2258 1519 2328 quasi
1546 2257 1747 2312 athleta
1781 2255 2103 2310 fortissimus

522 2353 697 2408 illatas
726 2351 990 2407 sustineat
1021 2351 1222 2422 plagas.
1265 2359 1321 2405 et
1360 2349 1594 2404 futuram
1636 2365 1732 2418 pro
1758 2348 1844 2401 his
1875 2347 2101 2416 gloriam

521 2443 900 2512 priesmletnr:
931 2456 1267 2512 nequaquam
1298 2441 1440 2495 vitiis
1479 2439 1786 2508 subjacens,
1830 2437 1925 2492 sed
1967 2437 2106 2491 inte-

524 2533 721 2588 riorem
757 2533 1031 2588 hominem
1057 2531 1127 2603 (ε)
1149 2531 1419 2587 desiderio
1449 2530 1532 2585 sui
1560 2529 1627 2584 ad
1664 2539 1865 2584 :eterna
1903 2527 2105 2582 sustol-

523 2624 642 2679 lens
666 2642 681 2689 ;
712 2634 874 2696 atque
897 2640 1085 2680 omnes
1121 2625 1350 2694 impetus
1379 2621 1692 2692 voluptatis,
1722 2621 1930 2675 ratione
1957 2633 2105 2674 com-

523 2729 770 2786 pescens,
814 2715 942 2770 illud
970 2714 1169 2786 cogitet
1196 2714 1339 2784 quod
1382 2713 1592 2768 futurus
1623 2720 1726 2774 est,
1756 2722 1811 2766 et
1842 2718 2101 2781 quantum

524 2816 701 2877 potest
726 2809 992 2862 sustinere
1019 2808 1248 2860 humana
1279 2804 1562 2874 fragilitas,
1605 2802 1822 2858 recedat
1847 2817 1876 2855 a
1913 2816 2107 2871 corpo-

523 2899 713 2954 ralium
769 2914 946 2954 rerum
1004 2895 1401 2960 sollicitudine,
1460 2894 1751 2964 prmlerens
1799 2893 2106 2947 carnalibus

521 2989 839 3061 spiritualia,
866 2999 921 3042 ut
947 2987 1106 3042 etiam
1125 2987 1299 3056 ipsum
1321 2973 1516 3054 corpus
1537 2983 1862 3054 despiciens,
1885 2992 1940 3037 ct
1963 2998 2103 3052 pra:-

523 3083 755 3137 sentium
801 3080 880 3152 (ά)
930 3079 1260 3148 voluptatum
1309 3075 1622 3140 duriorem,
1677 3073 1772 3130 sed
1826 3073 2104 3129 meliorem

521 3178 685 3230 vitam
710 3175 848 3229 inire
875 3170 1217 3243 persuadeat,
1247 3177 1302 3222 ut
1329 3169 1418 3240 qui
1450 3177 1560 3223 tum
1600 3166 1697 3240 [al.
1747 3167 1964 3238 dudum]
1995 3167 2105 3222 libi-

523 3264 635 3321 dini
660 3263 944 3327 serviebat,
978 3261 1222 3315 libertate
1261 3258 1399 3312 bona
1425 3259 1623 3313 serviat
1651 3259 1902 3322 castitati,
1935 3267 1986 3313 et
2015 3273 2104 3312 rc-

524 3363 729 3412 traetus
757 3369 787 3408 a
819 3353 1150 3424 praeeipitiis,
1190 3350 1370 3405 mollia
1394 3350 1718 3418 jejuniorum
1749 3348 1896 3403 frena
1931 3347 2103 3402 susci-

523 3449 654 3520 piat.
704 3446 914 3502 Etenim
955 3446 1000 3500 si
1044 3445 1242 3512 absque
1284 3452 1491 3524 rectore
1538 3439 1700 3496 fuerit
1745 3454 1809 3494 ac
1852 3439 2105 3510 magistro

521 3553 808 3610 corporum
861 3535 1070 3592 inﬁrma
1141 3535 1304 3606 629
1377 3543 1610 3598 natura,
1667 3548 1767 3587 nec
1821 3533 2102 3602 imperanti

521 3629 704 3684 animo
729 3627 957 3683 voluerit
982 3626 1222 3692 obedire,
1263 3635 1318 3679 ct
1357 3625 1479 3688 sibi,
1508 3621 1581 3696 (ε)
1611 3633 1665 3678 et
1693 3623 1888 3678 rectori
1919 3622 2102 3677 conci-

523 3729 598 3776 tat
627 3719 830 3776 inﬁnita
870 3718 1166 3790 naufragia,
1203 3726 1258 3774 et
1297 3716 1560 3788 pertrahit
1602 3733 1724 3770 cuin
1763 3715 1828 3769 ad
1861 3715 2106 3786 turpissi-

521 3825 639 3866 mas
665 3810 930 3873 libidines,
969 3823 1034 3865 ac
1070 3807 1378 3865 barathrum
1416 3809 1768 3877 voluptatum,
1815 3815 1874 3861 tit
1907 3821 2107 3875 nequa-

463 3973 466 3976 .
523 3920 684 3976 quam
713 3905 932 3961 honesta
961 3903 1288 3968 consideret,
1317 3902 1413 3957 sed
1449 3901 1656 3971 fugiens
1682 3899 1841 3965 bona,
1866 3902 1918 3953 in
1947 3913 2104 3953 emno

518 4012 585 4054 ac
627 3997 874 4053 sordibus
918 4005 1302 4052 commoretur.
1338 3993 1522 4048 Virtus
1572 4008 1700 4048 vero
1737 4007 1860 4045 cum
1905 3991 2102 4058 auriga:

524 4087 689 4144 modo
718 4088 813 4162 [tt].
841 4089 895 4142 in
920 4088 1113 4158 auriga
1131 4084 1358 4156 modum]
1379 4085 1612 4140 animum
1637 4083 1854 4144 rexerit,
1873 4092 1925 4136 et
1950 4080 2104 4150 quasi

521 4185 576 4240 in
603 4199 764 4240 curru
795 4193 964 4249 stans,
999 4183 1228 4251 impetus
1253 4179 1371 4248 ejus
1399 4188 1452 4233 et
1491 4179 1668 4232 varius
1696 4177 1959 4246 appetitus
2000 4173 2102 4228 do-

521 4276 711 4331 ctrina:
763 4274 988 4330 habenis
1036 4271 1399 4341 composuerit
1451 4268 1513 4342 [l'.
1563 4267 1979 4339 contpescuerit],
2035 4270 2102 4324 de

521 4367 813 4423 humilibus
840 4381 961 4422 eum
988 4364 1054 4418 ad
1079 4363 1289 4419 excelsa
1335 4362 1594 4426 sublevat,
1637 4361 1921 4415 invisibilia
1949 4370 2106 4415 acter-

520 4474 695 4527 naque
715 4473 812 4529 pro
835 4457 1132 4512 visibilibus
1159 4454 1470 4517 ostendens,
1506 4453 1837 4508 mansionem
1871 4453 1921 4505 in
1949 4453 2102 4506 emlis

520 4561 691 4620 parat,
733 4560 788 4604 et
825 4549 1026 4603 amicos
1072 4547 1146 4602 illi
1175 4545 1342 4602 efficit
1373 4561 1484 4607 eos,
1532 4544 1621 4614 qui
1664 4543 1762 4598 Dei
1806 4543 2105 4597 ministerio

521 4643 833 4705 servientes,
861 4638 1224 4709 spiritualibus
1248 4637 1451 4692 deliciis
1478 4634 1824 4706 perfruuntur
1850 4652 1863 4688 :
1885 4635 2104 4704 utquod

523 4734 610 4788 hic
636 4733 889 4788 cernebat
930 4733 981 4786 in
1035 4732 1285 4802 imagine,
1335 4729 1403 4785 ibi
1455 4733 1504 4782 iu
1545 4731 1764 4784 veritate
1795 4727 2101 4798 perspiciat,

521 4833 576 4878 et
613 4823 868 4893 majorem
895 4823 1024 4876 solis
1051 4822 1216 4876 radiis
1244 4821 1421 4875 videat
1447 4820 1766 4884 claritatem,
1797 4835 1916 4889 qu:c
1953 4819 2106 4872 nobis

521 4913 627 4969 huc
651 4929 718 4970 ex
749 4921 900 4984 parte
927 4912 1230 4980 descendit,
1261 4921 1319 4966 ut
1349 4911 1416 4966 de
1460 4912 1760 4966 minoribus
1802 4910 1868 4965 ad
1899 4909 2102 4980 majora

590 5066 664 5128 (a)
679 5028 744 5114 rIn
763 5065 822 5114 B.
847 5065 906 5128 Ρ.
933 5065 1164 5116 castitatis
1185 5063 1538 5128 mtimouia;
1561 5065 1648 5128 sed
1676 5077 1840 5126 neque
1864 5065 2104 5128 impressa

523 5125 675 5189 lectio
697 5128 816 5189 satis
836 5127 1097 5189 coherces
1109 5141 1268 5189 quare
1302 5126 1569 5189 legendum
1591 5125 1794 5189 fortasse
1817 5125 1941 5189 erat
1957 5127 2104 5189 modo

524 5187 683 5238 cultus
703 5187 788 5238 Dei
813 5200 831 5248 ;
853 5194 907 5237 ut
931 5187 1050 5236 nihil
1071 5187 1286 5236 dicamus
1306 5187 1370 5237 de
1395 5187 1799 5249 interpunctionis
1823 5187 1970 5247 vitiis,
1994 5187 2104 5250 qui-

521 5251 616 5299 bus
639 5249 901 5298 laborabat.
2014 5249 2021 5250 ί

585 5311 658 5374 (b)
693 5310 925 5375 Legimus
945 5321 1008 5360 ex
1029 5308 1090 5358 Β.
1112 5307 1172 5358 P.
1212 5307 1267 5357 In
1288 5308 1605 5360 Benedictina
1628 5317 1752 5369 erat,
1783 5311 2102 5362 cmversatio-

687 5433 828 5507 Illud
847 5432 942 5507 sui,
966 5431 1094 5497 quod
1117 5434 1167 5482 in
1187 5431 1505 5482 Benedictina
1536 5431 1924 5495 desiderabatur,
1947 5433 2100 5484 solic-

1151 5555 1416 5628 Ιςῖἑζθηάιιῐξι
1450 5561 1528 5628 est.
1564 5569 1650 5616 pro
1682 5555 1989 5628 voluptatum,
2017 5565 2101 5609 aut

521 5616 786 5743 augeam,
814 5621 920 5671 sive
941 5616 1059 5684 quid
1079 5617 1237 5669 simile
1255 5616 1598 5680 supplendum,
1617 5616 1910 5668 sententiain
1936 5629 1990 5669 ut
2013 5634 2100 5670 ex-

575 5696 601 5722 e
632 5694 673 5730 s.

582 5741 652 5804 (ε)
687 5741 814 5794 Satis
845 5745 1104 5796 oscitanter
1137 5743 1426 5806 impressum
1465 5745 1571 5799 erat
1607 5747 1750 5794 antea
1781 5749 1827 5796 et
1853 5743 1946 5796 sibi
1967 5757 1994 5795 e
2019 5757 2097 5796 rc-

1806 311 2048 373 SANCTI
2086 307 2462 369 lllERDNYMl

2211 427 2512 494 tendamus,
2553 435 2606 483 et
2633 427 2784 498 quasi
2809 443 2903 500 per
2927 427 3132 487 litteras
3152 444 3215 486 ac
3242 431 3478 504 syllabas
3507 435 3575 492 ad
3602 435 3783 507 legen-

2207 519 2333 574 dum
2364 519 2745 588 proficiamus:
2773 521 2896 589 quia
2936 531 2993 577 et
3037 523 3124 578 illa
3165 522 3272 592 his,
3309 533 3364 580 et
3405 525 3524 582 haec
3567 527 3673 584 illis
3715 531 3782 601 (γ’)

2208 609 2469 680 indigent.
2504 610 2577 665 lbi
2607 627 2728 665 cum
2762 611 3018 666 fuerimus
3045 611 3322 669 beatorum
3355 613 3528 684 juncti
3563 633 3785 675 consor-

2207 705 2303 766 tio,
2331 703 2609 758 audiemus
2645 721 2660 758 :
2702 701 2841 774 Euge
2867 721 3004 758 serve
3042 705 3169 760 bene
3195 714 3241 761 et
3267 707 3454 776 fidelis,
3483 710 3604 781 quia
3635 727 3786 781 super

2207 811 2372 865 pauca
2406 795 2548 866 fuisti
2575 794 2762 863 ﬁdelis,
2805 811 2961 864 supra
3001 795 3164 850 multa
3201 804 3249 851 te
3276 799 3581 854 constituam
3607 815 3628 855 :
3651 801 3785 856 intra

2205 887 2257 940 in
2279 887 2521 956 gaudium
2554 885 2758 940 Domini
2782 887 2855 940 tui
2879 885 3088 956 (Matth.
3111 887 3203 943 25.
3227 887 3319 943 21.
3346 889 3460 961 25).

2280 979 2366 1034 17.
2393 979 2655 1048 Incipient
2676 975 2770 1050 [al.
2797 977 3332 1052 iucipientes]'sancttc
3352 980 3794 1052 Quadragesimae

2202 1069 2402 1140 jejunia
2431 1070 2508 1140 (g)
2546 1070 2614 1124 ab
2654 1070 2935 1125 undecima
2961 1070 3050 1126 die
3083 1071 3285 1128 mensis
3314 1071 3650 1128 Pbamenoth
3677 1115 3693 1140 ,
3738 1087 3794 1130 et

2209 1162 2556 1218 hebdomadze
2609 1162 2901 1218 Dominieae
2958 1164 3224 1232 passionis
3275 1167 3638 1222 sextadecima
3695 1167 3786 1224 die

2209 1255 2410 1308 mensis
2440 1253 2774 1311 Pbarmuthi.
2821 1254 2890 1310 Et
2916 1255 3164 1311 ﬁniemus
3185 1255 3386 1327 jejunia
3413 1273 3641 1329 vespere
3667 1261 3786 1316 sab-

2207 1346 2314 1400 bati
2349 1344 2600 1400 vicesima
2626 1345 2793 1414 prima
2827 1345 2916 1401 die
2944 1345 3186 1416 ejusdem
3214 1349 3415 1404 mensis
3445 1349 3782 1418 Pharmuthi,

2203 1437 2368 1509 630
2437 1445 2494 1492 et
2539 1437 2783 1507 sequenti
2812 1436 2899 1492 die
2931 1437 3210 1493 Dominica
3252 1438 3457 1494 Pascha
3485 1439 3784 1496 celebrabi-

2208 1543 2326 1583 mus
2353 1526 2458 1600 [ιιι.
2485 1528 2788 1582 celebremus
2801 1525 2832 1601 ]’
2851 1569 2866 1594 ,
2896 1528 3150 1583 vicesima
3176 1535 3231 1583 et
3253 1529 3486 1584 secunda
3517 1529 3608 1585 die
3634 1533 3784 1600 ejus-

2207 1618 2328 1672 dem
2375 1618 2596 1673 mensis.
2649 1617 2776 1672 Post
2820 1634 2940 1688 quae
2988 1617 3275 1688 jungemus
3313 1617 3422 1692 [al.
3464 1620 3781 1694 iungamus]

2208 1719 2414 1778 septem
2444 1708 2806 1764 hebdomadas
2828 1719 3028 1764 sanctzn
3055 1710 3403 1766 Pentecostes
3440 1728 3454 1765 :
3488 1726 3783 1780 pauperum

2208 1817 2478 1857 memores
2496 1841 2512 1868 ,
2536 1811 2776 1856 amantes
2802 1802 2967 1856 Deum
2995 1812 3050 1856 et
3081 1802 3378 1872 proximum
3396 1844 3411 1868 ,
3439 1814 3657 1860 orantes
3686 1818 3783 1873 pro

2207 1891 2476 1958 inimicis,
2526 1891 2962 1962 persecutoribus
3013 1893 3389 1960 blandientes,
3445 1893 3782 1950 inﬁrmorum

2207 1984 2391 2039 ruinas
2418 1984 2784 2040 consolatione
2824 1992 2880 2039 et
2915 1983 3280 2039 misericordia
3308 1985 3650 2041 sublevantes
3681 2005 3694 2040 :
3727 1995 3784 2041 ut

2209 2075 2384 2146 lingua
2413 2091 2625 2146 semper
2649 2076 2702 2130 in
2735 2075 2827 2131 Dei
2857 2075 3104 2148 laudibus
3129 2087 3418 2146 personet:
3447 2087 3505 2132 ut
3530 2077 3786 2134 Ecclesia:

2203 2170 2345 2241 justa
2368 2171 2565 2240 judicia
2597 2185 2930 2240 nequaquam
2979 2170 3330 2225 irrationabili
3373 2171 3656 2226 clementia
3686 2171 3784 2226 de-

2206 2269 2502 2326 struantur,
2527 2276 2592 2314 ne
2615 2259 2741 2329 Legi
2776 2259 2869 2313 Dei
2895 2257 3112 2313 arbitria
3139 2257 3490 2329 pmferantur
3516 2259 3783 2315 humana:

2207 2353 2360 2422 cujus
2412 2352 2456 2407 si
2509 2351 2994 2406 desideraverimus
3044 2349 3156 2424 [al.
3183 2353 3330 2424 cujus
3354 2352 3782 2427 desiderauimus]

2205 2444 2498 2508 amicitias,
2529 2444 2801 2499 caelestem
2824 2443 3045 2513 gloriam
3073 2457 3468 2514 consequemur
3494 2443 3548 2498 in
3574 2444 3786 2501 Christo

2207 2534 2332 2588 Jcsn
2364 2534 2588 2588 Domino
2613 2543 2836 2598 nostro;
2871 2549 2964 2603 per
2987 2548 3168 2602 quem,
3192 2542 3248 2588 et
3272 2547 3392 2588 cum
3417 2549 3526 2604 quo
3551 2533 3662 2589 Deo
3688 2535 3786 2590 Pa-

2211 2627 2274 2680 tri
2299 2626 2516 2680 claritas
2536 2635 2590 2680 ct
2611 2626 2890 2695 imperium
2912 2639 3034 2680 cum
3061 2623 3263 2694 Spiritu
3290 2623 3490 2680 Sancto
3511 2625 3567 2680 in
3587 2625 3783 2680 mula

2206 2717 2547 2772 saeculorum.
2580 2719 2769 2771 Amen.

2280 2809 2367 2866 l8.
2395 2809 2634 2865 Salutate
2661 2808 2887 2864 invicem
2912 2807 2964 2862 in
2991 2808 3176 2863 osculo
3192 2817 3400 2864 sancto.
3425 2807 3668 2864 Salutant
3688 2822 3786 2863 vos

2208 2903 2399 2958 fratres
2422 2903 2511 2973 qui
2539 2903 2813 2956 nobiscum
2845 2911 2985 2957 sunt.
3020 2901 3086 2956 Et
3112 2901 3214 2956 hoc
3239 2916 3397 2957 nosse
3419 2901 3657 2956 debetis:
3684 2901 3787 2955 Pro

2206 2995 2476 3052 defunctis
2506 2995 2784 3065 Episcopis
2818 2995 2871 3049 in
2903 2994 3037 3049 locis
3058 2993 3387 3062 singulorum
3416 2993 3497 3063 (It)
3525 2993 3787 3048 constitu-

2209 3098 2311 3142 tos.
2337 3087 2389 3141 In
2420 3086 2552 3142 urbe
2576 3085 2822 3142 Nichium
2855 3101 2950 3156 pro
2971 3085 3357 3156 'l‘heopempto,
3385 3084 3741 3141 Theodosium
3770 3104 3783 3140 :

2208 3179 2263 3234 In
2309 3177 2676 3234 Terenuthide
2728 3177 3063 3232 Arsinthium
3097 3195 3108 3230 :
3156 3177 3213 3231 In
3246 3177 3443 3247 Oppido
3481 3175 3651 3233 Geras
3691 3193 3788 3248 pro

2209 3269 2522 3326 Eudemone
2551 3268 2796 3324 Piroznm
2833 3286 2848 3323 :
2880 3267 2938 3326 lu
2963 3268 3173 3321 Aclncis
3204 3283 3300 3336 pro
3325 3269 3572 3338 Apolline
3597 3269 3788 3323 Musa:-

2210 3377 2298 3415 um
2334 3378 2346 3414 :
2380 3359 2437 3414 In
2470 3358 2732 3414 Athrividi
2765 3374 2860 3428 pro
2894 3359 3097 3414 Isidoro
3128 3359 3514 3414 Athanasium:
3546 3361 3603 3415 lii
3633 3359 3789 3416 Cleo-

2211 3453 2418 3525 patride
2463 3450 2836 3508 Offellumzln
2885 3452 3085 3522 oppido
3136 3451 3307 3506 Laton
3362 3467 3459 3520 pro
3502 3452 3789 3507 Timotheo

2209 3547 2453 3615 Apellen.
2489 3545 2580 3600 llis
2609 3559 2738 3616 ergo
2763 3545 2980 3599 scribite
3004 3585 3019 3610 ,
3039 3533 3099 3598 et
3124 3545 3191 3600 ab
3225 3545 3325 3613 eis,
3352 3544 3506 3616 juxta
3538 3561 3742 3602 morem
3769 3586 3788 3610 ,

2208 3636 2618 3694 Ecclesiasticas
2645 3637 2898 3708 suscipite
2928 3637 3158 3695 litteras.

2207 3846 2354 3895 ctore,
2375 3837 2502 3899 quod
2529 3836 2791 3886 emendare
2817 3850 2878 3899 ex
2905 3833 3162 3899 Theophili
3187 3841 3357 3886 mente
3379 3847 3477 3885 non
3498 3835 3674 3898 piguit.

2291 3901 2347 3962 f)
2381 3897 2570 3962 Yitiose
2595 3907 2707 3962 erat
2725 3901 2770 3962 in
2793 3898 3004 3962 vulgatis
3020 3897 3260 3962 indigens.

2292 3957 2346 4025 g)
2379 3961 2665 4025 undecima
2685 3957 2988 4025 Phameiiotli
3019 3957 3380 4025 dies'septimtn
3402 3957 3560 4025 λίπῃ·ιῆ
3583 3971 3789 4025 respon-

2204 4017 2396 4082 dct';'et
2418 4022 2668 4070 Pharmnti
2692 4027 2834 4068 sexta
2851 4020 3061 4075 decima,
3087 4029 3137 4070 et
3160 4017 3390 4068 vicesima
3414 4020 3594 4082 prima,
3611 4017 3791 4082 Aprilis

2207 4085 2495 4139 undecima,
2519 4089 2571 4131 et
2589 4082 2792 4144 declina:
2805 4084 3024 4143 septimm
3049 4095 3062 4129 :
3087 4081 3270 4144 quibus
3290 4081 3548 4144 notis’anni
3571 4081 3682 4128 404.
3704 4081 3790 4128 l‘a—

2207 4146 2322 4193 scita
2357 4146 2658 4205 designatur.
2697 4141 2784 4192 Est
2819 4141 3011 4200 autem,
3048 4141 3198 4205 ut'ex
3223 4142 3566 4205 superioribus
3587 4154 3789 4203 quoque

2207 4202 2521 4255 Paschalibns
2529 4211 2734 4260 constat,
2748 4205 2892 4252 unius
2901 4216 3044 4265 supra
3054 4203 3367 4312 quadraginta
3378 4202 3569 4250 dierum
3581 4202 3788 4260 summa,

2207 4267 2338 4312 unde
2355 4266 2469 4312 illud
2485 4266 2755 4312 eonlicitur.
2773 4265 3045 4312 inchoatum
3099 4262 3645 4312 lexandrinisieinnium
3663 4265 3788 4312 Ona-

2207 4267 2338 4316 unde
2355 4266 2469 4315 illud
2485 4266 2755 4326 conlicitur,
2773 4262 3045 4313 inchoatum
3057 4262 3399 4326 Alexandrinis
3405 4263 3645 4326 jejunium
3663 4265 3791 4322 Qua-

2205 4329 2494 4389 dragesitme
2518 4325 2636 4374 feria
2673 4327 2887 4389 secunda
2918 4332 3075 4389 sextae
3099 4324 3414 4389 hebdomadis
3435 4324 3550 4389 ante
3582 4325 3787 4389 Pascha,

2207 4385 2317 4437 non‘
2327 4391 2388 4437 ab
2410 4389 2718 4449 antecedenti
2744 4387 3009 4449 Dominica,
3027 4394 3082 4435 ut
3103 4386 3296 4449 quidam
3321 4385 3439 4435 falso
3455 4387 3638 4447 Opinati
3656 4394 3786 4435 sunt.

2208 4449 2434 4498 Socrates
2458 4448 2544 4496 lib.
2576 4447 2629 4495 ν.
2656 4461 2762 4508 cap.
2793 4447 2872 4496 22.
2916 4461 2951 4497 ot
2981 4462 3018 4498 ιν
3041 4447 3295 4511 iniussus,
3314 4460 3384 4511 πρὸ
3407 4455 3621 4510 nsquam
3641 4458 3693 4502 ιε.
3723 4457 3788 4506 τίν

2206 4524 2274 4579 ape
2322 4527 2388 4561 τοῦ
2417 4523 2546 4579 γάρ-ιθ
2579 4523 2745 4579 vna-stici;
2783 4522 2995 4579 νηστιῦοξυσι
3014 4548 3029 4579 ε
3057 4523 3352 4579 irva

2208 4569 2527 4620 alexandrini
2549 4583 2637 4619 sea:
2659 4577 2768 4632 aute
2794 4570 2978 4620 Pascha
3011 4569 3332 4632 hebdomades
3358 4569 3615 4632 jejunum,
3642 4570 3788 4630 idque

2197 4632 2442 4694 jejunium
2466 4631 2893 4694 quadragesimum
2916 4638 3100 4681 coeant.
3124 4631 3258 4681 Hanc
3290 4631 3553 4681 hodienum
3577 4644 3787 4680 consue-

2209 4691 2426 4742 tudinem
2454 4691 3065 4742 ecelesia'blediolanensis
3089 4699 3244 4742 tenet.

2268 4756 2342 4816 (ll)
2378 4754 2612 4816 Mendosc
2643 4762 2790 4816 antea
2828 4753 3223 4816 et'atrOItstitutis
3249 4767 3267 4816 ξ
3291 4760 3391 4802 tum
3426 4751 3786 4815 prop'irhinm.

2208 4814 2332 4878 lege
2351 4815 2552 4873 Niciam,
2577 4815 2716 4876 cujus
2737 4815 2891 4872 urbis,
2916 4815 3044 4866 aliud
3072 4829 3230 4877 agens
3251 4815 3533 4878 Stephanus
3566 4816 3789 4863 meminit

2206 4877 2254 4926 in
2268 4877 2583 4940 Argeoneso,
2598 4891 2644 4940 εις
2665 4893 2730 4934 τῆς
2754 4890 2877 4940 καίοι.
2902 4877 3350 4940 nutasseet£gypti
3369 4877 3620 4940 civitatem
3640 4883 3788 4940 testa-

2207 4946 2285 4988 tur
2310 4936 2440 4988 esse.
2483 4938 2536 4988 In
2560 4937 2876 4986 Alexandrini
2903 4936 3268 4988 Patriarchatu's'
3284 4936 3472 4988 Notitia
3495 4951 3524 4986 a
3549 4936 3736 4992 Carolo,
3762 4951 3786 4984 a

2206 5000 2258 5063 ξ.
2285 5000 2455 5063 Paulo,
2498 5007 2550 5048 et
2578 4998 2930 5049 Schelestratio
2965 5001 3011 5048 in
3036 4999 3241 5063 lEgypto
3279 5000 3433 5063 prima
3474 5006 3785 5063 recensum.

2206 5061 2302 5111 Pro
2323 5061 2628 5124 Theopempto
2653 5069 2765 5124 erat
2783 5061 3234 5124 Heopempto,‘quod
3255 5061 3433 5124 nomen
3455 5072 3697 5122 nusquam
3719 5062 3784 5108 in-

2205 5126 2419 5173 venitur.
2442 5121 2790 5174 ?erénuthidis
2822 5121 3029 5186 quoque
3044 5121 3281 5186 Egyptite
3323 5123 3459 5186 urbis
3482 5121 3674 5186 mentio
3693 5127 3784 5186 _csl

2204 5187 2330 5248 apud
2354 5186 2652 5248 Stephanum
2678 5185 2726 5231 in
2754 5183 3060 5248 {terniotltfde
3087 5183 3179 5233 {in
3198 5183 3374 5248 Notitia
3397 5183 3788 5248 adThebaidem

2205 5244 2468 5297 secundam
2491 5245 2720 5309 refertur.
2747 5244 3087 5309 Gerrhteorum
3110 5247 3396 5309 populorum
3427 5245 3556 5309 idem
3581 5246 3628 5294 in
3663 5244 3788 5309 Cha-

2207 5313 2450 5360 trainotite
2484 5321 2544 5358 ex
2581 5307 2822 5356 Strabone
2849 5321 2860 5356 :
2889 5307 3018 5356 unde
3058 5307 3426 5357 rescribendum
3453 5307 3646 5355 videtur
3678 5307 3790 5354 huic

2205 5385 2401 5435 quoque
2427 5370 2518 5435 loci
2541 5368 2747 5418 Carrhas
2783 5381 2872 5435 pro
2891 5377 3036 5435 Geras
3061 5383 3074 5418 :
3099 5368 3514 5435 veteres__No_titia:
3549 5370 3598 5435 in
3624 5369 3789 5435 Augu-

2204 5428 2434 5483 stamnica
2450 5433 2598 5494 prima
2617 5428 2814 5494 ponunt.
2842 5430 2940 5494 Sed
2967 5445 3052 5492 pro
3079 5428 3278 5494 gcltteis,
3299 5429 3436 5478 facile
3463 5429 3692 5494 lycaonis
3712 5437 3788 5477 est

2207 5490 2579 5550 emendandum,
2600 5490 2708 5540 nam
2729 5491 2894 5540 Achmi
2913 5490 3050 5541 extra
3073 5491 3320 5552 Grmciam,
3339 5505 3463 5553 quos
3478 5490 3668 5539 Plinius
3686 5504 3788 5538 mc-

2205 5565 2361 5606 morat
2400 5557 2484 5605 lib.
2508 5557 2556 5605 6.
2595 5568 2698 5616 cap.
2727 5555 2802 5603 ll.
2831 5555 3112 5617 neutiquam
3150 5553 3208 5602 ad
3245 5567 3350 5602 rem
3373 5561 3505 5602 sunt.
3529 5553 3787 5617 Accheuos

2207 5631 2341 5681 vero,
2369 5617 2527 5681 Graec.
2565 5613 2753 5681 ,σλιηιιᾎεωις⁸
2777 5613 3071 5681 populosae
3091 5635 3142 5667 το
3167 5627 3308 5681 eam
3325 5627 3469 5678 ιρυορις
3493 5627 3705 5681 σῴσῃς.
3721 5613 3785 5681 ad

2202 5676 2367 5743 [tumes
2389 5676 2527 5743 rubri
2549 5676 2700 5743 maris
2724 5676 3004 5743 Stephanus
3019 5677 3144 5743 locat
3163 5676 3500 5743 {Ptolemaeus
3521 5679 3571 5725 in
3594 5676 3781 5743 Arabiae

2204 5738 2538 5806 descriptione
2558 5739 2764 5801 auitas,
2785 5738 2839 5792 et
2859 5738 3051 5792 Plinius
3066 5739 3152 5795 lib.
3169 5741 3218 5793 6.
3240 5751 3348 5804 cap.
3366 5739 3502 5790 28.in
3523 5751 3640 5790 meo
3661 5738 3790 5789 libro
