4106 6340
571 372 670 425 851

568 481 731 548 viros,
764 493 859 534 suo
888 479 1092 536 nomini
1133 478 1328 534 famam
1365 493 1629 550 qumrere.
1672 481 1782 538 Nec
1813 491 1919 541 tam
1945 485 2142 540 stultus

557 584 686 624 sum
708 612 724 636 ,
772 578 830 624 ut
870 569 1181 627 diversitate
1208 571 1638 642 cxplanationum
1669 581 1878 628 tuarum
1901 589 1990 630 me
2020 575 2142 630 laedi

567 669 750 728 putem
785 677 799 714 :
827 661 948 732 quia
976 676 1076 718 nec
1105 671 1159 717 tu
1189 663 1401 720 hederis
1422 705 1437 731 ,
1463 665 1509 719 si
1541 679 1640 720 nos
1668 665 1934 720 contraria
1961 679 2142 720 sense-

555 751 753 807 rimus.
785 751 890 808 Sed
917 753 1002 807 illa
1026 763 1107 809 est
1149 769 1274 810 vera
1332 755 1472 810 inter
1516 756 1718 811 amicos
1766 755 2138 826 reprehensio,

567 841 641 911 (ἀ)
666 842 709 896 si
754 851 990 898 nostram
1019 859 1201 914 peram
1233 860 1339 900 non
1384 845 1656 912 videntes,
1689 845 1914 900 aliorum
1936 887 1953 912 ,
1991 844 2138 916 juxta

560 931 826 999 Persium,
857 936 1140 991 manticam
1168 937 1590 992 consideremus.
1623 935 1901 1006 Superest,
1935 945 1992 991 ut
2018 936 2138 1017 dili-

559 1039 653 1094 gas
679 1024 988 1095 diligentem
1016 1039 1098 1093 te;
1123 1037 1179 1083 et
1199 1029 1252 1082 in
1273 1027 1670 1098 Seripturarum
1692 1043 1904 1098 campo,
1927 1027 2139 1098 juvenis

558 1129 740 1169 senem
774 1131 878 1170 non
907 1133 1184 1187 provoces.
1216 1118 1325 1173 Nos
1353 1127 1532 1174 nostra
1565 1119 1846 1173 habuimus
1875 1129 2134 1188 tempora,

556 1213 614 1260 et
639 1208 974 1262 cucurrimus
999 1218 1256 1278 quantum
1295 1211 1568 1279 potuimus
1598 1227 1612 1264 :
1642 1225 1782 1265 nunc
1811 1219 1862 1263 te
1887 1217 2137 1264 currente

535 1309 611 1358 .et
653 1301 807 1372 longa
847 1304 1015 1371 spatia
1061 1312 1443 1370 transmeante,
1472 1303 1626 1359 nobis
1661 1303 1886 1358 debetur
1919 1304 2085 1357 otium
2116 1319 2130 1356 :

554 1394 819 1463 simulque
853 1395 948 1466 (ut
984 1411 1104 1451 cum
1135 1395 1340 1452 honore
1380 1406 1469 1450 tuo
1494 1405 1550 1451 et
1572 1396 1725 1451 venia
1755 1393 2023 1465 dixerim)
2066 1409 2133 1448 ne

554 1484 701 1538 solus
742 1485 872 1538 mihi
915 1485 982 1540 de
1022 1486 1202 1541 Poetis
1244 1485 1444 1556 aliquid
1490 1485 1835 1555 pr0posuissc
1877 1483 2128 1548 videaris,

546 1585 824 1632 memento
872 1578 1078 1633 Daretis
1119 1587 1174 1634 et
1217 1579 1408 1635 Entelli
1457 1577 1670 1652 (Virgil.
1704 1577 1754 1633 5.
1788 1575 2051 1648 Eadd),
2076 1585 2133 1632 et

549 1669 782 1740 vulgaris
807 1671 1114 1741 proverbii:
1142 1673 1283 1743 quod
1309 1672 1406 1727 bos
1434 1672 1608 1727 lassus
1638 1671 1826 1726 fortius
1873 1672 1997 1741 figat
2040 1686 2131 1740 pe-

548 1763 691 1817 dem.
741 1762 948 1818 Tristes
991 1763 1106 1818 haec
1147 1763 1465 1819 dictavimus
1504 1781 1518 1817 :
1551 1763 1753 1817 utinam
1800 1777 2130 1817 mereremur

540 1853 859 1922 complexus
889 1862 1009 1909 tuos
1028 1894 1044 1919 ,
1077 1864 1133 1910 et
1160 1853 1443 1910 collatione
1486 1863 1671 1909 mutua
1698 1853 1783 1908 vel
1809 1852 2126 1908 doceremus

545 1944 744 2014 aliqua,
771 1945 855 1999 vel
885 1945 1235 2000 disceremus.

616 2036 670 2089 5.
705 2035 846 2090 Misit
885 2035 1016 2090 mihi
1058 2037 1356 2091 temeritate
1392 2035 1546 2090 solita
1569 2077 1584 2103 ,
1611 2050 1704 2090 sua
1735 2036 2011 2091 maledicta
2052 2034 2124 2110 (ὑ)

543 2125 865 2196 Calpurnius
888 2167 902 2190 ,
935 2136 1292 2197 cognomento
1322 2126 1600 2192 Lanarius,
1629 2143 1746 2198 qua:
1785 2127 1851 2182 ad
1891 2127 2121 2182 Africam

543 2235 754 2289 quoque
775 2218 952 2273 studio
973 2220 1087 2288 ejus
1108 2218 1265 2273 didici
1291 2220 1616 2288 pervenisse.
1646 2220 1724 2274 Ad
1750 2235 1868 2290 qua:
1890 2219 2124 2275 breviter

537 2329 608 2367 ex
638 2324 787 2384 parte
811 2314 1085 2384 respondi,
1106 2323 1161 2370 et
1186 2315 1348 2370 libelli
1379 2315 1496 2383 ejus
1524 2315 1673 2370 vobis
1703 2315 1820 2369 misi
1850 2315 2123 2384 exempla-

539 2405 642 2471 ria,
672 2405 830 2460 latius
854 2420 1008 2475 opus,
1036 2421 1158 2460 cum
1186 2415 1547 2476 opportunum
1575 2405 1753 2471 fuerit,
1785 2405 1958 2475 primo
1993 2405 2122 2460 mis-

541 2510 699 2551 surus
730 2505 1007 2566 tempore:
1037 2497 1089 2551 in
1119 2512 1226 2568 quo
1255 2497 1381 2552 illud
1403 2496 1692 2561 cavi,nein
1709 2511 1976 2567 quoquam
1999 2497 2119 2550 exi-

537 2587 899 2642 Stimationem
941 2588 1189 2644 lmderem
1231 2589 1625 2654 Christianam;
1675 2587 1771 2644 sed
1815 2598 2016 2643 tantum
2063 2597 2121 2642 ut

540 2678 818 2734 delirantis
843 2680 1181 2752 imperitique
1207 2682 1540 2737 mendacium
1569 2697 1632 2736 ac
1661 2679 1962 2736 vecordiam
1991 2696 2121 2735 cou-

463 2810 475 2818 .
540 2769 789 2822 futarem.
837 2770 1102 2825 Memento
1142 2772 1266 2835 mei.
1308 2780 1493 2825 sancte
1521 2779 1580 2826 et
1607 2770 1932 2826 venerabilis
1955 2769 2118 2839 Papa.

543 2861 674 2917 Vide
699 2872 960 2932 quantum
996 2871 1050 2918 te
1084 2863 1302 2932 diligam
1326 2903 1343 2930 ,
1373 2873 1432 2917 ut
1458 2878 1526 2918 ne
1558 2872 1876 2932 provocatus
1901 2862 2116 2932 quidem

535 2954 795 3008 voluerim
843 2955 1168 3024 respondere
1193 2972 1210 3006 :
1237 2967 1337 3009 nec
1373 2953 1589 3008 credam
1629 2962 1775 3008 tuum
1803 2967 1943 3018 esse,
1973 2953 2116 3022 quod

539 3044 592 3098 in
644 3048 815 3102 altero
869 3046 1004 3102 forte
1049 3045 1518 3117 reprehenderem.
1574 3045 1764 3101 Frater
1815 3047 2118 3100 communis

535 3138 854 3205 suppliciter
885 3147 938 3193 te
965 3139 1182 3193 salutat.

915 3249 1078 3320 334
1150 3249 1477 3304 EPISTOLA
1515 3249 1628 3306 cm
1656 3249 1756 3322 (c).

1105 3378 1172 3416 AD
1212 3378 1558 3417 AUGUSTINUII.

595 3473 920 3528 Commendat
950 3474 1224 3543 .lugttsttno
1257 3473 1563 3528 Prwsitfium
1583 3515 1598 3541 ,
1627 3483 1674 3528 et
1704 3475 1895 3530 salvere
1911 3476 2056 3547 jubet

1213 3567 1471 3636 AQMmm

605 3678 828 3734 Domino
867 3693 992 3732 vere
1038 3677 1232 3733 Sancto
1278 3688 1332 3732 et
1371 3677 1688 3733 Beatissimo
1736 3680 1893 3750 Papae
1936 3682 2114 3738 Ancu-

529 3784 708 3836 srtxo,
743 3770 1084 3825 "IERONDIUS
1110 3770 1160 3823 in
1189 3769 1403 3824 Christo
1425 3771 1650 3825 salutem

603 3883 656 3936 l.
714 3883 868 3936 Anim
913 3881 1186 3951 prteterito
1238 3894 1335 3949 per
1379 3879 1600 3936 fratrem
1651 3892 1891 3938 nostrum
1951 3883 2110 3938 Aste-

527 3975 664 4027 rium
717 3973 1151 4044 llypodiaconum
1211 3971 1504 4040 dignationi
1553 3981 1657 4026 tua:
1696 3975 1980 4042 epistolam
2010 3973 2112 4027 mi-

526 4081 743 4132 seram,
800 4074 1106 4136 promptum
1168 4064 1398 4120 reddens
1457 4063 1796 4119 salutationis
1834 4065 2105 4119 officium:

525 4170 684 4224 quam
714 4154 808 4208 tibi
834 4153 1065 4209 arbitror
1089 4153 1374 4208 redditam.
1411 4152 1563 4209 Nunc
1601 4169 1815 4224 quoque
1853 4168 1950 4223 per
1985 4170 2111 4210 san-

522 4255 670 4298 ctum
698 4243 919 4299 fratrem
954 4259 1129 4300 meum
1171 4245 1487 4299 Praesidium
1519 4245 1810 4300 Diaconum
1834 4285 1850 4310 ,
1877 4246 2108 4301 obsecro

525 4336 757 4404 primum
788 4344 844 4388 ut
867 4333 1176 4389 memineris
1202 4334 1325 4388 mei.
1373 4333 1577 4388 Deinde
1607 4343 1666 4387 ut
1701 4333 1937 4404 bajulum
1961 4335 2106 4390 litte-

524 4443 708 4481 rarum
741 4425 937 4480 habeas
967 4425 1424 4490 commendatum,
1453 4435 1507 4480 et
1549 4423 1680 4478 mihi
1723 4425 1864 4480 scias
1899 4441 2110 4495 germa-

526 4519 828 4584 nis-simum,
859 4526 914 4572 et
941 4517 993 4570 in
1024 4515 1447 4586 quibuscumque
1475 4516 1772 4571 necessitas
1799 4517 2106 4585 postulave-

525 4609 629 4673 rit,
677 4608 860 4664 foveas
909 4618 1068 4678 atque
1120 4616 1420 4672 sustentes;
1472 4622 1580 4661 non
1636 4621 1744 4675 quo
1790 4605 1966 4675 aliqua
2013 4621 2104 4672 re,

527 4699 740 4754 Christo
768 4701 1049 4762 tribuente,
1085 4700 1349 4770 indigeat;
1379 4697 1473 4754 sed
1500 4713 1606 4769 quo
1634 4698 1894 4754 bonorum
1921 4699 2108 4754 amici-

587 4830 660 4892 (a)
690 4828 931 4892 Corrupte
953 4829 1065 4892 olim
1091 4837 1197 4878 erat
1219 4829 1344 4891 apud
1372 4829 1705 4892 Lovauienses
1738 4833 1903 4879 nostra
1925 4842 2074 4890 opera
2089 4861 2105 4891 ,

523 4890 667 4954 quam
689 4891 917 4954 Erasmus
951 4890 1212 4954 lectionem
1238 4890 1533 4954 etnertdavit.
1575 4891 1679 4941 Nec
1713 4890 2108 4954 praetereundum

525 4951 654 5014 Quod
676 4958 788 5014 post
808 4951 1072 5014 V'ietorium
1090 4951 1395 5014 Benedictiui
1419 4959 1664 5014 annotant,
1688 4951 1833 5001 alludi
1850 4951 2106 5014 apologum

563 5011 690 5074 {solii
712 5012 941 5073 ﬁngentis
967 5012 1131 5074 datam
1149 5013 1325 5074 cuique
1357 5011 1819 5074 mortaliumperam
1842 5011 1947 5062 sive
1969 5011 2106 5062 nian-

523 5071 686 5127 ticam.
710 5071 852 5142 cujus
879 5081 1068 5142 partem
1091 5071 1292 5142 alteram
1316 5073 1523 5142 propriis
1536 5071 1677 5142 vitiis
1697 5071 1889 5142 plenam
1910 5087 1939 5122 a
1963 5081 2106 5137 tergo

541 5141 742 5195 gestent,
768 5132 895 5195 qute
911 5132 1296 5195 autemaliorum
1320 5132 1732 5195 'eontinet__vit_ia',
1751 5146 1779 5182 a
1802 5134 1959 5195 fronte
1983 5132 2104 5195 pen-

541 5150 742 5194 'eb'lelll,
768 5150 877 5195 (ιυῖΒ
911 5150 1074 5182 amem
1097 5150 1296 5180 aIIOI'llID
1335 5150 1552 5182 00"“!ch
1591 5150 1705 5181 νιιιει
1751 5150 1779 5182 2
1802 5150 1959 5184 [route
2016 5150 2104 5184 en-

522 5150 724 5262 aentem
763 5195 1041 5256 respiciant.
1078 5193 1248 5255 quue
1287 5201 1517 5256 Spectare
1553 5191 1676 5242 illud
1711 5169 1868 5244 Persii
1892 5194 1944 5244 in
1964 5150 2104 5262 Saty-

652 5325 712 5370 Ut
733 5329 870 5368 nemo
891 5316 941 5367 in
955 5329 1065 5379 sese
1095 5319 1240 5367 tentet
1263 5313 1574 5379 descendere,
1595 5328 1734 5367 nemo
1751 5352 1766 5379 ,

644 5382 737 5450 sed
766 5378 1060 5450 prtecedenti
1083 5383 1324 5450 spectatur
1346 5377 1557 5450 mtmtica
1580 5387 1750 5450 tergo;

583 5442 654 5505 (ὁ)
687 5438 832 5505 Nulli
843 5455 938 5490 non
962 5438 1134 5502 liquet,
1158 5438 1400 5505 Rufﬁnum
1422 5439 1514 5486 hoc
1536 5438 1737 5505 nomine
1753 5438 2030 5505 suggillari,
2051 5451 2103 5495 et

440 5490 457 5504 ’
517 5490 778 5555 maledicta
807 5490 1308 5565 Invectivarumejus
1343 5499 1492 5549 libros
1527 5501 1716 5565 debere
1755 5490 2102 5565 iot‘el'ligitilur

519 5573 684 5615 autem
706 5567 778 5617 sic
799 5563 934 5616 illum
956 5563 1210 5627 appellarit
1230 5561 1571 5627 Hieronymus,
1596 5561 1803 5627 diximus
1825 5561 1967 5627 supi'a
1991 5564 2102 5627 Epi-

519 5576 684 5615 autem
706 5576 778 5617 stc
799 5576 934 5616 illum
956 5576 1210 5627 appellant
1231 5576 1571 5670 hieronymus,
1596 5576 1803 5612 mxmnts
1825 5576 1967 5624 supra
1991 5576 2100 5638 upi-

517 5627 640 5676 stola
662 5628 740 5676 70.
761 5628 819 5676 ad
844 5627 1073 5687 Magnum
1097 5640 1145 5687 n.
1171 5625 1220 5674 6.
1242 5636 1412 5687 quem
1434 5637 1572 5687 ecum
1598 5623 1781 5672 recole.
1807 5623 1967 5687 Antea
1989 5626 2100 5676 hetc

515 5701 713 5750 quoque
730 5695 836 5738 erat
851 5685 1170 5750 Cafpnnrnius
1188 5685 1295 5750 cum
1306 5685 1626 5750 aspiratione,
1645 5686 1965 5736 renuentibus
1980 5688 2101 5740 hanc

517 5749 802 5812 scripturam
825 5749 1072 5812 plerisque
1105 5751 1250 5798 etiam
1274 5749 1390 5812 Mss.

582 5811 652 5870 (c)
686 5810 812 5859 Alius
834 5812 912 5859 98.
940 5810 1124 5874 Scripta
1159 5824 1283 5861 anno
1308 5810 1416 5859 405.

1854 371 2091 430 SANCTI
2129 371 2501 431 HIERONYMI

3720 391 3825 450 83!

2252 486 2710 578 tiasiavidisslme
2749 501 2981 564 expetat,
3020 503 3077 552 et
3114 510 3175 553 se
3215 497 3270 554 in
3314 499 3398 556 bis
3439 503 3823 578 coniungendis

2247 577 2534 632 maximum
2567 589 2716 650 putet
2745 581 3057 641 beneficium
3082 598 3454 646 consecutum.
3498 593 3606 649 Cur
3642 577 3821 655 autem

2245 666 2313 720 ad
2356 667 2698 726 Occidentem
2746 674 3105 745 navigaverit,
3159 677 3275 749 ipso
3319 683 3524 753 poteris
3568 699 3821 746 narrante

2245 769 2586 827 cognoscere.

2313 847 2367 901 2.
2412 848 2523 906 Nos
2569 851 2622 907 in
2662 858 2986 913 monasterio
3015 861 3312 931 constituti,
3335 865 3496 921 variis
3531 866 3657 924 hinc
3696 868 3820 928 inde

2243 933 2489 994 fluetibus
2517 944 2802 1011 qustimur,
2828 957 2883 1002 et
2905 951 3342 1019 peregrinationis
3367 957 3638 1013 molestias
3659 965 3819 1018 susti-

2242 1043 2450 1125 nemus.
2484 1031 2587 1087 Sed
2613 1036 2885 1093 credimus
2915 1040 2965 1094 in
2996 1056 3063 1096 eo
3089 1045 3177 1113 qui
3207 1045 3344 1101 dixit
3369 1065 3382 1102 :
3407 1045 3661 1118 Con/idite
3682 1094 3698 1120 ,
3726 1070 3818 1125 ego

2240 1121 2336 1174 vici
2377 1124 2949 1200 mundum(loan.16.
2985 1133 3052 1203 5)
3088 1152 3102 1189 :
3131 1137 3272 1205 quod
3308 1138 3426 1206 ipso
3470 1121 3817 1200 tribuente'et

2241 1218 2486 1302 pratsule,
2518 1227 2704 1273 contra
2750 1219 2956 1278 hostem
3001 1224 3273 1280 diabolum
3311 1229 3587 1286 victoriam
3629 1248 3816 1290 conse-

2238 1320 2482 1375 quamur.
2530 1307 2782 1364 Sanctum
2822 1321 2877 1367 et
2911 1315 3267 1371 venerabilem
3315 1318 3532 1376 fratrem
3573 1333 3814 1381 nostrum

2239 1397 2432 1468 Papam
2460 1400 2708 1471 Alypium
2731 1443 2745 1467 ,
2778 1411 2836 1459 ut
2865 1421 2985 1460 meo
3013 1407 3271 1480 obsequio
3295 1411 3497 1468 salutes
3519 1455 3535 1481 ,
3565 1416 3810 1474 obsecro.

2235 1487 2413 1544 Sancti
2440 1491 2664 1559 fratres,
2694 1495 2783 1564 qui
2810 1495 3087 1552 nobiscum
3125 1496 3178 1553 in
3215 1503 3538 1558 monasterio
3589 1505 3813 1562 Domino

2235 1582 2440 1636 servire
2479 1582 2750 1653 festinant,
2784 1587 2980 1657 oppido
3011 1598 3060 1643 te
3089 1591 3344 1646 salutant.
3393 1592 3717 1652 Incolumem
3763 1609 3812 1656 te

2234 1682 2288 1726 et
2327 1687 2614 1729 memorem
2651 1678 2753 1731 mei
2791 1678 3039 1734 Christus
3083 1681 3338 1739 Dominus
3381 1697 3563 1742 noster
3606 1699 3813 1746 tueatur

2233 1766 2572 1834 omnipotens
2604 1809 2620 1835 ,
2679 1768 2904 1826 Domine
2953 1786 3080 1827 vere
3131 1783 3316 1830 sancte
3369 1785 3424 1830 et
3470 1781 3811 1850 suscipiende

2232 1855 2394 1926 Papa.
2848 1917 2855 1923 _

2590 1969 2756 2042 s35
2830 1970 3161 2029 EPISTOLA
3199 1975 3311 2030 CIV
3355 1977 3434 2049 (c)

2636 2095 2913 2138 Δυαυετικι
2944 2099 3010 2139 ΔΙ)
3033 2100 3394 2143 HIEBONYIUI.

2230 2189 2597 2264 Hieronymum
2621 2195 2919 2251 dehortatur
2940 2215 2973 2252 a
3005 2199 3148 2254 libris
3179 2201 3486 2257 Testamenti
3518 2209 3701 2263 veteris
3743 2226 3805 2264 es:

2302 2280 2517 2337 Hebraeo
2537 2287 2806 2350 vertendis,
2835 2289 2956 2357 quin
2985 2291 3153 2358 potius
3172 2301 3350 2346 auctor
3375 2305 3469 2360 est,
3496 2305 3549 2348 ut
3582 2297 3802 2369 Septua-

2295 2374 2439 2444 ginta
2478 2376 2752 2430 versionem
2788 2379 2913 2434 mire
2939 2381 3266 2452 depravatam
3295 2400 3356 2436 ac
3381 2388 3662 2443 variantem
3687 2393 3804 2445 red-

2295 2465 2386 2518 dat
2409 2482 2514 2520 sute
2538 2468 2755 2523 veritati.
2788 2467 2992 2525 Novum
3025 2471 3395 2529 Testamentum
3417 2477 3480 2530 ab
3506 2494 3565 2532 eo
3583 2482 3805 2552 castiga-

2294 2564 2399 2608 tunt
2425 2555 2622 2627 probat.

2297 2666 2523 2722 Domino
2546 2671 2861 2740 venerabili,
2889 2681 2943 2729 et
2965 2674 3312 2734 desiderabili
3334 2693 3524 2740 sancto
3551 2686 3724 2755 fratri,
3751 2695 3806 2743 et

2221 2759 2664 2832 compresbytero
2712 2763 3047 2834 Iunonum,
3095 2767 3432 2829 Accusrtaus
3478 2776 3534 2830 in
3575 2777 3804 2834 Domino

2221 2851 2476 2907 Salutem.

2296 2963 2347 3017 l.
2400 2963 2484 3018 Ea:
2523 2982 2624 3037 quo
2667 2970 2801 3038 coepi
2851 2971 2922 3025 ad
2969 2981 3018 3027 te
3064 2974 3296 3043 scribere,
3358 2995 3419 3033 ac
3471 2991 3558 3036 tua
3613 2986 3800 3052 scripta

2221 3054 2535 3124 desiderare,
2584 3063 2843 3128 nunquam
2893 3063 3019 3117 mitti
3071 3066 3248 3125 melior
3295 3072 3514 3124 occurrit
3563 3077 3795 3143 occasio,

2217 3162 2370 3215 quam
2414 3156 2468 3200 ut
2503 3164 2593 3218 per
2633 3148 2731 3204 Dei
2773 3168 2993 3220 servum,
3021 3171 3083 3210 ac
3109 3157 3397 3213 ministrum
3425 3161 3794 3233 ﬁdelissimum,

2221 3238 2440 3308 mihique
2466 3241 2803 3311 carissimum,
2827 3261 2938 3300 mea
2965 3247 3055 3301 tibi
3081 3247 3348 3316 aﬂ'erretur
3376 3254 3610 3323 epistola,
3635 3260 3798 3326 qualis

2219 3339 2292 3382 cst
2317 3330 2455 3397 ﬁlius
2480 3340 2645 3386 noster
2673 3333 2961 3405 Cyprianus
2985 3338 3253 3394 diaconus.
3284 3340 3386 3396 Per
3411 3345 3546 3400 [tunc
3575 3359 3705 3404 certe
3725 3351 3796 3404 ita

2217 3437 2366 3490 spero
2395 3421 2588 3477 litteras
2612 3433 2746 3493 tuas,
2770 3436 2824 3480 ut
2853 3430 3037 3482 certius
3057 3431 3110 3483 in
3131 3431 3224 3484 hoc
3244 3449 3414 3487 rerum
3442 3453 3624 3506 genere
3650 3440 3798 3508 quid-

2216 3531 2366 3584 quam
2389 3531 2594 3584 sperare
2613 3533 2714 3571 non
2735 3519 2944 3588 possim.
2975 3510 3112 3575 N'am
3135 3539 3226 3576 nec
3251 3526 3475 3584 studium
3496 3528 3548 3582 in
3572 3533 3797 3599 petendis

2216 3605 2471 3674 rescriptis
2513 3617 2784 3662 memorato
2827 3609 2937 3678 ﬁlio
2974 3622 3150 3666 nostro
3189 3616 3363 3680 deerit,
3409 3633 3499 3670 nec
3537 3621 3704 3689 gratia
3744 3622 3796 3675 in

2215 3696 2580 3764 promerendis,
2604 3715 2694 3752 nec
2718 3699 2982 3770 diligentia
3008 3703 3060 3757 in
3085 3705 3454 3773 custodiendis,
3490 3725 3580 3762 nec
3605 3711 3792 3765 alacri-

2217 3797 2297 3841 tas
2338 3788 2391 3841 in
2433 3790 2764 3860 perferendis,
2798 3807 2888 3845 nec
2913 3792 3040 3858 ﬁdes
3084 3794 3136 3848 in
3181 3795 3451 3851 reddendis
3482 3813 3501 3851 :
3526 3808 3723 3853 tantum
3751 3802 3795 3855 si

2213 3877 2384 3946 aliquo
2413 3880 2562 3933 modo
2591 3897 2786 3939 merear
2807 3923 2822 3948 ,
2854 3882 3058 3952 adjuvet
3099 3883 3378 3951 Dominus,
3405 3897 3454 3942 et
3481 3890 3616 3944 adsit
3653 3892 3794 3946 cordi

2215 3980 2322 4034 tuo,
2350 3980 2397 4023 et
2431 3971 2682 4026 desiderio
2719 3989 2829 4026 meo
2849 4014 2865 4039 ,
2899 3983 2956 4027 ut
2996 3979 3276 4046 fraternam
3313 3980 3618 4037 voluntatem
3651 3985 3794 4038 nulla

2213 4063 2379 4128 maior
2400 4064 2631 4118 voluntas
2653 4065 2913 4146 impediat.

2282 4155 2337 4210 2.
2366 4155 2498 4219 Quia
2521 4171 2640 4227 ergo
2666 4156 2794 4211 duas
2807 4159 2924 4228 jam
2955 4159 3194 4228 epistolas
3218 4162 3336 4216 misi
3357 4180 3375 4226 ;
3407 4165 3604 4219 nullam
3627 4177 3794 4221 autem

2213 4255 2352 4299 tuam
2379 4255 2555 4316 postea
2582 4248 2768 4315 recepi,
2793 4248 2993 4303 easdem
3021 4251 3158 4321 ipsas
3187 4268 3390 4307 rursum
3419 4257 3614 4311 mittere
3633 4258 3789 4323 volui,

2211 4336 2419 4389 credens
2441 4337 2522 4408 (ά)
2548 4353 2632 4390 eas
2658 4353 2758 4390 non
2781 4341 3080 4408 pervenisse.
3122 4341 3247 4407 Qua:
3271 4355 3319 4398 et
3352 4347 3397 4398 si
3429 4358 3788 4415 pervenerunt,

2213 4443 2274 4480 ac
2300 4429 2513 4498 fortasse
2549 4437 2648 4482 tute
2683 4429 2851 4500 potius
2884 4431 2953 4484 ad
2990 4449 3068 4486 me
3101 4434 3306 4488 minime
3329 4439 3586 4506 pervenire
3611 4450 3791 4509 potue-

2212 4525 2350 4580 runt,
2374 4517 2433 4569 ea
2460 4517 2574 4586 ipsa
2602 4519 2815 4588 scripta,
2847 4537 2961 4590 quae
2979 4523 3094 4591 jam
3122 4523 3322 4589 misisti,
3351 4527 3535 4580 iterum
3562 4529 3720 4591 mitte,
3749 4528 3790 4580 si

2212 4610 2342 4679 forte
2367 4618 2615 4663 reservata
2640 4619 2776 4664 sunt.
2821 4611 2918 4666 Sin
2956 4614 3122 4670 minus
3142 4655 3158 4682 ,
3187 4633 3362 4672 rursus
3389 4618 3526 4672 dicta
3560 4619 3698 4691 quod
3720 4619 3791 4673 ie-

2210 4715 2328 4769 gam
2348 4739 2360 4762 ,
2388 4699 2509 4751 dum
2537 4708 2704 4753 tamen
2729 4701 2809 4755 Itis
2833 4705 3138 4773 respondere
3169 4722 3231 4758 ne
3253 4705 3346 4777 [ιιι.
3381 4707 3504 4780 non]
3531 4710 3753 4779 graveris
3770 4751 3787 4776 ,

2210 4791 2344 4860 quod
2363 4792 2476 4861 jam
2505 4790 2592 4844 diu
2622 4801 2694 4847 est
2734 4802 2789 4845 ut
2824 4805 3052 4863 expecto.
3081 4795 3284 4851 Primos
3308 4798 3478 4865 etiam,
3501 4817 3630 4871 quas
3655 4803 3722 4855 ad
3745 4813 3791 4855 te

2210 4881 2378 4935 adhuc
2418 4881 2690 4953 Presbyter
2719 4885 2911 4940 litteras
2936 4902 3337 4955 prteparaveram
3378 4890 3670 4956 mittendas,
3704 4910 3791 4961 per

2209 4972 2490 5044 quemdam.
2501 4976 2711 5044 fratrem
2741 4985 2967 5030 nostrum
2996 4975 3353 5047 Profuturum,
3382 4982 3471 5050 qui
3496 4993 3673 5051 postea
3702 5000 3792 5038 no-

2211 5065 2282 5119 bis
2309 5063 2503 5135 collega
2533 5068 2700 5136 factus
2719 5107 2734 5131 ,
2763 5067 2872 5134 iam
2912 5081 2978 5120 es;
3015 5067 3110 5121 hac
3154 5069 3252 5122 vita
3289 5070 3562 5140 migravit,
3588 5089 3680 5127 nec
3708 5090 3791 5126 eas

2209 5165 2328 5210 tunc
2370 5157 2478 5226 ipse
2517 5161 2741 5228 perferre
2778 5157 2960 5228 potuit,
2987 5160 3103 5228 quia
3128 5160 3361 5212 continuo
3385 5160 3507 5214 dum
3533 5164 3787 5233 proﬁcis”

2209 5249 2452 5317 disponit,
2485 5247 2821 5320 Episcopatus
2857 5249 3060 5302 sarcina
3101 5249 3325 5303 detentus
3348 5289 3363 5314 ,
3406 5265 3470 5304 ac
3514 5253 3700 5306 deinde
3738 5255 3790 5305 in

2207 5340 2338 5394 brevi
2368 5338 2637 5406 defunctus
2663 5349 2736 5393 est
2754 5381 2770 5408 ,
2797 5338 2946 5393 etiam
2975 5355 3110 5393 nunc
3135 5339 3327 5394 mittere
3351 5341 3491 5394 volui
3510 5383 3526 5409 ,
3570 5353 3626 5397 ut
3661 5343 3790 5396 scias

2205 5431 2260 5483 in
2299 5439 2385 5482 tua
2427 5429 2682 5500 colloquia
2708 5446 2860 5500 quant
2889 5429 3012 5483 olim
3044 5429 3391 5497 inardescunt,
3417 5439 3466 5485 et
3495 5449 3657 5502 quant
3693 5435 3790 5486 vim

2204 5523 2370 5594 patiar
2388 5523 2526 5592 quod
2547 5539 2579 5576 a
2604 5539 2683 5576 me
2707 5533 2809 5576 tam
2839 5521 2989 5592 longe
3008 5521 3187 5576 absunt
3211 5539 3388 5577 sensus
3409 5526 3647 5594 corporis
3672 5527 3744 5580 tui
3773 5540 3789 5578 :

2205 5631 2294 5685 per
2320 5630 2446 5685 quos
2470 5613 2614 5668 adire
2637 5615 2792 5685 possit
2818 5612 2887 5667 ad
2911 5614 3133 5668 animum
3156 5621 3297 5667 tuum
3315 5614 3518 5670 animus
3537 5632 3705 5688 meus,
3726 5621 3790 5673 mi

2288 5750 2335 5802 ci
2373 5749 2501 5801 Alias
2523 5750 2604 5800 88.
2637 5750 2827 5802 Scripta
2848 5761 2972 5800 antro
2994 5750 3102 5801 405.

2288 5764 2314 5800 c
2373 5749 2604 5801 Atias88.
2637 5750 2744 5802 Scri
2776 5750 3102 5801 tonsuram.

2269 5749 2346 5875 id)
2378 5811 2621 5864 Victorius
2643 5825 2707 5865 ex
2733 5764 2976 5862 Erixianis
2997 5812 3242 5864 eodicilms
3267 5811 3400 5863 addit
3418 5814 3486 5866 ad
3509 5821 3578 5867 te.
