4106 6340
415 522 575 588 frater
597 513 907 581 dulcissime,
937 523 984 568 et
1011 515 1065 569 in
1097 514 1300 570 Domini
1326 513 1555 568 nmnbris
1583 512 1896 569 honorande.

475 607 650 678 636
718 609 773 663 ὅ.
818 605 884 660 In
929 607 1025 660 hac
1063 617 1228 660 autem
1277 606 1486 679 epistola
1525 605 1618 658 hoc
1656 605 1826 670 addo,
1861 603 1995 674 quod

415 706 585 767 postea
628 697 916 764 didicimus,
956 713 1020 751 ex
1064 696 1282 752 Hebraeo
1305 696 1404 751 Job
1429 709 1461 750 a
1488 706 1536 750 te
1569 697 1953 764 interpretatum
1975 733 1992 760 ,

413 804 524 841 cum
545 789 657 856 jam
700 787 972 856 quamdam
1015 787 1308 842 haberemus
1351 787 1816 858 interpretationem
1853 794 1996 838 tuam

413 880 637 949 ejusdem
661 877 930 947 PrOpheta:
949 896 1010 934 ea:
1027 878 1204 933 Grteco
1224 879 1418 950 eloquio
1439 894 1632 932 versam
1653 879 1704 930 in
1724 876 1994 930 Latinum:

411 971 494 1024 ubi
525 981 690 1025 tamen
714 973 964 1026 asteriscis
1004 973 1208 1036 notasti,
1237 989 1349 1042 qua:
1370 973 1424 1026 in
1455 971 1669 1026 Hebraeo
1696 980 1834 1036 sunt,
1866 979 1911 1024 et
1941 970 1994 1023 in

414 1063 590 1118 Grieco
611 1065 827 1130 desunt;
853 1065 1078 1119 obeliscis
1107 1074 1296 1132 autcm,
1323 1080 1436 1132 quae
1460 1065 1514 1118 in
1539 1063 1715 1119 (ἔνωεο
1733 1063 1996 1117 inveniun-

411 1165 512 1218 tur,
537 1165 583 1208 et
607 1155 660 1208 in
691 1155 903 1210 Πεδιωο
930 1172 1032 1210 non
1057 1166 1174 1210 sunt
1195 1172 1215 1211 :
1240 1165 1340 1209 tant
1371 1153 1588 1209 mirabili
1610 1153 1872 1224 diligentia
1893 1191 1906 1216 ,
1937 1160 1994 1204 ut

409 1247 711 1315 quibusdam
750 1248 801 1302 in
843 1248 966 1302 locis
1006 1249 1076 1302 ad
1118 1249 1321 1319 singula
1360 1246 1508 1301 verba
1553 1245 1781 1316 singulas
1818 1243 1993 1298 stellas

413 1339 701 1406 videamus,
739 1339 1080 1410 significantes
1101 1340 1275 1393 eadem
1299 1341 1446 1393 verba
1466 1354 1572 1392 esse
1595 1339 1646 1390 in
1672 1335 1906 1398 llebrtzo,
1937 1334 1991 1387 in

412 1428 587 1485 erco
607 1441 772 1484 autem
800 1447 900 1484 non
920 1447 1044 1484 esse.
1077 1428 1245 1484 Porro
1270 1431 1322 1483 in
1343 1431 1438 1483 hac
1457 1427 1730 1499 posteriore
1747 1425 1993 1492 interpre-

409 1523 614 1586 tationc,
642 1536 754 1590 qua:
782 1537 921 1574 versa
945 1531 1017 1575 est
1043 1537 1106 1587 ea:
1130 1519 1366 1586 Hebmo,
1400 1536 1503 1574 non
1531 1519 1704 1572 eadem
1731 1517 1991 1572 verborum

409 1612 535 1680 fides
560 1614 794 1665 occurrit.
825 1611 935 1666 Nec
959 1629 1141 1683 parum
1167 1612 1331 1665 turbat
1357 1611 1660 1681 cogitantem
1677 1650 1692 1674 ,
1719 1609 1797 1663 vel
1823 1624 1914 1661 cur
1938 1608 1991 1661 in

412 1704 503 1756 illa
530 1705 692 1773 prima
719 1713 858 1756 tanta
883 1704 1143 1772 diligentia
1171 1704 1396 1774 figantur
1418 1700 1664 1765 asterisci,
1683 1709 1737 1753 ut
1760 1699 1992 1752 minimas

409 1795 558 1847 etiam
580 1796 853 1863 particulas
877 1795 1119 1849 orationis
1141 1795 1359 1849 indicent
1379 1793 1548 1847 deesse
1566 1793 1818 1846 codicibus
1842 1788 1991 1843 Gree-

408 1885 498 1946 cis,
527 1901 638 1954 quae
657 1894 772 1939 sunt
801 1887 854 1938 in
881 1884 1109 1940 Hebraeis
1131 1899 1149 1938 :
1169 1886 1245 1938 vel
1267 1901 1360 1938 cur
1381 1883 1434 1937 in
1461 1883 1556 1937 hac
1583 1884 1763 1946 altera,
1789 1897 1902 1951 qua:
1927 1896 1992 1934 ex

411 1976 636 2034 llebrteis
673 1988 774 2045 est,
815 1979 1148 2049 negligentius
1187 1978 1283 2032 hac
1322 1986 1554 2032 curatum
1598 1975 1684 2039 sit,
1713 1976 1786 2046 (α)
1809 1982 1860 2027 ut
1889 1989 1991 2027 non

409 2071 593 2124 eaedem
632 2069 894 2141 particula
933 2069 1056 2124 locis
1091 2069 1197 2123 suis
1237 2069 1594 2122 invenirentur.
1638 2067 1841 2135 Aliquid
1874 2065 1991 2120 inde

407 2163 622 2232 exempli
650 2163 813 2233 gratia
837 2162 971 2216 volui
1005 2177 1190 2231 ponere
1221 2176 1240 2213 :
1267 2161 1356 2214 sed
1384 2159 1507 2212 mihi
1531 2159 1597 2212 ad
1627 2160 1806 2211 horam
1831 2157 1991 2210 codex

407 2254 564 2324 defuit
586 2296 599 2316 ,
628 2254 715 2323 qui
744 2269 805 2308 ex
831 2251 1044 2306 Hebrteo
1071 2261 1164 2307 est.
1205 2249 1556 2303 Verumtamen
1593 2249 1710 2318 quia
1745 2247 1990 2317 prwvolas

406 2346 604 2415 ingenio
625 2385 640 2408 ,
671 2360 772 2398 non
795 2344 959 2397 solum
992 2342 1115 2411 quid
1149 2341 1386 2407 dixerim,
1410 2356 1576 2393 verum
1603 2340 1750 2392 etiam
1772 2339 1891 2404 quid
1912 2336 1990 2391 di-

406 2451 517 2487 cere
545 2434 805 2498 voluerim,
838 2432 980 2497 satis,
1005 2441 1057 2484 ut
1082 2431 1292 2498 opinor,
1324 2430 1582 2499 intelligis,
1607 2438 1660 2482 ut
1688 2445 1839 2483 causa
1869 2429 1988 2482 red-

407 2526 534 2590 dita,
565 2523 699 2594 quod
730 2533 912 2586 movet,
945 2523 1210 2577 edisseras.

478 2617 532 2670 4.
568 2613 678 2684 Ego
702 2629 822 2668 sane
850 2623 898 2668 te
922 2613 1122 2667 mallem
1150 2611 1353 2667 Grcecas
1373 2613 1537 2682 potius
1557 2612 1824 2666 canonicos
1851 2611 1992 2665 nobis

406 2705 724 2774 interpretari
746 2703 1059 2772 Scripturas,
1077 2719 1188 2774 qua:
1205 2701 1539 2774 Septuaginta
1556 2701 1890 2772 Interpretum
1916 2702 1988 2771 (b)

405 2797 704 2850 auctoritate
735 2793 1072 2863 perhibentur.
1107 2792 1392 2846 Perdurum
1415 2793 1546 2846 enim
1572 2793 1696 2857 erit,
1728 2792 1772 2844 si
1799 2801 1885 2844 tua
1911 2794 1992 2844 in-

408 2886 696 2957 terpretatio
720 2902 812 2956 per
831 2886 1016 2938 multas
1038 2884 1288 2938 Ecclesias
1308 2883 1612 2951 frequentius
1629 2885 1828 2952 coeperit
1849 2884 1961 2937 lecti
1968 2910 1990 2923 -

407 2978 505 3030 tari
524 3018 537 3039 ,
566 2975 701 3046 quod
723 2993 755 3028 a
778 2974 968 3030 Grcecis
1001 2975 1234 3029 Ecclesiis
1261 2973 1464 3029 Latina:
1491 2973 1733 3028 Ecclesia:
1754 2976 1986 3030 dissona-

407 3069 546 3133 bunt,
573 3074 789 3121 maxime
806 3068 924 3138 quia
945 3067 1094 3139 facile
1109 3066 1448 3120 contradictor
1467 3068 1793 3134 convincitur,
1811 3067 1987 3122 Graeco

406 3161 602 3230 prolato
643 3158 789 3225 libro,
817 3159 871 3212 id
909 3169 979 3213 est
1021 3159 1208 3229 liugute
1237 3158 1532 3213 notissimaz.
1564 3159 1799 3226 Quisquis
1823 3169 1988 3213 autem

405 3251 458 3302 in
495 3266 551 3303 eo
594 3250 728 3319 quod
757 3265 818 3302 ea:
849 3240 1061 3302 Hebraeo
1092 3248 1396 3302 translatum
1435 3259 1541 3315 est,
1573 3250 1742 3316 aliquo
1785 3251 1987 3304 insolito

403 3349 656 3409 permotus
686 3341 865 3410 fuerit,
895 3347 939 3391 et
968 3339 1087 3408 falsi
1117 3340 1306 3392 crimen
1341 3339 1640 3404 intenderit,
1662 3351 1747 3393 aut
1773 3342 1873 3406 vix,
1899 3352 1988 3396 aut

407 3445 662 3497 nunquam
689 3429 756 3480 ad
788 3427 998 3482 Hebraea
1021 3429 1301 3482 testimonia
1330 3431 1658 3498 pervenietur,
1687 3432 1865 3502 quibus
1895 3434 1986 3486 de-

405 3519 643 3586 fendatur
667 3519 932 3589 objectum.
966 3518 1114 3586 Quod
1139 3521 1184 3572 si
1221 3522 1366 3572 etiam
1403 3532 1688 3588 perventum
1714 3525 1886 3592 fuerit,
1917 3534 1988 3578 tot

408 3609 612 3665 Latinas
637 3619 681 3664 et
713 3609 914 3664 ercas
939 3611 1263 3664 auctoritates
1285 3611 1517 3664 damnari
1540 3612 1651 3681 quis
1671 3614 1842 3683 ferat?
1873 3613 1988 3668 Huc

406 3703 614 3766 accedit,
647 3703 764 3770 quia
801 3703 952 3755 etiam
991 3701 1207 3754 consulti
1254 3699 1455 3755 Πρόνίεὶ
1488 3713 1694 3770 possunt
1741 3704 1883 3756 aliud
1909 3721 1989 3757 re-

405 3795 682 3864 spondere;
727 3803 781 3846 ut
828 3803 882 3846 tu
913 3793 1051 3846 solus
1095 3792 1402 3846 necessarius
1444 3794 1678 3859 videaris,
1719 3795 1806 3863 qui
1838 3797 1988 3849 etiam

405 3883 542 3952 ipsos
585 3882 746 3953 possis
783 3883 1071 3937 convincere
1093 3899 1112 3937 :
1141 3883 1230 3937 sed
1260 3893 1420 3936 tamen
1447 3900 1542 3952 quo
1560 3883 1740 3953 judice
1758 3927 1771 3949 ,
1804 3876 1985 3939 mirum

405 3976 449 4030 si
476 3977 698 4046 potueris
721 3976 963 4030 invenire.

475 4069 529 4123 5.
565 4067 702 4122 Nam
729 4067 926 4137 quidem
949 4067 1105 4135 frater
1125 4075 1290 4121 uoster
1313 4065 1616 4137 Episcopus,
1640 4085 1752 4122 cum
1774 4068 1987 4124 lectitari

405 4160 693 4213 instituisset
713 4159 764 4212 in
782 4157 1008 4210 Ecclesia
1027 4160 1108 4211 cui
1129 4167 1327 4226 prteest,
1347 4159 1802 4228 interpretationem
1824 4171 1982 4224 tuam,
2059 4206 2061 4208 .

406 4250 556 4302 movit
580 4248 820 4316 quiddam
852 4246 1000 4318 longe
1025 4249 1172 4301 aliter
1196 4250 1284 4303 abs
1315 4259 1362 4302 te
1387 4250 1605 4319 positum
1634 4251 1771 4320 apud
1796 4251 1986 4305 Jonam

408 4337 718 4408 Pmphetam
749 4336 916 4409 (Cap.
939 4339 992 4393 4.
1015 4355 1062 4395 v.
1086 4339 1179 4410 6),
1204 4356 1356 4410 quam
1383 4351 1487 4394 erat
1516 4341 1736 4395 omnium
1763 4344 1988 4397 sensibus

406 4432 752 4499 memoriaeque
787 4430 1112 4484 inveteratum
1139 4473 1154 4498 ,
1186 4441 1231 4485 et
1262 4441 1332 4494 tot
1356 4441 1560 4486 celatum
1596 4435 1987 4490 successionibus

407 4521 749 4575 decantatum.
805 4519 996 4574 Factus
1066 4521 1225 4593 637
1299 4532 1371 4575 est
1425 4532 1592 4577 tantus
1648 4525 1889 4578 tumultus
1935 4527 1987 4579 in

407 4611 567 4678 plebe,
596 4611 812 4662 maxime
841 4608 1028 4662 Griecis
1053 4613 1403 4680 arguentibus,
1432 4623 1479 4665 et
1511 4612 1581 4681 (c)
1612 4613 1985 4683 inflammanti-

409 4700 498 4752 bus
523 4698 828 4751 calumniam
853 4699 1114 4766 falsitatis,
1139 4711 1188 4751 ut
1210 4711 1470 4768 cogeretur
1490 4701 1776 4774 Episcopus
1807 4705 1885 4777 (Δ)
1907 4705 1988 4779 [ea

469 4853 542 4921 (ei)
577 4851 774 4921 susque
791 4850 996 4921 negandi
1020 4851 1268 4912 particula,
1291 4866 1386 4900 non
1409 4852 1504 4921 alio
1518 4862 1681 4904 tamen
1703 4869 1871 4918 sensu,
1891 4859 1986 4908 Be-

407 4914 642 4966 nedictiui
680 4914 1140 4973 Augustiuiauorum
1180 4927 1384 4975 cperum
1428 4914 1674 4976 editores,
1719 4925 1769 4966 ut
1804 4914 1988 4971 eaedem

441 4976 678 5027 articulat.
705 4981 801 5022 etc.

407 4992 678 5042 particula,
705 4992 801 5022 etc.

416 5100 426 5106 _
449 5038 543 5106 __(b)
579 5037 732 5106 Iidem
753 5033 1075 5106 Benedictini,
1092 5047 1200 5100 qua:
1214 5035 1518 5101 septuaginta
1539 5035 1850 5100 interpretum
1873 5055 1986 5106 per-

405 5098 613 5156 hibetur,
639 5099 822 5160 ahsque
856 5098 1154 5160 auctoritate.

493 5164 540 5225 c)
574 5161 647 5210 Ex
673 5159 947 5225 Erasmoet
989 5159 1353 5225 Lovaniensium
1376 5161 1664 5225 recensione
1683 5165 1986 5223 reposuimus

493 5164 540 5225 c)
574 5163 647 5210 Ex
673 5163 870 5208 Erasmo
895 5166 947 5207 et
989 5163 1353 5210 Lovaniensium
1376 5163 1664 5210 recensione
1683 5165 1986 5223 reposuimus

404 5163 841 5287 inflammantitgus;
874 5221 922 5267 in
955 5223 1315 5287 recentioribus
1351 5225 1531 5286 quippe
1569 5224 1716 5287 editis
1754 5225 1986 5276 hactenus

405 5281 688 5349 optinuerat
723 5281 1106 5349 inclamantibus,
1133 5299 1226 5349 nec
1261 5281 1494 5349 concinite
1519 5286 1666 5344 satis,
1695 5300 1787 5349 nec
1824 5301 1942 5338 vere
1968 5303 1982 5349 ;

550 5346 683 5418 enim
705 5356 897 5418 omnes,
917 5358 1039 5418 quos
1060 5346 1365 5418 Martianaeus
1398 5348 1589 5418 curiose
1615 5348 1868 5418 consuluit,
1897 5346 1984 5418 no;

405 5408 591 5470 luscum
615 5409 786 5470 tegunt
812 5419 825 5452 :
853 5413 905 5454 et
926 5407 1096 5470 Cicero
1117 5421 1311 5470 quoque
1336 5411 1383 5457 in
1405 5409 1614 5458 Verrem
1651 5409 1882 5460 invidiam
1907 5412 1984 5462 in-

403 5467 655 5532 flammare
677 5467 818 5532 dixit,
843 5468 970 5529 quod
994 5477 1071 5532 est
1089 5467 1292 5530 augere.

468 5531 545 5592 (ά)
579 5528 696 5578 Plus
731 5528 880 5593 satis,
925 5530 1104 5578 nedum
1144 5528 1415 5587 immerito.
1441 5531 1633 5593 vapulat
1669 5533 1983 5586 Pezroniusa

405 5591 840 5657 Mart'ianteo,quod
863 5591 1137 5657 legendum
1147 5598 1345 5657 putarit,
1363 5601 1458 5640 oea
1479 5591 1654 5657 quippe
1671 5602 1776 5657 erat
1798 5597 1980 5657 civitas,

407 5606 840 5653 martianteo,quou
864 5606 1125 5653 tegendum
1146 5606 1345 5701 putarit,
1363 5606 1458 5640 uea
1479 5606 1654 5654 quippe
1671 5606 1776 5646 erat
1798 5606 1980 5657 cantas,

407 5661 506 5714 etc,
532 5665 620 5716 pro
655 5665 714 5702 ea
753 5652 945 5716 quippe,
985 5661 1078 5702 etc.
1121 5653 1244 5702 llud
1265 5665 1386 5716 _vero
1426 5655 1672 5716 proprium
1695 5656 1812 5707 Oeae
1848 5660 1983 5708 urbis

404 5713 582 5782 nomen
595 5721 747 5782 antea
768 5713 1161 5764 Substituendtun
1202 5713 1435 5782 voluerat
1446 5713 1635 5782 Isaaeus
1655 5717 1855 5782 Vossius
1879 5722 1982 5782 epi-

404 5775 526 5826 stola
548 5777 607 5824 ad
629 5774 936 5844 Schotanuui,
961 5789 1197 5839 suamque
1211 5779 1538 5844 conjecturam
1556 5778 1681 5827 haud
1704 5774 1978 5844 usquequa-

404 5849 503 5892 aue
539 5837 908 5890 contemnendis
949 5837 1250 5903 argumentis
1288 5837 1683 5896 conﬁrmarem.
1720 5837 1837 5895 quin
1879 5837 1979 5896 imo

1832 392 2165 457 EPISTULA
2204 392 2310 455 CV.

3581 405 3686 467 εει

2092 511 2280 582 quippe
2319 508 2493 564 civitas
2535 510 2682 582 erat)
2709 510 3008 569 Judteorum
3046 515 3380 573 testimonium
3419 521 3680 592 flagitare.

2109 600 2287 656 Utrum
2309 609 2472 654 autent
2501 600 2578 654 illi
2603 601 2856 671 imperitia
2877 645 2893 671 ,
2921 622 2988 660 an
3012 605 3206 667 malitia
3235 609 3328 663 hoc
3359 627 3465 665 esse
3491 605 3542 666 in
3571 612 3681 668 Ile-

2102 694 2247 749 brteis
2271 693 2529 748 codicibus
2555 694 2954 764 responderunt,
2989 698 3126 766 quod
3155 708 3199 754 et
3225 699 3390 755 (ἐι-ωεί
3425 714 3471 757 et
3508 703 3683 760 Latini

2101 784 2367 839 habebant.
2394 782 2467 857 (ε)
2499 784 2634 850 Quid
2662 784 2851 855 plura?
2876 798 3076 843 coactus
3103 801 3176 845 est
3201 793 3348 846 homo
3378 795 3507 848 velut
3535 813 3682 850 meu—

2099 877 2364 932 dositatem
2405 877 2673 948 corrigere,
2711 877 2900 943 volens,
2943 889 3055 948 post
3100 899 3339 953 magnum
3376 888 3681 955 periculum,

2073 1039 2076 1042 ἢ
2099 986 2200 1023 non
2225 985 2483 1024 remanere
2501 970 2610 1023 sine
2631 968 2790 1038 plebe.
2837 969 2985 1024 Unde
3011 971 3162 1025 etiam
3191 975 3333 1031 nobis
3358 977 3556 1031 videtur
3579 981 3680 1034 ali-

2097 1059 2301 1129 quando
2331 1069 2376 1113 te
2401 1076 2595 1130 quoque
2616 1061 2667 1113 in
2689 1059 2946 1115 nonnullis
2964 1061 3080 1132 falli
3099 1065 3337 1133 potuisse.
3369 1067 3434 1122 Et
3457 1069 3566 1122 vide
3584 1070 3682 1124 hoc

2097 1152 2246 1222 quale
2269 1151 2352 1214 sit,
2380 1151 2434 1203 in
2459 1152 2532 1205 eis
2561 1152 2760 1214 litteris,
2793 1168 2907 1222 qua:
2929 1169 3028 1206 non
3055 1163 3263 1222 possunt
3295 1158 3492 1214 collatis
3516 1162 3680 1217 usita-

2097 1251 2265 1294 tarum
2292 1241 2579 1310 linguarum
2602 1242 2898 1296 testimoniis
2921 1243 3200 1298 emendari.

2169 1330 2221 1385 6.
2259 1329 2485 1383 Proinde
2523 1347 2625 1383 non
2662 1349 2842 1400 pareas
2875 1332 2979 1388 Deo
3003 1335 3192 1404 gratias
3223 1335 3420 1406 agimus
3446 1337 3508 1392 de
3532 1355 3682 1410 opere

2097 1431 2182 1475 tuo
2202 1463 2215 1484 ,
2242 1436 2340 1493 quo
2367 1419 2699 1491 Evangelium
2728 1438 2790 1475 ea:
2820 1421 2996 1477 Gra'co
3035 1425 3394 1496 interpretatus
3432 1443 3483 1482 es
3517 1443 3535 1481 :
3560 1431 3680 1498 quia

2098 1528 2223 1582 pene
2258 1513 2311 1565 in
2351 1513 2582 1565 omnibus
2629 1514 2773 1567 nulla
2816 1513 3026 1580 offensio
3068 1527 3162 1580 est,
3203 1533 3318 1570 cum
3357 1517 3679 1590 Scripturam

2097 1604 2326 1659 Graecam
2350 1604 2728 1658 contulerimus.
2761 1603 2911 1659 Unde
2932 1606 2976 1659 si
3003 1607 3270 1676 quisquam
3291 1611 3442 1664 veteri
3465 1611 3681 1679 falsitati

2095 1695 2431 1748 contentiosus
2463 1694 2678 1764 faverit,
2719 1695 2928 1764 prolatis
2957 1695 3252 1766 collatisque
3279 1699 3531 1754 codicibus
3551 1742 3566 1768 ,
3604 1702 3682 1755 vel

2096 1786 2302 1840 docetur
2329 1784 2592 1856 facillime,
2617 1786 2694 1839 vel
2711 1786 2978 1855 refellitur.
3010 1786 3076 1840 Et
3100 1788 3142 1842 si
3163 1789 3394 1858 quaedam
3419 1793 3679 1846 rarissima

2094 1877 2273 1930 merito
2303 1885 2519 1941 movent,
2546 1876 2659 1945 quis
2691 1885 2792 1928 tam
2820 1877 2978 1930 durus
3005 1886 3097 1944 est,
3128 1879 3224 1951 qui
3246 1879 3407 1934 labori
3434 1891 3537 1935 tam
3566 1883 3680 1937 utili

2095 1983 2197 2020 non
2216 1966 2367 2038 facile
2387 1967 2632 2036 ignoscat,
2656 1966 2736 2020 cui
2760 1966 2914 2021 vicem
2941 1968 3110 2022 laudis
3129 1973 3318 2040 referre
3341 1987 3438 2025 non
3464 1973 3680 2042 sufficit?

2098 2058 2236 2122 Quid
2265 2057 2354 2112 tibi
2383 2067 2547 2112 autem
2574 2057 2821 2124 videatur,
2853 2075 2942 2112 cur
2969 2060 3021 2112 in
3048 2060 3223 2114 multis
3247 2062 3395 2115 aliter
3420 2080 3472 2118 se
3498 2064 3679 2118 habeat

2098 2149 2429 2204 Ilebrteorum
2453 2149 2685 2203 codicum
2713 2151 3011 2216 auctoritas,
3037 2152 3186 2206 aliter
3211 2153 3534 2221 ercorum,
3563 2174 3678 2230 qua:

2095 2240 2281 2293 dicitur
2317 2239 2654 2312 Septuaginta
2677 2282 2692 2306 ,
2728 2241 2903 2294 vellem
2932 2241 3214 2312 dignareris
3240 2249 3456 2317 aperire.
3500 2247 3681 2316 Neque

2095 2329 2226 2382 enim
2254 2322 2475 2398 parvumr
2493 2330 2691 2397 pondus
2729 2329 2874 2384 habet
2905 2332 2996 2385 illa
3017 2373 3032 2400 ,
3067 2349 3182 2404 qua:
3208 2336 3280 2390 sic
3311 2339 3487 2391 meruit
3517 2338 3677 2406 diffa-

2095 2421 2246 2485 mari,
2273 2427 2320 2473 et
2345 2436 2444 2489 qua
2474 2436 2590 2473 usos
2611 2420 2900 2489 Apostolos,
2926 2439 3026 2476 non
3047 2425 3208 2478 solum
3231 2443 3310 2492 res
3332 2428 3442 2496 ipsa
3463 2429 3674 2498 indicat,

2094 2511 2184 2565 sed
2211 2512 2358 2564 etiam
2387 2519 2433 2564 te
2453 2521 2742 2565 attestatum
2766 2529 2873 2567 esse
2898 2516 3118 2568 memini.
3157 2516 3229 2570 Ac
3268 2535 3357 2587 per
3386 2519 3480 2573 hoc
3506 2521 3676 2590 pluri-

2097 2624 2233 2660 mum
2259 2608 2532 2678 profueris,
2571 2609 2616 2664 si
2652 2627 2762 2664 eam
2807 2611 3128 2683 Scripturam
3154 2615 3382 2671 ercam
3406 2636 3557 2687 quam
3583 2621 3679 2675 Se-

2095 2699 2362 2768 ptuaginta
2392 2700 2588 2766 operati
2611 2709 2749 2767 sunt,
2779 2700 2976 2756 Latina:
2996 2706 3193 2759 veritati
3219 2708 3499 2764 reddideris
3522 2727 3541 2764 :
3561 2727 3675 2781 qua:

2093 2788 2146 2841 in
2171 2788 2378 2869 diversis
2403 2787 2660 2843 codicibus
2690 2790 2761 2844 ita
2787 2793 2926 2844 varia
2955 2803 3046 2856 est,
3070 2805 3120 2847 ut
3152 2795 3361 2851 tolerari
3385 2799 3468 2852 vix
3488 2801 3674 2869 possit,

2093 2889 2138 2933 et
2163 2882 2234 2934 ita
2259 2866 2511 2950 suspecta,
2539 2897 2602 2934 ne
2638 2883 2690 2935 in
2733 2881 2909 2938 Grieco
2946 2886 3089 2939 aliud
3124 2887 3440 2958 inveniatur,
3468 2866 3521 2945 ut
3559 2893 3680 2948 inde

2093 2970 2287 3036 aliquid
2310 2971 2531 3042 proferri
2561 2982 2649 3025 aut
2687 2974 2891 3043 probari
2917 2975 3188 3033 dubitetur.
3211 2977 3416 3034 Brevem
3439 2983 3676 3050 putabam

2094 3064 2316 3133 futuram
2349 3062 2480 3116 hanc
2509 3063 2773 3132 epistolam
2802 3066 2932 3120 :sed
2956 3069 3122 3122 nescio
3164 3072 3410 3139 quomodo
3449 3073 3519 3126 ita
3552 3073 3677 3128 mihi

2092 3155 2241 3209 dulce
2265 3159 2457 3226 factum
2482 3165 2552 3210 est
2579 3157 2633 3210 in
2657 3173 2716 3210 ea
2751 3159 3010 3230 progredi,
3040 3175 3104 3214 ac
3139 3162 3184 3214 si
3227 3171 3388 3216 tecum
3426 3163 3676 3234 loquerer.

2093 3245 2202 3300 Sed
2241 3244 2442 3300 obsecro
2490 3255 2537 3300 te
2573 3262 2664 3318 per
2703 3245 2999 3311 Dominum,
3039 3266 3102 3304 ne
3139 3259 3187 3304 te
3226 3252 3391 3323 pigeat
3415 3253 3483 3307 ad
3509 3255 3678 3308 omnia

2091 3337 2395 3406 respondere
2415 3377 2430 3402 ,
2475 3347 2521 3392 et
2558 3348 2800 3408 praestare
2825 3339 2966 3406 mihi,
2996 3349 3240 3411 quantum
3264 3345 3509 3414 potueris,
3541 3363 3677 3417 prte-

2091 3427 2304 3481 sentiam
2331 3437 2493 3482 tuam.

2473 3518 2636 3590 633
2695 3519 3039 3576 ‘EPISTOLA
3078 3522 3163 3578 cv
3194 3524 3289 3594 (ο.

2657 3645 2724 3684 ΑΙ)
2752 3647 3108 3687 Δυῦῐῐετιιωκ.

2094 3737 2402 3810 Expostulat
2445 3740 2510 3794 de
2539 3738 2812 3810 Augustini
2841 3739 3075 3812 Epistula
3101 3760 3191 3813 per
3213 3745 3422 3800 Italiam
3459 3739 3640 3818 sparsa
3657 3795 3674 3820 ,

2162 3847 2262 3901 qua
2288 3831 2557 3884 texebatur
2581 3831 2723 3885 locus
2748 3847 2850 3886 non
2873 3843 3004 3888 recte
3027 3850 3061 3888 a
3085 3850 3141 3891 se
3166 3839 3424 3907 expositus
3459 3841 3512 3894 in
3547 3841 3678 3913 Epi-

2163 3923 2295 3977 stola
2324 3923 2392 3976 ad
2418 3921 2651 3978 Galatas.

2166 4014 2392 4068 Domino
2411 4029 2534 4069 vere
2559 4015 2756 4072 Sancto
2777 4025 2834 4074 el
2852 4018 3171 4076 Beatissimo
3191 4021 3352 4092 Papze
3372 4023 3675 4084 Ancus'rmo

2093 4103 2453 4167 "IEBONYIUS,
2489 4104 2540 4158 in
2572 4105 2797 4160 Domino
2819 4109 3066 4164 salutem.

2166 4195 2219 4251 l.
2272 4196 2503 4252 Crebras
2556 4196 2624 4251 ad
2685 4212 2772 4252 me
2828 4201 3079 4269 epistolas
3135 4202 3358 4275 dirigis,
3421 4214 3476 4262 et
3529 4222 3675 4279 saepe

2091 4309 2382 4384 EpiscOputn
2403 4322 2598 4374 quoque
2623 4313 2730 4422 e‘fus
2750 4313 2888 4388 urbis
2910 4314 3224 4389 Mariniannm
3239 4332 3340 4422 lper
3370 4319 3415 4369 id
3442 4325 3674 4384 temporis

2092 4371 2262 4422 fuisse.
2286 4380 2404 4422 satis
2425 4380 2563 4422 certo
2585 4387 2644 4422 co
2666 4373 2821 4422 liuere
2842 4379 2933 4422 sibi
2959 4379 3090 4422 visus
3119 4389 3211 4422 est-
3281 4395 3336 4422 ns
3372 4383 3568 4422 nitidam
3603 4386 3673 4422 ni.

2092 4371 2404 4443 inisse,‘satis
2418 4371 2563 4443 _cert'o
2585 4371 2821 4443 colligere
2842 4379 2934 4427 sibi
2955 4379 3090 4443 _visus
3119 4389 3211 4443 est.
3238 4371 3336 4431 Nos
3372 4371 3569 4443 quidem
3590 4371 3673 4431 inii-

2093 4434 2162 4502 hil
2185 4436 2236 4482 in
2254 4441 2392 4502 testu
2417 4436 2655 4485 immutari
2681 4434 2902 4502 y'olumus
2925 4441 3110 4502 absque
3129 4442 3241 4490 Mss.
3270 4434 3486 4490 codicum
3503 4443 3671 4492 suifra-

2092 4497 2190 4564 gio,
2217 4494 2340 4564 nulli
2369 4502 2534 4545 tamen
2572 4511 2667 4546 non
2690 4498 2883 4564 liquere
2906 4494 3155 4564 nummus,
3183 4502 3286 4550 ﬁeri
3312 4515 3553 4564 perquam
3601 4506 3669 4552 t‘a-

2093 4559 2188 4606 cile
2212 4558 2446 4626 potuisse,
2465 4567 2518 4606 ut
2537 4558 2934 4626 veteresliprarii
2949 4569 3044 4610 oea
3062 4558 3194 4626 vocis
3205 4558 3460 4626 insolentia
3475 4565 3644 4614 offensi
3654 4590 3681 4626 ,ο

2092 4631 2149 4667 ea
2175 4631 2237 4682 ex
2280 4619 2879 4682 ingeniousulistitueriut,
2903 4633 3014 4682 qua;
3051 4623 3109 4669 ad
3147 4622 3275 4672 illius
3309 4619 3668 4676 similitudinem

2093 4680 2316 4741 proxime
2337 4678 2546 4742 accedit.
2574 4678 2680 4725 Non
2703 4678 2942 4742 enim,'ut'_
2969 4679 3261 4742 Martianaco,
3285 4685 3357 4734 sic
3381 4688 3517 4737 nobis
3540 4690 3671 4739 vide-

2093 4738 2196 4810 iur,
2230 4741 2413 4788 rectius
2447 4739 2633 4810 nabere
2665 4738 2899 4810 .yulgatze
2929 4739 3152 4793 lectionis
3180 4738 3484 4810 mutemus;
3519 4751 3616 4798 imo
3635 4738 3670 4798 re

2092 4808 2276 4872 contra,
2302 4799 2563 4872 emendare
2587 4799 2636 4871 si.
2665 4797 2907 4872 licet—itaut
2931 4816 3115 4872 _sensys
3150 4807 3250 4872 si_t,_
3273 4805 3414 4872 facile
3452 4797 3671 4872 potuisse

2090 4861 2370 4934 Judwornm
2393 4860 2721 4934 testimonium
2738 4860 2942 4934 ﬂagitari
2969 4867 3016 4912 in
3040 4865 3140 4915 Oea
3158 4860 3375 4934 ciritate.
3396 4860 3560 4934 in_'qua
3587 4887 3671 4921 eo-

2093 4936 2198 4990 rum
2223 4921 2361 4970 multi
2401 4923 2685 4990 deget-cuti
2706 4921 2907 4990 minime
2945 4939 3068 4977 vero
3097 4929 3226 4990 quod
3266 4943 3323 4980 ea
3362 4921 3526 4981 ci=itas
3565 4941 3670 4983 erat

2090 4982 2390 5046 Judteorum,
2415 4979 2611 5046 ut'falso
2635 4982 2720 5046 ille
2745 4986 2939 5046 praefert
2961 5000 2975 5036 :
3003 4999 3030 5036 n

2090 4990 2390 5040 Judteorum,
2415 4991 2469 5030 ut
2493 4990 2611 5054 tatso
2635 4990 2720 5032 ille
2745 4990 2939 5046 praefert
2961 5000 2975 5036 :
3003 4999 3164 5052 neque
3189 4999 3258 5044 ut,
3286 4990 3378 5040 alia
3416 4994 3668 5056 interpun-

2090 5045 2270 5098 ctioue.
2293 5043 2601 5093 Benedictio:
2624 5045 3078 5098 Autmstiniaunrum
3101 5064 3305 5098 onerum
3344 5053 3560 5098 editores
3583 5056 3668 5098 ha-

2818 5048 3305 5113 iniauorum'operum
3344 5048 3561 5103 editores
3583 5056 3669 5103 lia-

2093 5107 2228 5170 bcnt,
2246 5106 2369 5170 quod
2381 5119 2454 5165 ea,
2469 5106 2515 5170 id
2535 5113 2631 5167 est,
2646 5106 2775 5170 talis,
2792 5115 2896 5158 erat
2911 5108 3090 5161 civitas.
3107 5106 3162 5162 u't
3175 5112 3292 5164 illud
3314 5115 3595 5166 Juda’orum
3610 5117 3669 5166 ad

2092 5169 2417 5240 testimonium
2442 5168 2701 5240 releratu_r,
2740 5168 2837 5218 non
2873 5171 2935 5240 ad
2971 5173 3220 5240 civitatem
3247 5190 3261 5225 :
3287 5186 3494 5240 utroque
3536 5179 3668 5240 enim

2089 5229 2230 5296 modo
2252 5237 2335 5278 aut
2355 5228 2491 5292 falsa,
2517 5241 2599 5281 aut
2621 5228 2824 5296 checura
2847 5239 2899 5282 et
2923 5234 3150 5296 impedita
3174 5228 3427 5286 sententia'
3447 5243 3538 5287 est.
3565 5239 3668 5288 Nec

2089 5291 2284 5360 tandem
2307 5291 2486 5362 movet,
2513 5293 2641 5362 qugd
2663 5295 2873 5362 maxime
2890 5291 3041 5362 urget
3064 5297 3390 5362 Martiangeus,
3417 5299 3661 5362 Oppidum.

2089 5353 2197 5401 sive
2218 5351 2497 5416 oppidulum
2517 5351 2640 5403 infra
2680 5356 2824 5416 epist.
2851 5351 3114 5406 “sinum.
3141 5360 3339 5407 2|.dici
3377 5351 3467 5408 ξιδέ
3481 5351 3664 5410 mero;

2089 5427 2231 5476 nymo
2254 5425 2398 5480 (genui
2422 5430 2555 5473 vero,
2579 5429 2690 5480 quae
2712 5430 2839 5467 nunc
2879 5416 3080 5480 Tripolis
3101 5419 3292 5478 dicitur,
3321 5419 3526 5480 amplam
3549 5423 3666 5469 civi-

2089 5475 2239 5540 tatem
2263 5475 2433 5538 fuisse,
2455 5475 2610 5540 atque
2628 5491 2741 5528 esse
2764 5491 2777 5527 :
2806 5491 2913 5540 nam
2939 5475 2992 5528 et
3012 5481 3256 5529 civitatem
3279 5475 3551 5530 heic'vocat
3570 5482 3666 5530 Au-

2087 5539 2330 5604 gustinus,
2367 5547 2424 5604 et
2460 5539 2611 5604 misce
2643 5539 2792 5590 sedes
2825 5539 3049 5603 Episcom
3091 5541 3371 5600 persuadet,
3414 5549 3465 5590 et
3495 5543 3667 5604 oppida

2091 5599 2284 5650 tandem
2301 5603 2457 5650 omnia
2475 5602 2700 5652 civitates
2716 5613 2847 5662 esse,
2868 5599 2964 5648 non
2983 5599 3015 5662 εξ
3037 5599 3294 5662 converso,
3311 5613 3456 5651 nemo
3479 5599 3667 5652 estho-

2089 5662 2727 5775 hig‘qoretﬂid.
2739 5661 2968 5721 Plinium,
2979 5659 3215 5725 Solinum,
3229 5659 3424 5727 Melan),
3443 5668 3496 5716 et
3513 5662 3664 5718 Gesta

2174 5730 2239 5773 at.
2265 5730 2487 5773 Carthau.

2151 5737 2239 5773 nat.
2265 5737 2487 5786 cartnag.

2151 5785 2222 5854 (ηε)
2248 5785 2555 5854 Benedictini
2577 5783 2780 5854 addunt,
2802 5787 2946 5846 atque
2966 5781 3208 5854 dicebant.

2157 5847 2230 5901 (fl
2267 5847 2394 5900 alias
2413 5846 2491 5899 92.
2511 5845 2694 5908 scripta
2715 5845 2845 5896 circa
2864 5855 3040 5896 annum
3061 5845 3155 5897 ιοδ
