4106 6340
551 339 662 398 838

555 452 868 530 compellas,
896 461 953 509 ut
978 452 1336 525 respondeam
1359 455 1571 518 cuidam
1599 458 1851 532 Epistolas
1877 471 2004 530 tuze,
2028 479 2124 520 cu-

551 543 637 612 jus
667 527 733 600 ad
763 561 847 601 me
867 586 883 612 ,
921 553 977 601 ut
1011 555 1135 602 ante
1155 547 1266 618 jam
1295 549 1520 620 scripsi,
1547 527 1659 622 perv
1685 552 1898 610 fratrem
1939 527 2126 626 Svsin-

553 637 699 690 nium
741 636 1029 691 Diaconum
1064 639 1389 709 exemplaria
1416 653 1775 712 pervenerunt
1804 645 2004 716 absque
2032 663 2124 700 su-

554 725 842 796 seriptione
869 735 992 792 tua;
1032 736 1093 783 et
1140 744 1298 800 quam
1348 731 1577 801 primum
1615 746 1710 802 per
1743 733 1958 789 fratrem
1992 735 2126 790 Pro-

547 815 817 883 futurum,
863 818 1104 874 secundo
1145 836 1240 890 per
1280 823 1568 892 quemdam
1611 824 1771 880 alium
1821 834 1872 882 te
1916 826 2125 888 misisse

549 904 815 974 significas
843 923 857 960 :
883 917 938 963 et
975 909 1187 965 interim
1231 911 1572 968 Profuturum
1618 924 1907 970 retractum
1935 917 2003 972 de
2035 918 2124 972 itl-

547 1012 712 1066 nere,
739 1008 794 1055 et
820 998 1142 1072 Episcopum
1173 1007 1516 1060 constitutum
1541 1048 1554 1070 ,
1589 1009 1759 1063 veloci
1793 1020 1966 1065 morte
1992 1011 2123 1064 sub-

549 1097 776 1143 tractum
811 1107 825 1144 :
854 1091 1002 1147 illum
1029 1093 1182 1163 cujus
1212 1111 1406 1152 nomen
1436 1099 1650 1163 retices.
1680 1101 1846 1156 maris
1878 1102 2123 1159 timuisse

540 1179 854 1236 discrimina
875 1224 891 1250 ,
923 1193 978 1238 et
1007 1186 1357 1256 navigationis
1386 1199 1621 1246 mutasse
1643 1193 1947 1247 consilium.
1993 1193 2123 1262 Qua:

545 1287 670 1326 cum
698 1271 768 1326 ita
800 1274 926 1341 sint,
949 1276 1080 1330 satis
1108 1277 1289 1331 mirari
1319 1294 1544 1350 nequeo,
1573 1282 1840 1351 quomodo
1867 1284 1980 1353 ipsa
2004 1286 2119 1355 epi-

539 1362 681 1418 stula
703 1373 758 1418 et
785 1364 969 1419 Roma:
993 1375 1048 1420 et
1076 1367 1127 1420 in
1159 1367 1304 1423 italia
1329 1369 1513 1425 haberi
1543 1386 1571 1424 a
1603 1372 1870 1444 plerisque
1890 1374 2118 1443 dicatur,

541 1463 602 1508 ct
625 1454 695 1510 ad
726 1470 811 1510 me
834 1456 1006 1511 solum
1037 1473 1143 1512 non
1175 1461 1520 1528 pervenerit,
1550 1463 1635 1517 cui
1667 1464 1767 1517 soli
1796 1463 1959 1519 missa
1989 1477 2071 1520 est
2100 1484 2117 1521 :

546 1547 841 1616 praesertim
877 1561 1003 1602 cum
1045 1548 1185 1603 idem
1225 1550 1390 1606 frater
1425 1549 1706 1623 Sysinnius
1735 1554 1874 1609 inter
1895 1567 2120 1611 caeteros

541 1635 822 1692 Tractatus
853 1645 971 1693 tuos
990 1638 1185 1695 dixerit
1203 1657 1318 1696 eam
1340 1656 1399 1698 se
1416 1657 1526 1697 non
1551 1644 1602 1698 in
1625 1643 1828 1711 Africa,
1852 1661 1956 1701 non
1979 1648 2118 1717 apud

544 1736 626 1787 te.
658 1730 751 1783 sed
783 1729 834 1784 in
864 1729 1032 1785 insula
1062 1731 1261 1800 Adrim,
1300 1743 1424 1789 ante
1469 1734 1570 1790 hoc
1610 1735 1778 1792 ferme
1823 1737 2121 1808 quinquen-

541 1817 688 1872 nium
718 1821 1006 1889 reperisse.

611 1907 668 1962 2.
702 1908 781 1964 De
805 1911 1030 1966 amicitia
1054 1915 1218 1968 omnis
1246 1915 1470 1970 tollenda
1497 1917 1742 1988 suspicio.
1787 1917 1862 1974 De
1886 1919 2117 1976 amicitia

535 1999 718 2054 omnis
749 2001 982 2056 tollenda
1009 2003 1242 2072 suspicio
1267 2015 1372 2071 est,
1403 2017 1457 2060 et
1483 2007 1561 2062 sic
1584 2023 1704 2062 cum
1733 2008 1907 2065 amico
1924 2049 1942 2077 ,
1968 2010 2118 2080 quas"

535 2107 661 2147 cum
704 2093 874 2146 altero
916 2107 975 2148 se
1011 2105 1094 2149 est
1138 2095 1482 2165 loquendum.
1530 2097 1782 2154 Nonnulli
1829 2100 2118 2158 familiares

538 2182 645 2237 mei
669 2191 721 2237 et
743 2198 868 2238 vasa
892 2183 1110 2251 Christi,
1134 2201 1356 2257 quorum
1384 2187 1734 2260 Jerosolymis
1759 2199 1812 2246 et
1836 2193 1889 2246 in
1918 2191 2118 2249 sanctis

537 2273 695 2330 Locis
715 2291 812 2345 per
831 2291 1021 2346 magna
1044 2277 1196 2348 copia
1215 2287 1317 2346 est,
1345 2280 1722 2350 suggerebant,
1753 2298 1856 2337 non
1889 2282 2117 2353 simplici

535 2367 718 2420 animo
745 2382 776 2422 a
805 2376 856 2422 te
882 2367 1079 2424 factum
1100 2411 1116 2437 ,
1147 2369 1241 2425 sed
1271 2370 1480 2426 laudem
1509 2379 1670 2444 atque
1696 2375 2032 2430 rumusculos
2061 2384 2117 2430 et

531 2457 817 2528 gloriolam
858 2462 1040 2530 populi
1073 2462 1148 2534 (a)
1176 2464 1517 2534 requirente,
1545 2476 1604 2520 ut
1630 2465 1698 2521 de
1724 2466 1877 2522 nobis
1905 2483 2118 2524 cresce-

536 2563 655 2616 res;
691 2559 746 2605 ut
771 2551 923 2607 multi
949 2563 1332 2622 cognoscerent
1362 2564 1412 2609 te
1443 2571 1752 2624 provocare,
1777 2572 1868 2612 me
1895 2558 2112 2624 timere;

536 2650 591 2696 te
616 2643 852 2697 scribere
876 2651 934 2696 ut
958 2643 1171 2698 doctum
1193 2685 1210 2710 ,
1239 2661 1325 2700 me
1358 2657 1535 2702 tacere
1555 2687 1572 2715 ,
1601 2658 1658 2702 ut
1686 2649 1990 2717 imperitum
2017 2667 2029 2702 :
2060 2659 2117 2705 et

537 2730 750 2786 tandem
780 2733 1081 2802 reperisse,
1127 2735 1216 2804 qui
1261 2736 1557 2805 garrulitati
1628 2735 1794 2809 639
1865 2753 1998 2794 mea:
2031 2741 2114 2793 si-

535 2821 759 2877 lentium
785 2822 1110 2894 modumque
1148 2823 1466 2895 imponeret.
1523 2827 1635 2897 Ego
1672 2837 1852 2882 autem
1891 2837 1949 2883 ut
1985 2830 2115 2884 sim-

535 2913 743 2983 pliciter
783 2913 951 2969 fatear
991 2913 1281 2986 dignationi
1333 2925 1457 2984 tute,
1499 2917 1730 2987 primum
1774 2918 1973 2975 idcirco
2023 2936 2111 2976 re-

533 3005 800 3075 spondere
843 3006 1028 3074 nolui,
1075 3007 1198 3078 quia
1244 3016 1388 3062 tuam
1433 3007 1637 3079 liquido
1676 3011 1954 3082 epistolam
2002 3030 2110 3071 non

531 3097 846 3165 credebam;
891 3113 990 3154 nec
1020 3104 1115 3171 (ut
1143 3100 1282 3171 vulgi
1309 3100 1377 3156 de
1402 3101 1717 3171 quibusdam
1766 3106 2108 3176 proverbium

529 3188 635 3262 est)
660 3189 811 3244 litum
841 3191 998 3245 melle
1021 3191 1276 3261 gladium.
1323 3192 1523 3249 Deinde
1566 3194 1695 3250 illud
1727 3196 1978 3252 caveham
2001 3239 2015 3260 ,
2041 3213 2110 3256 ne

529 3278 788 3350 episcopo
825 3281 1216 3336 communionis
1260 3297 1394 3337 mea:
1433 3283 1644 3340 viderer
1688 3288 1985 3356 procaciter
2024 3306 2110 3346 re-

531 3370 834 3440 spondere;
880 3379 935 3427 et
973 3372 1148 3443 aliqua
1177 3372 1230 3428 in
1265 3373 1706 3444 reprehendentis
1748 3378 1974 3447 epistola
2018 3397 2107 3436 rc-

532 3461 904 3534 prehendere:
929 3464 1224 3534 praesertim
1243 3480 1366 3522 cum
1389 3467 1630 3538 quardam
1657 3469 1710 3524 in
1739 3469 1828 3525 illa
1855 3469 2105 3528 hzeretica

533 3553 839 3625 iudicarem.

599 3649 653 3703 5.
687 3648 766 3702 Ad
795 3658 1116 3718 extremum,
1149 3666 1217 3707 ne
1248 3661 1302 3708 tu
1331 3653 1448 3723 jure
1473 3657 1872 3726 cxspostulares
1894 3699 1911 3725 ,
1937 3666 1990 3714 et
2017 3657 2104 3714 di-

527 3754 678 3796 ceres
707 3757 720 3794 :
753 3741 889 3809 Quid
915 3743 1096 3798 enim?
1124 3743 1418 3814 Epistolam
1441 3763 1613 3803 meam
1633 3750 1862 3817 videras,
1888 3761 1942 3805 et
1963 3765 2104 3807 noue

529 3834 620 3888 tibi
647 3848 837 3888 manus
867 3834 920 3890 in
946 3836 1340 3904 subscriptione
1365 3840 1516 3910 signa
1544 3840 1979 3911 deprehenderas
1998 3885 2012 3907 ,
2047 3853 2105 3899 ut

527 3936 633 3980 tam
671 3926 825 3982 facile
869 3929 1101 3984 amicum
1147 3929 1404 3998 lmderes,
1431 3941 1484 3987 et
1511 3934 1730 3989 alterius
1758 3936 2015 3991 malitiam
2049 3939 2102 3994 in

524 4031 698 4072 meam
727 4026 962 4074 vorteres
983 4022 1394 4076 contumeliam?
1419 4023 1584 4093 Igitur
1605 4035 1663 4078 ut
1689 4034 1812 4081 ante
1834 4027 1944 4096 jam
1970 4029 2104 4083 scri-

521 4107 623 4177 psi,
652 4117 744 4162 aut
781 4109 935 4164 mitte
975 4110 1220 4165 eamdem
1268 4114 1571 4181 epistolam,
1603 4125 1689 4171 tua
1737 4118 2092 4190 subscriptam

519 4211 711 4262 manu,
743 4207 834 4252 aut
856 4214 1042 4254 senem
1078 4201 1372 4256 latitantem
1412 4204 1464 4258 in
1491 4205 1683 4260 cellula
1712 4211 1976 4265 lacessere
2001 4211 2090 4266 de.

518 4289 656 4344 sine.
684 4286 778 4343 Sin
805 4301 980 4344 autem
1011 4298 1154 4344 tuam
1182 4293 1260 4346 vis
1291 4293 1374 4346 vel
1401 4309 1674 4361 exercere,
1700 4297 1781 4352 vel
1809 4298 1886 4370 ()
1911 4311 2097 4355 osten-

519 4388 633 4433 tare
659 4378 978 4442 doctrinam,
1001 4395 1180 4447 quacre
1201 4381 1426 4450 juvenes
1455 4394 1508 4438 et
1533 4383 1763 4440 disertos
1788 4396 1842 4442 et
1865 4389 2092 4457 nobiles,

516 4485 744 4539 quorum
771 4471 956 4524 Romm
986 4469 1236 4526 dicuntur
1259 4486 1381 4528 esse
1427 4476 1826 4546 quamplurimi,
1852 4481 1940 4549 qui
1975 4495 2097 4549 pos-

516 4565 623 4615 sint
662 4571 716 4617 et
755 4561 985 4616 audeant
1037 4571 1210 4617 tecum
1249 4563 1540 4634 congredi,
1572 4574 1626 4620 et
1659 4567 1709 4620 in
1737 4568 2100 4639 disputatione

517 4664 820 4708 sanctarum
850 4653 1246 4723 Scripturarum
1271 4694 1286 4719 ,
1308 4653 1495 4724 jugum
1524 4669 1657 4710 cum
1700 4657 1964 4729 Episcopo
1990 4660 2093 4717 du-

517 4761 665 4800 cere.
699 4744 812 4815 Ego
840 4746 1105 4814 quondam
1136 4746 1314 4814 miles,
1341 4761 1481 4802 nunc
1508 4758 1791 4805 veteranus
1815 4762 1868 4807 et
1897 4761 2012 4808 tuas
2039 4763 2094 4809 et

515 4836 744 4890 aliorum
789 4835 960 4890 debeo
999 4835 1216 4891 laudare
1253 4839 1538 4905 victorias,
1590 4856 1696 4896 non
1745 4841 1860 4910 ipse
1905 4859 2093 4901 rursus

515 4925 697 4978 effueto
726 4938 951 4990 corpore
979 4924 1265 4992 dimicare;
1299 4943 1366 4982 ne
1393 4928 1440 4982 si
1466 4944 1552 4984 me
1579 4932 1887 5002 frequenter
1909 4935 1976 4989 ad
2006 4950 2091 4992 re-

513 5013 858 5071 serihendum
901 5015 1196 5084 impuleris,
1243 5018 1384 5072 illius
1425 5022 1678 5077 recorder
1719 5024 1790 5094 (c)
1829 5025 2089 5093 historiae,

511 5106 655 5178 qttod
697 5105 1044 5159 Hannibalem
1075 5107 1384 5176 jttveniliter
1408 5113 1795 5181 exsultantem,
1835 5117 1900 5184 .
1928 5116 2092 5174 Maxi-

513 5214 635 5254 mus
664 5197 918 5268 patientia
945 5211 1040 5252 sua
1065 5195 1299 5266 fregerit.

513 5309 699 5367 Omnia
732 5310 827 5382 [ert
851 5316 997 5377 tetas,
1025 5309 1251 5380 animum
1275 5327 1473 5382 quoque
1497 5327 1516 5368 :
1540 5329 1676 5386 saepe
1700 5331 1790 5389 ego
1815 5318 1994 5392 longos

571 5465 1365 5543 (a)..ttettaeeerqviretee
1390 5482 1532 5542 qvam
1556 5471 1832 5543 lectiean
1857 5475 1958 5528 falsi
1993 5493 2091 5543 pn-

508 5529 634 5579 dem
645 5529 885 5578 Victorius
905 5529 1216 5579 accusaverat
1238 5531 1287 5579 in
1305 5529 1598 5582 Erasmianis
1617 5535 1881 5588 codicibus.

570 5589 642 5651 ()
674 5590 982 5654 yartianzeus
1003 5598 1113 5654 post
1134 5591 1386 5654 Erasmum
1405 5597 1672 5646 ostendere.

545 5657 641 5723 .(c)
662 5651 907 5726 Esca-pud
927 5651 1118 5703 Livium
1133 5651 1345 5705 Decadis
1367 5655 1527 5706 tertia:
1540 5654 1626 5707 lib.
1650 5658 1698 5706 2.
1721 5657 1885 5724 deque
1910 5675 1971 5714 eo
1993 5663 2088 5715 Ma-

506 5712 640 5762 ximo
662 5712 920 5773 Virgilius,

635 5782 782 5834 Unus,
807 5773 891 5837 qui
918 5775 1052 5828 nobis
1073 5777 1342 5830 cum-tando
1371 5778 1574 5834 restituit
1595 5793 1711 5834 rem.

1815 345 2056 405 SANCI'I
2091 345 2472 411 HIERONYIII

2234 466 2502 568 {lentando
2526 487 2743 544 puerum
2764 477 2970 535 memini
2997 498 3076 537 me
3095 487 3308 543 condere
3323 489 3476 547 soles.
3721 557 3727 568 _

2233 553 2391 652 {Vane
2417 560 2570 616 oblita
2595 565 2720 620 mihi
2743 577 2816 622 tot
2838 571 3065 627 carmina
3092 591 3112 629 :
3134 593 3229 630 una:
3250 596 3442 652 quoque
3463 582 3668 642 Herius

2229 645 2351 702 Jam
2375 653 2506 723 fugit
2533 655 2664 726 ipsa.
3056 645 3284 736 (.
3323 645 3505 746 -.
3534 676 3588 733 9.
3615 694 3664 735 .
3693 681 3810 755 st.)

2230 779 2300 874 Et
2324 791 2382 874 ut
2406 786 2574 856 magis
2613 787 2683 844 de
2722 788 3014 862 Scriptnris
3062 800 3261 854 sanctis
3307 801 3516 874 loquar,
3544 807 3807 867 Benellai

2231 871 2321 926 ille
2344 873 2680 945 Galaadites,
2711 883 2853 952 regis
2883 883 3042 939 David
3075 888 3328 945 beneficia
3347 935 3361 953 .
3380 871 3687 969 tonius-sque
3711 901 3804 956 de-

2231 962 2376 1018 licias
2397 966 2576 1035 juveni
2603 969 2856 1040 delegatus
2887 977 3108 1048 filio'(2.
3145 979 3268 1052 Reg.
3300 984 3423 1055 l9),
3453 962 3688 1045 ostendit
3725 1008 3808 1046 se-

2227 1063 2496 1111 nectutem
2523 1057 2642 1114 bare
2669 1077 2768 1118 nec
2787 1076 3041 1136 appetere
3065 1069 3284 1140 debere,
3315 1090 3413 1130 nec
3437 1077 3610 1133 oblata
3639 1085 3808 1136 susci-

2228 1160 2376 1216 pere.

2297 1238 2351 1292 4.
2397 1238 2548 1308 Quod
2579 1252 2760 1300 autem
2787 1246 2938 1316 juras
2967 1259 3018 1306 te
3046 1252 3328 1311 adversum
3359 1273 3446 1313 me
3472 1259 3669 1316 librum
3706 1279 3805 1320 nec

2225 1330 2526 1400 scripsisse,
2552 1350 2723 1406 neque
2744 1338 2968 1396 Romam
2994 1345 3224 1413 misisse,
3247 1364 3404 1418 quem
3435 1367 3544 1407 non
3571 1356 3803 1425 scripse-

2225 1420 2336 1486 ris;
2377 1423 2472 1478 sed
2514 1425 2560 1480 si
2600 1427 2736 1484 forte
2776 1431 2954 1502 aliqua
2996 1433 3048 1489 in
3079 1437 3182 1492 tuis
3206 1439 3419 1510 scriptis
3444 1420 3800 1514 reperiantur,

2223 1526 2344 1582 qua:
2370 1531 2399 1568 a
2428 1531 2551 1572 meo
2580 1532 2743 1575 sensu
2785 1522 3112 1596 discrepent,
3143 1544 3249 1584 non
3285 1547 3373 1587 me
3409 1547 3440 1588 a
3479 1544 3532 1590 te
3571 1535 3758 1593 Iesum
3780 1581 3799 1606 ,

2223 1601 2318 1658 sed
2341 1618 2371 1658 a
2397 1614 2448 1660 te
2468 1609 2748 1678 scriptum,
2768 1615 2913 1682 quod
2942 1617 3034 1671 tibi
3059 1630 3262 1675 rectum
3285 1622 3592 1691 videbatur;
3621 1601 3802 1698 quaso

2223 1703 2281 1748 ut
2328 1712 2413 1752 nte
2456 1703 2722 1769 patienter
2758 1707 2964 1762 audias.
3016 1710 3133 1767 Non
3175 1698 3435 1786 scripsisti
3481 1719 3675 1776 librum
3701 1764 3717 1789 ,
3749 1733 3804 1778 et

2452 1793 2716 1861 quomodo
2759 1798 2885 1854 mihi
2918 1784 3348 1871 reprehensionis
3391 1824 3420 1863 a
3464 1818 3517 1866 te
3551 1784 3803 1884 mem'per

2220 1879 2354 1934 alios
2382 1885 2578 1952 scripta
2622 1885 2793 1942 delata
2840 1894 3000 1946 sunt?
3045 1895 3153 1950 Cur
3191 1896 3352 1954 habet
3389 1897 3536 1956 Italia
3576 1879 3721 1974 quod
3746 1915 3801 1962 tu

2218 1984 2326 2027 non
2373 1976 2673 2044 scripsisti?
2719 1981 2831 2048 Qua
2864 1987 3074 2043 ratione
3102 1992 3300 2059 poscis,
3325 2004 3382 2048 ut
3411 1999 3706 2054 rescribam
3731 2003 3798 2058 ad

2219 2077 2282 2118 ea
2305 2081 2422 2134 qua:
2445 2068 2725 2138 scripsisse
2750 2082 2804 2128 te
2826 2075 3094 2148 denegas?
3116 2081 3230 2137 Non
3261 2093 3366 2140 tam
3394 2086 3560 2145 hebes
3582 2107 3722 2160 sum,
3741 2103 3801 2150 ut

2219 2155 2264 2209 si
2288 2155 2498 2214 diversa
2519 2165 2774 2232 senseris,
2795 2182 2879 2222 me
2903 2183 2931 2221 a
2957 2179 3008 2226 te
3032 2171 3216 2228 laasum
3240 2185 3442 2246 putem.
3473 2180 3578 2236 Sed
3606 2184 3650 2237 si
3680 2155 3798 2242 mea

2215 2247 2463 2304 cominus
2491 2251 2630 2308 dicta
2658 2257 3056 2328 reprehendas,
3085 2274 3139 2320 et
3172 2267 3432 2324 rationem
3471 2273 3796 2344 scriptorum

2217 2350 2466 2409 expects,
2489 2353 2544 2399 et
2565 2361 2682 2416 qum
2709 2349 3017 2420 scripserim
3044 2395 3059 2419 ,
3089 2358 3377 2415 emendare
3401 2365 3710 2433 compellas,
3743 2377 3798 2424 et

2218 2431 2284 2486 ad
2625 2455 2904 2509 provoces,
2929 2453 2984 2498 et
3009 2447 3196 2503 oculos
3217 2449 3348 2504 mihi
3375 2431 3588 2522 reddas,
3613 2456 3666 2511 in
3693 2431 3797 2515 hoc

2450 2529 2702 2599 amicitia,
2728 2533 2780 2588 in
2813 2535 2914 2591 hoc
2942 2542 3348 2598 necessitudinis
3365 2545 3485 2615 jura
3504 2549 3793 2606 violantur.

2217 2613 2294 2668 Ne
2317 2617 2597 2673 videamur
2616 2630 2825 2679 certare
2853 2628 3150 2697 pueriliter,
3169 2641 3223 2686 et
3248 2613 3542 2692 fautoribus
3570 2639 3796 2696 invicem

2217 2707 2300 2762 vel
2327 2707 2718 2768 detractoribus
2744 2717 2944 2772 nostris
2981 2720 3212 2777 tribuere
3255 2728 3530 2782 materiam
3573 2742 3796 2786 conten-

2215 2798 2410 2868 dendi;
2469 2801 2584 2860 hate
2626 2807 2828 2876 scribo,
2867 2812 2990 2880 quia
3037 2823 3090 2868 te
3133 2829 3264 2884 pure
3299 2826 3353 2871 et
3380 2817 3684 2876 Christiane
3708 2821 3795 2876 di-

2211 2893 2380 2964 ligere
2404 2897 2592 2968 cupio,
2630 2914 2728 2955 nec
2757 2902 3047 2974 quidquam
3085 2906 3139 2960 in
3179 2923 3295 2962 mea
3327 2920 3506 2966 mente
3534 2913 3788 2971 retinere.

2213 2985 2354 3054 quod
2381 2986 2542 3043 distet
2567 3003 2594 3042 a
2625 2989 2801 3046 labiis.
2827 2992 2942 3050 Non
2969 2997 3110 3050 enim
3144 3001 3416 3065 convenit,
3440 3009 3498 3056 ut
3520 3002 3588 3058 ab
3611 3003 3795 3059 adole-

2213 3080 2412 3133 scentia
2442 3094 2613 3151 usque
2639 3083 2706 3138 ad
2737 3084 2878 3143 hanc
2905 3097 3118 3152 :ctatem
3164 3091 3217 3148 in
3261 3096 3644 3150 monasteriolo
3669 3113 3791 3154 cum

2212 3169 2411 3224 sanctis
2457 3170 2736 3229 Fratribus
2782 3176 2970 3234 labore
3013 3179 3319 3248 desudans,
3356 3184 3562 3255 aliquid
3602 3197 3788 3244 contra

2211 3256 2534 3331 Episcopum
2568 3267 2959 3324 communionis
3003 3286 3137 3326 meae
3182 3274 3418 3329 scribere
3440 3277 3664 3333 audeam
3693 3297 3708 3333 :
3736 3289 3792 3335 et

2209 3363 2330 3404 eum
2363 3351 2706 3424 Episcopum,
2735 3371 2895 3426 quem
2921 3373 3045 3416 ante
3066 3363 3180 3432 cepi
3203 3378 3384 3420 amare
3407 3382 3563 3437 quam
3592 3384 3786 3436 nosse;

2209 3441 2296 3510 qui
2331 3457 2416 3497 me
2443 3444 2593 3514 prior
2619 3446 2685 3501 ad
2713 3449 2974 3506 amicitias
2999 3456 3342 3522 provocavit;
3369 3473 3528 3527 quem
3557 3470 3678 3530 post
3700 3475 3791 3518 me

2209 3531 2470 3590 orientem
2499 3535 2551 3590 in
2581 3537 2974 3610 Scripturarum
3007 3545 3310 3603 divinarum
3357 3547 3449 3622 [aL
3479 3552 3629 3607 abest
3654 3555 3788 3609 divi-

2208 3626 2410 3700 narum]
2443 3630 2742 3689 eruditione
2770 3634 2976 3691 laetatus
3001 3653 3142 3693 sum.
3191 3640 3353 3711 Igitur
3385 3651 3476 3698 aut
3507 3655 3653 3700 tuum
3692 3662 3788 3704 ne~

2206 3726 2329 3786 gato
2355 3718 2569 3791 librum,
2595 3725 2639 3778 si
2669 3724 2805 3780 forte
2835 3742 2939 3782 non
2973 3737 3094 3784 tuus
3118 3739 3219 3795 est,
3250 3741 3305 3786 et
3327 3733 3512 3790 desine
3542 3737 3784 3807 flagitare

2208 3810 2523 3880 rescriptum
2547 3815 2613 3869 ad
2643 3831 2703 3871 ea
2731 3832 2849 3886 qua:
2877 3835 2984 3874 non
3006 3823 3267 3893 scripsisti
3297 3842 3312 3878 :
3344 3833 3436 3879 aut
3460 3827 3505 3881 si
3534 3837 3655 3882 tuus
3679 3839 3782 3895 est,

2206 3901 2435 3973 ingenue
2457 3907 2746 3975 confitere;
2794 3920 2852 3966 ut
2891 3913 2934 3966 si
2980 3913 3032 3967 in
3077 3915 3444 3990 defensionem
3472 3919 3578 3973 mei
3606 3921 3784 3990 aliqua

2204 3997 2489 4066 scripsero,
2523 3999 2573 4053 in
2606 4009 2656 4055 te
2685 4001 2836 4072 culpa
2868 4004 2937 4058 sit
2963 4005 3054 4074 qui
3082 4007 3379 4077 provocasti
3398 4047 3415 4074 ,
3443 4023 3550 4065 non
3578 4010 3632 4065 in
3663 4028 3782 4080 me,

2203 4087 2292 4157 qui
2321 4090 2644 4158 respoodere
2669 4095 2977 4164 compulsus
3001 4111 3143 4152 sum.

2275 4180 2328 4236 5.
2361 4182 2524 4238 Addis
2550 4195 2806 4253 praeterea
2847 4197 2896 4243 te
2937 4202 3178 4260 paratum
3205 4208 3325 4249 esse
3343 4235 3359 4260 ,
3388 4205 3446 4251 ut
3468 4197 3514 4253 si
3540 4198 3668 4269 quid
3695 4215 3785 4256 me

2202 4271 2254 4325 in
2282 4272 2384 4326 tuis
2404 4273 2618 4344 scriptis
2637 4279 2881 4344 moverit,
2915 4291 2968 4335 et
2986 4285 3256 4355 corrigere
3281 4286 3524 4355 voluero,
3547 4287 3784 4347 fraterne

2200 4366 2452 4435 accipias,
2493 4379 2549 4423 et
2574 4361 2694 4435 non
2734 4371 2906 4426 solum
2948 4372 3026 4447 ()
3069 4391 3186 4431 mea
3222 4375 3276 4431 in
3318 4387 3368 4432 te
3409 4378 3780 4437 benevolentia

2198 4455 2539 4525 gavisurum;
2584 4460 2682 4516 sed
2733 4471 2790 4517 ut
2837 4462 2940 4520 hoc
2988 4465 3160 4534 ipsum
3211 4467 3425 4536 faciam,
3451 4470 3777 4542 deprecaris.

2199 4547 2430 4603 Rursum
2451 4549 2572 4605 dico
2597 4553 2737 4622 quod
2765 4556 2963 4623 sentio,
2989 4572 3250 4627 provocas
3273 4576 3481 4632 senem,
3515 4573 3779 4621 tacentem

2196 4641 2460 4708 stimulas,
2491 4644 2689 4701 videris
2707 4647 2916 4718 jactare
2945 4650 3268 4709 doctrinam.
3314 4655 3430 4710 Non
3472 4665 3558 4712 est
3597 4667 3777 4714 autem

2196 4732 2369 4787 aetatis
2397 4749 2532 4790 mete
2561 4738 2730 4806 putari
2771 4740 3091 4797 malevolum
3129 4760 3257 4815 erga
3299 4761 3419 4802 eum
3443 4787 3460 4816 ,
3489 4748 3577 4804 cui
3609 4750 3780 4820 magis

2195 4819 2432 4880 favorem
2477 4826 2673 4886 debeo.
2729 4830 2794 4886 Et
2839 4834 2885 4889 si
2932 4835 2986 4891 in
3029 4836 3340 4908 Evangeliis
3378 4855 3442 4895 ac
3492 4819 3779 4913 Prophetis

2197 4918 2432 4983 perversi
2462 4919 2705 4978 homines
2736 4923 3012 4982 inveniunt
3036 4929 3177 4999 quod
3207 4931 3447 4987 nitantur
3482 4937 3780 5004 reprehen-

2196 5003 2344 5070 dere,
2372 5009 2583 5065 miraris
2609 5012 2652 5067 si
2681 5011 2734 5067 in
2769 5015 2874 5070 tuis
2893 5015 3080 5084 libris,
3109 5028 3166 5074 et
3191 5020 3422 5077 maxime
3453 5022 3506 5077 in
3535 5003 3758 5094 Scriptu

2195 5109 2376 5152 rarum
2400 5102 2749 5170 expositione,
2773 5120 2892 5175 quae
2912 5108 2998 5162 vel
3021 5109 3418 5167 obscurissima:
3453 5123 3598 5179 sunt,
3625 5131 3763 5185 quae.

2195 5185 2316 5242 dam
2339 5202 2369 5242 a
2400 5200 2545 5246 recta
2575 5192 2714 5248 linea
2742 5194 3049 5266 discrepare
3069 5199 3382 5256 videantur?
3408 5201 3478 5257 Et
3503 5203 3605 5259 hoc
3630 5205 3762 5273 dico,

2196 5296 2303 5337 non
2333 5284 2474 5353 quod
2515 5283 2567 5339 in
2609 5287 2862 5357 operibus
2903 5291 3006 5345 tuis
3047 5293 3290 5362 qumdam
3331 5295 3762 5365 reprehendenda

2189 5373 2300 5444 jam
2329 5389 2576 5432 censeam
2604 5395 2618 5432 :
2649 5394 2822 5450 neque
2856 5381 2998 5438 enim
3043 5383 3258 5440 lectioni
3301 5401 3487 5444 eorum
3521 5403 3767 5459 umquam

2194 5481 2412 5540 operam
2454 5469 2600 5539 dedi,
2631 5486 2732 5529 nec
2771 5473 2961 5530 horum
3004 5479 3454 5548 exemplariorum
3495 5481 3637 5552 apud
3675 5497 3764 5542 not

2257 5665 2627 5748 (altera:
2642 5669 2709 5748 eis
3155 5676 3389 5748 rem":
3413 5673 3477 5724 Et

2190 5729 2391 5842 mm
2415 5743 2557 5800 supra
2579 5729 2865 5798 Epist.'tOl_'.
2889 5749 2938 5786 .
2961 5737 3008 5786 2.
3036 5735 3098 5788 de
3118 5729 3228 5800 ipsa"
3247 5742 3349 5799 tua,
3373 5736 3550 5800 inquit,
3578 5729 3774 5789 Beneue-

2359 5803 2637 5856 -,
2661 5802 2756 5846 etc.
