4106 6340
297 376 402 435 837

298 586 556 659 quosdam
603 584 1026 640 Commentarios
1066 583 1117 637 in
1158 581 1434 645 Psalmos,
1507 579 1666 654 64],
1743 594 1878 652 quos

299 682 340 734 si
372 680 562 734 vellem
591 676 882 742 discutere,
912 690 1015 730 non
1047 674 1219 730 dicam
1255 688 1283 726 a
1307 688 1392 728 me
1415 715 1429 740 ,
1457 673 1546 744 qui
1576 671 1708 736 nihil
1732 687 1874 736 sum,

299 770 391 827 sed
418 785 447 824 a
475 779 710 824 veterum
734 767 1040 824 Graecorum
1063 766 1313 821 docerem
1347 763 1879 833 interpretationibus

300 863 622 929 discrepare.
658 859 804 922 Vale,
835 859 904 913 mi
937 858 1107 913 amice
1133 855 1413 912 carissime
1434 897 1448 922 ,
1481 864 1639 910 aetate
1667 853 1763 921 fili,
1792 852 1880 908 di-

299 955 498 1025 gnitate
545 967 768 1024 parens;
823 960 878 1006 et
923 951 1023 1006 hoc
1063 966 1091 1004 a
1140 965 1226 1004 me
1269 955 1484 1018 rogatus
1529 947 1776 1012 observa,
1825 951 1883 1000 ut

302 1045 555 1118 quidquid
597 1043 725 1100 mihi
765 1045 1072 1115 scripseris,
1101 1042 1168 1098 ad
1195 1057 1280 1098 me
1309 1041 1537 1112 primum
1562 1037 1726 1094 facias
1753 1051 1881 1108 per-

303 1155 504 1196 \'0llll'e.
1307 1154 1316 1160 ’

797 1271 1124 1363 [EPISTULA
1163 1269 1295 1329 CVI.
1323 1267 1400 1342 (a)

658 1408 732 1482 (ὁ)
758 1423 826 1464 λι)
855 1409 1092 1465 Summis
1123 1420 1189 1460 ur
1213 1403 1524 1459 Furenti.

309 1521 586 1618 Postquam
611 1544 897 1615 gratulatus
921 1551 994 1596 est
1016 1539 1231 1596 Sunnia:
1247 1555 1307 1592 ac
1330 1535 1548 1592 Fretelas
1571 1533 1711 1601 uiris,
1734 1549 1762 1589 e
1782 1531 1884 1588 Ge-

382 1649 546 1691 tarum
575 1634 690 1688 licet
717 1648 896 1704 genere
914 1673 929 1699 ,
963 1630 1141 1686 studiis
1168 1627 1467 1683 Divinarum
1505 1626 1887 1695 Scripturarum

383 1729 644 1799 prwclaris
676 1742 692 1779 :
719 1725 988 1796 respondet
1015 1725 1082 1777 ad
1112 1723 1206 1776 sibi
1240 1720 1524 1792 propositas
1566 1735 1628 1774 ea:
1668 1717 1888 1773 Psalmis

378 1820 695 1890 qucstiones,
717 1832 989 1887 eorumque
1008 1815 1320 1886 diﬁicultales
1340 1830 1510 1868 omnes
1530 1813 1698 1878 diluit,
1717 1821 1886 1866 osten-

383 1913 504 1967 dens
538 1927 770 1980 qur-"nam
813 1909 877 1964 sit
913 1910 1044 1962 inter
1085 1907 1336 1977 uariantes
1377 1905 1612 1960 lectiones
1651 1901 1884 1969 Gra’cas,

381 2014 529 2074 atque
556 2002 795 2068 Latinas,
838 1999 1031 2055 caeteris
1058 1996 1408 2070 praferenda,
1441 2010 1648 2066 quisque
1682 1994 1894 2066 propius

384 2097 452 2150 ad
483 2093 791 2150 Hebfaicum
817 2093 1007 2162 fontem
1030 2090 1255 2146 accedat.

389 2233 761 2291 Dilectissimis
787 2231 860 2306 (c)
899 2230 1154 2286 fratribus
1183 2229 1391 2284 Suntne
1417 2235 1473 2283 et
1503 2224 1773 2282 FRETBLE
1794 2267 1809 2291 ,
1840 2233 1896 2280 et

317 2328 529 2385 caeteris
554 2328 644 2398 qui
667 2325 940 2381 vobiscum
969 2323 1198 2377 Domino
1229 2322 1502 2384 serviunt,
1529 2319 1894 2374 HIEnONYIIUS.

388 2421 441 2474 1.
476 2418 615 2474 Vere
641 2418 696 2471 in
723 2416 876 2470 vobis
902 2413 1243 2483 Apostolicus
1266 2423 1318 2467 ct
1341 2411 1692 2482 Propheticus
1718 2427 1897 2466 sermo

235 2517 239 2521 ’
315 2510 612 2579 completus
641 2515 724 2561 est
749 2523 763 2560 :
788 2504 854 2558 In
879 2519 1077 2558 omnem
1106 2511 1292 2575 terram
1331 2502 1452 2556 eaiit
1493 2517 1648 2557 sonus
1690 2519 1895 2570 eorum,

317 2611 362 2655 et
391 2601 442 2654 in
473 2601 597 2666 ﬁnes
623 2596 756 2651 orbis
784 2605 930 2649 terra
954 2593 1102 2648 verba
1121 2608 1293 2648 eorum
1318 2591 1414 2664 (Ps
1467 2592 1556 2647 18.
1586 2593 1650 2660 5;
1679 2601 1725 2647 ct
1743 2590 1896 2646 Rom.

320 2690 404 2746 l0.
440 2689 550 2759 18).
583 2687 714 2756 Quis
741 2686 844 2741 hoc
870 2685 1141 2753 crederet,
1167 2694 1225 2739 ut
1257 2683 1481 2739 barbara
1511 2684 1766 2740 Getarum
1799 2685 1902 2739 lin-

318 2797 423 2854 gua
457 2781 770 2837 Hebraicam
816 2791 1084 2850 quaereret
1125 2778 1456 2845 Veritatem;
1483 2788 1538 2834 et
1563 2777 1904 2834 dormitanti-

325 2875 427 2930 bus
449 2915 463 2940 ,
497 2874 604 2928 imo
624 2869 702 2945 (ά)
721 2871 1169 2927 contendentibus
1198 2868 1436 2937 Graecis,
1469 2871 1582 2942 ipsa
1614 2870 1904 2928 Germania

323 2970 557 3042 S‘piritus
586 2966 766 3023 Sancti
809 2966 1021 3036 eloquia
1058 2963 1428 3020 scrutaretur?
1470 2964 1537 3020 In
1573 2965 1778 3020 ueritate
1814 2981 1902 3019 co-

326 3059 494 3132 gnovi,
525 3059 661 3127 quod
685 3075 786 3113 non
813 3067 884 3113 est
920 3073 1249 3130 personarum
1284 3066 1517 3126 acceptor
1547 3057 1719 3122 Deus;
1740 3057 1828 3113 sed
1853 3057 1906 3112 in

329 3152 466 3207 omni
495 3159 644 3222 gente
666 3156 752 3220 qui
783 3150 921 3204 timet
951 3147 1116 3203 Deum
1136 3190 1150 3214 ,
1183 3157 1231 3202 et
1257 3158 1497 3219 operatur
1515 3149 1791 3218 justitiam,
1821 3164 1909 3202 ac-

329 3255 501 3315 ceptus
544 3252 617 3298 est
645 3241 725 3297 illi
750 3240 886 3315 (Act.
920 3241 1008 3297 10.
1039 3240 1108 3296 54
1131 3249 1178 3294 et
1209 3237 1319 3311 55).
1352 3238 1560 3294 Dudum
1595 3239 1795 3294 callosa
1824 3247 1906 3295 te-

330 3337 510 3394 nendo
552 3336 801 3407 capulum
845 3349 1035 3390 manus
1060 3375 1076 3402 ,
1105 3343 1161 3389 et
1196 3332 1347 3403 digiti
1377 3332 1664 3388 tractandis
1701 3333 1910 3403 sagittis

332 3429 588 3500 aptiores,
619 3427 686 3482 ad
715 3426 916 3498 stylum
933 3426 1305 3496 calamumque
1329 3425 1686 3492 mollescunt;
1717 3433 1772 3480 et
1801 3426 1912 3480 bel-

333 3520 494 3578 licosa
522 3529 736 3592 pectora
805 3516 968 3592 6&2
1038 3525 1318 3574 vertuntur
1348 3519 1401 3572 in
1447 3518 1912 3575 mansuetudinem

417 3655 467 3712 a)
500 3651 625 3703 Alias
648 3652 754 3702 135.
781 3649 966 3712 scripta
989 3649 1122 3712 circa
1143 3661 1224 3712 an.
1246 3648 1358 3712 ωδ.

417 3709 467 3775 b)
499 3714 636 3764 Hanc
663 3709 972 3763 Martianaeus
988 3710 1250 3774 Epistolam
1283 3709 1433 3775 longe
1454 3711 1621 3773 majori
1656 3725 1804 3775 quam,
1822 3725 1915 3762 caa-

333 3771 472 3839 teras
487 3775 741 3839 diligentia
761 3783 909 3839 atque
925 3771 1093 3836 opera,
1111 3785 1220 3820 cum
1245 3771 1431 3833 pridem
1454 3771 1658 3821 seorsim
1674 3771 1918 3839 edidisset

336 3837 387 3889 in
410 3835 687 3902 Hieronymi
713 3835 1075 3902 _Prodro_m0_,ut_
1096 3839 1340 3902 susceptae
1360 3846 1387 3902 ιι
1409 3847 1467 3882 se
1505 3847 1649 3902 novas
1687 3835 1918 3902 editionis

336 3894 873 3962 specimen'prseberet,
898 3898 949 3962 in
967 3897 1156 3962 duabus
1177 3895 1413 3962 oppositis
1446 3894 1682 3962 columnis
1703 3898 1914 3956 recudit,

337 3953 392 4010 ιιί
415 3974 477 4009 ex
501 3973 594 4009 una
612 3953 1140 4010 'veterum'editionum
1179 3953 1390 4015 falsitas,
1415 3969 1476 4006 ex
1501 3955 1594 4005 alia
1625 3958 1688 4005 ab
1710 3969 1766 4006 se
1789 3953 1921 4006 corn-

338 4023 511 4085 posita,
537 4025 627 4072 uti
691 4035 720 4072 e
752 4021 982 4084 loquitur,
1007 4021 1186 4068 veritas
1220 4030 1316 4066 uno
1357 4020 1532 4067 intuitu
1554 4026 1830 4081 appareret.
1858 4018 1921 4070 Et

338 4083 508 4133 nlures
527 4036 722 4133 auitfesm
747 4081 871 4133 auud
893 4082 1141 4132 Erasmnm
1163 4087 1214 4129 et
1229 4078 1496 4128 Victorium
1520 4080 1734 4128 maxime
1753 4083 1799 4130 in
1821 4081 1921 4130 He-

373 4078 509 4148 lures
527 4078 722 4148 quidem
747 4078 871 4146 apud
893 4082 1141 4148 Erasmnm
1163 4087 1214 4129 et
1229 4078 1496 4148 Victoriam
1520 4078 1734 4148 maxime
1753 4083 1799 4130 in
1821 4081 1922 4130 He-

375 4098 508 4134 mres
527 4098 722 4148 qutaem
747 4098 871 4146 apuu
893 4098 1141 4132 nrasmum
1163 4098 1214 4129 Cl.
1239 4098 1259 4126 Ὗ
1275 4098 1496 4128 ιυιυΙΊυίΙΙ
1520 4098 1734 4128 manu“:
1753 4098 1799 4130 Ill
1821 4098 1922 4130 ne-

337 4098 516 4211 Braicis
537 4147 702 4211 verbis
725 4157 921 4211 errores
942 4145 1239 4211 irrepseraui
1263 4175 1277 4198 ,
1302 4154 1424 4211 quos
1447 4140 1532 4189 ille
1555 4143 1728 4211 passim
1754 4155 1923 4191 einen-

339 4208 486 4266 davit,
509 4215 563 4258 ut
605 4208 792 4268 etiamsi
833 4202 1070 4268 praeterea
1111 4203 1238 4252 aliud
1279 4202 1400 4268 nihil
1425 4203 1750 4268 praestitisset,
1788 4211 1924 4268 esset

341 4263 503 4318 tamen
525 4267 694 4340 curilli
719 4263 1014 4340 Hieronymi
1022 4274 1265 4340 amatores
1288 4263 1487 4340 multum
1511 4277 1568 4312 se
1592 4264 1781 4340 debere
1805 4264 1925 4340 fate-

344 4337 514 4380 rentur
543 4346 553 4379 :
583 4329 694 4379 illud
717 4339 880 4378 tamen
905 4326 1178 4378 institutum
1199 4327 1258 4375 ad
1284 4326 1538 4374 creandum
1562 4326 1752 4388 magnis
1773 4328 1925 4376 nomi-

343 4393 485 4441 nibus
505 4393 752 4451 invidiam,
777 4405 884 4440 cum
925 4388 1331 4452 legentistzedio,
1356 4395 1408 4436 et
1431 4388 1705 4452 chartarum
1728 4388 1925 4452 dispeu.

341 4452 420 4518 dio
443 4467 586 4503 nemo
610 4449 818 4518 unquam
858 4449 1086 4514 probarit.
1111 4451 1218 4518 No_s_
1233 4449 1559 4518 variantesde
1584 4463 1719 4518 more
1741 4449 1926 4518 subne-

345 4515 617 4586 cti'mustet
654 4510 1136 4586 quatuor-praeterea
1315 4510 1580 4586 codicibus,
1616 4511 1782 4586 iisque
1800 4513 1925 4586 anti-

343 4572 590 4686 altissimis
629 4572 777 4638 atque
821 4572 1015 4648 optimae
1048 4582 1201 4629 notae,
1227 4572 1500 4644 Veroneusi
1537 4586 1658 4631 uno,
1685 4572 1738 4622 et
1770 4574 1929 4624 tribus

388 4651 589 4686 omanis.
611 4649 790 4686 nemne
803 4635 1036 4684 Vaticano
1055 4635 1128 4684 15.
1142 4633 1296 4682 altero
1307 4632 1508 4686 Reginae
1531 4633 1798 4684 Svecorum
1816 4633 1924 4684 286.

388 4641 589 4694 omanis,
611 4632 790 4695 nempe
803 4632 1036 4684 vaticano
1055 4635 1128 4684 15.
1142 4633 1296 4682 altero
1307 4632 1508 4694 Reginae
1531 4633 1798 4695 Svecorum
1816 4633 1924 4684 286.

346 4707 397 4748 et
422 4699 640 4757 Palatino
675 4694 753 4744 59.
778 4697 855 4743 usi
888 4708 1184 4757 sumusper
1218 4706 1340 4756 quos
1361 4701 1593 4756 quantum
1616 4694 1741 4745 ultra
1767 4695 1928 4757 profe-

345 4761 576 4813 cerimus,
600 4756 798 4805 lectoris
830 4757 925 4804 erit
942 4755 1192 4816 judicium.

409 4821 480 4880 (c)
515 4818 622 4866 Jam
643 4816 822 4880 dudum
843 4813 1027 4864 constat
1043 4815 1276 4880 Sunniam
1302 4821 1353 4880 et
1373 4813 1620 4880 Fretelam
1644 4817 1932 4880 non__mulie-

345 4874 430 4930 res
454 4874 622 4938 fuisse,
659 4876 746 4926 sed
770 4877 925 4934 viros,
952 4884 1006 4924 ut
1035 4876 1252 4938 pluribus
1273 4875 1337 4922 ab
1360 4874 1547 4924 editore
1568 4876 1890 4938 Benedictino

349 4917 719 5005 inﬁtialis;
762 4917 1017 5005 probaium
1031 4917 1156 5005 feet,
1183 4917 1387 5005 quorum
1421 4917 1934 5005 argumentis-aliquid

348 4995 533 5052 addere
557 5014 651 5051 non
671 4995 880 5064 oportet.
906 4997 1007 5064 sed
1030 4996 1148 5064 illud
1171 4995 1550 5064 expendenduni
1572 5005 1812 5064 praeterea
1835 4995 1931 5064 est,

349 5066 477 5126 quod
515 5059 732 5127 nuperns
769 5059 1185 5127 auct_or‘hloraviaa
1206 5071 1356 5127 sacrae
1395 5059 1660 5127 constituit,
1689 5059 1934 5110 Fretclam

353 5119 555 5189 nempe,
582 5119 732 5189 quem
772 5131 824 5172 et
858 5121 1147 5189 lj‘edericum
1186 5119 1279 5189 ali_o
1317 5122 1511 5189 nomine
1548 5121 1643 5189 dici
1676 5128 1892 5189 autumat
1916 5155 1931 5180 ,

351 5179 660 5244 Julio'mont'ii,
682 5185 790 5234 sive
825 5181 1066 5233 olomucri
1089 5179 1344 5244 pressulem
1365 5179 1535 5244 fuisse,
1563 5183 1792 5244 Sanniam
1818 5179 1936 5232 vero

351 5246 579 5298 Nitraviae
605 5262 618 5296 :
643 5250 694 5296 in
747 5247 885 5307 cujus
919 5247 992 5295 rei
1030 5243 1361 5307 testimonium
1401 5243 1607 5305 Eugenii
1645 5243 1711 5307 ll.
1749 5243 1937 5294 litteras

353 5312 465 5380 anni
486 5309 680 5380 828._ad
714 5305 1228 5380 EpiScoposAloraviai
1248 5313 1304 5380 et
1325 5305 1587 5380 Pannoniae
1623 5306 1758 5380 datas
1779 5307 1896 5380 citat
1919 5340 1936 5366 ,

356 5377 408 5419 et
439 5372 736 5421 Aventinum
758 5366 808 5417 in
843 5366 1112 5418 Annalibus
1143 5366 1370 5428 Boiorum
1395 5367 1427 5414 Ι.
1454 5368 1498 5415 2.
1527 5367 1645 5416 Nam
1669 5376 1723 5417 ut
1758 5375 1938 5418 caetera

357 5429 494 5482 bonis
517 5431 1078 5494 coniecturisimuniisjei
1101 5429 1324 5494 videatur
1347 5442 1359 5476 :
1385 5437 1531 5494 certe
1561 5431 1607 5478 in
1632 5444 1692 5479 eo
1725 5429 1936 5494 fallitur,

357 5495 482 5554 quod
505 5496 567 5543 ab
589 5489 714 5542 anno
736 5491 844 5542 397.
993 5490 1258 5554 Episcopus
1273 5491 1434 5554 iussos
1469 5489 1618 5554 fuisse
1645 5492 1805 5554 tradit
1828 5505 1843 5554 ;
1867 5493 1940 5541 di-

359 5551 514 5618 ;Eisset
538 5560 647 5618 post.
669 5567 847 5618 annum
871 5551 1247 5618 404._siqui_der_n
1269 5552 1524 5618 cumbanc
1546 5553 1614 5618 ad
1626 5551 1735 5618 illos
1759 5553 1940 5618 episto-

359 5611 452 5662 lam
476 5611 676 5666 Hieron.
703 5616 964 5673 scriberet,
986 5615 1038 5662 in
1063 5611 1193 5661 nulla
1209 5611 1549 5662 Ecclesiastica
1569 5611 1808 5676 dignitate
1832 5613 1942 5666 illos

361 5681 599 5726 meruisse
621 5676 764 5726 facile
788 5690 850 5725 ex
874 5682 1106 5726 contextu
1138 5680 1356 5737 apparet.

424 5738 501 5801 (ά)
534 5739 902 5801 Veteresediti
936 5734 1358 5801 conuvttne'ntibus,
1385 5734 1586 5801 fortasse
1622 5739 1806 5801 verius.
1830 5737 1942 5788 Mox

364 5795 448 5848 ubi
473 5795 594 5863 forte
629 5800 985 5863 typothetarum
1011 5812 1180 5863 errore
1220 5796 1533 5863 Martianaaus
1550 5795 1942 5863 iegebat‘opera-

362 5864 439 5912 tus
463 5862 638 5913 vitiose
650 5858 746 5924 pro
766 5867 1011 5925 operatur,
1033 5860 1228 5926 quidam
1248 5859 1444 5911 codices
1476 5858 1657 5910 addunt
1680 5858 1787 5911 Dei.

603 5943 666 6010 Β.
709 5944 1081 6012 litescunt!
1119 5945 1167 6009 ι.

1078 414 1092 457 η
1201 409 1206 453 ί
1269 453 1274 457 ι
1711 349 2038 429 spissam
2085 353 2219 427 ενι.
2269 410 2272 414 .

294 489 447 566 copia
492 498 595 560 est,
634 494 834 565 praeter
876 485 1298 561 Soiiloquiorum
1341 493 1554 544 tuorum
1602 486 1790 555 libros,
1822 495 1894 549 et,

2051 5873 2178 5928 gere
2199 5855 2273 5912 'ab
2294 5871 2480 5911 eorum.
2505 5855 2561 5910 u't
2596 5871 2774 5910 sensus
2809 5857 2891 5920 sit,
2918 5855 3002 5906 nul

1982 486 2359 543 Christianam.
2384 486 2534 545 Nunc
2550 495 2604 544 et
2618 487 2769 545 Isaias
2782 490 3090 546 vaticinium
3108 489 3380 547 cernimus
3395 506 3562 564 opere

1984 582 2304 651 completum
2330 599 2343 636 :
2367 580 2642 636 Concident
2661 582 2860 652 gladios
2879 601 2993 639 suos
3013 586 3063 639 in
3081 593 3277 653 aratra,
3293 595 3340 640 et
3356 586 3563 641 lanceas

1983 691 2102 730 suas
2129 675 2182 728 in
2210 674 2406 744 falces;
2436 683 2481 727 et
2509 691 2609 728 non
2638 685 2800 729 sumet
2840 693 2961 746 gens
3003 687 3178 731 contra
3212 687 3410 748 gentem
3443 677 3560 749 gla-

1986 765 2146 831 dium,
2177 773 2221 818 et
2247 781 2345 820 non
2369 764 2560 819 discent
2581 764 2720 818 ultra
2746 765 3137 836 pugnare(lsai.
3159 766 3214 820 2.
3234 769 3308 838 ι).
3328 767 3565 824 Rursum

1987 857 2040 912 in
2081 855 2308 912 eodem:
2338 856 2585 912 Pascetur
2625 856 2775 925 lupus
2809 873 2926 910 cum
2964 873 3133 928 agno;
3163 868 3209 913 et
3251 859 3442 930 pardus
3479 876 3566 915 re-

1985 949 2202 1017 quiescet
2227 963 2340 1004 cum
2365 949 2548 1014 hwdo;
2577 957 2626 1001 et
2651 947 2832 1001 vitulus
2853 956 2898 1000 et
2928 945 3004 1001 leo
3025 959 3072 1002 et
3101 959 3274 1004 taurus
3303 961 3571 1023 pascentur

1987 1039 2177 1105 simul;
2207 1049 2253 1093 et
2284 1055 2408 1109 puer
2441 1040 2680 1102 paruulus
2718 1038 2866 1092 ducet
2903 1056 2986 1093 eos
3007 1080 3020 1102 ,
3063 1048 3108 1094 et
3147 1041 3235 1095 bos
3263 1051 3309 1096 et
3339 1060 3487 1098 ursus
3515 1043 3569 1097 in

1987 1147 2253 1185 commune
2289 1139 2558 1198 pascentur
2581 1148 2601 1186 :
2621 1132 2911 1202 peruulique
2945 1147 3122 1186 eorum
3167 1146 3312 1188 erunt
3350 1137 3572 1204 pariter;

1989 1231 2036 1278 et
2063 1223 2140 1276 leo
2160 1229 2209 1275 et
2229 1221 2316 1276 bos
2337 1221 2595 1276 comedent
2618 1223 2790 1294 paleas
2813 1220 2976 1296 (Ibid.
3003 1223 3052 1276 7.
3081 1222 3138 1279 8.
3156 1228 3210 1278 ὀι
3235 1223 3432 1296 scqq.);
3465 1241 3575 1281 non

1991 1322 2051 1367 ut
2088 1312 2406 1383 simplicitas
2448 1315 2499 1367 in
2548 1312 2817 1369 feritatem
2864 1324 3134 1382 transeat,
3177 1316 3270 1372 sed
3305 1323 3363 1371 ut
3390 1316 3578 1372 feritas

1991 1403 2162 1459 discat
2192 1405 2614 1475 simplicitatem.

2061 1498 2118 1556 2.
2149 1497 2400 1566 Qumritis
2420 1514 2449 1552 a
2474 1514 2562 1554 me
2585 1513 2701 1554 rem
2729 1499 2908 1570 magni
2935 1499 3136 1571 operis,
3162 1508 3218 1556 et
3245 1500 3466 1572 majoris
3490 1501 3580 1556 in-

1992 1591 2148 1646 vidiae
2173 1608 2186 1656 ;
2219 1590 2275 1645 in
2304 1605 2408 1661 qua
2439 1590 2725 1647 scribentis
2753 1606 2858 1645 non
2890 1591 3187 1662 ingenium,
3215 1595 3310 1650 sed
3338 1596 3574 1651 eruditio

1993 1683 2408 1753 comprolietur;
2436 1691 2493 1737 ut
2519 1683 2644 1737 dum
2677 1683 2791 1752 ipse
2813 1685 2973 1754 cupio
2995 1685 3061 1741 de
3081 1687 3295 1742 cteteris
3312 1687 3582 1758 judicare,

1989 1773 2334 1846 iudicandum
2363 1788 2451 1829 me
2477 1774 2726 1830 omnibus
2753 1775 3016 1843 prrebeam
3041 1784 3129 1832 :et
3155 1777 3206 1832 in
3239 1792 3405 1847 opere
3436 1778 3586 1834 Psal-

1996 1866 2116 1921 terii
2158 1865 2309 1936 juxta
2344 1863 2413 1936 (ε)
2453 1864 2807 1935 digestionem
2857 1863 3131 1922 schedulae
3176 1876 3406 1936 vestrae,
3462 1871 3583 1925 nhi-

1997 1973 2226 2028 cumque
2272 1959 2413 2012 inter
2474 1957 2693 2012 Latinos
2739 1956 3067 2030 Graecosque
3123 1946 3398 2017 contentio
3459 1972 3584 2030 est,

1999 2049 2126 2118 quid
2173 2049 2342 2119 magis
2389 2047 2642 2102 Hebraeis
2674 2050 2997 2116 conveniat,
3027 2051 3342 2121 significem.
3380 2052 3439 2108 In
3481 2067 3588 2124 quo

2000 2138 2131 2194 illud
2159 2139 2392 2193 breviter
2419 2137 2706 2202 admoneo,
2736 2146 2795 2194 ut
2821 2140 3004 2196 sciatis
3033 2141 3194 2196 aliam
3225 2157 3350 2198 esse
3396 2142 3588 2198 editio-

2002 2246 2144 2297 nem,
2163 2246 2321 2298 quam
2339 2227 2600 2301 Origenes
2620 2240 2675 2286 et
2695 2231 3042 2288 Caesariensis
3063 2233 3348 2301 Eusebius,
3374 2251 3592 2292 omncsp

2001 2337 2104 2392 quc
2145 2320 2368 2377 Graeciaa
2414 2331 2730 2379 tractatores
2765 2330 2978 2390 Κοινὴν,
3020 2325 3071 2380 id
3115 2336 3234 2393 est,
3273 2343 3592 2384 communem

2003 2413 2293 2483 appellant,
2324 2421 2482 2484 atque
2506 2411 2799 2484 Vulgatam,
2819 2424 2872 2470 et
2887 2431 2915 2470 a
2936 2417 3201 2488 plerisque
3219 2435 3359 2475 nunc
3376 2431 3592 2479 Λουκια-

2005 2515 2077 2566 νὸς
2121 2503 2348 2570 dicitur;
2396 2505 2553 2560 aliam
2584 2505 2934 2577 Septuaginta
2961 2507 3317 2579 lnterpretum
3341 2555 3356 2577 ,
3386 2529 3506 2584 qua}
3537 2515 3593 2571 in

2004 2589 2249 2662 ligatum;
2289 2595 2564 2650 codicibus
2595 2598 2898 2668 reperitur,
2929 2608 2984 2655 et
3012 2615 3042 2654 a
3072 2600 3228 2657 nobis
3256 2601 3309 2656 in
3343 2603 3594 2661 Latinum

2005 2702 2309 2743 sermonem
2345 2687 2577 2744 fideliter
2609 2705 2763 2744 versa
2804 2701 2923 2758 est,
2956 2700 3009 2748 et
3049 2692 3404 2768 Jerosolymae
3434 2708 3597 2770 atque

2008 2777 2062 2834 in
2107 2777 2350 2834 Orientis
2394 2779 2643 2836 ecclesiis
2686 2779 3024 2838 decantatur.
3069 2785 3242 2856 Super
3285 2802 3387 2857 qua
3437 2804 3496 2845 re
3543 2798 3600 2844 et

2009 2880 2224 2927 sanctus
2269 2870 2409 2926 filius
2440 2887 2592 2927 meus
2620 2871 2812 2928 Avitus
2839 2867 2984 2944 saepe
3014 2877 3323 2945 quaesierat.
3368 2879 3432 2934 Et
3471 2881 3599 2949 quia

2010 2980 2071 3020 se
2107 2964 2320 3019 occasio
2351 2963 2534 3018 fratris
2572 2965 2742 3019 nostri
2772 2963 2938 3020 Firmi
2969 2965 3272 3038 Presbyteri
3305 2969 3472 3034 dedit,
3505 2971 3601 3041 qui

2011 3055 2143 3111 mihi
2165 3064 2395 3111 vestram
2419 3055 2703 3126 epistolam
2727 3057 2995 3124 reddidit;
3025 3059 3232 3116 duobus
3249 3060 3314 3133 (Γ)
3331 3065 3597 3133 scribens,

2012 3149 2066 3204 in
2095 3163 2380 3206 commune
2405 3150 2728 3221 respondeo,
2753 3160 2807 3206 et
2829 3168 2914 3208 me
2939 3169 3132 3225 magno
3156 3156 3405 3212 amicitiae
3429 3158 3602 3216 libero

2016 3240 2243 3309 fenore,
2272 3242 2412 3314 quod
2435 3251 2635 3314 quanto
2662 3244 2830 3315 magis
2858 3245 3138 3313 solvimus,
3171 3248 3291 3319 plus
3316 3249 3598 3308 debemus.

2016 3334 2168 3391 Sicut
2187 3343 2368 3391 autem
2391 3335 2444 3390 in
2518 3334 2680 3408 6&3
2757 3352 2896 3392 novo
2920 3337 3288 3408 Testamento,
3322 3344 3602 3415 siquando

2016 3430 2155 3500 apud
2175 3429 2392 3486 Latinos
2412 3431 2638 3500 quaestio
2661 3431 2924 3500 emritur,
2943 3443 2996 3488 ct
3015 3444 3096 3490 est
3115 3435 3255 3491 inter
3273 3439 3604 3509 exemplaria

2015 3521 2272 3590 varietas,
2301 3522 2627 3576 recurrimus
2659 3520 2725 3576 ad
2755 3519 2958 3576 fontem
2984 3523 3158 3580 Graeci
3185 3531 3472 3593 sermonis,
3497 3546 3606 3600 quo

2019 3627 2220 3667 novum
2269 3611 2529 3682 scriptum
2579 3618 2666 3666 est
2708 3611 3128 3669 lnstrumentum
3164 3632 3177 3668 :
3213 3617 3285 3670 ita
3329 3618 3380 3670 in
3433 3621 3606 3676 veteri

2021 3701 2364 3758 Testamento
2385 3744 2401 3768 ,
2433 3703 2476 3756 si
2504 3701 2718 3772 quando
2746 3701 2886 3757 inter
2911 3702 3130 3758 Graecos
3159 3705 3488 3778 Latinosque
3519 3709 3601 3764 di-

2021 3797 2255 3852 versitas
2284 3801 2402 3861 est,
2437 3793 2501 3847 ad
2543 3792 2857 3848 llebraicant
2889 3795 3222 3865 confugimus
3257 3794 3348 3869 [aL
3383 3803 3612 3854 recurri-

2024 3887 2160 3961 mus]
2200 3887 2515 3951 veritatem;
2550 3894 2604 3940 ut
2634 3886 2886 3956 quidquid
2921 3885 2990 3942 de
3019 3886 3164 3943 fonte
3206 3891 3605 3961 proficiscitur,

2027 3979 2130 4033 hoc
2155 3991 2455 4048 quaeramus
2500 3977 2552 4030 in
2596 3975 2802 4030 rivulis.
2841 3984 2994 4040 Κοινή
3021 3987 3200 4033 autem
3233 3981 3330 4034 ista
3352 4023 3366 4046 ,
3401 3984 3501 4037 hoc
3528 3993 3614 4040 est

2026 4068 2341 4126 Communis
2368 4067 2531 4123 editio
2554 4107 2570 4134 ,
2604 4068 2716 4137 ipsa
2746 4077 2829 4122 est
2871 4083 2989 4137 qua:
3019 4079 3071 4124 et
3102 4068 3467 4142 Septuaginta.
3505 4075 3613 4129 Sed

2029 4161 2377 4218 ltocinterest
2409 4159 2548 4213 inter
2575 4169 2856 4227 utramque
2877 4201 2892 4226 ,
2922 4159 3063 4229 quod
3095 4168 3245 4226 Κοινὴ
3277 4179 3370 4233 pro
3403 4165 3532 4219 locis
3561 4175 3618 4220 et

2031 4252 2381 4323 temporibus,
2412 4258 2466 4305 et
2497 4264 2592 4319 pro
2619 4251 2892 4304 voluntate
2919 4254 3275 4321 scriptorum,
3311 4264 3465 4312 vetus
3491 4270 3616 4310 cor-

2031 4354 2186 4416 rupta
2219 4344 2384 4400 editio
2413 4351 2514 4398 est.
2548 4341 2623 4396 Ea
2655 4353 2834 4398 autem
2861 4358 2981 4412 qua:
3013 4342 3242 4399 habetur
3272 4347 3324 4401 in
3354 4340 3615 4414 ἐξαπὶοῖς,

2032 4447 2086 4492 et
2111 4450 2270 4507 quam
2300 4449 2398 4488 nos
2430 4434 2726 4498 vertimus,
2760 4435 2870 4502 ipsa
2903 4444 2984 4486 est
3024 4450 3144 4503 qum
3191 4436 3240 4488 in
3284 4437 3414 4490 erud
3442 4447 3617 4495 torum

2032 4528 2182 4584 libris
2218 4527 2563 4595 incorrupta,
2595 4537 2645 4578 et
2687 4525 3022 4579 immaculata
3061 4526 3404 4596 Septuaginta
3446 4529 3618 4587 Inter-

2034 4629 2246 4692 pretum
2290 4617 2572 4673 translatio
2611 4625 2938 4671 reservatur.
2971 4615 3046 4686 (g)
3073 4617 3338 4688 Quidquid
3383 4636 3510 4694 ergo
3550 4626 3621 4682 ab

2104 4817 2172 4883 te)
2203 4817 2456 4875 Erasmus,
2474 4821 2526 4864 et
2543 4814 2792 4883 Victorius
2812 4813 3166 4868 distinctionem
3201 4831 3287 4881 pro
3310 4820 3624 4883 digestim

2037 4875 2406 4942 Consequenter
2447 4890 2531 4937 pro
2569 4875 2736 4942 Graeca
2774 4889 2893 4942 voce
2934 4891 3064 4942 Χοινῄν
3098 4875 3304 4941 quatuor
3329 4875 3442 4934 M'ss.
3472 4875 3624 4940 nostri

2038 4937 2248 5009 codices,
2273 4944 2328 4987 (ει
2343 4937 2998 5009 ριυι-εξμνιιά-μετιίεεηωιιιιι
3020 4937 3188 5001 legunt
3213 4957 3376 4994 nom.
3399 4937 3624 5000 Alte-rum

2037 5002 2251 5072 verbum
2267 4997 2458 5072 Αωὲιενές
2474 4997 2599 5072 llas.
2624 4999 2804 5059 aliquot
2829 4997 3016 5072 legunt,
3037 4997 3275 5072 Αᾶειυίγιιος,
3293 5016 3387 5072 aut
3399 4997 3623 5072 Ασυιιάνὶςζξξ

2037 5062 2166 5126 quod
2207 5061 2335 5110 idem
2359 5061 2641 5126 videtur_ac_
2661 5077 2725 5110 ne
2755 5077 2965 5119 Λουκιανοῦ,
2993 5063 3214 5117 Lucium.
3238 5074 3292 5116 ut
3327 5068 3407 5117 alii
3432 5061 3629 5124 codices

2040 5120 2304 5188 prmiserunt
2325 5126 2508 5188 tantum
2540 5120 2729 5188 Latine.

2104 5184 2175 5248 (ί)
2209 5183 2292 5233 Sic
2315 5182 2557 5248 eduobns
2580 5183 2693 5248 Mss.
2714 5184 2979 5248 codicibus
3017 5185 3246 5248 legimus,
3273 5203 3478 5248 quorum
3503 5194 3630 5243 alter

2039 5244 2419 5309 Vaticattusﬁi.
2441 5251 2570 5294 teste
2586 5245 2881 5304 Martianaao,
2899 5249 2980 5309 qui
2999 5244 3130 5298 ver'aa
3149 5244 3261 5300 huic
3281 5244 3472 5302 lectioni
3500 5255 3628 5302 illam

2041 5307 2269 5419 gannit,
2297 5318 2406 5376 qua:
2430 5315 2481 5354 ct
2515 5315 2737 5356 veterum
2776 5307 3037 5358 editionum
3065 5319 3187 5365 erat.
3228 5319 3429 5360 vestrum
3453 5315 3630 5374 episto-

2093 5382 2138 5418 m
2162 5367 2380 5418 reddidit
2404 5382 2433 5416 α
2455 5367 2614 5419 vobis:
2633 5368 2861 5419 scribens.
2883 5377 2980 5419 etc.
3007 5383 3118 5419 otiae
3146 5381 3198 5419 et
3220 5374 3507 5419 inconcinna
3533 5384 3627 5419 est-

2093 5382 2138 5418 nt
2162 5367 2380 5418 reddidit
2404 5382 2433 5416 α
2455 5367 2614 5427 vobis;
2633 5368 2861 5426 scribens,
2883 5377 2980 5419 etc.
3007 5383 3118 5427 quae
3146 5381 3198 5422 et
3220 5367 3507 5421 inconcinna
3533 5384 3606 5422 est.

2045 5387 2138 5419 sum
2162 5387 2380 5418 reauwu
2404 5387 2433 5416 α
2455 5387 2614 5427 υυυις;
2633 5387 2861 5426 δενῑοεηδ,
2883 5387 2980 5419 «διο.
3042 5387 3118 5419 una
3146 5387 3198 5422 ει
3220 5387 3507 5421 inconcinna
3533 5387 3627 5434 GSI,

2045 5437 2098 5493 et
2120 5429 2404 5493 Hieronymi
2425 5441 2622 5493 sensum
2647 5445 2744 5480 non
2778 5431 2954 5480 reddit.
2983 5387 3116 5481 13m
3157 5432 3295 5491 [altlu
3320 5432 3457 5480 infra.
3487 5442 3540 5482 Et
3562 5442 3634 5485 est

2043 5490 2170 5543 inter
2192 5490 3014 5554 egen'tpiariaueritasrequireuda,
3042 5490 3354 5550 recurrinms,
3383 5501 3478 5540 etc.

2108 5553 2181 5618 (g)
2197 5551 2350 5618 falli
2371 5552 2602 5618 boc_loco
2625 5551 2950 5618 Hieronymus
2965 5551 3259 5618 quibusdam
3269 5554 3490 5618 _vi_detur,
3519 5569 3629 5606 cum

2046 5613 2172 5676 ιοιιῖ
2195 5614 2273 5663 illa
2312 5616 2417 5664 sive
2455 5614 2728 5678 Communis
2761 5613 2919 5678 _cdit_i_o
2962 5613 3452 5678 interdurn_ll_ebrzs2o
3477 5619 3635 5678 magis

2046 5673 2318 5739 conveniat,
2343 5689 2487 5739 quam
2529 5677 2694 5738 purior
2722 5674 2822 5739 alia
2845 5673 3160 5739 ile_xaplaris.
3189 5673 3248 5723 Et
3275 5675 3375 5722 loca
3411 5673 3634 5739 quaedam

2044 5734 2543 5800 Psalmorumrecltat
2565 5739 2669 5800 ipse
2684 5737 2815 5800 idegi
2839 5735 2890 5784 S.
2915 5734 3112 5800 Doctor,
3137 5747 3248 5800 quae
3270 5747 3376 5800 rem
3401 5734 3634 5800 evincunt

2047 5799 2295 5862 exemplo.
2317 5797 2505 5848 Placuit
2526 5793 2731 5862 prbinde
2753 5793 2987 5868 Hasserio
3006 5809 3097 5902 Pro
3114 5793 3188 5868 ab.
3202 5794 3505 5846 Hebraaorum
3552 5797 3628 5849 le-

2051 5873 2178 5902 nem
2213 5858 2273 5902 ab
2294 5871 2480 5902 eorum-
2505 5865 2561 5902 ut
2596 5871 2774 5902 sensus
2809 5865 2891 5902 51L
2918 5855 3002 5902 nul
3025 5871 3037 5902 ι
3074 5856 3276 5902 dubium
3314 5871 3430 5902 esse
3451 5871 3479 5902 a
3503 5835 3628 5902 LXX

3074 5835 3630 5914 ἷιιῖὖιίιῖἑὲἒὲῗὶὶἂ

2916 5940 3356 6023 (Vingt-seps.)
