4106 6340
572 446 681 510 859

571 577 672 630 hac
695 573 964 645 discrepat
986 613 1003 640 ,
1033 568 1170 626 nuiii
1196 567 1413 626 dubium
1455 575 1537 624 cst
1561 611 1576 638 ,
1605 566 1732 638 quin
1761 567 1834 624 ita
1870 563 1923 623 et
1951 568 2019 624 ab
2047 567 2154 624 ue-

571 672 838 724 brzeorum
866 665 1193 721 auctoritate
1221 663 1516 719 discordet.

640 761 694 816 5.
723 751 900 814 Prima
924 756 992 813 de
1012 757 1200 828 quinto
1223 757 1436 813 Psalmo
1458 747 1683 826 quaestio
1707 753 1804 810 fuit
1829 773 1842 809 :
1867 749 2045 826 Neque
2066 755 2157 808 ha-

567 845 746 910 bitabit
765 854 921 924 juxta
945 861 992 906 te
1020 848 1462 922 matign’us(Psat.
1490 849 1543 904 5.
1565 847 1641 920 6).
1665 846 1771 903 Pro
1796 863 1901 918 quo
1933 847 2159 903 habetur

537 957 542 962 ’
565 947 621 1004 ili
641 945 853 1009 Graeco,
874 948 983 1000 οὔτε
1001 955 1280 1017 παροικῆσαι
1298 964 1372 996 σοι
1398 950 1596 1012 πονηρδς
1632 941 1745 995 sive
1772 950 2154 1013 πονηρευόμενος,

563 1047 624 1095 ut
650 1038 872 1109 Vulgata
893 1036 1059 1093 editio
1083 1037 1345 1093 continet.
1367 1035 1432 1090 Et
1452 1034 1741 1100 miramini,
1764 1049 1861 1090 cur
1882 1045 2154 1106 παροιχιαυ,

565 1130 620 1186 id
649 1137 754 1195 est,
788 1129 1067 1184 incolatum
1091 1126 1316 1184 Latinus
1344 1128 1614 1198 interpres
1645 1142 1749 1180 non
1780 1127 2028 1190 verterit,
2058 1124 2154 1180 sed

563 1237 662 1293 pro
703 1221 804 1278 hoc
841 1221 1080 1292 posuerit
1123 1221 1520 1286 habitationem,
1574 1234 1692 1290 qum
1733 1219 1919 1276 Grzcce
1963 1219 2156 1274 dicitur

563 1325 814 1378 κατοικία.
845 1315 997 1384 Quod
1029 1315 1246 1386 quidem
1279 1316 1331 1369 in
1363 1315 1468 1369 alio
1510 1316 1628 1370 loco
1659 1314 1852 1370 fecisse
1884 1314 2155 1368 convinci-

562 1417 687 1464 tur:
716 1408 833 1465 Heu
877 1409 1036 1476 mihi,
1074 1411 1194 1479 quia
1231 1409 1482 1467 inuolutus
1519 1425 1661 1463 meus
1711 1409 2037 1480 prolongutus
2082 1415 2154 1460 est

563 1499 738 1572 (Psat.
780 1501 907 1557 119.
939 1500 1014 1572 5).
1054 1500 1122 1555 Et
1160 1501 1211 1556 in
1242 1500 1452 1556 decimo
1478 1507 1670 1570 quarto
1701 1499 1912 1554 Psalmo
1941 1514 2150 1553 rursum

568 1605 668 1661 pro
697 1590 932 1647 incolatu
963 1587 1348 1646 habitationem
1382 1591 1600 1662 posuit:
1625 1590 1841 1644 Domine
1868 1590 1980 1661 quis
2011 1589 2154 1643 habi-

563 1684 687 1738 tabit
725 1684 777 1737 in
816 1683 1144 1738 tabernaculo
1175 1682 1292 1738 tuo?
1320 1683 1492 1756 (Psat.
1525 1679 1612 1738 H.
1647 1683 1720 1755 1).
1743 1683 1809 1737 Ει
1835 1681 2110 1738 sciendum
2133 1723 2149 1748 ,

559 1777 699 1846 quod
728 1776 774 1830 si
802 1775 1129 1830 voluerimus
1155 1773 1336 1831 dicere
1362 1794 1375 1829 :
1400 1773 1622 1830 Domine
1644 1774 1753 1845 quis
1773 1775 1957 1829 incolet
1989 1772 2153 1827 taber-

555 1868 801 1922 naculum
846 1868 1029 1921 tuum?
1066 1866 1152 1922 vel
1195 1866 1324 1922 illud
1368 1866 1434 1922 de
1481 1868 1669 1939 quinto
1704 1884 1718 1922 :
1752 1863 1930 1937 Neque
1969 1865 2152 1920 incolet

553 1962 708 2033 juxta
734 1971 782 2017 te
812 1962 1066 2034 malignus
1087 2002 1103 2028 ,
1134 1957 1322 2032 perdet
1353 1965 1579 2034 ἀφωνίαν
1604 1978 1616 2013 :
1641 1969 1697 2016 et
1723 1959 1848 2016 dum
1883 1960 2148 2029 interpre-

557 2055 779 2110 tationis
804 2064 1091 2120 χακοζηλίαν
1121 2055 1416 2124 sequimur,
1447 2068 1662 2108 omnem
1691 2052 1939 2108 decorem
1971 2062 2149 2107 trans-

555 2146 781 2203 lationis
809 2146 1130 2215 amittimus,
1159 2154 1215 2200 et
1245 2146 1382 2200 hanc
1406 2160 1525 2200 esse
1555 2144 1794 2216 regulam
1823 2144 1947 2199 boni
1980 2146 2148 2199 inter-

553 2242 724 2311 pretis
756 2283 771 2306 ,
824 2248 887 2296 ut
946 2244 1188 2306 ιόιώματα
1236 2238 1432 2311 lingum
1481 2240 1701 2295 alterius
1733 2280 1749 2305 ,
1795 2255 1906 2295 sua:
1952 2239 2149 2310 linguae

554 2334 822 2404 exprimat
848 2334 1200 2404 proprietate.
1233 2333 1386 2401 Quod
1416 2342 1471 2388 et
1499 2332 1740 2389 Tullium
1772 2334 1824 2388 in
1854 2331 1930 2406 (α)
1959 2333 2147 2388 Prota-

554 2443 680 2495 gora
726 2425 1002 2492 Platonis,
1035 2437 1088 2479 et
1124 2426 1178 2480 in
1219 2431 1513 2496 οἰκονομικῷ
1552 2423 1962 2496 Xenophontis,
2005 2432 2058 2478 et
2092 2425 2146 2478 in

551 2517 718 2590 644
794 2518 1167 2573 Demosthenis
1207 2527 1395 2572 eontra
1444 2515 1737 2572 IEschinen
1782 2515 2026 2570 oratione
2068 2514 2147 2571 fc-

553 2613 694 2664 cisse
723 2610 1128 2675 convincimus;
1174 2619 1229 2664 et
1268 2595 1512 2664 Plautum
1541 2650 1555 2672 ,
1588 2607 1898 2664 Terentium
1925 2649 1939 2674 ,
1978 2606 2145 2662 Cmci-

551 2701 796 2771 liumque
845 2700 1240 2756 eruditissimos
1287 2700 1457 2766 viros,
1507 2701 1559 2755 in
1612 2699 1814 2756 Graecis
1866 2700 2145 2756 commdiis

549 2794 968 2851 transferendis.
1008 2793 1116 2850 Nec
1146 2809 1210 2849 cx
1243 2808 1310 2848 eo
1338 2793 1458 2863 quis
1489 2791 1733 2848 Latinam
1782 2794 2014 2864 linguam
2046 2810 2144 2848 an-

549 2887 917 2958 gnstissimam
943 2895 1112 2957 putet,
1138 2883 1282 2957 quod
1311 2900 1415 2939 non
1445 2880 1615 2956 possit
1638 2885 1857 2940 verbum
1883 2886 1950 2941 de
1978 2887 2142 2943 verbo

547 2980 884 3044 transferre;
929 2991 1052 3033 cum
1091 2977 1250 3031 etiam
1292 2973 1465 3032 Grmci
1508 2976 1761 3047 pleraque
1816 2987 1996 3031 nostra
2041 2977 2144 3031 cir-

549 3073 695 3127 cuitu
727 3069 823 3144 [al.
857 3085 948 3141 per
976 3064 1296 3141 circumitus]
1333 3066 1662 3122 transferant
1695 3085 1707 3120 :
1739 3077 1794 3122 et
1834 3068 1994 3122 verba
2039 3068 2144 3123 He-

547 3164 750 3225 braica,
773 3177 878 3217 non
905 3161 1363 3230 interpretationis
1394 3159 1519 3228 fide,
1539 3160 1634 3218 sed
1657 3161 1851 3232 linguae
1881 3178 1989 3217 suae
2021 3176 2142 3232 pro-

547 3256 868 3325 prietatibus
897 3257 1135 3311 nitantur
1161 3255 1496 3327 exprimere.
1539 3331 1546 3336 ι

622 3350 674 3404 4.
703 3350 778 3405 De
799 3348 989 3404 eodem
1012 3345 1228 3405 Psalmo
1255 3369 1268 3404 :
1293 3350 1472 3423 Dirige
1500 3353 1553 3406 in
1579 3341 1848 3423 conspectu
1875 3370 1984 3408 meo
2009 3353 2142 3422 uiam

547 3452 689 3496 tuam
705 3441 879 3512 (Psat.
903 3442 955 3497 ὅ.
981 3440 1058 3512 9).
1080 3442 1184 3498 Pro
1206 3459 1312 3515 quo
1339 3435 1565 3501 habetur
1586 3445 1640 3501 in
1657 3444 1844 3502 Graeco
1868 3453 2141 3503 κατεὺθυνρν

543 3536 737 3588 ινώπιον
751 3555 836 3589 σου
856 3547 942 3596 τὴν
967 3539 1070 3590 ὁδόν
1087 3560 1199 3604 μου,
1228 3533 1330 3590 hcc
1355 3545 1457 3602 est,
1480 3538 1642 3609 dirige
1670 3539 1723 3593 in
1752 3549 2024 3610 conspectu
2054 3523 2139 3596 tuo

543 3625 676 3678 uiam
701 3642 886 3680 meam.
911 3625 1064 3693 Quod
1089 3642 1187 3683 nec
1201 3619 1551 3700 Septuaginta
1573 3630 1790 3698 habent,
1812 3647 1910 3687 nec
1927 3633 2136 3704 Aquila,

544 3731 645 3771 nec
692 3715 1088 3790 Symmachus,
1122 3736 1221 3774 nec
1264 3719 1645 3789 Theodotion;
1691 3723 1786 3779 sed
1832 3723 1947 3778 sola
1986 3733 2138 3787 Κοινὴ

545 3809 736 3866 editio.
768 3811 1011 3881 Denique
1038 3820 1092 3868 et
1119 3811 1172 3867 in
1198 3812 1426 3869 Hebraeo
1454 3815 1524 3869 ita
1551 3807 1808 3886 scriptum
1833 3818 2032 3885 reperi,
2062 3817 2134 3890 (ὁ)

541 3917 678 3957 ossa
718 3917 978 3958 LAPHANAI
1019 3919 1319 3961 DARCHACB.
1363 3904 1516 3973 Quod
1560 3923 1750 3962 omnes
1795 3922 1928 3962 voce
1972 3908 2137 3964 simili

537 3997 970 4061 transtulerunt;
1014 3996 1193 4068 Dirige
1231 4001 1285 4052 in
1328 4009 1598 4071 conspectu
1641 4017 1752 4055 meo
1791 4002 1927 4056 viam
1973 4011 2131 4057 tuam.

541 4086 855 4144 Secundum
887 4089 1040 4156 illud,
1069 4089 1212 4160 quod
1243 4091 1296 4145 in
1316 4089 1576 4149 Oratione
1601 4093 1876 4149 Dominica
1904 4093 2132 4151 dicitur:

541 4178 704 4235 Pater
736 4189 925 4248 noster,
950 4181 1036 4251 qui
1063 4198 1114 4236 es
1140 4183 1192 4236 in
1223 4183 1383 4251 caelis,
1411 4185 1757 4254 sancti/icetur
1782 4203 1962 4241 nomen
1990 4197 2135 4244 tuum

540 4269 764 4341 (Matth.
815 4270 871 4326 6.
903 4271 1015 4342 10).
1047 4272 1162 4327 Non
1194 4287 1303 4343 quo
1335 4274 1492 4329 nobis
1522 4276 1801 4330 orantibus
1828 4278 2133 4336 sanctiﬁcc-

540 4371 631 4418 tur
661 4363 802 4434 quod
837 4379 930 4433 per
958 4378 1018 4419 se
1058 4374 1306 4420 sanctum
1346 4373 1429 4420 est
1461 4382 1474 4419 :
1507 4359 1602 4422 sed
1631 4381 1738 4438 quo
1767 4376 2010 4438 petamus
2033 4413 2047 4438 ,
2076 4380 2134 4428 ut

539 4459 685 4529 quod
715 4475 812 4530 per
838 4468 1084 4513 naturam
1115 4459 1198 4514 sui
1239 4468 1483 4515 sanctum
1525 4471 1642 4526 est,
1685 4463 2048 4522 sanctiﬁcetur
2075 4468 2130 4524 in

541 4549 720 4604 nobis.
745 4549 889 4621 Ergo
912 4559 966 4604 et
988 4564 1131 4605 nunc
1156 4549 1423 4620 Propheta
1453 4551 1708 4622 postulat,
1735 4564 1792 4610 ut
1813 4555 1897 4612 via
1920 4556 2130 4616 Domini

542 4653 666 4712 quae
693 4653 789 4711 per
812 4656 870 4697 se
891 4651 1040 4697 recta
1069 4650 1172 4709 est,
1204 4642 1368 4697 etiam
1399 4643 1500 4699 sibi
1522 4654 1668 4700 recta
1695 4646 1804 4701 ﬁat.

536 4842 872 4915 interpretum
885 4840 1476 4915 auctoritatediscordare
1487 4842 1817 4915 Communem,
1833 4849 2132 4915 ubicumque

536 4900 794 4970 discrepet
831 4903 892 4970 ab
932 4900 1216 4964 Hexaplari,
1257 4915 1369 4970 qua}
1405 4905 1698 4970 incorrupta,
1737 4917 1790 4960 et
1809 4900 2131 4964 immaculata

540 4963 830 5036 eorumdem
867 4963 1194 5036 interpretum
1217 4963 1478 5036 translatio;
1501 4963 1615 5036 e_s__t.'
1639 4963 1737 5024 Sed
1778 4986 1876 5036 nec
1894 4973 1992 5023 ulla
2015 4963 2132 5027 huic

539 5025 839 5086 conjectura:
875 5023 1198 5088 suffragantur
1235 5025 1367 5077 edita
1402 5034 1488 5080 aut
1524 5029 1638 5082 Mss.
1682 5023 2132 5098 exemplaria,nec

535 5084 830 5160 gieronymi
864 5100 1040 5160 sensus
1077 5087 1238 5160 minus
1273 5092 1531 5160 commode
1554 5101 1735 5160 potest,
1763 5096 1996 5159 intelligi,
2019 5113 2130 5150 cum

535 5146 1043 5222 Hexa1)iarem.illam
1067 5149 1330 5222 editionem
1369 5155 1446 5222 ita.
1474 5146 1854 5222 adi-Iehraicum
1876 5146 2129 5222 eieinplar

537 5209 796 5285 exegisset
819 5209 1066 5274 Origenes
1085 5225 1152 5285 ex
1173 5211 1283 5264 aliis
1298 5215 1627 5285 ‘versjonibus
1642 5258 1655 5279 ,
1680 5219 1952 5285 obelorurn,
1979 5209 2126 5285 atque

533 5271 882 5341 asteriscorum
911 5271 1023 5341 ope,
1048 5279 1105 5341 u_t
1137 5288 1233 5326 nec
1269 5274 1378 5338 plus
1396 5278 1577 5341 aliquid
1605 5271 1700 5331 nec
1732 5284 1896 5337 minus
1916 5271 2129 5336 iiabe'ret

533 5333 782 5445 $33250
795 5333 957 5388 textu:
973 5335 1126 5388 Paulo
1145 5333 1292 5402 supra
1314 5353 1400 5402 pro
1415 5333 1537 5392 voce
1552 5350 1701 5405 vetus,
1718 5333 1905 5395 Erasm.
1929 5352 1981 5395 et
1995 5333 2123 5396 Vict;

533 5408 764 5448 veterum.
1332 5435 1335 5440 ν

597 5457 672 5569 g3
707 5459 989 5534 Pretagora
1023 5475 1207 5514 nomen
1239 5477 1273 5515 e
1310 5464 1503 5517 duobus
1539 5466 1785 5517 Vaticanis
1820 5469 2082 5520 asserimus
2105 5508 2119 5530 ,

597 5560 600 5568 .
701 5520 782 5569 alii
807 5531 958 5569 etiam
976 5536 1007 5569 Il
1027 5524 1309 5569 Hui-liiian
1340 5527 1544 5569 insneeli
1581 5527 1774 5569 mdium
1809 5529 1916 5569 fere
1954 5544 2119 5569 nmnm

529 5520 663 5629 quod
701 5520 782 5573 alii
807 5520 958 5574 etiam
976 5536 1008 5576 tt
1027 5524 1309 5578 Martianaao
1340 5527 1546 5590 inspecti
1581 5527 1774 5579 codices
1809 5529 1916 5580 fere
1954 5520 2126 5583 omnes

567 5590 802 5629 enravant
821 5585 874 5629 in
899 5584 1236 5629 Putllalmrnm-

567 5590 802 5653 epravgnt
821 5585 875 5636 in

620 5643 666 5718 9)
705 5645 890 5718 Erasm.
917 5643 972 5698 e't
988 5643 1115 5718 Yiét.
1137 5649 1332 5718 ζιαέεδατ
1357 5649 1585 5718 ιιιρζξαησί
1606 5651 1882 5718 darcheclga
1909 5665 1934 5718 :A
1953 5660 2003 5703 et
2024 5658 2122 5718 pri-

529 5713 666 5776 mum
685 5708 881 5770 quidem
907 5711 1114 5760 verbum
1133 5708 1327 5772 hajesar
1345 5708 1414 5762 ex'
1432 5711 1782 5763 Massorethico
1802 5714 1939 5766 cheri
1955 5708 2117 5776 Wfﬁn.

533 5770 742 5851 gere,
765 5787 822 5828 ut
834 5770 1201 5851 semei'dixisse
1224 5783 1442 5851 sufﬁciat,
1466 5797 1526 5851 ex
1546 5770 2119 5851 Grammaticorumvpun;

531 5836 781 5906 clinatione
820 5853 934 5902 qua;
975 5840 1259 5906 Hieronymi
1305 5836 1606 5906 temporibus
1645 5848 1849 5896 inferior
1886 5836 2119 5903 cst.rl§ro

793 5888 1979 5972 θέρωριετεηάεῖξξιέῐιῐιῖῐιένὶῷῑῇέὶίιωὶἓί

533 5955 721 6018 chao/ti,
744 5958 877 6009 facili
900 5955 1252 6022 eiscriptorut'n
1271 5955 1424 6027 inpsu.

1881 444 2122 505 ΞΛΜ]Ἱῖ
2150 437 2529 503 llIERONYMl

3747 453 3844 519 820

2332 565 2384 620 5.
2436 547 2509 620 Dc
2556 569 2706 620 {CXtO
2743 557 2957 622 Psalmo
2990 585 3003 622 ζ
3039 549 3357 626 Erubescant
3487 569 3848 631 conturbentur

2260 659 2570 717 vehementer
2595 676 2766 714 omnes
2795 661 2989 716 inimici
3025 664 3122 718 mei
3169 663 3343 736 (Psat.
3371 651 3424 721 6.
3454 665 3534 738 1).
3579 668 3648 722 Et
3677 650 3848 723 dicitis

2259 754 2312 810 in
2341 753 2526 809 Gneco
2547 795 2561 819 ,
2595 753 2908 809 vehementer
2927 795 2942 820 ,
2972 773 3076 812 non
3104 756 3312 813 haberi.
3343 756 3468 814 Scio
3489 779 3502 814 :
3526 760 3622 816 sed
3652 759 3755 816 hoc
3782 762 3830 817 in

2258 841 2492 900 editione
2516 843 2759 915 Vulgata.
2782 845 3048 902 Caeterum
3081 848 3135 902 in
3164 848 3392 905 Hebraeo
3420 849 3583 906 habet
3605 850 3678 922 (c)
3707 868 3834 920 non,

2261 937 2314 992 id
2344 946 2447 1004 est,
2474 938 2789 992 vehementer
2805 954 2826 1003 ;
2853 948 2907 994 et
2937 954 3148 1008 omnes,
3177 945 3374 1014 σφόδρα,
3396 941 3647 1000 similiter
3672 952 3845 1000 trans-

2263 1032 2520 1087 tulerunt.

2333 1126 2388 1181 6.
2422 1126 2496 1181 De
2526 1125 2760 1195 septimo
2787 1125 3004 1181 Psalmo
3029 1143 3042 1181 :
3065 1125 3256 1182 Judica
3297 1143 3376 1182 me
3412 1127 3636 1184 Domine
3675 1146 3848 1186 secun-

2259 1219 2386 1272 dum
2403 1217 2665 1288 justitiam
2689 1234 2854 1272 meam
2880 1217 3057 1286 (Psat.
3082 1219 3136 1274 7.
3166 1218 3245 1292 9).
3279 1218 3385 1276 Pro
3413 1235 3520 1291 quo
3553 1221 3781 1277 habetur
3801 1224 3847 1277 in

2257 1311 2466 1377 Grzeco,
2495 1319 2620 1367 κατὰ
2649 1326 2734 1375 τὴν
2763 1317 3058 1390 stramina?
3082 1337 3188 1378 σου,
3219 1313 3272 1370 id
3297 1323 3400 1378 est,
3419 1315 3582 1386 juxta
3595 1316 3847 1387 justitiam

2260 1413 2426 1457 tuam.
2455 1405 2561 1461 Sed
2604 1413 2658 1460 et
2689 1406 2741 1460 in
2785 1407 2886 1461 hoc
2935 1406 3114 1472 male;
3147 1407 3201 1462 in
3231 1406 3458 1464 Hebraeo
3496 1410 3640 1464 enim
3673 1425 3848 1466 διοεει

2258 1494 2444 1559 habet,
2471 1494 2613 1564 quod
2643 1496 3050 1566 interpretatur,
3072 1498 3280 1568 justitia
3307 1514 3460 1564 mea;
3486 1508 3540 1554 et
3567 1516 3675 1555 non
3701 1515 3849 1557 stans-

2255 1599 2416 1652 cacu,
2443 1585 2606 1656 quod,
2620 1587 2882 1656 justitiam
2899 1597 3052 1656 tuam,
3082 1597 3257 1646 sonat.
3275 1589 3382 1646 Sed
3403 1599 3455 1646 et
3475 1607 3663 1649 omnes
3684 1593 3846 1650 luter-

2254 1688 2458 1749 pretes,
2507 1677 2672 1752 3&5
2712 1681 2972 1751 justitiam
3000 1697 3184 1750 meam,
3219 1697 3351 1739 voce
3381 1685 3542 1741 simili
3574 1688 3849 1745 transtule-

2256 1779 2402 1825 runt.
2426 1769 2536 1826 Nec
2553 1773 2802 1842 cuiquam
2825 1773 3070 1828 videatur
3087 1777 3456 1840 temerarium,
3470 1778 3611 1848 quod
3626 1777 3847 1849 iudicari

2255 1859 2554 1918 secundum
2586 1863 2853 1933 justitiam
2880 1877 3032 1921 suam
3068 1867 3335 1937 postulet,
3365 1883 3487 1923 cum
3532 1878 3587 1926 et
3622 1886 3846 1942 sequens

2256 1954 2557 2011 versiculus
2591 1956 2692 2011 hoc
2733 1957 2908 2027 ipsum
2956 1958 3222 2024 signiﬁcet
3247 1975 3259 2012 :
3286 1958 3356 2013 Et
3395 1961 3675 2016 secundum
3704 1963 3847 2018 inno-

2253 2034 2473 2103 centiam
2496 2065 2660 2104 meam
2685 2066 2838 2120 super
2865 2067 2945 2106 me
2966 2049 3155 2125 (Ibid)
3189 2052 3254 2107 Et
3276 2053 3410 2109 sexti
3435 2052 3628 2110 decimi
3653 2056 3848 2113 Psalmi

2255 2140 2360 2197 hoc
2401 2141 2684 2198 exordium
2726 2143 2843 2197 sit:
2884 2142 3086 2200 Exaudi
3126 2144 3345 2200 Domine
3380 2147 3642 2217 justitiam
3688 2166 3845 2204 meam

2257 2233 2433 2302 (Psal.
2466 2232 2553 2289 16.
2586 2234 2666 2305 1).
2693 2234 2759 2289 Et
2787 2235 2839 2289 in
2865 2237 3099 2306 septimo
3121 2237 3333 2295 decimo
3359 2254 3575 2310 quoque
3603 2239 3843 2298 dicatur:

2254 2321 2521 2378 Retribuet
2552 2325 2675 2378 mihi
2708 2324 2956 2381 Dominus
2981 2329 3258 2384 secundum
3290 2330 3551 2400 justitiam
3580 2347 3775 2396 meam,
3804 2343 3846 2388 et

2253 2417 2530 2470 secundum
2548 2417 2820 2486 puritatem
2839 2435 3079 2473 manuum
3099 2437 3325 2475 mearum
3341 2422 3516 2477 reddet
3535 2425 3660 2478 mihi
3676 2425 3838 2497 (t’sal.

2255 2509 2344 2562 17.
2373 2508 2512 2576 25.).
2537 2509 2591 2563 lu
2615 2509 2874 2580 vigesimo
2896 2526 3109 2582 quoque
3131 2513 3316 2584 quinto
3345 2513 3562 2571 Psalmo
3583 2517 3840 2588 scriptum

2253 2599 2326 2655 sit
2351 2618 2363 2654 :
2396 2599 2564 2656 Proba
2594 2620 2692 2669 me,
2728 2601 2968 2673 Domine,
2998 2615 3042 2658 et
3075 2615 3212 2660 tenta
3241 2623 3321 2662 me
3341 2626 3360 2662 :
3382 2624 3476 2662 ure
3503 2626 3650 2665 renes
3678 2627 3838 2681 meos,

2259 2705 2308 2748 et
2357 2712 2445 2749 cor
2487 2712 2652 2750 meum
2692 2696 2863 2769 (Psal.
2909 2699 2999 2755 25.
3042 2700 3120 2771 ‘2).
3158 2700 3226 2755 Et
3265 2701 3318 2756 in
3364 2712 3557 2773 quarto
3591 2704 3840 2762 dicatur:

2257 2786 2386 2843 Cum
2416 2789 2728 2872 invocarem,
2759 2792 3018 2847 exaudivit
3044 2810 3122 2848 me
3138 2792 3277 2849 Deus
3291 2795 3510 2867 justitiw
3528 2814 3655 2854 mea
3675 2795 3838 2872 (Psat.

2255 2878 2312 2933 4.
2358 2881 2435 2951 1).
2478 2879 2550 2934 Et
2593 2882 2644 2936 in
2697 2870 3029 2954 octogesimo
3074 2887 3263 2956 quinto
3305 2903 3320 2942 :
3361 2887 3571 2945 Custodi
3624 2870 3842 2946 animam

2255 2987 2454 3039 mcmn,
2505 2975 2746 3042 quoniam
2798 2987 3002 3031 sanctus
3052 2994 3163 3032 sum
3212 2977 3382 3046 (Psal.
3424 2980 3514 3038 85.
3557 2981 3639 3054 2).
3680 2981 3841 3040 Jacob

2250 3079 2465 3133 quoque
2497 3065 2746 3136 loquatur
2779 3065 2831 3123 in
2863 3068 3061 3126 Genesi
3087 3087 3100 3124 :
3128 3070 3386 3127 Exaudiet
3408 3091 3488 3130 ms
3508 3091 3624 3132 cras
3640 3077 3840 3149 justitia

2249 3171 2364 3209 mea
2395 3155 2549 3222 (Gen.
2580 3159 2668 3213 50.
2705 3160 2815 3232 55).
3754 3217 3758 3220 .

2324 3249 2374 3302 7.
2422 3250 2493 3304 De
2524 3259 2714 3328 octavo
2749 3252 3008 3310 Psalmo:
3045 3256 3297 3324 Quoniam
3334 3259 3512 3315 videbo
3550 3263 3702 3321 catos
3730 3274 3839 3322 tuos

2250 3338 2421 3411 (Psat.
2453 3341 2505 3396 8.
2537 3342 2616 3412 4).
2651 3343 2715 3396 Ει
2746 3343 2923 3402 dicitis
2948 3349 3113 3419 quod,
3147 3359 3284 3418 tuos,
3312 3351 3365 3406 in
3383 3351 3573 3410 Graeco
3604 3372 3710 3412 non
3742 3357 3834 3412 ha-

2247 3431 2390 3518 bent.
2436 3423 2632 3487 Verum
2677 3443 2781 3518 est,
2828 3437 2923 3493 sed
2969 3439 3022 3494 in
3065 3440 3293 3498 Hebraeo
3337 3444 3531 3516 legitur
3575 3462 3832 3517 seuseu,

2246 3515 2387 3593 quod
2414 3515 2817 3594 interpretatur,
2861 3531 3012 3584 caelos
3044 3541 3177 3598 tuos,
3207 3543 3260 3588 et
3291 3533 3358 3590 de
3401 3535 3638 3594 editione
3665 3515 3836 3597 Theo-

2246 3615 2480 3670 dotionis
2510 3616 2561 3670 in
2586 3617 2940 3691 Septuaginta
2971 3621 3352 3696 interpretibus
3375 3625 3615 3686 additum
3638 3646 3718 3688 est
3740 3635 3835 3690 sub

2245 3710 2507 3766 asterisco
2541 3729 2554 3766 :
2587 3713 2741 3781 cujus
2765 3716 2844 3770 rei
2877 3717 3032 3772 vobis
3062 3734 3282 3775 sensum
3310 3720 3547 3779 breviter
3573 3719 3831 3796 aperiam.

2245 3798 2347 3856 Ubi
2373 3800 2497 3870 quid
2525 3803 2700 3858 minus
2729 3804 2957 3863 habetur
2997 3809 3048 3863 in
3080 3808 3270 3866 Graeco
3298 3811 3364 3867 ab
3392 3813 3654 3872 Hebraica
3689 3817 3836 3875 Veri-

2243 3901 2375 3961 tate,
2419 3893 2680 3966 Origenes
2707 3897 2775 3954 de
2804 3902 3154 3961 translatione
3181 3904 3569 3965 Theodotionis
3608 3911 3828 3977 addidit,

2242 3993 2299 4072 et
2327 3986 2537 4058 signum
2567 3989 2748 4058 posuit
2769 3993 3037 4062 asterisci,
3067 3995 3120 4052 id
3149 4007 3252 4066 est,
3285 3999 3520 4069 stellam,
3549 4018 3666 4072 qua:
3690 4005 3829 4074 quod

2242 4069 2391 4146 prius
2432 4078 2804 4138 absconditum
2850 4084 3156 4156 videbatur,
3204 4089 3491 4155 illuminet,
3537 4069 3590 4148 et
3635 4069 3832 4150 inimc-

2239 4168 2386 4224 dium
2417 4171 2652 4241 proferat
2686 4191 2699 4229 :
2732 4175 2821 4230 ubi
2856 4186 3032 4234 autem
3075 4181 3219 4252 quod
3245 4183 3302 4238 in
3333 4173 3562 4241 llebrteo
3594 4203 3700 4243 non
3729 4199 3828 4253 est,

2240 4253 2295 4317 in
2317 4261 2521 4320 Grzecis
2548 4265 2826 4323 codicibus
2851 4270 3157 4345 invenitur),
3185 4274 3401 4343 obelon,
3434 4277 3485 4331 id
3516 4287 3620 4347 est,
3649 4277 3832 4348 jacen-

2240 4363 2346 4411 tem
2399 4359 2694 4428 praeposuit
2737 4360 3022 4433 virgulam,
3071 4380 3230 4435 quam
3278 4383 3376 4424 nos
3424 4366 3635 4440 Latine,
3675 4388 3824 4437 veru,

2239 4464 2527 4519 possumus
2548 4450 2729 4508 dicere
2753 4469 2768 4519 ;
2797 4469 2905 4523 quo
2925 4457 3228 4514 ostenditur
3241 4459 3593 4531 jugulandum
3632 4478 3750 4519 esse
3776 4474 3828 4518 et

2237 4545 2677 4611 confodiendum,
2709 4547 2852 4618 quod
2898 4548 2951 4604 in
2981 4551 3322 4609 Authenticis
3352 4555 3501 4610 libris
3544 4573 3650 4612 non
3680 4558 3829 4615 inve-

2237 4635 2403 4691 nitur.
2445 4635 2576 4704 Quae
2627 4639 2779 4708 signa
2825 4649 2880 4696 et.
2930 4642 2983 4696 in
3025 4642 3356 4715 Graecorum,
3405 4647 3826 4723 Latinorumque

2237 4728 2574 4799 poematibus
2603 4730 2970 4789 inveniuntur.

2305 4820 2364 4876 8.
2429 4821 2646 4879 Decimo
2702 4836 2862 4882 sexto
2911 4847 2924 4882 :
2982 4828 3132 4884 Oculi
3190 4832 3262 4886 tui
3315 4835 3517 4889 videant
3570 4839 3827 4906 mmtitates

2235 4910 2409 4981 (Psat.
2439 4915 2527 4970 i6.
2559 4915 2638 4989 ‘2).
2663 4917 2768 4973 Pro
2798 4935 2902 4990 quo
2928 4922 2982 4976 in
3009 4921 3198 4980 Graeco
3223 4941 3320 4981 vos
3347 4927 3542 4997 legisse
3571 4929 3822 4986 dixistis:

2234 5013 2280 5059 οἱ
2301 5007 2531 5077 ὀφθαλμοί
2556 5032 2668 5076 μου,
2692 5011 2769 5082 (d)
2803 5011 2852 5066 id
2878 5022 2980 5079 est,
3005 5016 3142 5069 oculi
3168 5019 3298 5083 mei;
3320 5020 3414 5094 sed
3440 5023 3660 5091 rectius,
3690 5023 3827 5078 oculi

2297 5115 2366 5228 ΕΞ)
2403 5118 2560 5190 Iidem
2581 5119 2767 5170 Erasm.
2793 5131 2847 5172 et
2867 5123 3049 5176 Victor.
3076 5128 3233 5179 Meod.
3253 5136 3302 5179 at
3325 5130 3441 5181 Mss.
3465 5145 3643 5182 omnes
3666 5135 3777 5185 Mod
3806 5145 3821 5185 :

2297 5220 2298 5225 η
2387 5194 2518 5228 enim
2542 5183 2736 5228 tradunt
2756 5184 3103 5228 Hebraimrnm
3131 5191 3402 5228 litim-arum
3428 5196 3645 5228 manicis-ﬁ
3692 5209 3821 5228 cum-

2233 5183 2369 5256 quod.
2387 5183 2518 5256 enim
2542 5183 2736 5256 tradunt
2756 5184 3105 5256 Hebraicarum
3130 5191 3403 5256 litterarum
3427 5183 3677 5256 magistri,
3691 5183 3826 5247 sem-1

2231 5253 2323 5348 per
2356 5243 2492 5292 initio
2533 5243 2757 5294 dictionis
2794 5246 3058 5310 legendum
3095 5253 3302 5311 scheva,
3331 5243 3537 5305 veteres
3575 5243 3824 5321 nunquam

2253 5309 2481 5348 egerunt.
2523 5303 2588 5348 Al.
2622 5308 2822 5348 gravius
2845 5313 2892 5348 in
2929 5315 3155 5348 RAMIDI‘IH
3198 5314 3436 5348 "allusit-va
3459 5330 3582 5348 mmo
3622 5329 3821 5348 not-Mn!

2253 5303 2588 5381 9§PAE‘£9‘°_..§P
2621 5303 3159 5381 επδγὲυεῖρβθςιυθηιί
3196 5303 3441 5365 Heliam
3454 5303 3825 5381 ἢ)ὲέἶόὥᾶ

2231 5315 2588 5412 telgerunt."At
2621 5315 2894 5382 grav-iusin
2929 5315 3159 5375 sequenti
3196 5315 3439 5365 Hebraica
3459 5330 3582 5391 voce
3622 5315 3825 5381 peccant

2231 5373 2262 5412 e
2298 5371 2448 5416 tiores
2483 5365 2650 5429 tidem,
2674 5370 2760 5420 ubi
2789 5370 3130 5437 atdekatheca,
3397 5381 3826 5432 comminiscuntur

2229 5467 2317 5518 pro
2337 5459 2504 5539 npw,
2533 5459 2795 5512 Sedechalt.
2820 5461 3053 5530 Reliquas
3072 5459 3422 5520 Hebraicarum
3449 5486 3620 5523 vocum
3644 5471 3822 5524 lectio-

2228 5551 2558 5627 u‘esgproutiu
2599 5552 2658 5602 iis
2683 5554 2977 5627 editiouibus
3013 5559 3288 5627 habentur,
3308 5562 3822 5627 subinderepraesen-

2227 5613 2335 5686 tare
2352 5623 2454 5686 ‘non
2480 5620 2556 5686 est
2578 5628 2743 5686 opera:
2769 5620 3114 5686 pretium,_nisi
3143 5622 3186 5671 si
3209 5613 3324 5686 quid
3347 5623 3474 5673 ultra
3499 5613 3820 5678 Messorethi-

2225 5672 2553 5745 min-legendi
2577 5672 2836 5745 rationein,
2861 5694 2971 5743 qum
2984 5672 3242 5745 hodieque
3261 5672 3479 5745 obtinet,
3499 5672 3730 5739 abeant.

2292 5731 2366 5800 (ά)
2401 5731 2577 5788 Contra
2611 5737 2728 5803 Mss.
2759 5731 2906 5792 ﬁdem
2941 5731 3129 5794 addunt
3145 5731 3818 5803 EMYé‘t'v'iciBE-TEL...

2222 5806 2513 5868 εειοῡτηῃςηρῑ
2537 5802 2820 5868 earumdem
2834 5805 3316 5868 interpretationem,
3329 5809 3525 5863 uideant
3546 5820 3815 5868 (causantes.

2223 5859 2350 5941 995'.
2366 5859 2939 5941 ίίὲ¹ἓ¹ἱ¹μέἕδςῖἶ³¹³ἒίημε
2961 5859 3072 5941 lim?
3109 5859 3275 5941 habek
3302 5859 3354 5941 ξιξ
3371 5859 3818 5941 ’ὁὶ

2219 5927 2350 5972 recte
2384 5931 2611 5985 operante
2647 5939 2736 5988 pro
2776 5934 2926 5991 recta,
2966 5927 3078 5993 quae
3113 5927 3269 5983 altera
3304 5927 3406 5984 vos
3442 5927 3589 5988 abest
3622 5949 3653 5988 a
3677 5927 3813 5991 Vitt-
