4106 6340
531 380 582 434 in
625 356 816 433 Graeco
858 369 1126 438 scribitur,
1163 365 1242 442 (a)
1275 365 1588 439 gloriﬁcatus
1625 371 1699 420 est
1723 378 1742 418 :
1769 360 1863 418 sed
1909 362 1960 416 in
2004 360 2111 414 La-

533 470 645 524 tino
671 480 916 522 sermone
946 465 990 518 si
1021 460 1387 524 transferatur,
1427 459 1482 513 lit
1523 456 1768 512 indecora
1800 453 2110 516 translatio;

531 572 584 617 et
613 577 712 615 nos
743 558 1092 613 emendantes
1120 554 1246 609 olim
1275 553 1617 620 Psalterium,
1637 551 1966 618 ubicumque
1993 561 2117 599 scn-

532 673 622 711 sus
669 653 810 708 idem
856 659 955 709 est.
985 659 1226 704 veterum
1264 648 1621 716 Interprctum
1671 638 2114 698 consuetudinem

532 754 740 800 mutare
777 741 1066 804 noluimus,
1095 754 1164 794 ne
1190 738 1352 793 nimia
1378 736 1613 792 novitate
1643 731 1856 788 lectoris
1881 727 2114 784 studium

532 847 880 893 terreremus.

606 931 692 984 15.
740 926 1008 996 Vigesimo
1030 923 1300 981 secundo:
1327 921 1478 977 Catia:
1510 935 1651 974 meus
1677 915 1933 971 inebrians
1961 928 2116 985 quam

467 1019 469 1021 ’
530 1020 807 1093 prwclarus
845 1027 916 1071 est
939 1016 1112 1090 (Psal.
1150 1015 1248 1070 22.
1277 1014 1352 1086 5).
1378 1014 1482 1069 Pro
1504 1025 1609 1080 quo
1639 1009 1690 1063 in
1714 1007 1902 1064 Graeco
1922 1005 2118 1076 legisse

533 1128 632 1167 vos
663 1111 862 1176 dicitis,
907 1108 1044 1162 calix
1088 1116 1202 1161 tuus
1233 1124 1245 1160 :
1279 1103 1374 1160 sed
1418 1103 1521 1157 hoc
1565 1102 1620 1156 in
1647 1107 1799 1171 Κοινῇ
1830 1096 1902 1168 (b)
1934 1109 2119 1152 errore

531 1205 780 1261 obtinuit.
815 1201 1084 1258 Caeterum
1111 1203 1162 1255 et
1191 1197 1559 1269 Septuaginta,
1588 1203 1643 1250 et
1673 1192 2028 1255 Haehraicum,
2065 1196 2120 1244 et

532 1312 723 1355 omnes
739 1298 1086 1366 Interpretes,
1110 1293 1248 1346 calix
1273 1308 1434 1358 meus,
1455 1291 1674 1355 habent,
1697 1284 1840 1358 quod
1859 1281 2121 1339 Hebraice

534 1389 730 1446 dicitur
754 1402 904 1444 cuosr
932 1403 948 1444 :
972 1385 1205 1455 alioquin
1236 1383 1281 1438 si
1323 1383 1462 1437 calix
1487 1391 1623 1446 tuus,
1655 1387 1822 1446 esset,
1851 1377 2120 1432 diceretur

534 1496 792 1538 CEOSACE.

609 1573 698 1628 ﬂ.
741 1569 1014 1639 Vigesimo
1049 1574 1243 1639 quarto
1270 1583 1285 1620 :
1312 1564 1708 1636 Confundantur
1737 1575 1909 1616 omnes
1942 1557 2121 1625 iniqua

533 1671 742 1736 agentes
781 1661 952 1734 (Psal.
1008 1659 1100 1715 24.
1159 1657 1235 1731 4).
1282 1657 1351 1713 Ει
1389 1657 1564 1712 dicitis
1612 1653 1776 1725 quod,
1823 1666 2014 1717 omnes,
2068 1649 2122 1706 in

535 1754 726 1812 Graeco
747 1769 852 1808 non
885 1753 1104 1819 habeat,
1132 1760 1186 1806 et
1218 1751 1390 1814 bene;
1417 1763 1540 1803 nam
1570 1760 1671 1802 nec
1700 1745 1754 1800 in
1780 1743 2007 1799 Hebraeo
2029 1740 2127 1796 ha-

532 1847 646 1914 bet,
675 1846 768 1903 sed
801 1849 853 1902 in
874 1845 1221 1916 Septuaginta
1251 1843 1352 1898 sub
1377 1857 1508 1897 veru
1539 1839 1778 1894 additum
1809 1846 1910 1893 est.
1940 1835 1997 1890 In
2027 1849 2123 1890 eo-

534 1938 658 1994 dem
684 1957 697 1993 :
736 1937 1037 1992 Innocentes
1062 1945 1108 1989 et
1138 1936 1262 1990 recti
1288 1933 1612 1988 adhaeserunt
1644 1931 1789 1998 mihi,
1821 1930 1939 2002 quia
1975 1929 2126 1983 susti.

534 2031 624 2084 nui
660 2038 710 2084 te
734 2028 900 2100 (Ibid.
931 2026 1045 2101 21).
1079 2028 1145 2081 Ει
1185 2026 1365 2080 dicitis
1401 2026 1455 2080 in
1483 2024 1675 2081 Graeco
1702 2038 1796 2078 vos
1835 2021 2122 2093 reperisse,

537 2119 757 2176 Domine
784 2136 802 2174 :
831 2118 974 2190 quod
996 2117 1328 2188 superﬂnnm
1356 2125 1458 2172 est.

615 2213 704 2268 15.
737 2211 1011 2282 Vigesimo
1028 2219 1182 2266 sexto
1201 2227 1214 2263 :
1231 2208 1305 2280 (ε)
1330 2208 1397 2263 Ει
1421 2223 1554 2263 nunc
1583 2223 1696 2264 ecce
1711 2207 1954 2263 exaltavit
1974 2215 2127 2278 caput

535 2319 705 2359 meum
746 2301 916 2376 (Psal.
961 2301 1054 2357 26.
1086 2301 1165 2373 5).
1208 2300 1335 2366 Sed,
1387 2317 1520 2366 ecce,
1555 2300 1886 2371 superﬂuum
1915 2308 2017 2354 est.
2067 2299 2125 2355 In

535 2395 729 2451 eodem
761 2411 773 2447 :
808 2393 1090 2464 Exquisivit
1131 2392 1286 2462 facies
1325 2409 1435 2447 mea
1470 2391 1632 2465 (Ibid.
1663 2391 1739 2465 8).
1782 2393 1886 2448 Pro
1921 2407 2027 2463 quo
2071 2393 2126 2448 in

538 2487 730 2544 Grieco
767 2487 836 2541 sit
865 2486 1095 2556 positum
1130 2503 1143 2539 :
1176 2486 1404 2555 quaesivit
1434 2493 1480 2541 te
1521 2486 1676 2557 facies
1706 2502 1836 2541 mea.
1871 2484 1979 2542 Sed
2009 2501 2125 2541 me-

537 2579 644 2635 lius
667 2579 934 2649 superius.

612 2670 700 2725 16.
727 2669 997 2740 Vigesimo
1028 2670 1259 2740 septimo
1288 2686 1302 2723 :
1332 2668 1538 2724 Exaudi
1568 2685 1734 2724 vocem
1761 2669 2127 2740 deprecationis

538 2775 666 2815 mete
715 2758 889 2830 (Psal.
939 2760 1032 2814 27.
1083 2759 1165 2830 2).
1217 2760 1322 2815 Pro
1379 2776 1485 2829 quo
1543 2761 1812 2815 invenisse
1867 2760 2121 2814 dixistis:

538 2851 746 2907 Exaudi
780 2851 1015 2917 Domine,
1044 2851 1140 2907 sed
1164 2860 1219 2906 et
1249 2851 1352 2906 hoc
1381 2851 1618 2906 additum
1645 2860 1744 2906 est.

610 2947 700 3003 17.
744 2946 1014 3018 Vigesimo
1041 2955 1232 3002 octavo
1264 2963 1278 2999 :
1308 2944 1374 2998 Et
1399 2946 1454 2998 in
1483 2943 1670 3015 templo
1699 2945 1811 3016 ejus
1850 2944 2012 2999 omnis
2041 2944 2127 2998 di-

537 3046 614 3095 cet
640 3037 860 3110 gloriam
898 3036 1069 3109 (Psal.
1096 3036 1186 3091 28.
1220 3033 1296 3106 9).
1341 3035 1443 3090 Pro
1469 3050 1578 3104 quo
1604 3035 1658 3089 in
1698 3033 1885 3090 Grteco
1916 3035 2006 3101 sit,
2035 3041 2128 3097 πᾶς

537 3142 630 3194 τίς.
658 3130 810 3199 Quod
837 3129 883 3182 si
909 3128 1196 3184 transferre
1225 3127 1552 3182 voluerimus
1585 3125 1654 3182 ad
1690 3128 1933 3195 verbum,
1962 3129 2127 3182 omnis

537 3220 675 3289 quis,
706 3219 759 3272 in
785 3223 1074 3283 κακοζηλιαν
1114 3217 1574 3286 interpretationis
1604 3217 1946 3286 incurrimus,
1989 3226 2044 3272 et
2069 3217 2129 3273 lit

541 3307 774 3362 absurda
801 3307 1100 3362 translatio.
1135 3306 1191 3361 In
1219 3306 1410 3362 eodem
1441 3325 1454 3360 :
1485 3307 1737 3365 Dominus
1765 3310 2010 3364 diluvium
2041 3312 2127 3365 in-

541 3396 771 3450 habitare
797 3396 918 3466 facit
950 3393 1113 3467 (Ibid.
1140 3395 1255 3467 10).
1291 3397 1394 3451 Pro
1422 3413 1528 3469 quo
1554 3398 1749 3470 legisse
1777 3415 1872 3456 vos
1899 3401 2076 3457 dicitis
2107 3419 2122 3457 :

444 3477 448 3484 ’
539 3486 796 3542 Dominus
838 3487 1085 3542 diluvium
1127 3480 1414 3555 inhabital;
1459 3505 1684 3560 quorum
1715 3494 1862 3564 prius
1909 3494 1977 3548 ad
2007 3510 2128 3565 gra-

538 3579 668 3634 tiam
697 3578 774 3650 (d)
805 3580 1034 3648 pertinet
1058 3580 1112 3634 in
1153 3579 1516 3649 credentibus,
1550 3584 1838 3639 secundum
1883 3586 1950 3642 ad
1987 3589 2122 3656 ejus,

541 3671 596 3724 in
626 3684 734 3740 quo
760 3669 1007 3738 credunt,
1038 3670 1420 3726 habitaculum.
1451 3672 1555 3728 Sed
1582 3675 1704 3745 quia
1722 3675 1882 3733 Issa
1905 3679 2125 3735 verbum

543 3764 850 3835 ambiguum
877 3773 981 3832 est,
1011 3773 1066 3819 et
1097 3773 1277 3834 potest
1348 3764 1511 3838 649
1583 3778 1864 3840 utrumque
1907 3787 2123 3840 sonare,

540 3871 663 3911 nam
696 3865 750 3910 et
776 3857 950 3920 sessio,
981 3867 1034 3910 et
1059 3857 1303 3911 habitatio
1335 3859 1564 3920 dicitur:
1597 3870 1649 3915 et
1689 3861 1741 3915 in
1776 3863 1890 3932 ipso
1919 3864 2127 3920 Psalmo

540 3950 608 4005 de
634 3951 801 4021 gratia
839 3951 1174 4020 baptismatis
1201 3952 1273 4022 (e)
1300 3952 1620 4008 dicebatur:
1663 3953 1771 4010 Vox
1809 3955 2016 4011 Domini
2040 3974 2128 4012 su-

542 4059 632 4110 per
676 4059 832 4112 aquas
864 4059 881 4096 :
908 4042 1159 4097 Dominus
1210 4060 1361 4114 super
1410 4063 1566 4115 aquas
1609 4048 1811 4102 multas.
1863 4050 1969 4104 Et:
2019 4049 2129 4106 Vox

548 4135 888 4204 preparantis
917 4151 1106 4201 cervos,
1152 4145 1198 4189 et
1224 4137 1459 4190 reuelabit
1487 4142 1757 4206 condensa,
1790 4150 1836 4194 et
1861 4142 1914 4195 in
1941 4143 2127 4213 templo

541 4226 651 4294 ejus
691 4226 854 4278 omnis
895 4225 1023 4278 dicet
1051 4227 1268 4295 gloriam
1303 4227 1461 4297 (Ibid.
1503 4231 1554 4283 5.
1590 4239 1636 4282 et
1667 4233 1850 4302 seqq),
1885 4233 1952 4287 de
1997 4235 2128 4302 ipsis

539 4318 744 4372 sentire
775 4318 1045 4384 volumus,
1075 4321 1161 4387 qui
1195 4319 1500 4387 gloriﬁcant
1531 4321 1814 4377 Dominmn
1839 4341 1853 4389 ;
1883 4335 1936 4381 et
1960 4327 2127 4381 inter-

539 4411 736 4482 pretati
790 4425 974 4467 sumus
1021 4427 1034 4464 :
1074 4409 1327 4466 Dominus
1367 4413 1611 4468 diluvium
1663 4417 1948 4474 inhabitare
2005 4421 2129 4490 facit

541 4505 712 4577 (Psal.
738 4504 826 4560 so.
855 4505 936 4573 5).

612 4597 699 4651 18.
744 4595 1040 4665 Trigesimo
1086 4612 1098 4648 :
1153 4593 1408 4660 Quoniam
1458 4606 1514 4650 tu
1556 4612 1608 4652 es
1661 4608 1912 4669 protector
1962 4620 2123 4660 meus.

541 4687 770 4742 Rursum
801 4687 851 4739 in
886 4688 986 4740 hoc
1012 4687 1132 4742 loco
1159 4703 1352 4742 nomen
1403 4688 1615 4744 Domini
1645 4691 1883 4748 additum
1913 4705 2028 4762 est;
2072 4706 2128 4752 et

541 4797 608 4835 ne
633 4779 822 4834 eadem
843 4793 1053 4848 semper
1074 4780 1357 4848 inculcem,
1382 4782 1670 4839 observare
1693 4783 1901 4842 debetis
1926 4803 2122 4844 nomen

600 4940 673 5013 (a)
704 4939 1113 5013 Prmponuntboc
1133 4939 1240 4990 loco
1263 4946 1465 5013 veteres
1471 4944 1604 5013 “editi
1627 4952 1866 5013 διεόεαπμ,
1892 4951 2020 5013 quod
2036 4952 2126 5002 ha-

538 5002 1148 5077 bethetrvetustissimum
1195 5003 1445 5077 exemplar
1470 5005 1672 5068 Reginae
1709 5002 1757 5057 n.
1803 5002 1864 5060 11⁷
1896 5002 2124 5077 quodque

539 5065 696 5172 magis
718 5065 929 5120 mireris,
949 5065 1147 5123 praeﬁxo
1168 5066 1416 5114 asterisco.
1553 5065 1571 5068 ’

601 5125 619 5190 (
655 5125 673 5186 )
707 5123 839 5190 Editi
863 5137 1033 5190 omnes
1054 5137 1192 5173 error
1221 5139 1238 5174 :
1264 5128 1424 5177 minus
1444 5128 1594 5178 bene.

603 5183 675 5256 (e)
716 5185 847 5256 Unus
882 5183 1133 5256 Palatinis
1171 5201 1381 5256 manum,
1410 5197 1464 5238 ut
1484 5191 1697 5252 videtur,
1723 5192 2002 5256 glossatoris
2035 5212 2122 5251 ex-

538 5246 714 5318 pertus
737 5259 761 5318 :_
777 5253 832 5296 Et
855 5260 981 5295 nunc
1003 5246 1229 5318 emanavit
1254 5246 1399 5318 caput
1420 5265 1577 5318 meum
1599 5246 1753 5318 sape;
1766 5246 1998 5310 inimicas;
2027 5246 2124 5314 ῥῖο

536 5308 632 5371 quo
653 5308 704 5358 in
726 5315 892 5359 erco
915 5321 994 5376 vos
1030 5308 1264 5376 invenisse
1289 5308 1498 5364 dixistis.
1535 5322 1592 5364 El
1613 5308 1740 5367 nunc
1779 5308 1995 5372 exaltavi
2009 5308 2122 5376 ic'cé

535 5383 620 5436 cor
642 5371 932 5436 ntemn._sed
951 5384 1060 5436 ecce
1079 5371 1374 5436 superﬂuum
1397 5383 1484 5425 est.

562 5493 571 5502 _
599 5434 677 5495 (d)
711 5434 920 5505 Quidam
937 5433 1145 5505 codices
1162 5433 1270 5505 cuin
1308 5435 1416 5505 aliis
1440 5438 1673 5505 vulgatis,
1697 5443 1899 5505 pertinet
1919 5449 2122 5498 creden-

534 5495 670 5561 tium,
702 5495 779 5544 vel
804 5495 1333 5561 credentibtts,absquc
1357 5497 1408 5548 in
1433 5495 1677 5561 particula:
1697 5495 1957 5558 Caeterum
1978 5495 2118 5560 iniec

534 5557 817 5634 f‘st‘Grzeca:
841 5557 1368 5634 editionis_ditlererlt.ia
1384 5600 1396 5618 ,
1421 5557 1548 5625 quod
1572 5566 1858 5634 allapsam,
1876 5571 1971 5622 alia
1982 5557 2119 5634 prae-

531 5615 630 5697 fect
646 5636 846 5697 figurata,
869 5622 1270 5697 quenadmodum
1381 5615 2052 5697 qu'oquIe'Athana—siiis—le-git.

587 5679 662 5754 '(e)
688 5681 839 5732 Vatic.
879 5679 988 5730 cum
1009 5683 1194 5754 Erasm.
1219 5693 1271 5734 et
1290 5679 1470 5735 Victor.
1497 5679 1674 5754 dicitur
1697 5705 1715 5742 :
1741 5679 2115 5754 ῐὺἶίιῖιῖᾶεἷ-ᾖο-

529 5747 650 5791 nam
669 5756 813 5806 super
835 5757 987 5807 aquas
1009 5747 1201 5808 multas,
1226 5753 1273 5799 et
1303 5758 1406 5802 Vox
1430 5750 1620 5804 Domini
1642 5747 1982 5821 prteparantis,
2008 5766 2109 5809 etc.

1845 241 2088 304 SANCTI
2126 237 2500 300 HIERONYMI

2223 355 2430 410 Domini
2461 362 2514 410 et
2563 353 2657 410 Dei
2683 352 2982 424 saepissime
3010 349 3283 418 additum;
3313 357 3369 409 et
3404 350 3459 408 id
3482 365 3580 408 vos
3604 351 3803 411 debere

2221 448 2372 518 sequi
2409 446 2552 518 quod
2576 447 2643 502 de
2673 444 2936 501 Hebraico
2964 453 3013 499 et
3043 444 3111 498 de
3141 443 3487 515 Septuaginta
3533 445 3802 515 Interpre-

2222 540 2364 595 tibus
2405 538 2826 595 emendavimus.
2873 537 2930 590 In
2971 535 3161 592 eodem
3191 555 3205 589 :
3237 534 3347 607 Ego
3393 545 3558 590 autem
3601 537 3707 590 dixi
3753 538 3808 592 in

2225 648 2430 687 excessu
2453 633 2633 686 mentis
2659 629 2912 704 mea.’(Ps.
2933 630 3023 686 50.
3047 629 3160 702 25).
3179 630 3397 699 Proquo
3425 631 3476 684 in
3501 629 3704 685 Latinis
3720 645 3808 685 co-

2226 723 2434 778 dicibus
2463 724 2759 794 legebatur,
2791 722 2843 775 in
2876 737 3061 790 pavore
3088 737 3217 787 meo,
3248 729 3304 776 et
3347 735 3444 776 nos
3484 721 3636 790 juxta
3663 720 3810 777 Grec-

2225 830 2345 870 cum
2375 816 2762 883 transtulimus,
2786 821 2832 870 tv
2857 830 2917 886 τῇ
2939 820 3156 870 laceram
3178 837 3291 883 μευ,
3313 814 3366 870 id
3388 823 3490 881 est,
3520 815 3572 868 in
3605 832 3808 870 excessu

2224 909 2404 962 mentis
2435 925 2556 963 mea:
2571 925 2588 974 ;
2619 909 2773 965 aliter
2787 909 2930 964 enim
2948 908 3169 964 Latinus
3192 923 3372 964 sermo
3398 916 3611 963 εχστασιν
3636 909 3811 978 expri-

2224 1016 2370 1056 mere
2398 1018 2503 1056 non
2534 1012 2727 1072 potest,
2761 1003 2862 1057 nisi
2893 1002 3092 1058 mentis
3119 1015 3421 1058 excessum.
3456 1001 3627 1056 Aliter
3650 1017 3734 1057 me
3760 1003 3809 1058 in

2227 1090 2488 1149 Hebraico
2514 1093 2708 1165 legisse
2734 1108 3022 1160 noveram,
3055 1093 3107 1148 in
3153 1102 3358 1163 stupore
3389 1101 3437 1147 et
3473 1093 3812 1148 admiratione

2224 1200 2356 1238 utea.

2299 1275 2386 1331 19.
2429 1275 2730 1346 Trigesimo
2757 1277 2932 1346 primo
2957 1293 2972 1332 :
3004 1275 3117 1330 Nec
3142 1275 3295 1331 estin
3323 1276 3509 1347 spiritu
3530 1276 3641 1346 ejus
3667 1276 3810 1330 dolus

2224 1365 2406 1440 (Psal.
2437 1369 2524 1423 51.
2556 1366 2647 1439 2).
2682 1369 2786 1423 Pro
2815 1383 2921 1439 quo
2948 1369 3000 1423 in
3023 1366 3214 1423 Graeco
3243 1381 3339 1422 vos
3379 1366 3575 1437 legisse
3605 1367 3802 1433 dicitis,

2224 1463 2271 1512 lu
2298 1469 2364 1528 τῷ
2389 1468 2594 1528 στόματι
2619 1463 2790 1526 αὐτοῦ,
2818 1459 2885 1531 (Ῑ)
2909 1458 2962 1515 id
2985 1467 3087 1527 est,
3115 1459 3170 1512 in
3196 1473 3282 1512 ore
3307 1458 3452 1529 ejus;
3492 1457 3634 1528 quod
3666 1458 3812 1514 solus

2226 1551 2578 1624 Symmachus
2623 1552 2819 1623 posuit.
2850 1553 3101 1623 Alioquin
3145 1560 3201 1607 et
3246 1548 3590 1622 Septuaginta
3641 1550 3809 1606 lutet-

2227 1654 2426 1715 pretes,
2460 1655 2512 1701 et
2541 1645 2900 1713 Theodotion,
2933 1656 2986 1702 et
3014 1645 3232 1714 Quinta,
3261 1653 3316 1700 et
3340 1643 3502 1700 Sexta
3532 1643 3731 1711 Editio,
3760 1653 3814 1701 et

2227 1738 2440 1808 Aquila,
2470 1747 2524 1794 et
2549 1737 2718 1809 ipsum
2760 1738 3106 1807 Hebraicum,
3136 1739 3188 1792 in
3227 1738 3412 1810 spiritu
3438 1738 3548 1809 ejus
3569 1780 3584 1805 ,
3612 1737 3810 1805 habet,

2226 1829 2368 1899 quod
2396 1829 2656 1886 Hebraice
2680 1830 2880 1887 dicitur
2904 1846 3128 1887 unusne.
3179 1830 3274 1886 Sin
3323 1839 3501 1885 autem
3548 1839 3731 1894 esset,
3763 1831 3815 1886 in

2227 1937 2312 1977 ore
2340 1923 2470 1992 ejus,
2500 1923 2847 1989 scriberetur,
2872 1939 3080 1979 anno.
3107 1922 3163 1977 In
3188 1921 3376 1978 eodem
3401 1919 3680 1977 Conversus
3704 1939 3815 1976 sum

2226 2013 2280 2068 in
2309 2030 2537 2069 erumna
2563 2031 2672 2080 mea
2698 2015 2716 2087 (
2742 2015 2876 2069 Ibid.
2911 2017 2944 2070 4
2966 2015 3018 2086 );
3054 2015 3105 2070 in
3131 2013 3318 2070 Grmco
3338 2055 3352 2081 ,
3382 2031 3493 2069 mea
3515 2056 3528 2080 ,
3561 2031 3668 2069 non
3697 2029 3815 2070 esse

2229 2105 2534 2175 suggeritis.
2582 2106 2731 2173 Quod
2787 2120 2857 2160 ex
2907 2105 3206 2174 Hebraico,
3254 2113 3308 2161 et
3349 2105 3418 2162 de
3467 2107 3816 2162 translatione

2228 2195 2616 2252 Thcodotionis
2691 2198 2856 2270 650
2942 2198 3042 2252 sub
3089 2197 3349 2254 asterisco
3401 2198 3642 2255 additum
3695 2209 3812 2270 est,

2229 2296 2284 2343 et
2313 2289 2363 2342 in
2395 2289 2622 2343 Hebraeo
2649 2289 2841 2360 legitur
2867 2288 2943 2362 (g)
2969 2305 3209 2346 LASADDI.

2299 2377 2389 2433 20.
2432 2379 2727 2450 Trigesimo
2776 2391 3012 2451 quarto:
3047 2381 3235 2437 Omnia
3281 2398 3398 2437 ossa
3442 2400 3555 2438 mea
3611 2383 3811 2451 dicent,

2229 2469 2448 2526 Domine
2469 2471 2640 2543 (Psal.
2665 2473 2750 2528 54.
2780 2472 2888 2545 10).
2916 2474 3021 2529 Pro
3041 2490 3148 2546 quo
3171 2475 3222 2530 in
3244 2473 3434 2532 Graeco
3451 2477 3553 2544 bis,
3576 2475 3810 2543 Domine,

2229 2563 2498 2620 invenisse
2523 2580 2619 2620 vos
2648 2565 2844 2621 dicitis.
2871 2566 2978 2621 Sed
3001 2567 3301 2632 sciendum,
3323 2567 3465 2638 quod
3497 2569 3663 2624 multa
3693 2576 3817 2624 sunt

2227 2654 2305 2726 (h)
2330 2655 2655 2725 exemplaria
2671 2656 2813 2726 apud
2842 2657 3113 2725 Hebraeos,
3145 2674 3266 2730 quae
3295 2675 3364 2714 ne
3388 2660 3559 2717 semel
3598 2661 3813 2732 quidem

2228 2747 2508 2804 Dominum
2542 2750 2810 2806 habeant:
3067 2739 3071 2742 ’

2297 2841 2386 2896 21.
2431 2842 2727 2912 Trigesimo
2754 2852 2909 2901 sexto
2940 2863 2952 2900 :
2977 2845 3046 2901 Et
3065 2845 3207 2910 viam
3235 2847 3347 2918 ejus
3375 2845 3509 2902 volet
3529 2847 3702 2920 (Psal.
3725 2849 3813 2908 36.

2227 2931 2338 3004 25).
2362 2933 2417 2986 In
2440 2932 2628 2990 Graeco
2645 2976 2660 3001 ,
2680 2933 2743 3007 (i)
2765 2937 2896 2991 volet
2917 2939 3088 3007 nimis,
3110 2953 3206 2993 vos
3225 2938 3420 3008 legisse
3444 2939 3644 2996 dicitis.
3667 2941 3816 3009 Quod

2227 3023 2466 3079 additum
2497 3033 2600 3094 est,
2633 3024 2711 3098 (1)
2742 3043 2840 3084 nec
2861 3028 3002 3100 apud
3033 3043 3358 3100 quemquam
3389 3029 3621 3088 habetur
3652 3033 3816 3089 Inter-

2229 3125 2460 3185 prelum.

2297 3206 2386 3260 22.
2429 3207 2728 3280 Trigesimo
2756 3219 2946 3268 octavo
2978 3228 2992 3267 :
3033 3211 3386 3270 Verumtamen
3428 3231 3558 3272 vane
3603 3227 3807 3273 contur-

2229 3298 2376 3352 batur
2425 3301 2588 3354 omnis
2632 3301 2782 3356 homo
2811 3301 2997 3376 (Psal.
3025 3303 3111 3360 58.
3147 3303 3237 3375 6).
3272 3306 3337 3360 Et
3380 3305 3564 3363 dicitis
3611 3325 3712 3364 vos
3762 3309 3813 3365 in

2229 3389 2416 3446 Graeco
2439 3407 2544 3447 non
2574 3393 2861 3463 invenisse,
2882 3397 3231 3452 conturbatur.
3257 3397 3364 3454 Sed
3386 3410 3440 3454 et
3461 3400 3564 3456 hoc
3581 3402 3632 3456 in
3653 3401 3812 3458 LXX.

2230 3480 2332 3535 sub
2378 3495 2509 3538 veru
2557 3484 2797 3540 additum
2843 3495 2946 3543 est.
2993 3488 3058 3542 Et
3098 3488 3224 3544 hinc
3255 3490 3396 3560 apud
3431 3507 3561 3555 vos,
3599 3503 3653 3548 et
3679 3494 3815 3564 apud

2229 3572 2516 3644 plerosque
2541 3591 2693 3632 error
2722 3578 2983 3646 exoritur,
3009 3578 3154 3650 quod
3185 3582 3510 3653 scriptorum
3530 3587 3816 3657 negligen-

2228 3667 2323 3734 tia,
2355 3668 2575 3739 virgulis
2622 3679 2676 3726 et
2722 3671 2998 3728 asteriscis
3041 3673 3352 3744 subtractis,
3381 3676 3660 3735 distinctio
3688 3679 3812 3735 uni-

2229 3773 2385 3813 versa
2416 3759 2781 3818 confunditur.

2231 3920 2233 3922 η
2298 3851 2387 3907 25.
2423 3853 2718 3925 Trigesimo
2740 3871 2882 3913 nono
2907 3875 2920 3913 :
2949 3856 3016 3913 Et
3037 3859 3196 3932 legem
3217 3867 3358 3915 tuam
3378 3863 3434 3917 in
3459 3865 3628 3919 medio
3651 3866 3816 3921 cordis

2228 3943 2326 3995 mei
2352 3941 2526 4012 (Psal.
2555 3945 2641 4000 59.
2673 3946 2762 4019 9).
2793 3948 2897 4004 Pro
2925 3965 3032 4020 quo
3076 3952 3127 4006 in
3171 3951 3362 4008 Grzeco
3408 3958 3678 4026 reperisse
3720 3974 3816 4015 vos

2229 4034 2404 4090 dicitis
2425 4077 2438 4100 ,
2474 4037 2528 4091 in
2575 4039 2738 4093 medio
2762 4043 2945 4096 ventris
2986 4044 3116 4108 mei,
3147 4045 3288 4114 quod
3319 4056 3374 4102 et
3403 4049 3455 4102 in
3487 4049 3712 4106 llebrmo
3741 4053 3816 4107 sic

2229 4128 2483 4197 scriptum
2507 4139 2610 4196 est,
2635 4147 2909 4188 nurnocn
2932 4151 3077 4189 unm.
3109 4136 3214 4192 Sed
3241 4147 3460 4208 propter
3483 4143 3812 4212 euphoniam

2230 4219 2368 4286 apud
2423 4219 2676 4287 Latinos,
2704 4224 2754 4276 in
2799 4225 2988 4294 corde,
3025 4229 3340 4284 translatum
3391 4239 3506 4299 est;
3536 4243 3591 4288 et
3635 4243 3814 4290 tamen

2230 4325 2336 4364 non
2363 4309 2620 4367 debemus
2646 4316 2962 4372 subtrahere
2984 4319 3125 4388 quod
3152 4335 3338 4375 verum
3368 4333 3472 4377 est.
3503 4322 3560 4378 ln
3588 4325 3811 4384 eodem:

2230 4398 2448 4454 Domine
2471 4444 2485 4467 ,
2524 4403 2578 4456 in
2607 4404 2917 4475 adjutorium
2944 4425 3105 4463 meum
3132 4412 3325 4481 respice
3354 4411 3515 4484 (Ibid.
3551 4413 3672 4488 14).
3707 4415 3810 4472 Pro

2230 4507 2335 4561 quo
2366 4493 2416 4546 in
2447 4493 2635 4550 Grtcco
2680 4495 2945 4568 reperisse
2972 4517 3069 4557 vos
3099 4503 3276 4558 dicitis
3301 4546 3314 4573 ,
3345 4517 3538 4562 σπεῦσον
3559 4547 3577 4575 ,
3609 4506 3662 4562 id
3691 4517 3808 4577 est,

2229 4587 2428 4654 festina.
2471 4585 2572 4640 Sed
2621 4588 2759 4658 apud
2806 4591 3142 4666 Septuaginta
3168 4595 3232 4669 (i)
3260 4608 3481 4670 πρόσχες,
3520 4599 3573 4656 id
3597 4609 3701 4670 est,
3729 4617 3810 4656 re-

2229 4677 2382 4744 spice,
2415 4679 2669 4748 scriptum
2700 4691 2802 4737 est.

2297 4828 2352 4894 (Γ)
2391 4831 2549 4906 Abest
2565 4846 2593 4882 a
2612 4834 2828 4906 melioris
2848 4847 2978 4891 notae
2991 4841 3368 4906 exemplaribus
3383 4845 3500 4898 Mss.
3529 4848 3695 4901 Graeca
3717 4865 3810 4902 vox

2227 4893 2349 4950 δόλος.
2375 4901 2426 4942 et
2448 4893 2617 4965 Latina
2643 4898 2806 4965 dolus,
2835 4914 2955 4964 quas
2988 4904 3082 4952 hoc
3119 4893 3223 4955 loco
3262 4893 3588 4960 additu—{editi

2226 4955 2487 5027 n0§’.qy.0d
2510 4952 2866 5027 Γθάἓηᾴἷὶῐᾫίης
2882 4952 3223 5027 ϐχρυιιχίιῃὶίέ.
3264 4952 3442 4958 ””““”“”
3471 4952 3588 4960 ”““’“
3615 4952 3809 4976 "Wer

2295 5013 2574 5093 fiiocem
2597 5013 2882 5093 Hebr-sicam
2907 5013 3132 5082 lﬁsaddi,
3154 5013 3254 5093 qua
3275 5032 3470 5093 pr0prie
3488 5031 3661 5083 humor
3680 5048 3811 5085 meus

2226 5085 2978 5158 vertiturmtres-J'rrzrstantiores
3014 5085 3398 5141 nostri'codicc's
3429 5094 3508 5142 bis
3545 5103 3812 5158 repetunt,

2224 5149 2328 5203 nec
2344 5139 2660 5203 intelligimus
2681 5154 2774 5203 qua
2799 5144 2861 5192 de
2888 5159 3047 5196 causa.

2249 5261 2277 5272 ,Δ
2294 5195 2358 5272 (h)
2387 5195 2629 5272 Hodierna
2654 5195 2808 5272 sém_e_l
2835 5195 3242 5272 tantumjtabent,
3266 5227 3359 5265 nec
3393 5217 3484 5266 nisi
3506 5219 3670 5269 semel
3697 5232 3810 5270 ver-

2223 5261 2284 5309 tit
2299 5258 2320 5308 'i
2347 5258 2411 5309 ise
2435 5258 2640 5310 Hieron.
2668 5277 2732 5311 ex
2755 5265 2984 5318 Hebraeo.
3008 5258 3299 5326 vatim—sini:

2233 5382 2256 5386 _
2291 5277 2342 5386 (i)
2373 5322 2578 5386 _Habent
2622 5336 2762 5384 θιλτίσιι
2804 5337 2944 5386 σφόδρα
2986 5331 3299 5386 Alexandrini

2381 5322 2578 5400 finirent
2622 5336 2762 5384 statim
2804 5337 2944 5393 «sese.
2986 5322 3394 5400 Alexandrinum,
3441 5341 3708 5400 Aldinum,
3759 5353 3810 5398 et

2223 5382 2583 5444 Compluteuse.
2697 5382 2703 5384 ’
2835 5382 2844 5392 ’
2901 5382 2911 5393 “
3121 5382 3394 5400 "Rm-“ﬂ
3441 5382 3708 5408 "unum"

2284 5445 2348 5506 (λ)
2387 5445 2500 5520 iam.
2540 5455 2638 5495 tum
2661 5449 3013 5520 _in.nonnullis
3051 5475 3121 5508 ea,
3157 5458 3298 5510 LXX.
3336 5464 3588 5515 codicibus
3626 5469 3812 5520 Graecis

2221 5505 2376 5581 ςτειῡάογ
2409 5505 2678 5581 inoleverat
2693 5510 2856 5581 ,__loco
2877 5505 3131 5581 πρόσκιιςξὲι
3158 5505 3326 5573 vide—re
3339 5505 3811 5580 'éEi'itBiiieiitiBTE

2220 5567 2806 5655 Eon
2849 5567 3811 5655 emungens;'tTéfsiéﬁetBTeiii'iBiéB

2221 5629 2814 5708 ιτίΡθείειξς,ίειιβτννθιβιίο
2843 5629 3505 5708 semiovgiééiiicie'ﬁhh'i
3525 5629 3810 5704 ἐἶιῖηὶῖεέῑ

2288 5688 2623 5784 ﬂuitare
2643 5688 3502 5784 sese-Lxxi'iisi'iliﬁ‘é3873
3527 5688 3808 5784 erasa:

2219 5761 2316 5811 vim
2339 5762 2480 5814 verbi
2497 5761 2623 5842 Vm
2647 5767 2898 5831 explicare
2920 5761 3154 5826 voluisse.
