4106 6340
355 359 459 418 819

353 483 400 533 ιν
435 481 545 549 ὀργῇ
589 483 728 537 λαοὺς
765 478 1021 541 κατάξεις,
1066 469 1118 526 id
1161 476 1280 536 est,
1323 467 1740 542 confringes:Et
1789 467 1928 538 apud

357 570 522 644 655
630 569 850 638 Latinos
901 583 998 640 pro
1045 581 1111 624 eo
1164 563 1305 637 quod
1335 573 1436 631 est,
1469 564 1709 634 dejicies,
1744 563 1796 618 id
1823 574 1926 628 est,

355 669 668 733 καταβαλεῖς,
694 661 833 718 male
857 673 1008 715 error
1023 657 1274 722 obtinuit,
1297 663 1538 722 κατάξεις,
1573 655 1625 709 id
1652 662 1752 720 est,
1776 654 1830 708 in
1852 653 1928 707 ira

357 752 584 822 populos
622 751 946 822 confringes;
977 764 1099 803 nam
1127 757 1180 804 et
1205 748 1258 802 in
1281 746 1508 803 Hebraeo
1532 761 1708 802 nonan
1733 746 1926 810 habet,

356 843 409 898 id
438 852 550 910 est,
577 850 917 916 καταβίβασον
943 859 956 896 :
980 841 1120 913 quod
1149 856 1243 895 nos
1274 855 1556 910 possumus
1587 840 1766 895 dicere
1786 879 1802 906 ,
1838 838 1930 894 de-

357 950 516 1005 pone;
546 943 601 988 et
624 933 977 1005 Symmachus
1003 932 1383 1010 interpretatus
1407 940 1507 1012 est,
1539 947 1837 986 κατασεῖσαι.

426 1027 516 1081 5'5.
559 1025 1013 1098 Quinquagesimo
1041 1032 1274 1080 octavo:
1308 1025 1440 1090 Quia
1489 1023 1626 1079 Deus
1674 1032 1930 1094 susceptor

280 1103 281 1110 ἶ
355 1133 494 1170 meus
526 1115 700 1187 (Psat.
729 1117 816 1172 58.
851 1117 955 1186 l0).
983 1117 1088 1172 Pro
1115 1132 1220 1188 quo
1252 1117 1304 1172 in
1334 1115 1523 1172 Graeco
1551 1117 1783 1186 positum
1812 1122 1923 1169 est:

354 1209 628 1278 Susceptor
653 1226 789 1266 meus
818 1227 867 1286 es
897 1218 969 1264 tu.
1001 1209 1105 1264 Sed
1141 1209 1419 1266 sciendum
1451 1209 1503 1264 in
1538 1209 1762 1264 Hebraeo
1794 1218 1924 1271 nec,

351 1323 435 1372 es,
463 1305 749 1374 scriptum,
781 1319 910 1370 nec,
936 1313 988 1358 tu
1005 1319 1026 1369 ;
1054 1313 1108 1359 et
1132 1302 1272 1373 apud
1300 1302 1645 1373 Septuaginta
1672 1301 1814 1355 solos
1848 1301 1930 1354 in-

350 1395 540 1450 veniri.
570 1394 627 1449 In
658 1395 814 1464 ipso:
844 1393 983 1449 Deus
1023 1385 1194 1460 méus,
1231 1394 1462 1448 voluntas
1507 1395 1615 1466 ejus
1659 1393 1927 1462 prteveniet

351 1502 429 1540 me
454 1484 614 1557 (Ibid.
644 1483 750 1558 lO).
779 1486 884 1542 Pro
905 1500 1009 1557 quo
1037 1486 1088 1539 in
1116 1484 1301 1540 Graeco
1324 1486 1575 1555 scriptum
1599 1493 1699 1549 est,
1724 1493 1776 1539 τὸ
1804 1491 1924 1544 ἔλεος

350 1587 531 1641 αυτοῦ,
563 1576 614 1631 id
659 1585 777 1640 est,
805 1577 1148 1631 misericordia
1190 1578 1298 1646 ejus
1317 1617 1332 1641 ,
1363 1577 1501 1646 quod
1530 1584 1583 1629 et
1610 1577 1788 1630 verius
1818 1584 1919 1630 est.

349 1667 454 1730 Sed
484 1668 536 1722 in
568 1667 792 1724 Hmbreo
828 1668 1084 1738 scriptum
1115 1677 1198 1723 est
1235 1685 1247 1721 :
1298 1667 1648 1722 Misericordia
1690 1667 1763 1741 (a)
1814 1683 1924 1722 mea

349 1761 614 1832 prmeniet
634 1777 730 1816 me.
761 1761 817 1816 ln
844 1761 1032 1817 eodem
1060 1778 1072 1815 :
1100 1761 1240 1816 Deus
1266 1761 1489 1816 ostendet
1517 1761 1641 1816 milii
1670 1762 1800 1816 inter
1825 1761 1924 1814 ini-

349 1853 502 1918 micas
523 1867 656 1906 meos
677 1851 834 1926 (Ibid.
866 1850 971 1924 10).
1000 1853 1103 1908 Pro
1133 1868 1238 1924 quo
1270 1853 1321 1906 in
1349 1851 1534 1908 Graeco
1560 1853 1787 1924 positum
1816 1860 1919 1917 est,

346 1944 486 2000 Deus
512 1962 680 2012 meus;
711 1945 837 2011 sed,
868 1962 1004 2000 meus
1023 1985 1039 2011 ,
1072 1944 1307 1999 additum
1349 1953 1455 2000 est.
1498 1944 1554 1998 In
1584 1944 1772 2000 eodem
1801 1963 1814 1999 :
1842 1943 1923 1998 Ne

348 2039 548 2095 occidas
576 2054 658 2094 eos
676 2077 693 2104 ,
736 2055 797 2092 ne
821 2039 1022 2108 quando
1052 2039 1407 2092 obliviscantur
1434 2037 1612 2108 populi
1642 2038 1713 2090 tui
1744 2036 1761 2109 (
1782 2035 1918 2090 Ibid.

347 2127 458 2200 11).
489 2129 594 2184 Pro
622 2145 728 2200 quo
755 2129 809 2184 in
836 2130 1025 2185 Graeco
1051 2130 1305 2199 scriptum
1346 2137 1427 2182 cst
1457 2149 1469 2183 :
1505 2128 1630 2198 legis
1663 2138 1794 2193 tute,-
1826 2127 1922 2182 sed

346 2221 402 2276 in
429 2219 502 2295 (b)
525 2222 867 2294 Septuaginta
889 2261 906 2287 ,
937 2231 992 2277 et
1020 2223 1072 2277 in
1104 2221 1328 2276 llebraeo
1360 2237 1465 2274 non
1501 2219 1700 2285 habet,
1746 2221 1920 2291 populi

348 2313 455 2378 tui,
486 2313 612 2379 sed,
661 2315 837 2384 papuli
884 2313 1013 2376 mei;
1039 2322 1092 2368 et
1120 2328 1148 2364 a
1176 2311 1330 2366 nobis
1359 2311 1432 2366 ita
1462 2327 1677 2366 versum
1717 2320 1818 2366 est.
1864 2311 1918 2366 In

345 2403 666 2468 eodeszt
708 2405 884 2469 scient,
915 2406 1032 2474 quia
1079 2402 1216 2457 Deus
1261 2402 1330 2475 (c)
1374 2402 1714 2456 dominabitur
1759 2401 1917 2456 Jacob

344 2497 528 2564 ﬁnium
557 2504 706 2550 terrae
733 2494 902 2566 (Ibid.
931 2491 1046 2567 14).
1095 2494 1207 2550 Pro
1227 2509 1333 2566 quo
1361 2495 1412 2548 in
1444 2494 1631 2550 Graeco
1663 2495 1918 2563 scriptum

343 2597 428 2644 est
455 2605 468 2642 :
496 2587 564 2641 Et
591 2587 768 2656 ﬁnium
794 2595 970 2652 teme,
996 2585 1122 2652 sed,
1151 2595 1228 2654 et,
1260 2586 1567 2656 conjunctio
1597 2585 1774 2642 addita
1803 2596 1916 2651 est,

343 2687 400 2733 et
429 2677 562 2734 ordo
591 2687 712 2733 est:
742 2677 959 2745 Scient,
989 2679 1111 2750 quia
1163 2678 1306 2734 Deus
1347 2676 1511 2734 Jacob
1559 2677 1919 2752 dominabitur

342 2768 530 2824 ﬁnium
561 2777 741 2825 terrae.

412 2863 497 2918 54.
544 2861 997 2933 Quinquagesimo
1040 2877 1182 2921 nono
1213 2881 1226 2919 :
1262 2863 1386 2931 Quis
1413 2865 1624 2920 deducet
1653 2881 1730 2919 me
1764 2881 1918 2934 usque

338 2951 392 3006 in
418 2951 743 3008 Idumwam?
766 2951 937 3026 (Psal.
961 2953 1050 3010 49.
1081 2952 1191 3034 11).
1224 2953 1328 3009 Pro
1353 2969 1456 3026 quo
1481 2957 1532 3010 in
1555 2955 1742 3012 Graeco
1759 2956 1918 3011 habet

339 3051 432 3097 aut
453 3043 564 3112 quis
589 3043 800 3098 deducet
824 3061 936 3111 me;
967 3045 1062 3102 sed
1087 3045 1412 3116 superﬂuum
1445 3055 1528 3101 est
1553 3044 1651 3118 (1).

411 3134 502 3191 35.
543 3133 888 3205 Sexagesimo
917 3153 930 3189 z
975 3134 1228 3203 Quoniam
1254 3145 1307 3190 tu
1337 3135 1474 3192 Deus
1499 3154 1640 3192 meus
1669 3139 1917 3194 exaudiin

339 3225 614 3282 oralionem
657 3242 820 3280 meam
859 3223 1048 3299 (Psal.
1081 3211 1168 3283 60.
1197 3225 1285 3300 6).
1327 3227 1433 3283 Pro
1471 3243 1578 3297 quo
1624 3229 1818 3300 legitur
1862 3230 1915 3284 iu

338 3317 524 3375 Grtcco
550 3335 564 3373 :
592 3318 725 3386 Quia
747 3327 820 3384 tu,
846 3317 982 3374 Deus
1008 3320 1261 3376 exaudisti
1280 3319 1357 3394 (ά)
1382 3337 1479 3376 me.
1503 3322 1656 3388 Quod
1687 3339 1794 3379 non
1821 3324 1916 3378 ha-

339 3409 431 3466 bet
454 3411 508 3466 in
532 3409 779 3477 Hebraeo,
807 3425 908 3466 nec
932 3411 986 3466 in
1015 3411 1177 3466 LXX.
1207 3413 1616 3483 interpretibus,
1645 3423 1698 3469 et
1728 3416 1780 3469 in
1807 3416 1912 3471 La-

341 3502 454 3557 tino
482 3501 718 3558 additum
748 3511 849 3567 est.
881 3501 939 3558 In
965 3503 1155 3558 eodem
1183 3521 1196 3556 :
1224 3503 1456 3558 Psallant
1498 3507 1689 3560 nomini
1735 3515 1821 3560 tuo
1863 3509 1915 3562 in

311 3593 579 3654 siccatum
603 3593 775 3649 stecuti
804 3592 977 3666 (Ibid.
1015 3593 1102 3664 9).
1151 3593 1386 3664 Pro'quo
1415 3597 1465 3649 in
1493 3595 1680 3652 Graeco
1710 3598 1813 3662 sit,
1845 3597 1915 3651 In

336 3684 611 3748 sceculum;
640 3692 694 3739 et
741 3683 796 3739 in
836 3683 1061 3740 Hebraeo
1099 3683 1266 3739 semel
1293 3684 1453 3740 habet
1479 3702 1636 3754 uno,
1752 3689 1916 3762 656

337 3782 443 3839 est,
468 3775 519 3828 in
544 3783 819 3840 aeternum;
848 3783 901 3830 et
928 3789 1033 3830 non
1062 3789 1254 3839 LOLAH,
1281 3773 1423 3845 quod
1445 3785 1547 3841 est,
1572 3777 1624 3831 in
1650 3769 1909 3834 saeculum.

411 3864 499 3926 56.
540 3865 884 3936 Sexagesima
925 3866 1097 3935 primo
1126 3882 1140 3919 :
1172 3866 1305 3932 Quia
1341 3865 1476 3920 Deus
1506 3866 1715 3936 adjutor
1741 3879 1916 3923 noster

337 3956 392 4011 in
431 3955 893 4027 aeternum-(Psal.
923 3953 1120 4027 61.9).
1168 3954 1272 4012 Pro
1313 3971 1420 4026 quo
1460 3957 1514 4012 in
1553 3957 1744 4015 Graeco
1783 3970 1910 4016 est:

339 4046 478 4103 Deus
507 4047 713 4120 adjutor
735 4041 924 4118 noster.
952 4048 1114 4120 Ergo,
1222 4035 1488 4130 tetgrnuni,
1521 4050 1708 4105 obelus
1735 4061 1838 4106 est.

339 4248 732 4320 interpretationi
747 4268 976 4320 uuam,
999 4263 1111 4316 quae
1133 4258 1216 4320 aut
1233 4251 1382 4320 nullo,
1408 4259 1491 4320 aut
1513 4265 1609 4320 non
1639 4254 1758 4320 satis
1780 4255 1916 4308 ﬁrmo

339 4312 827 4383 testimonio_nititm,
841 4312 1162 4383 praeferamus
1181 4313 1420 4363 indubiam
1444 4313 1700 4364 lectionem
1717 4317 1911 4383 sum“

338 4385 478 4440 quam
505 4374 708 4440 eghibet
725 4373 930 4440 llegihae
950 4377 1078 4426 liber
1091 4385 1241 4440 manu
1262 4383 1505 4436 exaratus,
1530 4384 1583 4440 et
1603 4387 1746 4440 quam
1764 4373 1915 4432 Eus'el

338 4433 457 4506 hius
470 4445 521 4488 et
542 4433 1018 4506 RegiLdno'codices
1038 4453 1067 4490 a
1089 4439 1438 4506 Montiauoonio
1457 4433 1506 4506 in
1525 4433 1762 4506 Heiaplis
1782 4445 1914 4495 citati

338 4495 786 4566 conﬁrmant.'_Haec
810 4495 1010 4566 ex_Mss.
1046 4514 1152 4566 nam
1191 4501 1231 4550 si
1259 4515 1344 4563 per
1380 4495 1685 4562 conjecturas
1707 4503 1911 4566 liceret,

339 4561 619 4623 concinnius
641 4561 1002 4610 forta’sse‘loeus
1025 4561 1385 4623 restitueretur.

405 4619 468 4690 ((1)
513 4621 778 4683 Perperam
811 4623 1060 4672 Palatinus
1091 4621 1425 4672 misericordia
1463 4623 1584 4684 ejus.
1619 4625 1681 4676 Et
1715 4629 1914 4690 quidem

490 4690 640 4760 habet
659 4689 928 4760 ltebraicus
945 4699 1127 4749 textus,
1148 4693 1234 4741 sed
1253 4693 1368 4741 Keri
1393 4690 1524 4760 ἽἾῸΠ
1542 4696 1609 4760 ad
1624 4684 1909 4760 marginem,

338 4752 662 4860 antiquigrem
697 4749 959 4801 lectionem
996 4760 1158 4812 notat,
1199 4767 1307 4815 qua:
1328 4759 1439 4801 erat
1475 4760 1528 4803 et
1549 4749 1912 4820 Hieronvymiani

339 4823 520 4860 exemp
568 4823 650 4860 ris.

339 4823 369 4858 e
376 4825 401 4857 Χ
410 4823 650 4860 emntarts.

407 4825 760 4940 bepélzgs-Vgrp
780 4879 1045 4940 “mergum
1065 4873 1210 4924 hodie
1233 4891 1300 4924 τεν.
1322 4872 1464 4922 LXX.
1499 4879 1794 4940 exemplaria
1818 4894 1913 4932 non

337 4932 581 5002 populum,
599 4935 694 5002 sed
718 4932 885 4998 legerit,
903 4933 1015 5002 sive
1035 4948 1160 5002 iam,
1189 4942 1281 5002 non
1305 4948 1392 4985 λαὸν
1417 4932 1712 5002 interierunt:
1737 4942 1914 5002 quibus

339 5009 402 5044 ex
428 4997 637 5064 antiquis
663 4996 1342 5064 interpretibusSymmachus
1364 4996 1669 5064 stt'll'ragatur,
1696 4996 1776 5064 qui
1799 5004 1913 5054 dum

338 5057 594 5122 utramque
610 5057 872 5108 lectionem
899 5057 1226 5122 eruditissime
1251 5057 1474 5122 innectit,
1500 5057 1548 5122 εἱή
1568 5057 1912 5117 tantundemst

337 5131 356 5169 ὅ
372 5133 460 5178 λαός
479 5121 545 5171 σάν
563 5135 626 5171 τοῦ
649 5133 756 5180 νόμου
781 5146 847 5181 μου
867 5135 881 5171 :
907 5127 970 5169 Ne
986 5121 1106 5191 forte
1121 5121 1422 5191 obliviscatur
1445 5121 1644 5186 papulas
1667 5133 1775 5178 tuus
1797 5128 1914 5191 legis

335 5196 486 5254 mete,
511 5191 696 5254 tantum
721 5196 814 5254 non
839 5183 1121 5254 persuadet,
1145 5185 1192 5232 in
1215 5183 1462 5254 liebraicd
1494 5183 1633 5254 textu
1660 5183 1913 5254 utramq'ue

231 5288 240 5295 .
336 5245 452 5292 olim
477 5245 726 5308 (ﬁtitisse,
748 5248 896 5308 atque
918 5245 1030 5308 inde
1053 5252 1209 5294 ortam
1230 5249 1685 5308 interpretationum
1709 5245 1912 5303 tlivci'si-

338 5313 505 5370 tatem,
533 5306 660 5370 quod
685 5304 837 5370 altera
855 5305 905 5370 in
925 5305 1036 5355 aliis
1059 5304 1420 5370 exemplaribus
1445 5311 1725 5363 excidisset.

397 5368 467 5432 (c)
493 5364 776 5419 nominatur
799 5367 909 5419 heic
941 5373 1089 5431 atque
1126 5364 1248 5419 inffa
1271 5370 1468 5434 praefert
1503 5371 1704 5438 Reginae
1740 5391 1911 5428 exem-

335 5429 475 5558 ilaidl
513 5493 712 5558 Graecus
737 5495 901 5543 autem
924 5505 1023 5558 non
1044 5505 1147 5552 me.
1179 5494 1266 5558 sed
1288 5495 1551 5558 ονέῖὲίοηωη
1583 5513 1740 5551 meum
1762 5501 1913 5558 mmet

336 5552 385 5626 in
403 5552 590 5608 cunctis
609 5556 760 5626 libris,
786 5559 932 5618 atque
950 5555 1318 5626 interpretibus.
1335 5557 1582 5626 _l_i_ebr:nus
1597 5552 1912 5626 quoquérota

334 5625 442 5666 mea
465 5630 482 5667 :
499 5619 634 5731 guod
653 5626 868 5668 notatum
887 5625 966 5667 est.
980 5619 1137 5689 nobis,
1161 5625 1215 5666 ut
1233 5619 1493 5680 intelligas,
1519 5619 1755 5676 non'haxic
1777 5633 1910 5689 esse,

334 5687 479 5731 (luam
499 5711 511 5729 .
541 5717 552 5729 .
575 5679 757 5731 Doctor
777 5681 1009 5731 enimat.
1033 5679 1345 5731 additionem.
1371 5683 1459 5731 sed
1482 5688 1612 5731 vocis
1628 5700 1778 5731 meus-
1801 5703 1910 5731 tum

333 5679 757 5794 (ἐξ)ιέ
777 5681 1009 5746 exagitat,
1033 5679 1345 5743 additionem,
1371 5679 1459 5732 sed
1482 5679 1612 5735 vocis
1628 5700 1778 5750 meus,
1801 5679 1922 5752 quae-

398 5742 772 5875 aut
805 5805 1107 5875 superﬂuum
1127 5814 1259 5875 _e_st_:
1298 5820 1462 5875 neque
1498 5821 1617 5862 vero
1648 5813 1700 5863 in
1741 5813 1908 5869 Graeco

335 5857 488 5919 ’Iaiié.
513 5857 718 5933 aliisque
741 5857 959 5923 melioris
979 5877 1109 5924 notae
1125 5869 1245 5923 illud
1265 5879 1289 5933 ἦ
1308 5857 1534 5922 habetur.

1746 350 2068 410 EPIS’l‘OLA
2110 350 2242 407 CVI.

3511 361 3616 420 850

2115 467 2204 522 '57.
2244 467 2590 550 Sexagesimo
2617 469 2854 526 secundo
2881 487 2896 525 :
2921 471 3094 528 Sitiuit
3135 472 3254 542 tibi,
3281 475 3452 529 anima
3496 493 3610 531 mea

2042 557 2215 629 (Psal.
2253 559 2341 615 62.
2377 559 2410 614 2
2432 561 2471 630 ).
2500 561 2604 616 Pro
2630 578 2737 633 quo
2762 565 2816 618 in
2837 563 3028 623 Graeco
3059 567 3126 622 sit
3154 585 3167 621 :
3192 568 3360 624 Sitivit
3385 570 3438 623 in
3463 569 3540 643 (2)
3570 582 3616 625 te

2040 651 2212 703 anima
2237 667 2366 705 mea.
2400 650 2504 707 Sed
2530 653 2583 706 in
2612 652 2838 711 Hebraeo
2863 672 2970 713 non
3014 660 3174 716 habet
3215 675 3390 723 ams
3412 703 3426 728 ,
3471 664 3614 733 quod

2041 743 2322 812 signiﬁcat,
2352 752 2432 809 te;
2463 744 2556 800 sed
2586 761 2720 800 LACH
2742 785 2758 811 ,
2791 748 2936 818 quod
2965 751 3279 818 ostenditur,
3308 753 3397 808 tibi
3425 770 3443 807 :
3471 753 3614 824 quod

2040 840 2096 889 et
2122 849 2307 890 omnes
2352 835 2674 905 lnterpretes
2701 839 3108 896 transtulerunt.
3141 843 3283 914 Ergo
3313 845 3607 900 secundum

2040 923 2234 994 linguce
2262 927 2639 996 proprietatem
2666 945 2880 984 versum
2907 939 2989 985 est
3018 931 3070 986 in
3099 934 3366 991 Latinum.

2111 1019 2198 1074 '59.
2242 1019 2586 1092 Sexagesimo
2610 1026 2767 1080 tertio
2798 1042 2810 1078 :
2845 1026 3062 1096 Sagitta:
3103 1030 3428 1098 paruulorum
3463 1033 3613 1101 facta:

2038 1119 2154 1164 sunt
2184 1109 2350 1181 plaga:
2378 1128 2549 1166 eorum
2576 1113 2759 1188 (Psal.
2789 1117 2879 1171 63.
2910 1117 3001 1188 8).
3033 1117 3140 1172 Pro
3169 1135 3272 1190 quo
3303 1122 3355 1180 in
3385 1123 3608 1180 Graeco:

2039 1201 2242 1272 Sagitta
2269 1204 2631 1272 parvulorum;
2660 1207 2753 1261 sed
2781 1208 2826 1262 si
2856 1209 2932 1263 sic
2959 1209 3196 1264 dicamus
3219 1250 3235 1276 ,
3261 1227 3366 1266 non
3398 1224 3615 1272 resonat

2036 1292 2090 1347 in
2113 1292 2300 1348 Latino
2321 1313 2332 1348 :
2353 1295 2554 1367 Sagitta
2573 1301 2902 1369 parvulorum
2924 1307 3073 1372 factm
3089 1313 3206 1358 sunt
3231 1305 3398 1376 plagae
3413 1323 3607 1362 eorum.

2035 1382 2104 1456 (e)
2137 1383 2241 1440 Pro
2267 1401 2373 1455 quo
2413 1389 2604 1444 melius
2646 1390 2810 1446 habet
2853 1394 2904 1446 in
2946 1393 3213 1450 Hebraeo:
3245 1395 3501 1452 Percutiet
3531 1414 3612 1454 eos

2038 1475 2172 1531 Deus
2189 1473 2366 1550 jaculo
2390 1482 2671 1551 repentino,
2700 1458 2759 1538 ετ
2773 1473 3055 1555 inferentur
3081 1487 3248 1560 plagae
3270 1505 3462 1543 eorum.

2079 1569 2194 1627 '39.
2237 1569 2587 1641 Sexagesimo
2613 1584 2804 1660 quarto
2837 1595 2851 1631 :
2883 1577 2983 1644 Qui
3003 1580 3274 1634 conturbas
3300 1581 3614 1652 profundum

2033 1661 2217 1728 maris,
2246 1678 2423 1716 sonum
2448 1664 2694 1734 fluctuum
2720 1661 2829 1736 ejus
2861 1667 3046 1736 (Psal.
3075 1669 3162 1725 64.
3193 1671 3288 1736 8).
3338 1673 3394 1727 ln
3421 1672 3610 1728 Gratco

1992 1754 1994 1756 ’
2033 1753 2270 1807 additum
2317 1755 2590 1810 scribitis:
2620 1757 2745 1823 Quis
2771 1760 3063 1816 sustinebit?
3091 1762 3232 1831 quod
3277 1765 3610 1833 superﬂuum

2033 1852 2148 1908 est;
2178 1845 2492 1901 subauditur
2520 1848 2684 1916 enim,
2717 1851 2804 1918 qui
2832 1852 3120 1908 conturbas
3149 1853 3470 1922 profundum
3493 1872 3610 1911 ma-

2031 1937 2140 2004 ris,
2171 1945 2225 1991 et
2267 1939 2558 1992 conturbas
2587 1955 2775 1998 sonum
2806 1942 3063 1996 ﬂuctuum
3093 1943 3229 2013 eius.
3276 1945 3334 2000 In
3377 1947 3570 2004 eodem
3596 1967 3610 2003 :

2036 2027 2239 2084 Parasti
2267 2031 2430 2085 cibum
2458 2031 2684 2101 illorum,
2717 2035 2955 2104 quoniam
2981 2035 3053 2089 ita
3078 2045 3151 2091 est
3177 2041 3483 2109 prteparatio
3503 2043 3613 2113 ejus

2031 2121 2191 2194 (Ibid.
2228 2123 2338 2192 10).
2373 2124 2439 2179 Et
2465 2124 2644 2180 dicitis
2675 2126 2816 2195 quod
2859 2127 2910 2180 in
2953 2127 3142 2184 Gra‘co
3186 2144 3293 2184 non
3336 2131 3434 2196 sit,
3479 2133 3610 2204 ejus,

2029 2227 2148 2268 eum
2181 2215 2232 2268 in
2283 2214 2508 2271 llebrmo
2541 2231 2808 2272 rnncnnu
2834 2218 3115 2276 manifeste
3137 2261 3152 2284 ,
3187 2223 3612 2289 prtvparationem

2029 2308 2156 2373 ejus,
2185 2306 2449 2374 signiﬁcet
2478 2325 2490 2360 :
2521 2308 2636 2377 ejus
2665 2316 2842 2364 autem
2864 2349 2879 2374 ,
2909 2309 2964 2364 id
3007 2317 3126 2376 est,
3174 2318 3364 2376 terrae;
3393 2311 3460 2368 de
3505 2328 3610 2382 qua

2027 2411 2187 2466 supra
2237 2383 2441 2452 dixerat
2485 2417 2498 2454 :
2538 2398 2766 2454 Visitasti
2815 2410 3000 2455 terram
3027 2443 3043 2469 ,
3097 2410 3144 2456 et
3193 2402 3453 2459 inebriasti
3498 2420 3610 2458 eam

2028 2487 2235 2557 (Ibid).

2099 2580 2186 2636 40.
2229 2580 2574 2651 Sexagesimo
2611 2581 2834 2652 quinto:
2860 2583 3180 2640 Holocausta
3207 2586 3488 2642 medulla“
3517 2591 3602 2658 of-

2029 2677 2190 2744 ferant
2217 2673 2304 2726 tibi
2336 2691 2449 2727 cum
2477 2675 2679 2729 incenso
2701 2677 2913 2731 arietum
2933 2676 3104 2746 (Psat.
3129 2678 3216 2734 65.
3241 2676 3353 2750 15).
3377 2678 3484 2735 Pro
3499 2695 3607 2750 quo

2024 2766 2294 2822 invenisse
2319 2783 2413 2821 vos
2440 2767 2616 2822 dicitis
2642 2786 2654 2821 :
2680 2768 2807 2824 Cum
2830 2770 3033 2823 incenso
3060 2768 3126 2840 (f)
3151 2779 3199 2824 et
3224 2771 3492 2838 arietibus;
3511 2773 3608 2827 sed

2024 2857 2163 2912 male
2191 2875 2202 2912 :
2230 2858 2280 2912 in
2329 2858 2556 2930 Hebraeo
2603 2859 2744 2915 enim
2787 2862 3042 2930 scriptum
3072 2870 3184 2928 est,
3219 2879 3290 2917 nu
3327 2877 3606 2920 caronorn

2024 2964 2180 3015 nun,
2216 2950 2354 3020 quod
2398 2952 2810 3021 interpretatur,
2837 2961 2963 3021 μετά
3012 2957 3307 3023 δυμιάματος
3349 2959 3520 3027 aptis,
3551 2955 3605 3011 id

2023 3051 2122 3107 est,
2154 3061 2266 3097 cum
2296 3045 2496 3098 incenso
2524 3047 2756 3099 arietum.
2790 3045 2846 3100 In
2873 3045 3062 3101 eodem
3095 3067 3108 3102 :
3136 3045 3416 3117 Propterea
3441 3064 3601 3103 exau-

2024 3136 2146 3189 divit
2173 3135 2311 3190 Deus
2350 3135 2512 3207 (Ibid.
2549 3137 2676 3208 19).
2725 3137 2828 3192 Pro
2871 3152 2978 3207 quo
3024 3138 3074 3192 in
3121 3138 3311 3194 Graeco
3335 3140 3605 3195 invenisse

2025 3242 2116 3282 vos
2137 3227 2313 3282 dicitis
2341 3247 2352 3281 :
2384 3227 2662 3282 Exaudivit
2683 3244 2762 3282 me
2778 3228 2935 3295 Deus,
2954 3227 3030 3300 (g)
3047 3229 3140 3285 sed
3157 3230 3481 3300 superﬂuum
3498 3240 3600 3286 est.

2093 3319 2180 3374 41.
2256 3319 2415 3391 657
2488 3317 2829 3391 Sexagesimo
2845 3321 3372 3392 septimmExultate
3398 3324 3454 3378 in
3477 3341 3602 3378 con-

2022 3419 2192 3482 spectu
2205 3412 2312 3481 ejus
2334 3411 2505 3482 (Psat.
2537 3413 2705 3482 67.6).
2727 3413 2828 3468 Pro
2843 3429 2948 3484 quo
2960 3415 3012 3469 in
3026 3415 3214 3472 Graeco
3229 3417 3494 3473 invenisse
3507 3432 3603 3474 vos

2021 3501 2196 3558 dicitis
2219 3518 2233 3555 :
2262 3502 2328 3555 Et
2345 3501 2565 3557 exultate
2591 3504 2644 3556 in
2673 3513 2944 3572 conspectu
2969 3507 3096 3576 ejus.
3117 3505 3268 3572 Quod
3292 3508 3362 3562 ita
3389 3522 3600 3563 versum

2021 3601 2101 3647 cst
2130 3607 2159 3645 a
2191 3592 2363 3657 nobis,
2393 3593 2486 3648 sed
2510 3608 2539 3648 a
2558 3609 2666 3664 quo
2686 3595 2738 3648 in
2766 3592 2951 3650 codice
2969 3607 3150 3651 vestro
3174 3607 3482 3667 corruptum
3508 3598 3599 3662 sit,

2025 3684 2166 3737 scire
2193 3697 2297 3736 non
2327 3697 2562 3752 possum.
2612 3684 2666 3737 In
2697 3684 2908 3739 'eodem
2935 3700 2948 3737 :
2978 3683 3182 3740 Etenim
3237 3704 3336 3741 non
3389 3689 3603 3742 credunt

2020 3771 2304 3825 inhabitare
2343 3772 2615 3826 Dominum
2642 3773 2802 3843 (Ibid.
2829 3791 2876 3827 υ.
2904 3775 3018 3844 19).
3057 3776 3161 3830 Pro
3187 3792 3292 3846 quo
3331 3777 3384 3831 in
3413 3778 3601 3835 Grieco

2020 3861 2212 3932 legisse
2237 3877 2330 3916 vos
2355 3863 2529 3917 dicitis
2561 3881 2572 3916 :
2592 3887 2672 3917 και
2691 3873 2779 3934 γὰρ
2790 3869 3082 3928 ἀπειθοῦντες
3102 3889 3186 3920 του
3207 3879 3596 3929 κατασκηνῶσαιε

2021 3954 2163 4023 quod
2186 3963 2466 4023 utrumque
2485 3954 2671 4009 falsum
2693 3966 2793 4011 est.
2815 3955 2921 4011 Nos
2936 3957 3464 4026 enimLtranstulimus
3487 3959 3598 4031 :(h)

2021 4047 2222 4102 Etenim
2251 4065 2350 4102 non
2389 4048 2642 4104 credentes
2680 4051 2966 4105 inhabitare
2993 4051 3272 4107 Dominum
3303 4052 3512 4120 Deum;
3543 4063 3602 4108 ut

2021 4139 2091 4193 sit
2108 4153 2317 4205 sensus,
2347 4148 2400 4194 et
2431 4139 2654 4207 pendeat
2683 4156 2748 4196 ex
2775 4142 3140 4210 superioribus
3173 4161 3186 4197 :
3217 4144 3500 4199 Ascendisti
3543 4147 3601 4201 in

2086 4277 2154 4339 (e)
2177 4277 2480 4389 Seﬂuentcm
2503 4302 2713 4350 περιιρττεν,
2737 4290 2891 4389 ,ςᾳὲῐη
2922 4276 3177 4354 Erasmus,
3206 4286 3258 4336 et
3279 4281 3461 4352 Victor.
3487 4287 3586 4338 omi

2086 4347 2210 4389 runt.
2285 4347 2543 4389 arttanzeus
2561 4343 2788 4389 resumit;
2850 4339 2998 4389 abeat
3022 4348 3172 4389 nostri
3197 4343 3391 4389 codices
3414 4359 3586 4389 omnes

2021 4347 2210 4406 serunt,
2236 4339 2800 4406 Martiana'_usrestitnit‘,‘
2815 4339 2998 4390 habent
3022 4339 3172 4406 nostri
3191 4339 3391 4406 (codices
3414 4348 3606 4400 Omnes,

2019 4400 2118 4450 imo
2139 4409 2350 4452 etvetus
2375 4401 2543 4460 editio.
2659 4400 2666 4406 '
2835 4417 2838 4422 -
3034 4400 3054 4412 ιι
3107 4409 3133 4415 --
3191 4403 3193 4406 -
3249 4409 3253 4413 .

2086 4463 2149 4534 (ί)
2174 4462 2284 4534 Duo
2305 4463 2510 4534 Regina:
2532 4463 2672 4534 codd;
2696 4476 2805 4512 cum
2835 4461 3037 4534 “inegn‘sg'
3060 4464 3318 4534 arietibus,
3341 4468 3530 4534 apsque
3561 4476 3610 4522 et

2019 4517 2270 4604 pariicula,
2291 4517 2434 4588 quain
2454 4517 2616 4604 tamenr
2634 4524 2805 4604 ‘G‘fazca
2819 4517 3382 4604 fuitLyﬁcscnipla'rigi
3404 4517 3605 4604 ha'benii

2028 4581 2142 4646 Tum
2165 4581 2290 4636 alter
2307 4581 2484 4636 'vocem
2506 4584 2703 4636 HELIM
2729 4586 2923 4646 aspirat.
2948 4581 3129 4635 Pl'nrali
3155 4581 3317 4636 aut'em
3341 4587 3490 4638 forma
3515 4593 3604 4640 nisi

2018 4645 2109 4696 nos
2130 4647 2299 4715 fallunt
2335 4645 2839 4715 memlirrlna;_0ti‘i_ties_
2855 4647 3095 4715 antiquae,
3121 4646 3263 4715 _legit
3283 4650 3609 4715 Hieronymus

2017 4709 2258 4768 calorotlt,
2283 4722 2392 4757 cum
2413 4708 2718 4756 atassorethaa
2741 4707 2788 4754 in
2801 4707 3034 4768 singulari
3057 4707 3288 4768 habeént.
3312 4710 3413 4768 Sed
3435 4707 3518 4763 aut
3542 4719 3608 4766 ita

2017 4767 2210 4819 ferebat
2230 4769 2658 4836 Hieronymianum
2678 4779 2738 4836 ex
2748 4765 2949 4828 emplar,
2973 4777 3054 4836 aut
3070 4767 3132 4817 de
3149 4765 3374 4836 ueterum
3393 4765 3604 4828 lectione

2017 4840 2166 4902 certa:
2189 4829 2551 4902 adhuc’re'gulze
2575 4829 2718 4878 statui
2755 4841 2850 4876 non
2890 4829 3106 4892 possunt.
3131 4833 3270 4902 Adde
3285 4870 3300 4895 ,
3324 4837 3372 4885 in
3395 4837 3603 4902 Reginae

2017 4891 2173 4964 altero
2215 4891 2305 4942 MS.
2348 4889 2517 4941 Graeca
2556 4903 2646 4951 μετὰ
2678 4889 2904 4952 enutriuntu-
2940 4910 3042 4958 ιριῦν
3062 4933 3075 4947 .
3116 4902 3169 4946 et
3286 4889 3360 4950 ὲδι
3398 4889 3501 4951 [ιοιῖ

2017 4966 2193 5001 velli“.

2369 5014 2486 5066 edit.
2512 5013 2642 5079 quod
2676 5013 2972 5087 superfluum
3011 5023 3081 5086 est
3109 5030 3128 5070 :
3159 5024 3207 5074 et
3233 5021 3392 5078 ιηὶηηε
3413 5029 3511 5086 εει,
3544 5031 3604 5078 ει

2017 5087 2299 5126 εοηηιηειιο.

2082 5089 2299 5212 illiniiiﬁ'
2310 5137 2510 5197 etenim,
2548 5139 2656 5212 sedi
2675 5138 2870 5212 insuper
2895 5143 3140 5212 transtulit
3161 5145 3267 5212 ipse
3302 5146 3453 5212 longe
3485 5162 3603 5212 con-

2019 5201 2224 5273 clanius.
2249 5199 2402 5273 Porro
2426 5214 2599 5273 vocem
2622 5199 2795 5273 neunt;
2823 5201 3132 5273 Martianaeus
3149 5199 3294 5267 addit,
3318 5199 3460 5273 qua'm
3485 5209 3604 5262 licet

2018 5263 2070 5332 in
2093 5261 2304 5332 Hebraeo
2330 5263 2428 5332 _sit,
2449 5269 2604 5332 atque
2641 5264 2707 5314 in'
2731 5261 3227 5332 ipsa'Hieronymiana
3253 5261 3477 5332 versione
3505 5261 3605 5322 non

2016 5323 2292 5386 invenimus
2327 5325 2378 5374 in
2415 5321 2535 5386 ullis
2561 5339 2706 5376 manu
2732 5321 3106 5386 exaratis,'imo
3145 5342 3239 5380 nec
3274 5321 3418 5380 editis
3439 5321 3600 5381 libris.

2019 5385 2156 5452 Quod
2177 5399 2292 5436 vero
2315 5386 2437 5452 dixit
2457 5385 2660 5452 Hieron.
2681 5396 2942 5452 utrumque
2968 5396 3019 5439 et
3039 5389 3280 5449 Latinum,
3307 5399 3358 5452 et
3380 5391 3604 5442 Graecum

2017 5446 2188 5514 falsum
2214 5462 2346 5508 esse,
2364 5448 2612 5514 intellige,
2634 5453 2685 5514 in
2708 5463 2830 5500 voce
2851 5446 3090 5514 ἐπαιοοῑικκ,
3112 5455 3201 5514 pro
3221 5446 3313 5514 qua
3338 5451 3604 5514 legendum

2019 5511 2082 5559 sit
2104 5522 2336 5576 iﬁttooiw‘tas
2361 5513 2406 5576 in
2433 5511 2690 5576 accusandi
2714 5526 2844 5576 casu,
2867 5511 2993 5576 quod
3018 5511 3128 5576 ideo
3149 5511 3438 5576 monendum
3455 5514 3605 5576 duxi-

2018 5585 2151 5631 mus,
2197 5573 2325 5635 quud
2365 5574 2516 5635 hujus,
2552 5571 3317 5635 emendationis_sivelectionis
3340 5574 3603 5635 vestigium

2021 5586 2151 5631 mus,
2197 5586 2325 5635 quod
2365 5586 2427 5623 nu
2451 5588 2508 5623 us
2552 5586 2909 5624 emendationis
2948 5586 3053 5621 Sive
3093 5586 3317 5621 tecuoms
3340 5586 3603 5683 vestigium

2021 5647 2264 5701 nusquam
2290 5590 2582 5701 apudJLXX.
2611 5648 2791 5701 neque
2816 5635 2866 5682 in
2897 5633 3131 5701 Ijexaplis
3155 5633 3343 5691 videas,
3371 5642 3420 5683 et
3452 5649 3482 5696 p
3505 5638 3603 5701 uri-

2020 5693 2153 5765 mugi
2175 5695 2267 5765 loci
2290 5693 2436 5759 hujus
2460 5693 2788 5765 perspicuiiati
2811 5693 3056 5765 conferat."
3173 5754 3183 5765 .

2092 5757 2153 5832 (ἓ)
2195 5751 2421 5832 Fame
2445 5751 2652 5832 ébsqﬁe:
2679 5753 3208 5832 subvenissent
3224 5760 3310 5832 te;
3337 5751 3606 5832 legendas:

2028 5817 2152 5934 htiiac'
2177 5828 2271 5883 est,
2307 5834 2423 5872 nam
2444 5817 2659 5886 ιειψῷισέ
2686 5817 2858 5878 Graece
2891 5817 3099 5869 habetur
3133 5818 3338 5886 absque,
3361 5817 3426 5882 in,
3455 5823 3607 5882 parti.

2028 5893 2074 5934 :n
2125 5917 2139 5930 .
