4106 6340
509 523 614 580 851

513 639 695 701 altum,
723 631 900 704 cepisti
913 629 1272 699 captivitatem,
1289 623 1526 694 accepisti
1556 620 1691 675 dona
1707 618 1762 672 in
1783 612 2084 672 hominibus.

515 737 569 783 et
589 741 698 790 eos,
733 724 818 792 qui
843 737 950 777 non
965 717 1254 776 credebant
1278 716 1557 771 Dominum
1593 708 1892 766 inhabitare
1934 716 2092 774 posse

517 815 849 872 mortalibus.
879 812 935 866 In
963 809 1153 866 eodem
1186 825 1199 863 ε
1230 806 1368 862 Deus
1395 803 1678 860 benedictus
1718 798 1969 852 Dominus
2013 793 2096 847 die

517 907 744 978 quotidie
759 901 928 975 (Psal.
948 903 1037 958 67.
1059 900 1173 968 20).
1197 900 1299 954 Pro
1314 913 1420 968 quo
1437 896 1489 950 in
1508 893 1696 949 Graeco
1716 888 2096 978 invenissevos

519 977 697 1052 dicitis
711 992 805 1064 :(a)
825 993 1070 1048 Dominus
1082 989 1364 1044 benedictus
1375 986 1536 1050 Deus,
1550 982 1834 1038 benedictus
1848 977 2096 1032 Dominus

519 1089 604 1144 die
620 1085 874 1158 quotidie;
901 1083 996 1139 sed
1017 1082 1208 1138 melius
1230 1089 1282 1135 et
1309 1079 1484 1134 verius
1511 1073 1651 1146 quod
1696 1087 1878 1142 supra.
1921 1070 1978 1125 ln
2005 1083 2099 1123 eo-

517 1182 674 1238 dem:
705 1177 948 1233 Viderunt
977 1177 1232 1246 ingressus
1247 1173 1340 1236 tui,
1367 1168 1504 1224 Deus
1532 1165 1691 1237 (Ibid.
1715 1163 1809 1236 25)
1831 1179 1845 1228 ;
1871 1176 1966 1232 pro
1991 1174 2098 1231 quo

517 1272 574 1328 in
602 1270 791 1328 Graeco
809 1268 1064 1337 scriptum
1083 1265 1153 1320 sit
1186 1282 1200 1318 :
1239 1263 1348 1318 Visi
1373 1269 1488 1316 sunt
1509 1262 1765 1330 ingressus
1813 1256 1906 1321 tui,
1934 1251 2090 1307 Deus.

519 1361 582 1420 In
604 1360 830 1416 Hebre.)
859 1360 928 1413 ita
949 1356 1107 1412 habet
1127 1353 1204 1426 (b)
1230 1368 1332 1408 nm
1350 1363 1716 1408 ALICHOTBACE
1741 1363 1753 1400 :
1779 1346 1918 1414 quod
1937 1343 2100 1414 Aqui-

522 1454 596 1520 la,
627 1461 682 1508 et
703 1447 1086 1523 Symmachus,
1117 1453 1172 1501 et
1197 1430 1530 1500 Theodoﬁon
1561 1436 1896 1508 interpretati
1925 1442 2049 1488 sunt
2082 1447 2095 1485 :

530 1544 777 1600 Viderunt
797 1542 975 1596 itinera
1000 1549 1110 1606 tua,
1138 1534 1279 1592 Deus
1300 1576 1316 1600 ,
1349 1543 1404 1590 et
1431 1532 1573 1605 quod
1599 1529 1838 1601 sequitur
1867 1543 1880 1579 :
1908 1526 2101 1586 Itinera

523 1637 623 1693 Dei
643 1637 738 1691 mei
762 1634 913 1706 regis,
935 1633 1018 1703 qui
1043 1639 1114 1685 est
1136 1630 1188 1684 in
1208 1637 1400 1684 sancto.
1425 1625 1566 1697 Ergo
1590 1639 1619 1678 a
1648 1623 1802 1678 nobis
1824 1621 1892 1674 ita
1916 1619 2101 1689 legen-

523 1731 649 1786 dum
673 1738 756 1786 est
786 1746 799 1782 :
847 1725 1087 1782 Viderunt
1113 1739 1313 1796 gressus
1343 1730 1475 1789 tuos,
1509 1719 1682 1784 Deus;
1712 1725 1766 1772 ct
1817 1714 2095 1784 scriptoris

523 1823 710 1878 vitium
755 1815 1200 1888 relinquendum,
1227 1814 1318 1886 qui
1346 1810 1729 1868 nominativum
1790 1807 1965 1878 posuit
2005 1819 2101 1877 pro

525 1911 831 1968 accusativo
860 1926 873 1962 :
904 1908 1027 1964 licet
1055 1906 1178 1962 etin
1199 1904 1561 1975 Septuaginta,
1583 1911 1639 1958 et
1667 1901 1718 1955 in
1742 1889 1984 1967 ἑξαπλοτς
2033 1898 2101 1952 ita

522 2003 815 2075 repererim
847 2019 859 2055 :
886 2001 958 2072 (e)
995 2006 1251 2070 ιθεωρήσαν
1299 2003 1350 2053 oti
1385 2007 1569 2066 πορεῖαι
1609 2017 1712 2060 σου,
1736 1999 1760 2048 ὁ
1781 2001 1980 2055 θεὸςεει
2009 2005 2105 2062 pro

526 2112 592 2151 eo
634 2093 777 2166 quod
807 2102 889 2148 est
930 2097 1215 2162 ιθιωρὴσαν,
1244 2088 1346 2144 hoc
1375 2096 1476 2153 est,
1519 2087 1787 2152 viderunt,
1832 2086 1884 2140 in
1925 2083 2105 2139 multis

526 2189 800 2244 codicibus
820 2186 998 2251 habet,
1021 2191 1367 2256 ἔθιωρήθησανε
1397 2180 1537 2251 quod
1558 2189 1613 2236 et
1638 2179 1862 2235 obtinuit
1879 2192 2105 2233 consue-

525 2283 671 2337 tudo.
701 2283 759 2336 In
786 2279 976 2336 eodem
1007 2297 1020 2333 :
1050 2279 1318 2349 Ingressus
1345 2275 1441 2331 Dei
1466 2277 1583 2341 mei,
1606 2275 1736 2345 regis
1768 2273 1886 2336 mei,
1917 2272 2002 2340 qui
2033 2279 2105 2324 est

533 2377 586 2430 in
614 2385 786 2430 sancto
818 2371 1058 2442 ((Ibid.);
1088 2370 1420 2437 subauditur,
1453 2369 1699 2425 viderunt
1724 2367 1992 2437 ingressus
2010 2366 2105 2421 Dei

526 2467 655 2534 mei,
687 2474 740 2518 et
767 2465 907 2534 regis
928 2463 1056 2517 mei.
1085 2460 1236 2529 Quod
1256 2469 1434 2516 autem
1461 2459 1656 2524 dicitis,
1688 2458 1804 2522 mei,
1839 2455 1918 2529 (d)
1953 2456 2003 2510 in
2030 2470 2108 2511 re-

528 2573 593 2627 ge
613 2571 720 2610 non
741 2555 1063 2625 appositum,
1085 2552 1407 2622 apertissimi
1441 2550 1700 2607 mendacii
1728 2559 1830 2614 est,
1873 2546 2108 2603 secundo

529 2648 672 2701 enim
697 2646 928 2716 ponitur,
951 2653 1006 2702 et
1032 2643 1127 2701 Dei
1153 2645 1270 2708 mei,
1299 2652 1349 2698 et
1376 2643 1506 2714 regis
1526 2642 1654 2708 mei,
1683 2640 2004 2696 blandientis
2028 2638 2108 2692 af-

527 2737 708 2802 fectu;
739 2746 798 2792 ut
826 2738 916 2808 qui
945 2738 1180 2792 omnium
1218 2737 1359 2791 Deus
1383 2743 1439 2790 et
1466 2749 1559 2789 res
1581 2741 1683 2799 est,
1712 2745 1840 2786 suus
1859 2730 2106 2800 speciali-

531 2838 616 2884 ter
643 2829 780 2883 Deus
802 2829 910 2893 ﬂat,
935 2838 984 2882 et
1014 2828 1178 2900 658
1214 2842 1305 2882 rex
1338 2826 1528 2881 merito
1548 2823 1842 2879 servitutis.
1875 2822 2110 2891 Denique

528 2920 588 2976 in
614 2919 840 2978 Hebraeo
868 2921 1123 2990 scriptum
1155 2920 1330 2984 habet,
1364 2933 1485 2973 nam
1524 2931 1720 2972 IELCIII
1739 2957 1754 2980 ,
1786 2914 1927 2985 quod
1949 2912 2112 2968 Deum

531 3029 716 3079 meum,
761 3022 809 3067 et
835 3029 1002 3084 regem
1033 3027 1198 3066 meum
1241 3009 1520 3079 signiﬁcat.
1571 3008 1626 3062 In
1652 3007 1840 3063 eodem
1887 3006 2110 3076 :Regna

533 3111 682 3157 terra:
717 3112 911 3158 cantate
942 3101 1049 3157 Deo
1074 3141 1089 3167 ,
1140 3099 1337 3171 psallite
1362 3097 1582 3152 Domino
1611 3097 1770 3169 (Ibid.
1805 3095 1916 3168 35).
1948 3095 2016 3167 (e)
2045 3095 2114 3149 Et

534 3193 730 3253 dicitis,
757 3193 857 3248 hoc
881 3194 932 3246 in
958 3192 1060 3246 isto
1087 3191 1346 3246 versiculo
1377 3204 1481 3244 non
1510 3204 1630 3244 esse
1655 3189 1931 3258 scriptum,
1959 3185 2112 3240 Psal-

536 3284 624 3337 lite
674 3282 936 3349 Domino;
978 3283 1230 3352 quoniam
1258 3281 1432 3335 statim
1461 3289 1713 3349 sequatur
1745 3297 1756 3333 :
1790 3277 2110 3348 Diapsalma.

536 3374 756 3429 Psallite
799 3374 926 3435 Deo,
955 3375 1041 3445 qui
1070 3373 1292 3428 ascendit
1322 3389 1476 3442 super
1503 3373 1686 3427 calum
1712 3371 1822 3426 caeli
1851 3372 1918 3425 ad
1949 3373 2112 3426 orien-

539 3476 638 3520 tem
668 3465 829 3539 (Ibid.
863 3467 986 3537 54);
1019 3481 1139 3521 cum
1160 3467 1259 3521 iste
1286 3467 1577 3522 versiculus
1601 3466 1767 3536 magis
1801 3465 1997 3520 habere
2021 3464 2118 3521 de-

537 3558 662 3612 bent
695 3559 844 3627 juxta
874 3558 1186 3613 Hebraicam
1215 3556 1500 3614 Veritatem
1536 3576 1548 3612 :
1582 3556 1791 3612 Caritate
1821 3557 1944 3624 Deo,
1974 3557 2114 3628 psal-

539 3640 627 3703 lite
668 3649 918 3714 Domino;
947 3659 1000 3705 et
1018 3649 1149 3704 illud
1179 3650 1320 3720 quod
1349 3649 1589 3720 sequitur
1615 3651 1667 3704 in
1711 3650 1970 3720 principio
1996 3665 2117 3706 ver-

539 3756 634 3796 sus
658 3741 895 3806 alterius,
923 3741 1137 3796 Psallite
1159 3741 1286 3806 Deo,
1312 3759 1415 3798 non
1439 3743 1505 3798 sit
1527 3743 1579 3798 in
1607 3742 1757 3797 libris
1771 3742 2113 3808 anthenticis,

539 3833 636 3887 sed
663 3833 816 3888 obelo
848 3845 1217 3903 praenotatum.
1242 3834 1383 3906 Ergo
1409 3845 1465 3891 et
1493 3851 1586 3890 vos
1610 3835 1767 3906 legite
1800 3836 1969 3906 magis
1999 3851 2117 3905 qua:

429 3995 442 4004 ι
539 3938 667 3980 vera
692 3934 849 3990 sunt;
885 3941 954 3981 ne
985 3925 1110 3981 dum
1137 3927 1372 3981 additum
1414 3927 1681 3999 suscipitis
1705 3967 1722 3996 ,
1753 3927 1896 3999 quod
1925 3941 1956 3982 a
1983 3925 2114 3982 Pro-

543 4015 704 4086 pheta
729 4017 986 4087 scriptum
1010 4026 1114 4083 est,
1140 4017 1476 4089 relinquatis.

607 4212 681 4275 (a)
705 4212 914 4286 Rectius
927 4214 1133 4286 Reginae
1158 4217 1261 4266 cod.
1289 4219 1488 4279 primus,
1520 4218 1747 4267 Dominus
1773 4226 1898 4268 Deus
1925 4218 2118 4270 benedi-

541 4278 645 4346 ctus
661 4287 776 4346 cum
801 4277 961 4336 editis,
987 4277 1036 4325 et
1061 4277 1246 4336 Graeco,
1273 4277 1402 4346 itm
1419 4289 1439 4329 ὁ
1459 4291 1535 4336 οιδς
1552 4291 1751 4341 ιυλοτητδς.

571 4396 595 4412 ’ν
606 4335 678 4412 (b)
692 4335 838 4412 ,ᾔει-ᾳ.
848 4349 1088 4412 consensu
1124 4335 1422 4412 eremplaria
1433 4347 1607 4412 nostra
1640 4335 1807 4412 ἰξᾳριιιι
1824 4341 2117 4412 puellulae/1.

542 4394 667 4446 Tum
690 4397 937 4467 Palatinus
957 4400 1136 4450 omisso
1158 4394 1364 4467 Aquilae,
1387 4400 1530 4467 addit
1538 4409 1646 4462 post
1668 4401 2015 4467 'l‘heodotionis
2039 4418 2122 4451 no-

541 4470 658 4528 men
674 4497 686 4516 ,
712 4461 980 4528 εςραέηιςι,
1014 4469 1064 4511 et
1084 4461 1230 4511 .sexta’
1246 4461 1417 4528 editio,
1455 4461 1551 4510 cui
1571 4470 1624 4512 et
1651 4463 1834 4528 vulgati
1857 4465 2122 4526 suifragan-

542 4526 639 4578 tur,
667 4529 716 4570 et
739 4520 988 4585 Hexapla;
1028 4520 1678 4590 nosqueverius'putamus:
1715 4520 1888 4590 thetin
1923 4520 2121 4590 ιθφξησαν

540 4593 809 4689 ὦομως,
839 4590 954 4646 ete.,
986 4593 1040 4635 ut
1071 4585 1321 4636 in'oodice
1343 4585 1619 4638 CoiSlinian.
1650 4589 1776 4651 apud
1823 4585 2115 4639 Montl‘auw-

657 4658 691 4690 1.

599 4702 680 4776 (e)
704 4703 833 4776 Nulli
859 4720 952 4756 non
992 4706 1183 4776 liquere
1209 4718 1429 4776 putamus
1466 4712 1677 4776 indicari
1701 4712 1789 4761 abs
1822 4711 2120 4776 Hieronymo

543 4763 689 4837 aliter
707 4773 852 4837 atque
870 4782 896 4817 a
915 4782 972 4818 se
995 4763 1306 4822 constituiunt
1325 4772 1484 4837 fuerat
1501 4773 1763 4837 legendum
1777 4776 1932 4824 activo
1949 4763 2116 4836 sensu,

541 4825 980 4902 uiderunt‘gressus
994 4838 1114 4902 tuos,
1137 4843 1251 4902 etc_.,
1275 4834 1476 4883 inveniri
1493 4825 1618 4897 apiid
1638 4835 1942 4902 LXX._etiam
1960 4825 2122 4887 Hera1

543 4885 946 4964 plurespa'ssivg,
983 4885 1112 4964 quod
1134 4906 1190 4941 re
1213 4885 1313 4964 ipsa
1336 4885 1647 4964 compertum
1663 4906 1757 4947 est.
1783 4885 1924 4964 Falso
1950 4885 2115 4964 igitur,

547 4953 784 5018 etncmttra
811 4950 862 5000 S.
887 4950 1110 5003 Doctoris
1131 4950 1348 5018 melitera
1386 4950 1616 5018 legerunt
1637 4961 1875 5008 hactenus
1894 4950 2004 5009 Ι)θῆ
2028 4950 2119 5010 loci

546 5009 765 5083 editores
786 5025 956 5083 omnes
1001 5025 1199 5078 tome...
1242 5016 1352 5078 (vel
1389 5009 1466 5083 ut"
1485 5020 1654 5083 inscite
1695 5022 1849 5083 magis
1879 5009 2121 5072 Victorius

545 5073 810 5148 substitue”)
832 5087 898 5148 τρς
914 5073 1100 5148 uomitu”:
1111 5073 1260 5138 Quam
1278 5077 1480 5140 Aquilae,
1492 5073 1802 5148 Symmachi”,
1825 5083 2118 5148 'l‘heodotio-

544 5139 640 5206 tris,
660 5139 776 5191 etc.,
796 5139 1250 5197 interpretationem
1266 5139 1378 5206 esse
1394 5139 2012 5206 paulo'antecognovitnus,
2035 5159 2120 5206 pro

545 5204 788 5270 tumtum
810 5209 850 5246 αὶ
872 5210 1013 5261 κοριίαὶ
1031 5223 1135 5270 eos,
1167 5201 1293 5270 quod
1318 5201 1490 5270 factum
1515 5215 1542 5251 a
1567 5203 1703 5252 LXX.
1726 5201 1968 5270 t'estantur
2002 5201 2120 5257 libri

541 5268 733 5330 omnes.
759 5272 945 5330 nosqtte
969 5261 1320 5330 substituimus,
1346 5264 1582 5330 exigente
1605 5279 1771 5324 sensu,
1801 5276 1851 5318 et
1874 5268 1967 5318 fide
1990 5270 2120 5320 insu-

541 5328 632 5392 per
649 5320 1082 5392 lubenteﬂegiua:
1092 5320 1605 5392 exemplaripmnium
1630 5320 1968 5380 vetustissimo.

709 5380 898 5456 Protin
923 5377 1067 5449 ltége,
1092 5377 1354 5456 Palatinus,
1372 5385 1423 5435 in
1445 5395 1637 5456 Graeco,
1677 5377 2122 5456 expressiusvetus

545 5441 638 5518 ςιιξι
651 5441 711 5518 io',
721 5441 1084 5518 inprecabor:
1100 5441 1369 5510 appositum
1390 5450 1599 5501 secundo
1621 5441 1724 5503 Ioco
1889 5441 2120 5518 quod-re;

540 5513 652 5559 veru
682 5504 820 5554 LXX.
846 5520 941 5556 non
965 5504 1174 5559 habent}
1774 5505 1786 5518 ⁸

610 5558 669 5639 ίςο)
701 5567 894 5639 Ingenti
933 5569 1102 5639 lacinia
1127 5558 1413 5639 egt_Grteco,
1447 5572 1652 5639 aliisque
1675 5579 1866 5628 mendis
1887 5579 1935 5627 in
1959 5579 2121 5628 veteri

543 5623 638 5707 sil-il
651 5623 807 5707 iane,
822 5637 889 5707 et
933 5631 1134 5707 aliquot.
1315 5623 1548 5707 periodus
1564 5623 2120 5707 "ignis'cﬁéigiiméiaii

703 5698 765 5798 At.
779 5704 899 5742 vero
942 5682 1028 5743 ad'
1045 5693 1139 5744 loci
1171 5682 1545 5760 intelligentiam
1589 5682 2122 5753 éBBiEr're"iiéﬁi-¥6ixi

617 5858 777 5931 mur:
795 5838 928 5912 ιι)ηὸ
949 5839 1056 5916 n50
1083 5869 1200 5917 ms
1226 5871 1351 5922 mn
1371 5848 1573 5925 τετηγκὸ
1593 5875 1717 5928 ww
1731 5877 1881 5928 mn
1898 5872 2127 5931 num

541 5927 824 6013 ram—mw
855 5952 868 5988 :
899 5949 1052 6004 Regna
1074 5949 1242 6006 terra,
1282 5955 1466 5998 cantate
1507 5959 1605 5999 Deo
1684 5950 1878 6013 psallite
1898 5927 2125 6003 Domino.

541 6012 668 6071 seta.
694 6021 979 6083 emendem
999 6042 1143 6094 super
1165 6032 1337 6085 caelum
1367 6031 1476 6088 coeli
1495 6033 1560 6085 ad
1583 6012 1841 6085 Orientem.

749 6123 833 6162 τινε.
1459 6171 1465 6180 ι
1905 6131 1963 6176 ι,
2063 6153 2093 6170 ρ
2113 6158 2126 6166 ..
2141 6160 2160 6165 ..

1782 493 2024 558 SANCTI
2061 489 2432 551 HIERONYMI

3671 476 3779 536 852

2273 608 2360 662 42.
2402 605 2741 676 Sexagesima
2781 611 2968 658 octavo
2997 621 3009 657 :
3041 600 3284 655 Laudabo
3317 614 3499 655 nomen
3528 595 3626 652 Dei
3661 613 3776 652 cum

2199 697 2443 771 Cantico(
2470 698 2610 752 Psal.
2641 697 2728 752 68.
2761 697 2820 751 5i
2852 705 2889 767 ).
2917 695 3021 750 Pro
3050 709 3154 766 quo
3184 694 3359 748 dicitis
3388 708 3482 748 vos
3511 691 3778 762 reperisse

2199 791 2254 848 in
2281 791 2487 857 Graeco,
2517 791 2609 844 Dei
2639 789 2753 854 mei,
2783 788 2896 850 sed.
2924 787 3040 854 mei,
3069 787 3393 856 superﬂuum
3425 795 3527 841 est.

2270 886 2357 941 45.
2402 883 2798 954 Septuagesimo
2828 899 2841 936 :
2873 881 3005 935 Deus
3029 923 3042 942 ,
3073 896 3134 934 ne
3161 880 3408 949 clangeris
3432 895 3462 930 a
3491 893 3568 931 me
3593 877 3611 949 (
3636 875 3775 929 Ibid.

2201 975 2290 1032 70.
2325 962 2432 1045 12).
2465 975 2615 1042 Quod
2643 973 2820 1028 dicitis
2850 976 2898 1026 in
2925 971 3112 1027 Grzeco
3137 971 3367 1040 positum
3397 1009 3408 1022 .
3439 967 3578 1022 Deus
3613 985 3774 1029 meus,

2199 1065 2520 1136 superﬂuum
2549 1073 2652 1121 est.
2692 1065 2746 1119 In
2773 1062 2960 1118 eodem
2989 1077 3002 1116 :
3031 1060 3205 1127 Deus,
3237 1060 3453 1114 docuisti
3492 1075 3569 1113 me
3603 1075 3666 1112 ea:
3693 1059 3781 1128 ju-

2199 1168 2396 1213 ventute
2419 1174 2529 1212 mea
2551 1157 2710 1228 (Ibid.
2743 1155 2850 1228 l7).
2883 1154 2950 1209 Et
2973 1154 3026 1208 in
3060 1153 3191 1217 hoc.
3223 1151 3363 1222 quod
3397 1151 3534 1221 apud
3567 1149 3782 1204 Graecos

2202 1249 2465 1304 invenisse
2486 1264 2582 1302 vos
2600 1247 2793 1312 dicitis,
2815 1245 2952 1301 Deus
2971 1261 3130 1310 meus,
3151 1241 3477 1312 superﬂuum
3499 1250 3600 1306 est,
3619 1257 3778 1294 meus.

2203 1340 2259 1395 In
2282 1339 2467 1395 eodem
2492 1356 2504 1392 :
2529 1337 2702 1393 Donec
2719 1337 3008 1392 annuntiem
3028 1335 3289 1390 brachium
3320 1345 3459 1388 tuum
3480 1331 3641 1403 (Ibid.
3671 1331 3778 1401 18).

2202 1431 2271 1487 Ει
2300 1430 2474 1486 dicitis
2501 1430 2554 1484 in
2581 1429 2768 1484 Graeco
2794 1442 2888 1484 vos
2917 1426 3199 1497 reperisse,
3226 1423 3480 1478 mirabilia
3509 1432 3615 1487 tua,
3645 1421 3783 1490 quod

2202 1521 2271 1577 de
2289 1522 2544 1591 superiori
2569 1521 2827 1576 versiculo
2841 1528 2941 1585 est,
2962 1528 3006 1573 et
3033 1533 3185 1588 usque
3208 1531 3342 1569 nunc
3363 1500 3785 1585 pronuntiabo(f)

2202 1615 2449 1670 miracula
2475 1625 2582 1670 tua.
2611 1614 2752 1669 Bene
2780 1629 2907 1684 ergo
2935 1611 3020 1666 hic
3047 1611 3224 1677 habet,
3254 1609 3536 1663 brachium.

2275 1707 2362 1762 45.
2403 1705 2804 1775 Septuagesimo
2831 1704 3002 1774 primo
3028 1721 3040 1756 :
3071 1701 3134 1756 Et
3159 1701 3441 1754 adorabunt
3469 1714 3587 1753 eum
3613 1712 3785 1752 omnes

2204 1813 2344 1867 reges
2369 1794 2385 1866 (
2409 1794 2556 1849 Psal.
2586 1795 2676 1850 7|.
2712 1795 2770 1848 ll
2797 1791 2837 1866 ).
2871 1792 3002 1848 lllud
3034 1791 3176 1862 quod
3208 1792 3259 1845 in
3290 1789 3477 1846 Graeco
3521 1789 3787 1845 invenisse

2205 1905 2300 1945 vos
2339 1889 2546 1954 dicitis,
2576 1905 2716 1960 reges
2759 1897 2904 1940 terra:
2926 1926 2940 1952 ,
2981 1883 3304 1954 superﬂuum
3336 1893 3435 1938 est.
3469 1882 3521 1936 In
3553 1881 3739 1937 eodem
3771 1899 3784 1935 :

2204 1981 2501 2038 Benedictus
2548 1979 2798 2034 Dominus
2844 1974 2981 2031 Deus
3006 2018 3019 2042 ,
3064 1974 3199 2030 Deus
3242 1973 3450 2046 Israel(
3482 1971 3618 2026 Ibid.
3654 1972 3720 2028 18
3747 1970 3784 2042 ).

2208 2073 2389 2128 Dicitis
2420 2073 2469 2126 in
2495 2071 2681 2128 Graeco
2709 2071 2788 2125 bis
2807 2111 2822 2136 ,
2857 2068 2990 2124 Deus
3009 2109 3023 2130 .
3056 2083 3160 2122 non
3193 2067 3375 2123 haberi
3406 2086 3421 2121 :
3447 2081 3565 2120 cum
3597 2067 3649 2119 in
3680 2065 3786 2120 He-

2207 2166 2351 2221 braso
2375 2169 2461 2231 sit,
2494 2173 2547 2219 et
2573 2163 2710 2235 apud
2737 2160 3111 2232 Septuaginta;
3144 2167 3196 2215 et
3227 2157 3656 2214 manifestissime
3688 2158 3785 2211 tri-

2206 2257 2325 2329 plex
2355 2255 2584 2322 Domini,
2614 2254 2810 2324 Deique
2838 2253 3156 2322 nuncupatio
3183 2251 3491 2321 mysterium
3516 2248 3787 2303 Trinitatis

2207 2349 2294 2403 sit.
2339 2347 2394 2401 In
2423 2346 2612 2402 eodem
2643 2364 2654 2398 :
2686 2344 2752 2398 Et
2794 2343 3108 2398 benedictum
3146 2357 3325 2396 nomen
3363 2341 3640 2411 majestatis
3681 2340 3788 2409 ejus

2207 2439 2259 2494 in
2306 2447 2566 2492 (sternunt.
2617 2435 2729 2490 Hoc
2754 2449 2882 2506 ergo
2910 2431 3050 2501 quod
3095 2433 3144 2486 in
3185 2430 3372 2487 Graeco
3399 2445 3492 2485 vos
3525 2430 3788 2484 invenisse

2208 2529 2381 2585 dicitis
2410 2546 2423 2582 :
2453 2526 2520 2582 In
2547 2535 2788 2582 internum
2817 2533 2864 2578 et
2893 2525 2944 2578 in
2972 2521 3213 2578 swculum
3236 2521 3429 2586 seaculi,
3459 2519 3728 2591 superﬂue
3757 2533 3785 2571 τι

2209 2619 2410 2677 Grtecis
2437 2619 2617 2676 Sciatis
2668 2617 2833 2690 659
2893 2615 3210 2686 appositum,
3242 2613 3381 2684 quod
3410 2627 3508 2667 nec
3539 2611 3790 2666 llebrmus

2210 2711 2368 2766 habet
2389 2752 2404 2775 ,
2439 2725 2536 2766 nec
2566 2709 2894 2780 septuaginta
2925 2707 3260 2778 lnterpretes.

2280 2803 2370 2858 45.
2428 2799 2829 2870 Septuagesimo
2878 2797 3113 2854 secundo
3143 2816 3157 2851 :
3186 2795 3260 2868 (g)
3295 2794 3495 2849 Prodiit
3539 2796 3684 2862 quasi
3729 2811 3792 2850 ea:

2211 2893 2362 2962 adipe
2386 2890 2555 2964 (Psal.
2591 2891 2679 2944 '72.
2710 2889 2783 2961 7).
2825 2890 2893 2944 Et
2919 2889 3091 2944 dicitis
3117 2903 3209 2943 vos
3234 2886 3372 2956 apud
3402 2887 3617 2941 Graecos
3645 2888 3787 2939 inve-

2211 2985 2371 3049 nisse,
2397 2990 2702 3049 ἐξελεύσεται,
2726 2980 2779 3036 id
2806 2989 2905 3046 est,
2936 2979 3151 3050 prodiet,
3173 2978 3311 3049 quod
3324 2977 3513 3034 falsum
3535 2986 3634 3032 est.
3658 2975 3787 3030 Nam

2212 3087 2266 3132 et
2309 3074 2447 3146 apud
2491 3073 2831 3144 Septuaginta
2887 3072 3203 3141 lnterpretes
3247 3070 3318 3123 ita
3361 3069 3616 3138 scriptum
3663 3075 3790 3122 est:

2213 3174 2491 3235 ἐξηλεὺσατο
2534 3175 2592 3228 ὡς
2632 3172 2683 3220 ἐκ
2727 3176 2916 3227 στέατος
2961 3174 2990 3225 ἠ
3033 3167 3196 3218 ἀδικία
3241 3171 3414 3218 ἀυτῶν.
3462 3160 3518 3216 In
3561 3160 3785 3217 eodem:

2220 3260 2483 3326 Quomodo
2518 3262 2607 3314 scit
2645 3259 2779 3312 Deus
2805 3258 2982 3331 (Ibid.
3014 3258 3074 3311 ll
3104 3257 3160 3328 ),
3189 3257 3240 3312 in
3269 3255 3454 3311 Graeco
3479 3253 3656 3309 dicitis
3690 3268 3792 3308 non

2215 3368 2334 3408 esse
2353 3395 2366 3418 ,
2399 3350 2599 3416 Deum;
2629 3365 2750 3404 cum
2776 3357 2830 3404 et
2857 3347 2994 3418 apud
3037 3347 3377 3416 Septuaginta
3408 3345 3664 3415 scriptum
3687 3346 3789 3411 sit,

2215 3451 2317 3504 ne;
2341 3449 2449 3509 ἔγνω
2474 3446 2498 3494 ὁ
2523 3448 2643 3503 θεὸς,
2676 3448 2729 3494 et
2761 3453 2948 3493 omnes
2972 3436 3289 3506 lnterpretes
3318 3433 3563 3490 similiter
3590 3433 3658 3489 de
3689 3433 3790 3488 He-

2216 3533 2360 3589 brato
2403 3531 2778 3587 transtulerint.
2831 3529 2884 3584 In
2928 3527 3116 3585 eodem
3157 3546 3171 3582 :
3212 3527 3501 3599 Intelligam
3539 3527 3593 3580 in
3630 3526 3791 3580 novis-

2217 3629 2356 3684 simis
2381 3643 2554 3681 eorum
2575 3624 2737 3700 (Ibid.
2771 3625 2837 3680 t7
2859 3623 2898 3696 ).
2931 3623 3032 3678 Pro
3059 3638 3162 3690 quo
3191 3622 3242 3676 in
3269 3621 3455 3677 Graeco
3483 3620 3674 3691 legisse
3703 3635 3794 3676 vos

2217 3719 2391 3775 dicitis
2419 3737 2430 3772 :
2461 3727 2505 3773 et
2535 3718 2842 3789 intelligam;
2895 3715 2986 3772 sed
3019 3715 3124 3778 hic,
3155 3723 3203 3769 et
3224 3753 3240 3779 ,
3272 3713 3577 3782 conjunctio
3605 3726 3792 3781 snper-

2219 3812 2325 3868 ﬂua
2368 3821 2465 3866 est.
2510 3812 2564 3866 in
2605 3809 2790 3864 eodem
2823 3826 2836 3862 :
2867 3808 3063 3878 Defecit
3100 3822 3216 3860 caro
3255 3820 3397 3871 mea,
3430 3814 3477 3858 et
3516 3819 3602 3858 cor
3632 3819 3794 3857 meum

2219 3905 2378 3978 (Ibid.
2408 3904 2519 3976 26).
2553 3903 2655 3959 Pro
2685 3917 2787 3973 quo
2817 3901 2954 3956 male
2983 3912 3290 3970 perversum
3318 3895 3556 3951 ordinem
3585 3895 3793 3966 quidam

2221 4006 2401 4052 tenent
2430 4015 2442 4050 :
2473 3995 2670 4067 Defeci!
2698 4010 2782 4048 cor
2809 4009 2993 4059 meum,
3024 4001 3069 4046 et
3093 4007 3208 4045 caro
3235 4006 3364 4043 mea.
3395 3988 3451 4043 In
3477 3987 3666 4044 eodem
3693 4005 3706 4042 :
3732 3987 3796 4041 Ut

2222 4089 2514 4142 annuntient
2553 4101 2723 4140 omnes
2761 4085 3140 4154 prtedicationes
3173 4091 3285 4135 tuus
3323 4078 3502 4152 (Ibid.
3533 4079 3605 4134 28
3626 4080 3664 4148 ).
3700 4079 3797 4133 Pro

2222 4193 2327 4248 quo
2353 4192 2446 4233 vos
2473 4178 2524 4232 in
2555 4175 2740 4233 Grzcco
2769 4176 2958 4246 legisse
2986 4173 3193 4228 dixistis
3219 4213 3232 4238 ,
3262 4177 3346 4232 τὰς
3374 4179 3571 4231 αἱνέσεις
3598 4192 3680 4224 σου
3704 4211 3716 4233 ,
3749 4168 3797 4221 id

2223 4278 2306 4325 est
2328 4311 2342 4336 ,
2375 4269 2548 4323 laudes
2587 4279 2716 4323 tuas.
2759 4266 2825 4321 Et
2861 4264 3132 4320 sciendum
3165 4262 3304 4332 quod
3345 4262 3395 4315 in
3437 4261 3694 4325 ilebrieo,
3724 4260 3798 4330 (It)

2223 4374 2640 4416 IIALOCIIOTHACII
2659 4400 2672 4425 ,
2703 4358 2954 4428 scriptum
2981 4355 3171 4422 habet,
3200 4352 3339 4424 quod
3373 4351 3433 4426 (i)
3455 4352 3641 4422 Aquila
3667 4356 3801 4419 ἀγγε-

2225 4461 2330 4516 λίας
2358 4475 2440 4506 σου
2457 4493 2472 4519 ,
2505 4451 2557 4506 id
2584 4459 2665 4506 est
2683 4491 2698 4516 ,
2728 4451 2930 4504 nuntios
2962 4457 3107 4512 tuos;
3135 4444 3474 4516 Septuaginta
3497 4485 3513 4510 ,
3541 4450 3627 4504 τὰς
3651 4448 3797 4508 ἐπαγ-

2222 4557 2376 4615 γελίας
2407 4569 2522 4611 σου,
2552 4544 2603 4599 id
2648 4552 2762 4609 est,
2811 4541 3196 4614 prwdicutiones
3245 4545 3384 4603 tuas,
3427 4535 3512 4591 vel
3555 4537 3797 4606 promissa

2224 4637 2550 4706 interpretati
2589 4643 2712 4690 sunt
2740 4653 2752 4688 :
2783 4635 2906 4691 licet
2938 4642 2995 4689 et
3030 4633 3144 4689 laus
3167 4671 3184 4701 ,
3210 4639 3265 4688 et
3305 4628 3612 4700 praedicatio
3637 4641 3797 4684 unum

2223 4744 2508 4802 utrumque
2531 4730 2811 4800 signiticet.

2310 4848 2358 4956 [ζ
2385 4846 2512 4897 Editi
2534 4857 2730 4905 omnes,
2755 4851 2807 4894 et
2828 4843 3056 4956 gerique
3077 4855 3107 4892 e
3129 4841 3244 4891 Mss.
3269 4837 3606 4909 miserabilia.‘

2311 4925 2340 4956 a
2387 4909 2495 4956 Duo
2519 4909 2813 4956 vetustiores
2885 4919 2950 4955 ss.
2985 4904 3202 4956 Prodici.
3227 4914 3339 4950 mox
3362 4901 3606 4956 prodierit.

2387 4909 2495 4975 Duo
2519 4901 2813 4958 vetustiores
2831 4901 3202 4975 Mss._:tf>_rodiet,
3223 4914 3339 4975 mox
3362 4901 3612 4975 prodierit,
3642 4907 3692 4975 et
3717 4911 3802 4975 pro

2223 4960 2457 5034 ιεηίῖὺειαῖο,
2481 4972 2659 5020 iterum
2680 4980 2914 5024 ιξιλιὺσιται.
3144 5001 3158 5025 ,
3180 4960 3574 5034 utnon—dubito,
3723 4960 3801 5033 illa

2224 5023 2387 5084 tamen
2411 5023 2576 5090 lectio,
2603 5043 2834 5092 ὶξηλιῦσατο,
2857 5040 3091 5089 nusquam
3111 5023 3159 5075 in
3180 5023 3321 5074 LXX.
3350 5023 3716 5092 exemplaribus
3735 5024 3804 5070 in-

2225 5099 2438 5146 venitur.
2463 5085 2586 5143 Tum
2623 5085 2741 5155 quae
2769 5085 3123 5155 su'hnect'untur
3146 5101 3169 5148 ἡ
3191 5095 3317 5155 datst.
3336 5098 3455 5155 ἀυτση
3473 5085 3593 5155 nihil
3614 5085 3803 5155 adpro-

2223 5145 2437 5222 positatn
2454 5145 3009 5222 faciunt’diliicultatem';
3035 5145 3184 5222 idque
3203 5150 3393 5206 mirum,
3408 5149 3458 5222 si
3482 5148 3589 5222 ipse
3606 5145 3802 5214 addidit,

2223 5205 2570 5270 dissimulatum
2586 5216 2649 5263 ab
2660 5213 2955 5275 Hieronymo
2975 5205 3019 5258 in
3037 5205 3250 5261 He'bmo
3268 5205 3602 5268 esseoculum,
3621 5205 3806 5270 promi-

2222 5288 2720 5355 quiutte._le_ctumqu_e
2735 5295 2771 5355 la
2794 5281 2918 5355 LXX
2937 5277 3094 5355 17331?
3120 5295 3205 5343 pro

2289 5351 2365 5414 (lt)
2390 5340 2848 5398 Mallemus'dei'erri
2871 5340 3176 5406 antiquorum
3200 5343 3414 5414 codicum
3435 5340 3730 5414 auctoritati,
3757 5345 3806 5386 et

2225 5401 2323 5464 non
2347 5401 2516 5460 corum
2557 5415 2768 5466 tantum,
2809 5420 2932 5469 quos
2971 5401 3058 5454 rios
3088 5403 3441 5469 rconsuluintusj
3482 5401 3572 5469 sed
3599 5407 3651 5450 et
3688 5412 3807 5469 quos

2226 5463 2550 5532 bkrttanmus,
2575 5471 2656 5532 qui
2680 5463 3071 5532 miroieonsensu
3086 5468 3132 5515 in
3157 5466 3386 5532 vocibqu
3405 5463 3808 5532 Latinis-auribus

2225 5525 2431 5588 babaro
2454 5525 2626 5594 legunt
2647 5528 3002 5582 Malocltocltah.
3037 5528 3204 5578 Potuit
3228 5527 3450 5575 nimirum
3484 5527 3534 5574 in
3567 5525 3806 5594 Hierony-

2227 5630 2386 5679 miano
2399 5584 2664 5690 exemplari
2677 5624 2936 5680 Hebraico,
2947 5634 3046 5671 non
3057 5628 3113 5672 ut
3123 5618 3269 5669 hodie
3283 5618 3508 5678 habetur,
3523 5584 3805 5690 ﬁrmabis,

2230 5722 2317 5771 sed
2340 5687 2581 5782 Πῧὲκιῖβν
2597 5718 2696 5782 legi
2717 5753 2730 5775 ,
2755 5724 2808 5766 ut
2830 5715 3017 5782 iiahum
3040 5729 3084 5765 c.
3109 5714 3155 5782 2:
3182 5724 3328 5761 versu
3350 5710 3523 5782 ultimo
3546 5687 3722 5782 eadem
3743 5710 3808 5782 si:

2230 5783 2536 5846 gniticatione
2577 5773 2800 5846 habetur.
2848 5779 2997 5846 'l‘unc_
3026 5776 3237 5846 omnqu
3284 5773 3584 5846 rectissime,
3624 5773 3715 5846 Sui
3759 5774 3812 5821 et

2233 5831 2444 5893 amnium
2467 5842 2822 5893 vetustissimus
2845 5851 2938 5894 est,
2963 5839 3169 5900 Reginae
3191 5835 3282 5884 Ms.
3309 5831 3666 5883 .tlaloehochultl

2301 5905 2358 5968 (ἱ)
2391 5904 2599 5953 Veteres
2625 5903 2744 5974 editi
2768 5892 2937 5974 .Iqlfild
2957 5892 3124 5974 ἀῃᾷῡυς
3167 5924 3231 5949 σου
3245 5935 3261 5974 ,7
3294 5892 3810 5974 ςρᾷιξξιῖξρεεΒξἪῂιξ

2236 5954 2490 6029 Iustinianum?
2512 5991 2577 6014 σου
2591 5999 2605 6024 ,
2633 5971 2806 6029 contra
2819 5954 2828 5964 Ι
3153 5975 3166 6021 ;
3205 5970 3370 6029 “(ique
3394 5968 3510 6029 ἵεις
3669 5954 3811 6019 (imm

2234 6021 2540 6094 llc'iaplares
2561 6021 2750 6080 codices
2777 6042 2840 6096 tm
2861 6022 3000 6083 LXX.
3027 6021 3285 6088 ingerendi
3304 6023 3436 6073 sunt.
