4106 6340
287 507 394 569 I53

353 625 444 682 16.
485 620 887 695 Septuagesimo
907 616 1064 676 tertio
1091 632 1107 672 :
1140 613 1210 673 Ut
1236 613 1359 688 quid
1389 612 1529 669 Deus
1555 611 1782 685 repulisti
1812 610 1864 665 in

289 719 438 791 [inerit
464 716 638 791 (Psal.
663 715 757 773 75.
784 714 857 786 1).
888 713 993 770 Pro
1015 725 1122 783 quo
1151 710 1290 765 male
1317 708 1458 780 apud
1487 706 1700 763 Grmcos
1731 704 1865 775 legi-

290 818 370 866 tur
415 809 605 865 ordine
649 814 1014 864 commutato:
1051 802 1121 860 Ut
1159 802 1282 874 quid
1320 800 1550 873 repulisti
1572 841 1588 868 ,
1619 798 1776 854 Deus.
1809 797 1866 853 In

288 900 475 957 eodem
521 919 535 955 :
579 897 781 966 Quanta
822 897 1130 968 malignatus
1172 904 1245 950 est
1296 893 1529 948 inimicus
1573 893 1627 947 in
1674 891 1866 947 Sancto

290 992 463 1069 (Ibid.
497 990 592 1065 3).
633 991 796 1048 Miror
835 990 954 1062 quis
995 993 1049 1044 in
1090 987 1276 1044 codice
1317 995 1497 1042 vestro
1538 980 1870 1039 emendando

291 1090 642 1160 pervenerit,
674 1093 733 1141 ut
772 1099 866 1156 pro
887 1125 904 1151 ,
940 1082 1167 1148 Sancto,
1198 1079 1402 1137 Sanctis
1444 1077 1715 1149 posuerit,
1747 1090 1869 1130 cum

292 1189 345 1234 et
371 1178 420 1232 in
448 1184 632 1233 nostro
657 1174 863 1243 codice,
886 1175 939 1228 in
965 1173 1177 1241 Sancto,
1204 1171 1523 1227 inveniatur.
1552 1168 1610 1224 ln
1637 1166 1824 1222 eodem
1854 1184 1869 1222 :

292 1267 632 1325 Incendamus
669 1281 841 1322 omnes
879 1264 989 1320 dies
1026 1267 1179 1337 festos
1210 1261 1302 1318 Dei
1329 1278 1362 1315 a
1390 1270 1523 1315 terra
1553 1260 1572 1329 (
1599 1257 1735 1312 Ibid.
1764 1257 1798 1312 8
1824 1255 1864 1329 ).

292 1362 398 1419 Pro
424 1375 528 1433 quo
558 1360 610 1415 in
644 1358 834 1416 Graaco
859 1358 1111 1428 scriptum
1140 1362 1222 1411 est
1247 1359 1656 1420 καταπαύσωμεν;
1691 1359 1744 1405 et
1772 1363 1869 1403 nos

292 1455 366 1513 ita
394 1452 755 1511 transtulimus
783 1469 798 1508 :
827 1451 1091 1520 Quiescere
1115 1447 1363 1521 faciamus
1388 1461 1560 1499 omnes
1586 1444 1692 1497 dies
1715 1442 1869 1512 festos

291 1545 391 1602 Dei
415 1561 449 1600 a
473 1554 628 1601 terra.
655 1543 727 1598 Et
751 1542 915 1598 miror
939 1538 1205 1612 quomodo
1223 1552 1255 1593 e
1275 1537 1441 1592 latere
1460 1532 1869 1591 Adnotationetn

291 1645 527 1693 nostram
554 1635 735 1691 nescio
759 1632 878 1703 quis
905 1629 1216 1687 temerarius
1240 1624 1576 1682 scribendam
1600 1624 1654 1679 in
1678 1636 1871 1692 corpo-

291 1743 353 1786 re
389 1726 689 1798 putaverit,
719 1738 879 1796 quam
908 1737 1006 1779 nos
1035 1735 1132 1792 pro
1157 1717 1452 1776 eruditione
1480 1715 1703 1788 legentis
1731 1713 1870 1769 scri-

292 1821 493 1892 psimus
513 1820 614 1875 hoc
634 1817 813 1884 modo,
830 1815 945 1872 Non
968 1815 1147 1880 habet,
1168 1817 1560 1880 καταπαύσωμεν,
1578 1818 1637 1865 ut
1655 1807 1873 1879 quidam

291 1922 479 1985 putant
505 1954 520 1980 ,
594 1912 758 1984 ω
828 1909 923 1967 sed
959 1914 1323 1977 κατακαὺσωμιν
1346 1947 1361 1973 ,
1390 1906 1442 1961 id
1468 1913 1588 1970 est,
1621 1901 1870 1959 incenda-

291 2021 423 2059 mus.
455 2004 523 2059 Et
549 2004 670 2073 quia
700 2002 879 2057 retulit
908 1999 1037 2055 mihi
1064 2008 1281 2055 sanctus
1308 1996 1593 2067 Presbyter
1618 1994 1828 2049 Firmus
1850 2033 1867 2061 ,

292 2097 382 2167 qui
430 2096 584 2165 hujus
625 2094 802 2164 operis
835 2101 1050 2149 exactor
1088 2091 1227 2159 fuit,
1272 2091 1410 2146 inter
1444 2086 1703 2159 plurimos
1750 2085 1873 2139 hinc

292 2185 528 2241 habitam
570 2184 917 2254 quaestionem
942 2223 960 2250 ,
1000 2181 1209 2252 plenius
1246 2179 1314 2235 de
1351 2178 1454 2234 hoc
1495 2174 1873 2246 disputandum

292 2277 520 2333 videtur.
578 2275 637 2331 In
690 2276 913 2331 Hebraeo
958 2274 1214 2343 scriptum
1260 2280 1344 2327 est
1388 2285 1589 2326 ssurnu
1636 2265 1873 2338 c10t.(a)

226 2412 229 2413 ν
293 2384 506 2425 ιιοευΑυ
524 2384 591 2423 at.
616 2381 837 2434 BAARBS,
865 2365 1007 2436 quod
1029 2364 1235 2435 Aquila,
1263 2371 1317 2418 et
1340 2361 1689 2433 Symmachus
1704 2368 1877 2413 verte-

291 2472 418 2517 runt
440 2504 456 2530 ,
489 2469 757 2531 ἐνεπύρισαν
784 2466 936 2520 nataui;
961 2464 1046 2521 τάς
1075 2463 1338 2525 συναγωγὰς
1364 2455 1448 2512 re;
1475 2457 1594 2509 0εοῦ
1615 2493 1631 2521 ,
1673 2452 1727 2508 id
1752 2460 1872 2519 est,

291 2555 623 2610 incenderunt
663 2568 834 2615 ontnes
866 2552 1203 2607 solemnitates
1230 2548 1329 2604 Dei
1364 2549 1418 2603 in
1456 2557 1613 2603 terra.
1641 2546 1833 2614 Quinta
1857 2586 1873 2613 ,

293 2666 591 2699 κατεκαυσαν
617 2642 670 2697 id
695 2651 811 2708 est,
843 2642 1240 2696 combusserunt.
1278 2639 1441 2695 Sexta
1471 2642 1836 2702 κατακαύσαιμι)
1857 2675 1873 2700 ,

293 2735 348 2791 id
386 2743 469 2790 est
491 2776 508 2802 ,
539 2735 925 2799 comburamus;
962 2732 1103 2805 quod
1141 2739 1197 2787 et
1236 2729 1576 2800 Septuaginta
1612 2728 1764 2797 juxta
1802 2722 1876 2797 (b)

292 2828 656 2897 Hexaplorum
701 2827 977 2882 veritatem
1023 2822 1355 2879 transtulisse
1393 2819 1729 2892 perspicuum
1770 2824 1872 2872 est.

293 2918 626 2974 Theodotion
653 2933 883 2988 quoque,
921 2915 992 2989 (ε)
1008 2924 1327 2987 ἅμπυρισωμσν
1353 2913 1532 2978 vertit,
1562 2910 1611 2966 id
1636 2917 1737 2978 est,
1760 2924 1878 2964 suc-

296 3010 591 3064 esuriamus.
630 3008 709 3063 Ex
750 3023 855 3079 quo
890 3007 1225 3078 perspicuum
1254 3012 1367 3069 est,
1400 3004 1478 3058 sic
1506 3001 1832 3071 psallendum
1859 3041 1874 3065 ,

296 3111 355 3155 ut
385 3114 483 3155 nos
520 3099 851 3169 interpretati
881 3112 1094 3163 sumus;
1123 3105 1178 3153 et
1204 3104 1378 3151 tamen
1411 3094 1682 3151 sciendum
1707 3135 1723 3160 ,
1751 3090 1878 3163 quid

299 3193 551 3250 Hebraica
595 3193 799 3248 Veritas
848 3190 1056 3247 habeat.
1126 3188 1239 3244 Hoc
1282 3189 1424 3243 enim
1472 3186 1612 3256 quod
1655 3183 1878 3253 Septua-

297 3288 440 3360 ginta
481 3286 901 3352 transtulerunt,
934 3290 1150 3355 propter
1178 3288 1496 3336 vetustatem
1534 3279 1586 3332 in
1629 3275 1878 3330 Ecclesiis

299 3378 682 3435 decantandum
712 3386 824 3442 est;
865 3385 919 3430 et
948 3374 1079 3430 illud
1110 3373 1177 3427 ab
1204 3371 1426 3427 eruditis
1454 3369 1724 3424 sciendum
1756 3382 1880 3437 pro-

299 3477 419 3541 pter
445 3469 685 3524 notitiam
723 3467 1131 3536 Scripturarum.
1172 3462 1324 3519 Unde
1354 3462 1399 3516 si
1429 3460 1552 3531 quid
1584 3474 1680 3530 pro
1705 3458 1879 3514 studia

301 3577 334 3616 e
362 3561 523 3615 latere
550 3558 787 3614 additum
817 3566 901 3614 est
921 3598 937 3623 ,
966 3572 1071 3611 non
1102 3553 1259 3609 debet
1284 3553 1409 3623 poni
1443 3552 1498 3606 in
1522 3564 1778 3621 corpore;
1811 3562 1881 3603 ne

300 3650 532 3723 priorem
558 3650 955 3705 translationem
978 3661 1077 3717 pro
1096 3644 1437 3700 scribentium
1463 3642 1734 3696 voluntate
1753 3654 1883 3695 con-

300 3743 495 3799 turbet.
538 3740 594 3796 lu
635 3741 822 3796 eodem
854 3735 1253 3794 :Contribulasti
1297 3733 1467 3803 capita
1509 3734 1789 3786 draconum
1825 3728 1880 3785 in

300 3834 480 3906 aquis;
508 3842 561 3887 tu
591 3830 881 3904 confregisti
909 3829 1080 3899 capita
1107 3824 1345 3880 draconis
1370 3822 1541 3895 (Psal.
1573 3824 1660 3878 15.
1691 3829 1737 3876 et
1767 3818 1878 3893 14).

300 3928 389 3982 Sic
420 3926 659 3980 lectionis
685 3924 816 3979 ordo
841 3921 1101 3992 sequitur,
1127 3926 1187 3974 ut
1212 3918 1265 3972 in
1292 3916 1454 3987 priori
1477 3930 1651 3979 versu,
1675 3924 1748 3980 tu,
1773 3928 1881 3970 non

299 4017 512 4080 habeat,
541 4015 633 4072 sed
661 4016 713 4070 in
740 4012 1007 4079 secundo;
1035 4019 1091 4067 et
1115 4024 1266 4079 aqute
1293 4007 1477 4077 plurali
1501 4020 1726 4061 numero
1751 4005 1883 4061 scri-

299 4110 513 4174 bantur,
538 4124 643 4161 non
670 4105 920 4176 singulari
945 4146 958 4169 ,
981 4104 1119 4159 sicut
1136 4110 1192 4156 et
1212 4100 1397 4171 Aquila
1420 4098 1638 4154 verbum
1662 4096 1884 4151 llebrai-

299 4215 421 4256 cuni
445 4199 522 4271 (d)
544 4213 767 4262 suam,
790 4208 880 4252 τῶν
906 4199 1103 4258 ὑδάτων,
1130 4192 1181 4247 id
1206 4199 1305 4257 est,
1331 4205 1598 4261 aquarum,
1623 4188 1886 4256 interpre-

302 4300 443 4348 tatus
471 4298 569 4346 est.
606 4290 659 4345 lu
690 4289 877 4345 eodem
908 4303 923 4341 :
955 4285 1036 4341 Ne
1060 4283 1367 4340 obliviscaris
1394 4298 1536 4337 uaces
1562 4282 1885 4335 inimicorum

304 4393 507 4437 tuorum
532 4382 549 4452 (
573 4380 708 4435 Ibid.
740 4381 812 4436 25
831 4378 868 4451 ).
901 4377 1004 4433 Pro
1026 4391 1131 4449 quo
1161 4376 1213 4431 in
1241 4374 1427 4431 Graeco
1452 4384 1541 4428 τῶν
1575 4372 1731 4426 una.»
1760 4393 1842 4425 σου
1868 4407 1884 4436 ,

302 4472 358 4529 id
385 4481 505 4537 est,
533 4471 908 4543 deprecantium
941 4478 987 4523 te
1010 4508 1026 4533 ,
1058 4468 1314 4538 scriptum
1349 4464 1545 4520 dicitis.
1574 4464 1631 4519 lu
1662 4462 1886 4517 llebrzeo

304 4573 482 4619 autem
503 4604 516 4627 ,
546 4576 815 4618 SORARACH
842 4561 1060 4628 legitur,
1090 4557 1231 4629 quod
1261 4555 1453 4627 Aquila
1474 4596 1491 4622 ,
1522 4554 1738 4609 hostium
1766 4562 1882 4605 tuo-

304 4671 442 4721 rum,
455 4651 805 4724 Symmachus
821 4691 836 4716 ,
855 4649 1149 4703 bellantium
1166 4655 1343 4702 contra
1364 4656 1410 4699 te
1424 4663 1443 4699 :
1459 4645 1820 4715 Septuaginta,
1835 4650 1890 4697 et

307 4745 473 4803 Sexta
493 4742 689 4807 Editio,
710 4739 1028 4793 inimicorum
1052 4748 1275 4803 tuorum,
1299 4735 1627 4805 interpretati
1649 4745 1766 4787 sunt
1790 4751 1804 4787 :
1825 4732 1889 4787 Et

308 4847 390 4895 est
411 4847 602 4891 sensus
621 4830 859 4904 pendens
878 4843 941 4883 ex
963 4828 1356 4898 superioribus:
1379 4825 1575 4880 Memor
1588 4834 1690 4879 esto
1705 4825 1893 4891 impro-

309 4929 563 5001 periorum
589 4937 812 4988 tuorum,
833 4935 1006 4974 eorum
1025 4933 1139 4989 qua:
1157 4918 1219 4973 ab
1239 4915 1505 4987 insipiente
1523 4925 1639 4969 sunt
1657 4923 1761 4968 tota
1776 4914 1890 4969 die:

308 5036 454 5076 saces
477 5017 792 5073 inimicorum
821 5021 1042 5078 tuorum,
1072 5009 1125 5065 id
1149 5018 1264 5074 est,
1289 5021 1447 5062 voces
1474 5004 1560 5061 Ne
1583 5005 1891 5059 obliriscaris

310 5126 429 5183 quae
456 5119 507 5166 te
533 5105 901 5178 blasphemant
920 5142 935 5169 ,
961 5101 1159 5171 tibique
1179 5101 1232 5156 in
1262 5097 1456 5170 p0pulo
1473 5108 1563 5153 tuo
1582 5094 1887 5152 detrahunt.

311 5204 465 5263 Unde
501 5202 660 5275 661
719 5197 985 5269 sequitur:
1006 5194 1259 5266 Superbia
1275 5209 1463 5258 eorum,
1480 5191 1567 5264 qui
1586 5199 1633 5246 te
1652 5189 1887 5253 oderunt,

375 5321 448 5384 (a)
481 5318 791 5370 Martianaeus
828 5312 1103 5384 susﬂgtlu:
1137 5308 1599 5384 intﬁielogymiano
1620 5302 1892 5384 exemplari

311 5375 559 5441 Hebraico
602 5388 863 5449 scriptum,
907 5377 1109 5433 manu
1146 5380 1223 5430 vel
1266 5375 1890 5449 anprojuodierno,

313 5457 493 5513 ’W‘ID.
516 5445 765 5510 Palatia-us
796 5466 907 5504 cum
937 5452 1233 5515 aspiratione
1253 5446 1562 5499 MOEDAHU
1596 5445 1742 5515 ῌΕΙ..
1779 5446 1893 5496 Mox

312 5509 500 5573 Erasm.
530 5528 584 5571 et
603 5509 1007 5578 Victorque”;
1025 5526 1111 5576 pro
1135 5524 1362 5577 ινιπὺρισσν,
1380 5516 1431 5560 et
1454 5523 1577 5575 ιορτάς
1600 5509 1706 5559 loco
1729 5533 1893 5571 map-

315 5596 410 5646 τό.ςῖ
438 5596 604 5647 neque
627 5582 759 5632 enim
780 5576 1002 5639 Hexapla
1023 5581 1278 5626 noverant.

403 5668 453 5724 b)
479 5664 682 5724 Quidam
707 5661 826 5712 editi
844 5699 863 5724 ._
883 5664 936 5708 et
1109 5655 1221 5706 libri
1244 5652 1575 5724 exemplorum
1597 5652 1889 5704 varietatem.

403 5668 431 5717 b
479 5668 682 5724 Quidam
707 5668 854 5715 editi.
883 5668 936 5708 et
967 5668 1081 5708 mss.
1110 5668 1221 5706 ltDt‘l
1244 5668 1575 5717 exempturum
1597 5668 1889 5704 varietatem.

380 5668 453 5838 ἕσέ
485 5728 611 5777 Tres
650 5738 680 5773 e
714 5722 894 5772 nostris
924 5721 1170 5770 codicibus
1202 5729 1451 5780 ινιπυριπαιιιν
1466 5754 1479 5773 ,
1511 5713 1635 5764 alius
1666 5727 1895 5778 ὶνιπῦρισανς

380 5802 415 5837 ιο
472 5790 618 5838 etiam
657 5787 704 5835 in
737 5781 975 5838 Hexaplis
1008 5780 1330 5831 Theodotioni
1364 5778 1603 5828 tribuitur.
1636 5775 1737 5838 Sed
1768 5775 1895 5838 apud

318 5775 447 5851 quod
472 5775 618 5839 eiiam
657 5787 719 5851 in_
737 5781 975 5845 Hexaplis
1008 5775 1330 5851 'l‘heodotion'i
1364 5778 1603 5851 tribuitur.
1633 5775 1737 5851 Sed
1768 5775 1895 5851 apud

318 5837 493 5900 «Smne;
509 5848 856 5900 succendansus
869 5837 896 5905 ,’
906 5844 1035 5907 quod
1056 5856 1147 5897 nos
1172 5847 1367 5904 movet,
1389 5847 1444 5892 ut
1464 5837 1730 5904 legendum
1753 5837 1895 5903 pute-

318 5922 429 5964 Inus
448 5926 705 5975 μαυρῇνηιιν.

382 5993 463 6060 (d)
496 5994 607 6051 Duo
626 5992 768 6050 codd.

1764 6100 1810 6108 μμ-

1684 493 2013 555 EPISTOLA
2048 491 2179 551 CVI.

3382 501 3552 562 .854

1974 609 2200 665 ascendit
2225 626 2419 693 semper
2444 626 2459 666 :
2489 609 2541 667 id
2589 616 2710 678 est,
2744 601 2969 669 dnm'tu
2999 611 3181 672 diti'ers
3217 626 3404 688 ptem:
3427 604 3552 685 {illi

1973 701 2256 771 proﬁciunt
2282 703 2334 759 in
2365 701 2726 773 blasphemiis.

2061 799 2146 854 47.
2186 796 2589 867 Septuagesimo
2632 791 2871 865 quarto:
2914 793 3253 852 Narrabimus
3297 796 3555 853 mirabilia

1978 901 2066 948 tua
2094 889 2264 965 (Psal.
2282 889 2372 944 74.
2392 887 2467 959 3).
2492 887 2594 943 Pro
2614 901 2722 958 quo
2751 885 2891 942 male
2927 886 3065 956 apud
3091 885 3307 944 Graecos
3334 888 3552 960 legitur,

1979 981 2219 1038 Narrabo
2239 980 2408 1035 omnia
2435 977 2688 1033 mirabilia
2736 985 2843 1032 tua.

2049 1075 2139 1131 48.
2181 1073 2588 1145 Septuagesimo
2617 1071 2849 1142 quinto:
2901 1069 3090 1125 Omnes
3127 1070 3222 1124 uiri
3264 1070 3555 1126 divitiarum

1934 1213 1941 1217 .
1977 1166 2210 1224 manibus
2238 1168 2342 1221 suis
2364 1163 2538 1237 (Psal.
2563 1164 2652 1219 75.
2681 1162 2758 1235 6).
2789 1161 2857 1219 Et
2908 1177 3013 1217 non
3051 1170 3112 1217 ut
3155 1174 3273 1228 vos,
3315 1162 3496 1218 nescio
3522 1176 3555 1217 a

1977 1276 2085 1331 quo
2109 1260 2460 1330 depravatum
2502 1256 2699 1328 legitis,
2728 1258 2782 1309 in
2807 1253 3039 1309 manibus
3061 1254 3188 1309 suis.
3214 1252 3275 1309 ln
3316 1252 3504 1309 eodem
3537 1268 3554 1307 :

1977 1352 2233 1418 Terribili,
2264 1361 2308 1406 et
2331 1351 2378 1406 ei
2392 1351 2480 1422 qui
2505 1349 2669 1419 aufert
2691 1349 2926 1420 spiritum
2939 1345 3241 1417 Principum
3257 1343 3419 1419 (Ibid.
3444 1342 3553 1417 15).

1980 1445 2168 1502 Dicitis
2192 1442 2333 1514 quod
2357 1448 2377 1511 ,‘
2408 1443 2487 1509 ei,
2519 1456 2626 1515 non
2653 1441 2723 1496 sit
2744 1438 3001 1510 scriptum
3028 1437 3081 1492 in
3109 1436 3299 1493 Graeco
3324 1446 3340 1489 :
3370 1449 3557 1491 verum

1978 1545 2094 1601 est;
2130 1533 2224 1590 sed
2246 1533 2350 1589 nisi
2390 1531 2799 1602 apposuerimus
2818 1568 2834 1597 ,
2860 1531 2907 1583 ei
2925 1570 2941 1595 ,
2969 1527 3193 1583 Latinus
3239 1540 3419 1583 sermo
3447 1539 3557 1581 non

1975 1632 2217 1683 resonat.
2247 1623 2434 1693 Neque
2460 1622 2603 1677 enim
2633 1634 2917 1691 possumus
2946 1627 3093 1675 recte
3131 1617 3313 1674 dicere
3340 1634 3356 1673 :
3387 1615 3563 1673 Terri-

1977 1720 2085 1789 bili,
2113 1730 2158 1775 et
2179 1720 2268 1792 qui
2293 1720 2457 1788 aufert
2484 1716 2719 1787 spiritum
2742 1712 3060 1785 Principum.

2048 1812 2139 1871 49.
2180 1810 2585 1882 Septuagesimo
2618 1816 2769 1864 sexto
2798 1824 2811 1860 :
2841 1804 2913 1859 Et
2940 1803 3206 1860 meditatus
3258 1819 3371 1858 sum
3416 1810 3561 1857 nocte

1979 1921 2095 1960 cum
2118 1902 2267 1958 corde
2294 1917 2403 1957 meo
2424 1940 2441 1967 ,
2488 1909 2534 1955 et
2560 1898 2903 1966 exercitabar,
2949 1906 2996 1951 et
3034 1895 3299 1965 scopebam
3327 1894 3560 1965 spiritum

1978 1992 2352 2068 meum(Psal.
2402 1992 2489 2048 76.
2522 1989 2596 2063 7).
2630 1991 2735 2047 Pro
2763 2005 2870 2061 quo
2925 1988 2980 2044 in
3033 1987 3260 2044 Hebraeo
3309 1985 3558 2057 legimus.

1977 2088 2305 2146 Recordabar
2353 2084 2688 2140 Psalmorum
2717 2083 2791 2155 (ε)
2831 2097 3057 2138 meorum
3111 2080 3167 2135 in
3212 2087 3389 2142 nocte,
3445 2094 3562 2132 cum

1980 2182 2132 2237 corde
2158 2197 2267 2236 meo
2311 2179 2549 2249 loquebar
2572 2217 2586 2244 ,
2628 2184 2674 2230 et
2700 2173 2965 2245 scopebam
2984 2173 3218 2243 spiritum
3242 2186 3428 2225 meum.
3454 2168 3562 2224 Pro

1980 2273 2392 2340 exercitatione,
2415 2275 2716 2339 ἀδολεσχίαν,
2743 2268 2795 2325 id
2826 2276 2930 2335 est,
2960 2265 3361 2321 decantationem
3376 2276 3563 2333 quam-

1980 2366 2138 2433 dam,
2177 2374 2232 2420 et
2269 2363 2646 2419 meditationem
2675 2358 3025 2431 Septuaginta
3052 2354 3464 2420 transtulerunt;
3507 2361 3562 2408 et

1982 2471 2082 2528 pro
2111 2470 2198 2522 eo,
2228 2452 2372 2525 quod
2401 2466 2502 2508 nos
2524 2451 2778 2517 diximus,
2823 2450 3109 2519 scopebatn,
3137 2446 3215 2502 illi
3241 2451 3558 2517 posuerunt,

1979 2554 2202 2602 εσκαλλον
2251 2562 2264 2599 :
2319 2543 2461 2615 quod
2510 2541 2863 2614 Symmachus
2902 2537 3214 2605 transtulit,
3262 2539 3557 2607 ἀνηρώνων,

1982 2642 2035 2698 id
2065 2650 2176 2707 est,
2207 2636 2582 2710 perscrutabam
2610 2675 2626 2703 ,
2672 2635 2786 2690 sive
2824 2631 3106 2704 quttrebam
3136 2645 3157 2685 :
3181 2638 3237 2685 et
3264 2629 3461 2697 Quinta
3487 2627 3563 2681 si-

1982 2735 2201 2789 militer.
2228 2730 2445 2801 Proprie
2461 2730 2639 2783 autem
2658 2734 2915 2793 σκαλισμός
2939 2725 2994 2777 in
3016 2720 3339 2794 agricultura
3367 2718 3564 2773 dicitur

1984 2826 2038 2881 in
2079 2822 2375 2886 sarriendo,
2407 2821 2459 2876 id
2490 2830 2594 2888 est,
2648 2814 3003 2881 sarculando;
3056 2823 3110 2870 et
3158 2812 3434 2886 quomodo
3485 2802 3564 2867 ibi

1982 2924 2292 2990 quaeruntur
2329 2913 2508 2969 herbas
2534 2911 2747 2967 sarculo
2765 2949 2782 2977 ,
2807 2923 2928 2980 quae
2950 2914 3233 2973 secentur;
3274 2905 3352 2961 sic
3379 2913 3435 2959 et
3460 2904 3565 2959 iste

1982 3016 2332 3065 retractatum
2350 3004 2457 3079 [aL
2483 2997 2921 3072 retractationem]
2949 2998 3330 3070 cogitationum
3346 3008 3563 3050 suarum

1982 3101 2306 3175 μιταφορικῶς
2346 3115 2377 3154 a
2411 3096 2625 3153 sarculo
2673 3091 3080 3150 demonstravit.
3129 3089 3202 3144 Et
3239 3086 3518 3144 sciendum
3543 3125 3561 3150 ,

1983 3173 2126 3265 quod
2155 3199 2400 3259 ἱωιαλλον,
2425 3205 2530 3243 non
2551 3186 2740 3252 semel,
2761 3184 2854 3240 sed
2875 3182 3180 3253 frequenter
3202 3177 3483 3250 signiﬁcat.
3506 3173 3566 3230 lu

1983 3285 2172 3342 eodem
2198 3299 2211 3336 :
2241 3284 2284 3337 A
2321 3281 2641 3354 generatione
2675 3279 2732 3332 in
2756 3276 3129 3348 generationem
3148 3270 3312 3345 (Ibid.
3345 3269 3424 3340 9).
3455 3267 3567 3324 Hoc

1984 3377 2124 3449 quod
2154 3373 2230 3449 (1)
2264 3375 2317 3430 in
2367 3388 2545 3445 grrcco
2594 3382 2829 3442 sequens
2871 3366 3144 3423 invenisse
3201 3378 3298 3420 vos
3346 3361 3565 3427 dicitis,

1983 3467 2347 3524 consummavit
2370 3464 2593 3531 uerbum,
2621 3473 2770 3519 recte
2787 3476 2893 3516 non
2914 3459 3079 3516 habet
3106 3458 3162 3514 in
3190 3455 3404 3522 Latino,
3436 3452 3564 3527 quia

1984 3560 2113 3617 etin
2134 3557 2282 3614 nullo
2311 3556 2537 3610 habetur
2566 3554 2945 3624 interpretum.
3493 3572 3497 3576 ν

2056 3651 2145 3708 50.
2187 3648 2596 3721 Septuagesimo
2623 3646 2855 3714 septimo
2887 3661 2900 3697 :
2931 3643 2997 3696 Et
3016 3640 3295 3697 narrabant
3324 3638 3447 3708 ﬁliis
3463 3636 3571 3692 suis

1987 3743 2162 3817 (Psal.
2196 3742 2286 3797 77.
2319 3739 2397 3812 6).
2421 3740 2526 3795 Pro
2549 3753 2656 3808 quo
2687 3737 2740 3790 in
2772 3736 2959 3791 Graeco
2976 3732 3172 3800 habet,
3206 3733 3566 3798 ἀπαγγελοῦσιν,

1986 3833 2131 3905 quod
2161 3842 2262 3899 est,
2292 3829 2678 3885 annuntiabunt.
2699 3825 2805 3883 Sed
2828 3824 3108 3881 sciendum
3130 3863 3145 3891 ,
3183 3821 3329 3894 quod
3373 3823 3427 3875 in
3455 3818 3568 3874 He-

1986 3927 2134 3983 brzeo
2155 3937 2536 3990 IASAPRPHERU,
2554 3919 2814 3990 scriptum
2831 3926 2933 3973 est:
2953 3914 3096 3986 quod
3109 3913 3323 3985 Aquila,
3339 3920 3397 3968 et
3411 3910 3572 3982 Sym-

1987 4017 2211 4075 machus
2232 4056 2248 4083 ,
2282 4014 2598 4078 narrabant,
2628 4009 3036 4066 transtulerunt.
3122 4005 3286 4078 662
3376 4001 3434 4056 ln
3472 4015 3570 4056 eo-

1987 4109 2109 4166 dem
2134 4125 2146 4160 ε
2172 4105 2237 4160 Et
2255 4104 2436 4160 occidit
2471 4103 2681 4174 pingues
2703 4114 2873 4155 eorum
2898 4096 3057 4170 (Ibid.
3075 4093 3189 4166 ⁸51).
3219 4095 3309 4151 Sic
3330 4091 3490 4149 habet
3515 4100 3572 4149 et

1989 4202 2044 4258 in
2069 4200 2313 4263 Hwbreo,
2338 4197 2438 4252 hoc
2457 4203 2541 4251 est
2567 4205 2979 4257 BAMASHNEIEI,
3003 4188 3146 4261 quod
3172 4187 3360 4259 Aquila
3395 4187 3568 4242 inter-

1989 4301 2233 4367 pretatus
2283 4297 2401 4351 est,
2449 4292 2496 4342 te
2545 4294 2759 4356 λιπαροῖς
2798 4286 2952 4338 αὐτῶν
2981 4297 2997 4336 :
3024 4278 3375 4352 Symmachus
3403 4316 3420 4344 ,
3464 4284 3572 4338 τοὺς

1989 4390 2332 4457 λιπαρωτέρσυς
2362 4385 2552 4437 αὐτῶνε
2581 4377 2926 4449 Septuaginta
2949 4417 2965 4443 ,
3028 4382 3082 4429 et
3120 4371 3485 4436 Tbeodotion,
3517 4377 3573 4423 et

1990 4479 2207 4548 Quinta,
2229 4483 2274 4531 ἐν
2297 4488 2393 4537 τοῖς
2421 4481 2580 4529 πίοσιν
2597 4478 2770 4526 αὐτῶν.
2801 4466 2956 4537 Quod
2986 4465 3202 4537 quidam
3243 4478 3349 4518 non
3371 4459 3571 4516 intelli-

1989 4582 2198 4643 gentes,
2228 4583 2324 4640 pro
2371 4580 2543 4632 πίοσιν,
2576 4569 2901 4634 putaverunt
2943 4559 3203 4629 scriptum
3230 4563 3454 4611 πλείοσιν.
3510 4554 3569 4610 in

1992 4662 2181 4718 eodem
2214 4676 2227 4713 :
2255 4657 2554 4712 Dilexerunt
2577 4668 2690 4707 eum
2715 4652 2768 4705 in
2794 4665 2879 4705 ore
2903 4663 3016 4713 suo,
3041 4655 3087 4701 et
3108 4646 3282 4716 lingua
3307 4660 3402 4699 sua
3427 4659 3570 4698 men-

1994 4753 2072 4809 titi
2094 4760 2208 4806 sunt
2231 4751 2274 4804 ei
2312 4746 2471 4821 (Ibid.
2496 4741 2605 4817 56).
2647 4743 2712 4798 Et
2737 4744 2789 4797 in
2817 4741 3045 4797 Hebraeo
3084 4739 3156 4795 ita
3186 4739 3443 4821 scriptum
3492 4746 3575 4794 cst

1994 4854 2285 4898 IOHAZBULO
2308 4818 2331 4904 ,⁷
2352 4849 2406 4891 et
2432 4849 2622 4890 omnes
2649 4847 2777 4889 voce
2801 4831 2966 4888 simili
2988 4818 3389 4897 transtulerunt,
3433 4834 3564 4900 ἑψιὺι

1994 4953 2133 4987 cum
2156 4933 2304 4998 αὐτῷ,
2340 4926 2391 4981 id
2421 4936 2539 5001 θείη
2551 4925 2745 4979 mentiti
2772 4931 2888 4979 sunt
2908 4922 2972 4978 ei.
2991 4920 3122 4990 Quis
3139 4928 3320 4978 autem
3346 4920 3576 4977 voluerit

1999 5039 2096 5095 pro
2117 5025 2183 5090 ei,
2225 5036 2423 5092 ponere
2449 5037 2580 5086 eum,
2612 5029 2669 5077 et
2691 5019 2882 5077 vitiare
2930 5018 3277 5089 exemplaria,
3331 5031 3440 5072 non
3492 5023 3577 5072 est

1996 5119 2101 5175 mei
2118 5116 2324 5189 judicii.
2342 5115 2400 5172 1d
2419 5114 2610 5172 eodem
2641 5131 2654 5170 :
2684 5114 2752 5170 Et
2780 5112 3026 5187 propitius
3059 5111 3145 5184 ﬁet
3165 5110 3380 5183 peccatis
3401 5123 3576 5165 eorum

2068 5298 2134 5366 (ε)
2165 5298 2556 5366 Veteresediti,
2588 5304 2659 5366 _et
2686 5296 2874 5361 Regius
2903 5295 3218 5366 Flogentmus
3259 5291 3349 5342 Ms.
3369 5291 3578 5366 citant}

1998 5350 2299 5425 Mardanaeo,
2318 5362 2494 5425 vitiose
2524 5350 2706 5425 habent
2740 5350 2949 5425 tuorum.
2983 5357 3163 5425 Vitiosa
3192 5350 3581 5425 quoquehinterf

2000 5424 2262 5488 punctione
2284 5416 2423 5488 'apud
2461 5422 3021 5488 ipsumBenedictinum
3055 5423 3178 5488 erat,
3199 5416 3578 5488 ,ὴειιρςξςηξξςζη

2001 5471 2560 5545 ἓᾶῖλᾶἔὴιέὸ,ίίοᾲὶιεῡὶιῒ,
2584 5484 2686 5544 ubi,
2708 5490 2753 5534 et
2775 5483 2877 5545 ipsa
2900 5471 3576 5545 conjunctiodesiderabgluf.

1999 5530 3578 5612 ξιξιιῖινιίίίιῖδὶίςῖῇδῖῖυῑξιῑίάίιε..δέεαεέμφνεφμωευρξςρρξερεε

1997 5607 2207 5674 Reginae
2223 5609 2472 5674 exemplar
2488 5609 2537 5658 in
2551 5604 2785 5674 margine
2800 5604 3047 5674 substituit
3070 5608 3316 5660 ἠδολισχουνῖ
3336 5604 3581 5656 proprium

2000 5668 2181 5733 nempe
2205 5668 2407 5733 verbum
2431 5668 2749 5733 Sepuiaginta
2772 5668 3115 5733 interpretum.

2156 5715 2416 5795 'a'tii‘éiiiii
2432 5715 2809 5795 ἶπᾶᾖὶίὲἦᾶἶὸὶηη
2831 5715 3093 5795 sequentes,
3119 5726 3172 5795 et
3192 5715 3336 5795 paul?

2001 5775 2273 5847 liabeiuriii
2296 5775 2807 5852 Zizliitb’fllem'ipsam
2821 5775 2947 5852 quod
2982 5775 3175 5852 attinet,
3194 5775 3266 5852 et_
3284 5779 3334 5826 in
3357 5775 3577 5852 editione

1997 5837 2523 5916 iiiéiiingin'rféiiéc'a",
2550 5837 2601 5901 et
2694 5837 2952 5916 Turicensi
2975 5844 3102 5916 apud
3125 5837 3556 5916 eumdem_!_s.

1997 5898 2575 5978 inibat-ﬁdem
2588 5898 2685 5962 sub
2704 5898 2970 5975 Ὰεῑθινὶωο,
2991 5898 3045 5961 in
3062 5906 3155 5961 hoc
3174 5910 3338 5959 autem
3358 5898 3583 5955 absolute

1998 5985 2800 6060 Μηίλφπόῆμὰιδτινιιςιιςῖινιὲ

2900 6039 2965 6061 Α’Ῐμ
2986 6046 3025 6069 ’,κ

2010 6139 2143 6167 θον...
2174 6148 2177 6149 ν
2413 6142 2459 6149 »φ

2010 6164 2011 6167 η
2048 6160 2063 6167 ι.

2007 6160 2039 6167 «ιν
2048 6160 2063 6169 ὀ
