4106 6340
363 302 462 361 861

363 428 542 482 errore
564 412 894 472 subtractum
917 409 1007 467 sit.
1033 407 1095 466 In
1115 406 1306 466 eodem
1335 418 1350 461 :
1379 403 1490 461 Hoc
1517 418 1658 460 mare
1684 419 1929 476 magnum

361 523 406 568 et
432 509 704 582 spatiosum
723 505 952 560 manibus
975 502 1094 570 (Ps.
1116 501 1238 558 105.
1267 499 1385 570 25).
1408 499 1594 554 Dicitis
1621 499 1672 554 in
1693 496 1883 554 Grzeco
1903 538 1921 566 ,

361 600 605 665 manibus,
637 614 741 652 non
768 596 980 662 haberi,
1005 605 1057 651 et
1086 609 1185 666 ego
1217 593 1360 648 novi.
1393 591 1502 647 Sed
1531 607 1595 646 ex
1620 589 1884 646 Hebraico'
1904 631 1920 657 ,

357 703 404 748 et
459 689 836 746 Theodotionis
875 687 1107 744 editione
1150 687 1201 740 in
1249 685 1593 755 Septuaginta
1635 684 1734 739 sub
1780 691 1925 738 aste-

355 787 489 844 risco
516 782 751 837 additum
776 791 876 836 est.
905 780 1143 849 Denique
1162 786 1216 834 et
1243 780 1293 833 in
1319 777 1543 832 llebrteo
1568 777 1640 831 ita
1660 775 1923 845 scriptum

352 893 411 931 τε
433 889 591 929 ΠΑΙΔΙ
616 888 785 928 canor.
809 888 979 926 unus
1011 887 1155 926 manu
1181 913 1194 938 ,
1243 869 1382 940 quod
1408 869 1595 938 Aquila
1628 866 1706 939 (a)
1736 867 1812 924 sic
1840 867 1923 921 in-

352 974 666 1036 terpretatus
682 973 784 1032 est,
805 969 925 1026 αὐλή
950 975 1029 1020 καὶ
1053 973 1252 1018 πλατιῖα
1271 967 1442 1033 χερσὶν,
1468 970 1522 1016 et
1551 973 1738 1014 omnes
1759 959 1924 1013 inter-

352 1070 523 1128 pretes
536 1062 656 1117 αὕτη
679 1065 707 1117 ἡ
721 1061 932 1110 Θάλασσα
944 1064 971 1118 ἦ
984 1063 1164 1124 μεγάλη
1184 1066 1264 1109 καὶ
1275 1059 1530 1126 εὐρύχωρος
1538 1063 1691 1124 χερσὶν
1706 1069 1718 1118 ;
1738 1059 1793 1107 et
1821 1051 1923 1106 hoc

346 1149 629 1204 secundum
650 1148 902 1204 llebraica
912 1164 958 1201 m
975 1147 1166 1202 dicitur
1180 1146 1556 1216 proprietatem
1571 1154 1919 1216 ρεταφωρικῶς,

345 1241 478 1309 quod
509 1241 659 1310 quasi
692 1253 962 1309 expansas
984 1254 1206 1310 magnus
1229 1237 1464 1304 habeat,
1493 1246 1542 1292 et
1567 1237 1619 1290 in
1648 1253 1706 1290 se
1727 1243 1918 1290 cuncta

341 1335 612 1404 suscipiat.
659 1334 715 1388 ln
744 1333 932 1388 eodem
962 1350 974 1385 :
1007 1331 1081 1404 (b)
1135 1331 1205 1386 Ut
1250 1332 1437 1386 educas
1485 1346 1667 1400 panem
1696 1330 1756 1383 de
1783 1337 1918 1382 terra

341 1424 496 1494 (Ibid.
531 1424 644 1493 15).
678 1424 782 1479 Pro
801 1439 910 1495 quo
933 1423 1200 1478 invenisse
1227 1439 1324 1478 vos
1350 1421 1558 1487 dicitis,
1603 1430 1658 1474 ut
1686 1421 1867 1473 educat
1894 1435 1915 1483 ,-

341 1518 430 1572 sed
461 1531 567 1572 non
599 1525 778 1587 potest
800 1514 947 1571 aliud
971 1513 1036 1571 ad
1075 1515 1244 1585 ipsum
1265 1556 1280 1581 ,
1323 1514 1468 1569 aliud
1523 1512 1590 1569 de
1641 1515 1755 1583 ipso
1782 1511 1911 1566 diei.

336 1610 442 1663 Aut
471 1607 649 1663 omnia
674 1607 829 1678 quasi
856 1606 921 1662 ad
949 1606 1116 1662 Deum
1140 1604 1460 1676 loquebatur
1482 1603 1748 1672 Propheta
1778 1619 1792 1658 :
1822 1609 1913 1656 aut

335 1700 510 1756 omnia
540 1699 610 1756 ad
637 1700 802 1756 alium
830 1699 900 1756 de
924 1715 990 1756 eo
1031 1697 1320 1754 referebat.
1373 1696 1508 1753 Cum
1530 1707 1706 1752 autem
1735 1695 1914 1766 plera-

333 1807 434 1862 que
456 1792 519 1847 ad
551 1792 723 1861 ipsum
753 1791 1084 1862 dirigantur;
1118 1799 1172 1848 et
1222 1805 1283 1846 ea
1327 1805 1446 1861 qua:
1477 1789 1725 1860 ambigua
1754 1795 1904 1854 sunt,

332 1883 395 1935 ad
422 1883 586 1952 ipsius
600 1897 886 1953 personam
917 1882 1192 1953 dirigenda
1218 1890 1362 1936 sunt.
1389 1881 1444 1934 In
1473 1880 1701 1935 eodem:
1736 1879 1783 1932 II
1794 1895 1910 1934 ero-

334 1973 406 2028 dii
455 1975 635 2030 domus
660 1976 766 2031 dua:
815 1984 887 2030 est
929 1973 1448 2043 eorum(lbid.18).
1506 1973 1611 2028 Pro
1639 1972 1908 2038 Herodio,

331 2066 548 2136 quodin
576 2065 802 2122 Hebraeo
851 2067 1045 2122 dicitur
1073 2083 1259 2133 ASIDA,
1316 2068 1478 2138 670
1553 2066 1910 2137 Sym‘machus

329 2163 487 2212 ixi-tvo:
531 2157 625 2231 [aL
656 2159 870 2231 iurivov],
903 2159 953 2212 id
984 2167 1066 2213 est
1086 2200 1101 2226 ,
1134 2159 1341 2212 miluum
1383 2159 1762 2228 interpretatus
1802 2167 1907 2212 est.

331 2247 566 2320 Denique
587 2259 640 2305 et
670 2265 767 2304 nos
791 2251 861 2304 ita
892 2250 1152 2304 vertimus
1176 2249 1226 2303 in
1261 2248 1510 2302 Latinum
1536 2263 1550 2302 :
1577 2247 1658 2301 Ibi
1687 2263 1800 2302 aves
1830 2248 1910 2301 ni-

328 2341 607 2410 diﬁcabunt
635 2359 653 2397 :
680 2342 749 2415 (c)
777 2341 936 2396 Milvo
963 2342 1100 2395 abies
1139 2341 1320 2395 domus
1353 2342 1497 2410 ejus;
1521 2339 1663 2411 quod
1704 2340 1910 2395 scilicet

326 2448 538 2503 semper
561 2435 614 2488 in
643 2434 877 2488 excelsis
907 2440 962 2487 et
990 2432 1173 2487 arduis
1199 2431 1486 2487 arboribus
1518 2432 1673 2487 nidos
1727 2429 1908 2486 facere

326 2525 732 2580 consueverint.
767 2523 918 2578 Unde
949 2533 1002 2578 et
1027 2523 1189 2579 Sexta
1219 2521 1384 2578 editio
1433 2522 1772 2577 manifestius
1819 2523 1905 2576 in-

329 2620 619 2685 terpretata
647 2624 760 2683 est,
815 2615 972 2669 Miluo
1000 2618 1066 2669 ad
1091 2615 1318 2686 cupressi
1368 2615 1756 2684 nidiﬁcandum.
1799 2615 1907 2670 Pro

325 2705 596 2762 abietibus
623 2716 834 2774 autem,
859 2717 911 2763 et
932 2711 1208 2779 cupressis
1233 2708 1286 2763 in
1316 2707 1542 2762 Hebrmo
1567 2709 1783 2778 ponitur
1812 2724 1905 2763 BA-

321 2812 513 2862 nusnt;
539 2799 680 2870 quod
705 2801 873 2871 magis
898 2799 1083 2854 abietes
1126 2816 1285 2870 quam
1313 2817 1581 2870 cupressos
1611 2799 1900 2870 signiﬁcat.

320 2887 377 2944 In
405 2890 596 2947 eodem
623 2912 636 2947 :
667 2890 824 2946 Petra
850 2892 1103 2964 refugium
1125 2892 1416 2948 berinaciis.
1449 2891 1554 2947 Pro
1581 2907 1687 2962 quo
1714 2893 1766 2947 in
1799 2891 1905 2948 He-

320 2983 465 3041 braeo
504 2986 734 3056 positum
765 2994 848 3041 est
870 3001 1160 3053 SPBANNIII,
1201 2996 1254 3041 et
1303 3001 1490 3042 omnes
1538 2994 1904 3059 χοιρογρυλλίοις

319 3091 478 3133 voces
505 3078 668 3133 simili
697 3079 1122 3145 transtulerunt,
1150 3079 1396 3148 exceptis
1419 3079 1499 3150 (ά)
1524 3077 1896 3148 Septuaginta,

319 3170 432 3240 qui,
465 3170 686 3242 lepores,
710 3171 1045 3241 interpretati
1076 3180 1220 3226 sunt.
1256 3169 1544 3225 Sciendum
1576 3179 1753 3224 autem
1785 3169 1901 3223 ani-

318 3263 426 3317 mal
454 3279 578 3319 esse
602 3280 710 3320 non
740 3264 914 3334 majus
943 3263 1150 3320 herieio
1172 3304 1186 3329 ,
1239 3261 1444 3318 habens
1495 3262 1900 3317 similitudinem

317 3354 504 3425 muris,
521 3364 576 3410 et
598 3357 707 3411 ursi
738 3374 751 3411 :
776 3356 916 3412 unde
947 3357 999 3411 in
1019 3355 1300 3422 Palaestina
1324 3356 1398 3428 (e)
1420 3359 1656 3429 ἀρκτομῦς
1681 3355 1895 3422 dicitur,

317 3453 372 3502 et
393 3463 584 3522 magna
611 3459 694 3506 est
718 3450 772 3506 in
801 3449 920 3506 istis
944 3450 1252 3521 regionibus
1293 3450 1452 3521 hujus
1475 3450 1689 3522 generis
1728 3449 1899 3505 abun-

376 3654 450 3720 (a)
484 3657 677 3721 Aquila:
699 3657 1154 3721 interpretationem
1178 3657 1298 3721 editi
1319 3661 1434 3707 ante
1458 3655 1790 3721 Mrartianaeum
1811 3656 1902 3708 de-

314 3718 611 3782 pravant,'et
627 3718 964 3782 miscent—cum
975 3718 1182 3782 reliquis
1203 3720 1690 3781 interpretationibus
1707 3721 1755 3768 in
1772 3720 1904 3771 hunc

315 3780 511 3832 modum
524 3796 554 3851 ,ε
579 3782 704 3843 quod
731 3779 982 3851 aquila
1004 3779 1349 3851 interpretatus
1367 3787 1674 3851 εδιηώρίεχυρος
1696 3794 1834 3851 mgis,
1853 3790 1901 3833 et

313 3851 475 3895 anates
515 3841 802 3906 interpretes
831 3857 848 3892 :
873 3849 919 3894 et
953 3843 1042 3894 hoc
1080 3841 1347 3906 secundum
1385 3841 1676 3906 Hebraicdm
1698 3841 1901 3896 "dicitur

293 3903 661 3966 proprietatem
683 3922 922 3969 μταφορυιῶς
939 3944 966 3969 ,Α
981 3904 1108 3969 quod
1140 3903 1421 3969 quasi,_etc.
1447 3905 1547 3954 Sed
1579 3907 1790 3969 graviori
1814 3906 1901 3955 da-

315 3965 428 4038 mno
449 3965 760 4038 Martianoéus
782 3965 887 4038 ipse
921 3965 1050 4038 illam
1067 4003 1081 4026 ,
1108 3965 1548 4038 quare-lignorum
1573 3965 1902 4038 interpretum

316 4034 425 4100 erat
443 4066 458 4091 ,
498 4045 585 4092 pro
617 4027 813 4094 Aquilai
843 4030 1057 4079 obtrudit
1083 4042 1094 4076 :
1123 4027 1291 4090 Aquila
1324 4027 1394 4079 sic
1427 4027 1769 4100 interpretatus
1790 4036 1858 4079 est
1881 4043 1899 4080 :

313 4098 404 4150 αὕτη
426 4105 450 4152 ἦ
676 4091 730 4165 ’τῖ’
761 4105 897 4171 μγὰλη
929 4105 988 4142 καὶ
1007 4156 1013 4162 .
1033 4103 1229 4164 tomum.
1258 4105 1376 4154 χερσὶν
1395 4130 1408 4150 ,
1441 4091 1568 4154 φιοά
1602 4091 1739 4160 quasi
1758 4127 1772 4150 ,
1801 4099 1898 4144 ClC.

317 4151 754 4224 QumSymmitchr,
780 4155 811 4204 '1
825 4155 1142 4224 beodottonrs,
1172 4154 1582 4224 ahorunxrue‘est.
1602 4154 1702 4224 hos
1725 4167 1785 4202 ex
1807 4154 1902 4204 Pa.

315 4210 517 4277 latinis;
541 4231 598 4267 ac
617 4210 824 4279 Reginae
848 4210 1142 4279 membranis
1174 4210 1430 4279 utramque
1452 4215 1769 4279 discrevimus
1795 4253 1808 4277 ,
1848 4226 1900 4268 et

241 4309 253 4318 -
315 4275 550 4350 genuina,
576 4288 629 4350 u_t_
653 4275 792 4350 nobis
816 4278 1058 4350 videntur,
1085 4277 1274 4350 Aquila:
1300 4275 1903 4350 verba-sumecitnus,_quze

316 4337 460 4405 nimis
485 4337 716 4405 preclive.
740 4347 793 4390 et
815 4339 1036 4389 solemne
1058 4337 1270 4405 antiquis
1304 4339 1515 4388 librariis
1555 4338 1642 4389 fuit
1675 4337 1903 4405 omittere

315 4399 691 4464 Obrear'umdem
710 4399 882 4455 vocum
907 4399 1190 4452 occursum:
1209 4401 1391 4451 Vocem
1414 4412 1523 4460 αἱπλῆν
1547 4415 1642 4450 non
1666 4417 1752 4464 pro
1775 4403 1902 4464 aula,

316 4463 406 4529 sed
457 4480 547 4529 pro
585 4466 744 4528 amplo
784 4471 836 4514 et
859 4467 1084 4529 ‘Spatioso
1131 4464 1238 4529 loeo
1292 4471 1570 4529 usurtgttam
1614 4463 1739 4526 apud
1785 4463 1906 4518 alios

319 4521 518 4590 Graecos
538 4521 678 4579 bonai
700 4535 827 4577 notae
851 4521 1138 4590 (Scriptores
1159 4527 1397 4590 invenies.
1413 4521 1580 4590 Etiam
1605 4521 1868 4590 périeopeu
1888 4568 1903 4589 ,

316 4594 361 4632 et
387 4587 477 4655 hoc
493 4592 760 4655 secundum
781 4589 1066 4655 Hebraicarn
1087 4587 1267 4638 dicitur
1286 4587 1625 4655 proprietatem
1643 4587 1900 4655 μπφοῇικωςέ

317 4654 451 4706 quod
475 4654 778 4703 vetustiores
798 4650 995 4712 quidem
1017 4649 1132 4698 Mss.
1157 4657 1306 4711 atque
1331 4649 1451 4697 editi
1477 4649 1907 4714 haberent,'duxi'-

319 4718 432 4760 Inus
451 4714 821 4763 restituendam.

403 4773 465 4838 ιδ)
504 4777 807 4838 “miramur
838 4770 1252 4838 eumhMartianam
1290 4769 1454 4838 ,_hane
1491 4771 1640 4826 fuisse
1677 4789 1908 4838 versuum

332 4831 672 4902 traiectionem
707 4836 756 4884 in
798 4836 897 4902 ipsa
933 4831 1519 4902 Germanorumiratrum
1552 4836 1811 4902 schedula,
1853 4847 1910 4889 ut

331 4894 442 4961 post
457 4901 746 4964 vigesimum
759 4894 980 4960 quintum
1003 4894 1221 4964 decimus
1233 4894 1446 4961 quintus,
1467 4911 1523 4948 ac
1538 4898 1755 4948 decimus
1775 4894 1908 4949 σθω-

327 4974 421 5029 vus
444 4962 717 5029 explicandi
739 4963 1125 5029 resumerentur.
1179 5025 1188 5029 Α
1369 5017 1379 5029 .

393 5028 464 5086 (ε)
498 5020 808 5086 Martianaeus
839 5020 1007 5086 Militi:
1034 5028 1085 5070 et
1120 5025 1195 5086 est
1221 5020 1477 5086 pro-ejus;
1515 5023 1702 5086 inuips‘a
1741 5030 1909 5072 autem

321 5080 628 5139 ex'Hebrazo
651 5084 1070 5146 interpretatione,
1098 5090 1153 5133 ut
1183 5080 1294 5134 heic
1315 5080 1535 5137 fecimus.
1564 5080 1687 5134 Illud
1709 5098 1907 5147 quoque

320 5148 670 5200 Observatione
693 5153 855 5210 nostra
875 5147 1076 5208 dignum
1091 5185 1105 5205 ,
1129 5147 1467 5210 quodnemini
1489 5149 1668 5199 scimus
1691 5147 1738 5196 in
1761 5160 1909 5196 men-

319 5215 424 5261 tem
449 5213 667 5270 venisse,
694 5209 896 5272 verbum
918 5206 1057 5272 {Tum
1077 5206 1209 5272 apud,
1224 5206 1366 5258 LXX.
1392 5211 1517 5260 haud
1541 5211 1660 5260 satis
1683 5216 1907 5272 recteea

323 5269 681 5335 signiﬁcatione
703 5269 870 5335 sumi:
895 5269 1000 5335 dua:
1021 5269 1121 5330 est,
1138 5271 1218 5321 vel
1240 5272 1472 5324 ducatum
1494 5272 1695 5334 prwbet,
1721 5279 1776 5335 ut_
1797 5270 1907 5335 alite

321 5331 585 5387 vérsiones
606 5334 793 5399 Latinae
828 5331 1017 5399 habent
1041 5344 1053 5379 :
1077 5345 1188 5399 eum
1212 5334 1374 5398 potius
1397 5350 1484 5398 pro
1494 5331 1698 5399 putatur
1720 5371 1733 5396 ,
1758 5332 1906 5383 habe-

320 5399 423 5460 tur,
447 5401 556 5451 sive
577 5401 666 5457 est,
691 5394 1026 5457 accipiendum
1059 5395 1139 5444 sit.

511 5482 619 5533 Illic
641 5492 858 5545 pusseres
874 5476 1195 5544 nidiﬁcabunt
1221 5491 1240 5530 :

512 5539 718 5596 Herodii
738 5541 909 5593 domus
929 5539 1097 5593 eo'mm
1118 5547 1205 5603 est,
1226 5542 1332 5592 sive
1351 5539 1572 5592 habetur.

388 5629 468 5692 (ά)
502 5628 558 5678 In
582 5625 928 5686 Alexandrino,
953 5623 1127 5692 Aldine
1145 5623 1587 5692 ,__et_Comp_lutensi
1611 5623 1908 5692 exemplgij-

322 5684 506 5750 bus,'in
529 5692 708 5760 quibus
726 5702 877 5760 141.935
893 5684 1038 5747 {nam
1072 5688 1128 5760 in
1150 5684 1494 5760 Vaticano'jpsi
1533 5698 1728 5749 quoque
1760 5684 1902 5738 LXX.

347 5776 368 5800 o
423 5748 428 5750 γ
465 5748 599 5813 me.
621 5748 814 5815 legunt.
836 5751 1161 5814 Frequentius
1180 5753 1345 5798 autem
1358 5748 1471 5798 Mss.
1490 5748 1805 5812 ιχοιροτρέιλλιωη.

321 5774 618 5878 {emittam
641 5816 819 5865 iterum
841 5815 1147 5866 Martianqu
1168 5827 1361 5875 «locum.

1737 282 2070 346 EPISTOLA
2107 284 2242 344 CVI.

3507 298 3618 360 861

2036 399 2249 470 dantia,
2292 413 2613 477 semperque
2646 407 2702 462 in
2731 410 2974 470 cavernis
3000 416 3308 486 petrarum,
3359 424 3414 474 et
3465 426 3608 477 terra

2033 492 2201 548 foveis
2227 491 2471 554 habitare
2492 510 2906 558 consueverunt.

2105 585 2193 641 66.
2235 586 2541 643 Centesimo
2591 601 2820 660 quarto:
2858 594 3011 651 Dedit
3056 609 3191 655 terra
3238 617 3410 656 eorum
3455 619 3614 660 ranas

2036 677 2204 752 (Psal.
2232 681 2354 737 104.
2383 682 2496 753 '50).
2529 683 2632 738 Pro
2661 701 2766 755 quo
2791 687 2842 740 in
2869 688 3056 746 Graeco
3082 699 3272 764 tanta
3296 710 3388 752 vos
3421 696 3614 769 legisse

2031 771 2228 830 dicitis.
2259 775 2412 843 Quod
2457 786 2632 848 potest
2660 779 2728 833 ita
2760 779 3101 852 interpretari
3141 805 3155 840 :
3201 788 3443 844 Ebullivit
3471 801 3608 846 terra

2030 880 2203 920 eorum
2234 883 2420 933 ranas;
2445 869 2538 924 sed
2567 878 2620 925 et
2645 871 2697 925 in
2730 870 2831 927 hoc
2858 874 3000 928 nulla
3023 886 3105 931 est
3130 893 3321 936 sensus
3348 883 3570 937 mutatio
3595 903 3610 940 :

2031 968 2086 1012 et
2127 973 2224 1012 nos
2270 961 2541 1031 antiquam
2583 961 3075 1032 interpretationem
3119 981 3437 1038 sequentes,
3468 972 3611 1043 quod

2028 1063 2135 1103 non
2160 1052 2408 1118 nocebat,
2441 1061 2648 1108 mutare
2679 1055 2965 1110 noluimus.
2991 1055 3049 1110 ln
3074 1057 3261 1113 eodem
3291 1079 3304 1114 :
3333 1061 3397 1115 Et
3422 1065 3614 1116 contri-

2027 1141 2095 1195 vit
2120 1142 2312 1212 lignum
2340 1145 2518 1212 ﬁniunt
2545 1163 2715 1200 eorum
2745 1147 2904 1218 (Ibid.
2938 1149 3052 1218 55).
3082 1148 3186 1204 Pro
3213 1167 3318 1221 quo
3344 1153 3394 1206 in
3423 1154 3611 1210 Graeco

2027 1234 2294 1291 invenisse
2321 1251 2415 1291 vos
2445 1237 2656 1303 dicitis,
2693 1256 2841 1294 omne
2868 1241 3086 1312 tignum.
3114 1241 3217 1298 Sed
3247 1251 3302 1298 et
3330 1243 3432 1300 hoc
3459 1246 3608 1300 addi-

2025 1333 2137 1380 tum
2164 1335 2283 1394 est,
2314 1336 2368 1382 et
2397 1329 2748 1398 superﬂuum.
2780 1332 2832 1385 in
2862 1331 3050 1387 eodem
3082 1351 3096 1387 :
3140 1334 3393 1402 Quoniam
3419 1352 3610 1391 memor

2025 1416 2123 1487 fuit
2147 1417 2281 1471 verbi
2305 1420 2466 1473 sancti
2491 1421 2571 1475 sui
2595 1462 2609 1486 ,
2635 1422 2775 1490 quod
2803 1423 2978 1478 habuit
3007 1423 3076 1478 ad
3104 1425 3361 1480 Abraham
3393 1444 3606 1497 puerum

2023 1521 2174 1560 suum
2215 1505 2375 1577 (Ibid.
2405 1508 2521 1580 49.).
2555 1511 2659 1566 Pro
2693 1528 2798 1583 quo
2829 1513 2881 1567 in
2911 1514 3102 1571 Graeco
3129 1516 3323 1587 legisse
3350 1533 3445 1573 vos
3473 1519 3610 1574 dici-

2024 1599 2090 1653 tis
2119 1641 2132 1662 ,
2166 1607 2214 1654 ὃν
2243 1604 2416 1656 διέθετο
2437 1644 2452 1668 ,
2486 1603 2537 1657 id
2566 1613 2684 1672 est,
2717 1605 2854 1676 quod
2882 1606 3154 1676 disposuit.
3181 1607 3254 1663 ita
3293 1611 3435 1664 enim
3474 1621 3526 1666 et
3553 1611 3608 1668 in

2021 1688 2251 1746 Hebraeo
2274 1735 2287 1757 ,
2318 1701 2370 1747 et
2401 1695 2539 1763 apud
2583 1695 2925 1766 Septuaginta
2968 1696 3194 1753 habetur
3236 1700 3562 1770 lnterpretes
3591 1721 3605 1759 τ

2019 1788 2222 1850 Ῑμνήσθη
2245 1795 2328 1840 τοῦ
2350 1793 2484 1852 λόγου
2521 1797 2603 1840 τοῦ
2638 1791 2772 1853 ἁγίου
2791 1793 2960 1855 αὐτοῦ,
3005 1799 3088 1844 τοῦ
3131 1801 3241 1861 πρὸς
3283 1790 3500 1864 Α’ϐραὰμ
3524 1803 3602 1847 τόν

2019 1879 2177 1929 δοῦ)ον
2196 1881 2364 1930 αὐτοῦ.
2395 1876 2534 1948 Ergo
2566 1879 2706 1948 quod
2735 1879 2785 1934 in
2809 1879 2997 1937 Grmco
3027 1882 3239 1950 dicitur,
3258 1891 3306 1938 δν
3333 1890 3524 1953 sitam,
3548 1886 3602 1942 in

2019 1968 2121 2024 hoc
2152 1970 2268 2024 loco
2294 1979 2347 2024 et
2375 1971 2444 2042 (f)
2471 1972 2797 2042 superfluum
2821 1983 2920 2039 est,
2947 1985 2999 2031 et
3029 1977 3342 2032 radendum.

2090 2061 2178 2116 67.
2237 2063 2397 2134 671
2464 2064 2770 2120 Centesimo
2819 2067 3041 2136 quinto:
3074 2068 3604 2139 ConﬁteminiDomi-

2017 2170 2102 2221 no,
2129 2156 2368 2224 quoniam
2393 2155 2550 2209 bonus
2582 2156 2754 2226 (Psal.
2789 2159 2910 2214 105.
2944 2160 3022 2227 1).
3055 2159 3159 2215 Pro
3191 2178 3295 2232 quo
3325 2163 3378 2216 in
3410 2164 3601 2221 Gimco

2017 2245 2210 2316 legisse
2239 2262 2334 2300 vos
2361 2247 2539 2302 dicitis
2572 2267 2584 2302 :
2617 2251 2869 2319 quoniam
2899 2261 3135 2321 χρηστὸς,
3169 2254 3221 2307 id
3253 2262 3338 2308 est
3365 2296 3380 2321 ,
3410 2257 3599 2326 suavis,

2015 2339 2123 2396 Sed
2145 2340 2422 2396 sciendum
2451 2343 2590 2413 quod
2618 2355 2820 2416 χρηστὸς
2845 2357 2896 2400 et
2923 2347 2972 2400 in
3000 2347 3208 2412 bonum,
3239 2360 3292 2404 et
3315 2351 3366 2404 in
3393 2367 3601 2406 suavem

2017 2430 2109 2502 lal.
2136 2431 2307 2504 suave]
2342 2435 2473 2487 verti
2510 2444 2705 2504 potest.
2742 2437 2980 2506 Denique
3018 2438 3070 2493 in
3118 2439 3344 2496 llebrzeo
3368 2443 3436 2496 ita
3467 2443 3602 2498 scri-

2014 2533 2162 2592 ptum
2196 2533 2296 2588 est,
2324 2540 2410 2580 Cill
2438 2542 2538 2580 ron
2563 2569 2574 2592 ,
2611 2527 2751 2598 quod
2780 2544 2968 2585 omnes
2997 2546 3137 2586 voce
3166 2533 3327 2588 simili
3362 2542 3599 2590 transtu-

2015 2616 2191 2671 lerunt
2224 2635 2237 2670 :
2273 2618 2392 2687 quia
2410 2614 2607 2673 'bonus.
2656 2620 2733 2675 Ex
2779 2637 2886 2692 quo
2930 2624 3268 2693 perspicuum
3298 2636 3418 2692 est,
3456 2627 3600 2697 quod

2014 2718 2214 2779 χρηστὸς
2241 2749 2256 2776 ,
2288 2709 2459 2764 bonus
2487 2712 2825 2783 intelligitur.
2871 2712 2927 2768 In
2959 2715 3146 2770 eodem
3183 2734 3194 2768 :
3228 2715 3348 2770 Non
3393 2721 3602 2788 fuerunt

2012 2818 2258 2858 memores
2276 2803 2614 2858 multitudinis
2643 2806 3001 2881 misericordia:
3023 2817 3141 2861 tute.
3169 2807 3352 2864 Dicitis
3377 2809 3516 2881 quod
3543 2811 3596 2866 in

2013 2893 2202 2950 Graeco
2259 2895 2573 2952 inveneritis
2612 2914 2624 2951 :
2659 2876 2725 2950 E't
2773 2915 2873 2952 non
2918 2901 3120 2969 {uerunt
3172 2918 3432 2978 memores.
3481 2902 3548 2957 Et
3577 2946 3595 2973 ,

2011 2987 2318 3058 conjunctio
2363 2989 2632 3059 superﬂua
2674 2999 2776 3045 est.
2813 2991 2871 3046 In
2904 2991 3093 3046 eodem
3125 3011 3138 3046 :
3178 2992 3246 3048 Et
3277 2995 3599 3051 irritaverant

2009 3081 2334 3136 ascendentes
2378 3081 2431 3135 in
2469 3098 2610 3136 mare
2637 3081 2657 3154 (
2673 3081 2778 3154 g),
2811 3100 2951 3137 mare
2996 3084 3246 3141 Rubrum.
3278 3086 3382 3142 Pro
3410 3103 3516 3157 quo
3543 3090 3595 3144 in

2009 3175 2196 3232 Grzecn
2230 3176 2498 3230 invenisse
2520 3191 2615 3231 vos
2645 3176 2817 3231 dicitis
2850 3218 2866 3244 ,
2899 3189 3249 3251 παρεπίκραναν
3269 3221 3284 3247 ,
3316 3191 3371 3236 et
3401 3183 3600 3251 putatis

2008 3267 2232 3322 verbum
2258 3283 2288 3322 e
2312 3268 2478 3323 verbo
2503 3267 2702 3324 debere
2728 3268 3048 3337 transferri,
3078 3280 3127 3325 et
3167 3272 3594 3330 amaricaverunt.

2007 3360 2112 3418 Sed
2145 3361 2259 3417 haec
2281 3362 2650 3432 interpretatio
2667 3363 3017 3418 annullationi
3040 3364 3332 3421 consimilis
3354 3377 3455 3432 est,
3483 3368 3596 3424 sive

2009 3454 2398 3510 annihilnioni.
2449 3455 2631 3527 Legite
2654 3455 2922 3522 Ezechiel,
2953 3467 3026 3516 et
3067 3456 3349 3514 invenietis
3376 3483 3591 3531 rrotpomt~

2007 3561 2231 3621 κρασμός,
2255 3548 2606 3613 irritationem,
2629 3557 2682 3604 et
2698 3549 3125 3604 exacerbationem
3145 3564 3359 3620 semper
3376 3566 3600 3622 expres-

2007 3656 2147 3708 sum,
2182 3641 2269 3696 ubi
2294 3640 2486 3696 dicitur
2509 3682 2524 3708 ,
2570 3646 2693 3703 οἶκος
2732 3654 3116 3712 tapeti-rupibus
3133 3682 3150 3710 ,
3179 3642 3229 3697 id
3256 3652 3339 3698 est
3360 3685 3377 3710 ,
3413 3644 3596 3699 domus

2009 3748 2316 3803 exasperans
2371 3732 2389 3800 (
2415 3732 2599 3786 Ezeclt.
2627 3734 2676 3786 7.
2704 3734 2756 3788 5.
2789 3732 2842 3788 6.
2874 3743 2918 3787 et
2948 3732 3139 3805 seqq.).
3174 3733 3232 3788 In
3253 3734 3443 3791 eodem
3473 3754 3485 3788 :
3515 3735 3587 3791 Et

2009 3827 2172 3892 vidit,
2203 3843 2317 3880 eum
2367 3825 2727 3879 tribularentur
2753 3866 2768 3893 ,
2799 3835 2846 3878 et
2872 3825 3065 3879 audivit
3095 3826 3371 3881 orationem
3417 3844 3593 3883 eorum

2009 3919 2170 3992 (Ibid.
2188 3919 2300 3988 Η).
2334 3916 2598 3986 Quidquid
2619 3927 2769 3972 extra
2789 3915 2894 3972 hoc
2919 3917 2971 3972 in
2994 3917 3182 3973 Graeco
3209 3918 3478 3974 invenisse
3498 3935 3596 3976 vos

2009 4013 2184 4069 dicitis
2207 4056 2222 4076 ,
2257 4011 2335 4083 (h)
2361 4009 2684 4080 superﬂuum
2717 4020 2817 4066 est.

2081 4106 2169 4160 68.
2199 4103 2504 4159 Centesimo
2543 4111 2694 4157 sexto
2723 4101 2831 4175 (i):
2862 4101 2930 4157 Et
2957 4101 3134 4158 statuit
3164 4104 3443 4176 procellam
3476 4105 3586 4176 ejus

2074 4257 2144 4321 (Γ)
2175 4253 2336 4321 Hodie
2359 4256 2410 4321 in
2433 4254 2583 4321 nullo,
2607 4255 2736 4318 quod
2761 4257 2939 4321 sciam,
2961 4254 3132 4321 Graeco
3156 4255 3433 4321 exemplari
3459 4259 3601 4321 inve-

2009 4317 2157 4379 nitur,
2185 4320 2277 4369 etsi
2301 4317 2457 4368 Latini
2489 4317 2676 4379 omnes,
2675 4318 2830 4430 lfood
2848 4317 3111 4390 disposuit,
3142 4318 3222 4367 vel
3247 4317 3376 4382 quod
3401 4317 3599 4379 habuit,

2010 4391 2093 4430 aut
2137 4383 2265 4430 auod
2311 4380 2494 4430 locutus
2545 4387 2632 4430 est.
2725 4381 2906 4430 ebratc.
2955 4384 3102 4430 nam
3148 4387 3249 4430 “n1
3291 4387 3378 4430 me
3423 4386 3512 4430 1:1
3543 4386 3598 4430 η)

2010 4391 2093 4433 aut
2137 4383 2265 4442 quod
2311 4380 2494 4432 locutus
2545 4387 2632 4430 est.
2675 4380 2906 4430 Hebraie.
2955 4384 3102 4462 mp
3287 4386 3598 4462 {inriget};

3113 4455 3262 4512 .Tl'JY
3286 4455 3483 4508 ΒΓ)Ὣᾶ
3515 4457 3602 4504 ΠΝ

2074 4525 2147 4591 (g)
2181 4523 2481 4575 Vocabulum
2505 4535 2640 4573 mare
2660 4522 2756 4591 duo
2779 4535 2808 4571 e
2847 4523 3025 4591 nostris
3055 4520 3169 4569 Mss.
3194 4533 3287 4591 non
3328 4527 3599 4591 repetunt,

2012 4580 2211 4660 Graecus
2255 4599 2484 4660 quoque:
2509 4592 2585 4660 ‘et
2629 4583 2864 4660 pleraque
2904 4583 3186 4660 .Ipatina‘rum
3227 4580 3601 4660 t‘ranslatioLnum

2013 4643 2312 4711 exemplaria
2327 4643 2707 4711 sémelbabe‘nt.
2728 4643 3033 4711 Augustinus
3051 4643 3379 4711 Enarratione
3397 4644 3448 4691 in
3469 4644 3603 4711 hunc

2012 4703 2190 4766 locum,
2224 4728 2246 4756 ι
2265 4710 2430 4760 Codex
2449 4747 2462 4766 ,
2487 4703 2832 4768 inquit,iqueui
2858 4706 3112 4768 intuebar_,
3139 4705 3210 4768 sic
3233 4703 3452 4768 habebat
3485 4706 3503 4768 (
3527 4705 3602 4758 bis

2011 4765 2201 4835 nempe)
2229 4785 2241 4819 :
2269 4779 2320 4820 et
2336 4771 2415 4835 bis
2430 4765 2842 4835 quidem_duobus
2867 4767 3032 4815 verbis
3048 4765 3246 4835 ultimis,
3263 4767 3393 4835 quod
3418 4765 3601 4835 dictum

2015 4844 2108 4895 est,
2123 4827 2268 4883 'mare
2290 4827 2511 4895 rubrum,
2536 4829 2677 4879 stella
2701 4827 2861 4895 fuerat
2884 4834 3149 4895 praenotata
3162 4866 3176 4887 ,
3205 4827 3305 4895 qua;
3323 4829 3598 4891 signiﬁcan-

2014 4891 2534 4966 tur’quteiu‘itebraao
2551 4898 2688 4966 sunt,
2707 4891 2829 4966 etin
2848 4891 3253 4963 interpretatione
3276 4891 3599 4966 Septuaginta

2014 4973 2109 5008 non
2129 4953 2263 5022 sunt.
2287 4955 2464 5022 Plures
2486 4953 2866 5022 autemcodices
2887 4988 2901 5022 ,
2927 4966 3057 5022 quos
3073 4953 3321 5022 inspicere
3349 4953 3485 5022 potui
3505 4991 3520 5013 ,
3547 4963 3600 5022 et.

2016 5019 2172 5071 Graeci
2212 5024 2266 5085 et
2301 5017 2452 5085 Latini
2494 5019 2564 5065 sic
2595 5015 2778 5085 habent
2807 5021 2904 5064 εει
2938 5014 3292 5085 irritaverant,
3339 5014 3420 5085 vel
3467 5018 3599 5085 quod

2017 5098 2078 5134 ex
2079 5080 2385 5194 pressiust
2411 5078 2582 5128 Graeco
2605 5085 2698 5140 est,
2718 5083 2772 5127 Et
2790 5078 3192 5138 amaricaverunt,
3210 5078 3522 5129 ascendentes
3547 5081 3600 5130 in

2017 5160 2073 5194 ru
2111 5157 2164 5194 ro
2184 5156 2328 5193 man.

2014 5156 2164 5197 rubro
2184 5156 2328 5193 mart.

2078 5206 2152 5270 (h)
2186 5206 2309 5255 Puta
2333 5217 2462 5268 Κύριος
2494 5215 2706 5264 nomen;
2752 5202 2870 5263 ubi,
2909 5213 2983 5254 ut
3014 5209 3088 5253 ast
3108 5213 3239 5266 nam
3276 5213 3313 5251 ιν
3332 5217 3385 5270 ες,
3407 5213 3596 5262 θλίβεσθαι

2014 5261 2146 5328 esset;
2168 5283 2204 5320 tv
2235 5287 2287 5332 τῷ
2321 5261 2431 5318 an!»
2454 5261 2669 5318 tuth
2689 5261 2754 5325 ’ἧς
2777 5261 2930 5325 statim;
2950 5277 3066 5316 αὐτᾶν
3087 5276 3100 5312 :
3125 5261 3235 5312 nam
3279 5261 3598 5332 reliquiiqu-

2016 5359 2102 5395 ces
2134 5327 2406 5404 euphonia:
2466 5339 2620 5400 magis
2675 5337 2981 5396 inserviunt,
3037 5343 3090 5386 et
3121 5334 3363 5384 Hebraioo
3399 5327 3599 5382 πω

2011 5431 2156 5480 cum
2173 5432 2256 5479 nn
2291 5432 2506 5498 [ressius
2535 5431 2850 5498 respondent.
2870 5493 2882 5498 _
3098 5488 3114 5498 _
3379 5485 3391 5498 ,

2079 5498 2140 5563 (i)
2170 5488 2516 5563 Brevissimam
2555 5488 2681 5563 hanc
2713 5493 2969 5563 periodum
2987 5529 3002 5550 ,
3027 5488 3115 5563 sed
3139 5499 3355 5563 nouuna
3378 5488 3596 5563 interpr):

2018 5548 2199 5615 latio'ne
2221 5561 2537 5612 deformatam
2560 5595 2573 5615 ,
2615 5557 2673 5620 s_i_
2703 5548 2790 5618 pro
2824 5562 2962 5620 captu
2994 5548 3170 5620 nostro
3204 5548 3375 5620 liceat,
3398 5557 3461 5620 en
3488 5559 3599 5620 ‘qnn

2017 5609 2165 5688 Edita
2180 5609 2573 5688 emendabimus._'
2598 5635 2620 5662 α
2635 5609 2715 5688 χει·
2731 5609 2902 5688 statuit
2926 5609 3182 5688 procellam
3202 5611 3463 5688 inp-uram.
3483 5609 3598 5688 ita}:

2020 5670 2288 5750 aesque
2299 5670 2416 5750 plus
2438 5683 2530 5730 ίδιο
2561 5684 2618 5750 in
2631 5680 2798 5750 θεωξο
2820 5670 3596 5750 invisi???Ff'ifli‘illiz.frmi:

2019 5729 2527 5810 ;.°z;;;f§65é£au’um
2550 5729 2690 5810 esus
2721 5738 2870 5810 Certe
2893 5729 3447 5810 aliter_seususrestitui
3471 5729 3597 5810 haud

2015 5788 2282 5864 gulam;
2288 5788 2624 5872 potesthed'
2633 5801 2835 5851 nimium
2854 5799 2985 5848 inter
3005 5808 3063 5846 se
3085 5795 3268 5846 variant
3287 5791 3380 5842 hoc
3401 5791 3450 5839 in
3489 5788 3599 5846 loco
