4106 6340
673 419 732 474 τί
1887 419 1906 435 ‘
1919 405 2167 464 'SANCTI
2205 406 2578 467 HIERONYMI
2649 446 2662 466 .

635 538 984 604 praeparatur.
1031 526 1122 582 Ille
1165 538 1318 580 sacro
1358 524 1508 579 crine
1547 522 1864 579 venerabilis
1889 532 1989 588 est,
2021 524 2201 580 vinum

635 636 690 684 et
725 625 946 680 siceram
973 634 1080 674 non
1109 617 1270 682 bibit;
1311 614 1484 670 adhuc
1527 615 1772 685 parvulus
1815 628 1934 669 cum
1981 615 2204 670 Domino

634 713 1040 770 sermocinatur.
1066 705 1317 776 Hic'fugit
1343 705 1521 770 urbes,
1551 719 1684 760 zona
1709 703 1927 774 pellicea
1954 702 2201 771 cingitur,

631 805 852 862 locustis
871 803 1028 857 alitur
1051 815 1114 855 ac
1143 799 1300 854 melle
1327 796 1573 864 sylvestri
1605 815 1619 851 :
1646 803 1701 853 et
1739 796 1792 850 in
1820 803 2002 867 typum
2032 793 2206 865 poeni-

631 895 814 951 tentize
855 889 1240 965 praedicanda},
1281 886 1655 943 tortuosissimi
1697 887 1940 942 animalis
1965 884 2200 960 (Corneli)

629 988 852 1065 vestitur
876 983 1102 1040 exuviis.

697 1077 754 1131 4.
785 1074 874 1130 Sic
903 1071 1192 1130 erudienda
1218 1077 1304 1126 est
1327 1070 1501 1125 anima
1523 1109 1538 1136 ,
1569 1083 1688 1140 qum
1716 1067 1892 1125 futura
1933 1077 2017 1124 est
2062 1077 2202 1123 tem-

628 1168 775 1236 plum
808 1166 929 1221 Dei.
955 1163 1095 1219 Nihil
1121 1162 1264 1218 aliud
1293 1161 1465 1218 discat
1492 1160 1699 1227 audire,
1745 1160 1876 1216 nihil
1904 1160 2072 1230 loqui,
2101 1159 2202 1213 nisi
2248 1192 2257 1200 ν

629 1257 771 1329 quod
819 1256 884 1312 ad
914 1257 1160 1311 timorem
1181 1253 1273 1309 Dei
1300 1252 1550 1324 pertinet.
1579 1251 1775 1322 Turpia
1802 1250 1878 1324 (α)
1908 1251 2066 1306 verba
2097 1266 2202 1306 non

629 1349 919 1418 intelligat,
950 1351 1152 1402 cantica
1184 1343 1365 1399 mundi
1394 1343 1603 1414 ignoret
1631 1361 1646 1397 :
1677 1342 1852 1398 adhuc
1883 1351 2064 1398 tenera
2093 1340 2199 1395 lin-

630 1454 766 1509 gua,
822 1436 1044 1493 Psalmis
1070 1433 1313 1490 dulcibus
1363 1433 1646 1488 imbuatur.
1701 1431 1895 1488 Procul
1947 1433 2018 1486 sit
2071 1442 2202 1488 aetas

630 1531 826 1586 lasciva
865 1543 1148 1600 puerorum
1179 1544 1193 1581 :
1227 1527 1357 1596 ipsa
1387 1526 1577 1596 puellae
1606 1533 1662 1581 et
1692 1524 2020 1596 pedisseqnae
2045 1539 2073 1578 a
2099 1540 2202 1580 sa:-

626 1619 896 1675 cularibus
923 1616 1204 1673 consortiis
1229 1625 1530 1681 arceantur,
1565 1630 1631 1670 ne
1659 1613 1801 1686 quod
1834 1615 1970 1668 male
1998 1613 2201 1670 didice-

626 1709 770 1771 rint,
801 1707 950 1777 pejus
987 1705 1216 1762 doceant
1259 1705 1353 1776 (b).
1385 1704 1541 1759 Fiant
1565 1704 1614 1759 ei
1642 1703 1832 1758 littera:
1866 1702 1947 1757 vel
1979 1703 2196 1770 buxeae,

623 1799 704 1854 vel
733 1798 1001 1863 eburneae,
1025 1805 1080 1853 et
1104 1797 1216 1851 suis
1243 1794 1548 1850 nominibus
1568 1793 1921 1863 appellentur.
1951 1792 2121 1848 Ludat
2145 1793 2198 1848 in

625 1892 726 1959 eis,
761 1898 816 1945 ut
843 1899 894 1944 et
924 1889 1070 1944 lusus
1090 1887 1219 1957 ejus
1244 1885 1474 1942 eruditio
1504 1885 1594 1940 sit.
1628 1885 1694 1940 Et
1725 1900 1829 1939 non
1860 1884 2032 1939 solum
2057 1884 2200 1939 ordi-

625 1999 748 2040 nem
780 1991 957 2038 teneat
982 1981 1298 2044 litterarum,
1330 1987 1384 2033 et
1405 1978 1662 2033 memoria
1690 1977 1961 2032 nominum
1987 1977 2042 2031 in
2067 1991 2198 2032 can-

622 2075 788 2130 ticum
819 2081 1052 2128 transeat
1076 2086 1092 2135 ;
1123 2069 1218 2126 sed
1247 2069 1359 2140 ipse
1399 2069 1536 2122 inter
1565 2082 1624 2123 se
1647 2067 1839 2122 crebro
1862 2067 1994 2121 ordo
2023 2068 2198 2121 turbe-

624 2178 743 2235 tur,
774 2176 830 2222 et
866 2165 1055 2221 mediis
1085 2163 1270 2220 ultima
1291 2203 1306 2228 ,
1340 2161 1524 2232 primis
1554 2160 1726 2216 media
1752 2161 2109 2225 misceantur,
2141 2169 2199 2215 ut

623 2273 714 2314 eas
765 2271 872 2312 non
917 2269 1051 2311 sono
1093 2262 1332 2318 tantum,
1373 2249 1466 2307 sed
1506 2258 1563 2305 et
1601 2249 1717 2304 visu
1755 2250 1968 2305 noverit
2008 2267 2022 2303 :
2063 2249 2196 2305 Cum

621 2361 752 2403 vero
768 2348 968 2417 ceperit
989 2343 1234 2400 trementi
1258 2357 1413 2396 manu
1437 2340 1631 2412 stylum
1654 2341 1706 2394 iu
1727 2354 1850 2395 cera
1873 2339 2089 2402 ducere,
2115 2341 2196 2395 vel

621 2439 844 2494 alterius
870 2436 1204 2508 superposita
1252 2449 1411 2488 manu
1461 2432 1628 2488 teneri
1669 2440 1919 2502 regantur
1947 2433 2192 2499 articuli,

621 2532 704 2586 vel
744 2532 794 2585 iu
842 2529 1034 2585 tabella
1072 2527 1381 2597 sculpantur
1409 2526 1708 2592 elementa,
1742 2534 1800 2582 ut
1843 2539 1940 2595 per
1976 2523 2193 2580 eosdem

620 2621 796 2676 sulcos
825 2621 1026 2674 inclusa
1055 2618 1127 2689 (ε)
1155 2617 1480 2688 marginibus
1523 2616 1799 2671 trahantur
1848 2617 2101 2685 vestigia,
2143 2623 2196 2671 et

622 2709 766 2766 foras
793 2725 898 2763 non
938 2719 1136 2778 queant
1165 2708 1396 2777 evagari.
1437 2705 1680 2778 Syllabas
1713 2705 1900 2777 jungat
1947 2707 2010 2760 ad
2055 2722 2194 2772 pra:-

620 2803 784 2856 mium
819 2819 830 2855 :
860 2811 915 2857 et
937 2800 1129 2871 quibus
1157 2799 1243 2854 illa
1280 2808 1408 2854 artas
1436 2799 1690 2854 delectari
1721 2797 1741 2872 [
1767 2799 1804 2854 l.
1833 2798 2074 2873 deliniri]
2103 2815 2196 2870 po-

619 2903 740 2960 test,
776 2892 1104 2948 munusculis
1133 2891 1404 2947 invitetur.
1432 2890 1634 2946 Habeat
1657 2899 1712 2946 et
1737 2891 1789 2945 in
1817 2890 2070 2947 discendo
2100 2907 2193 2948 so-

617 2987 730 3042 cias
753 3027 770 3054 ,
801 2986 992 3057 quibus
1030 2983 1261 3040 invideat
1289 3001 1304 3039 :
1334 2998 1555 3054 quarum
1594 2982 1836 3040 laudibus
1865 2983 2190 3040 mordeatur.

617 3082 732 3138 Non
780 3091 862 3136 est
910 3079 1270 3151 objurganda,
1321 3079 1365 3134 si
1411 3077 1612 3133 tardior
1651 3077 1756 3146 sit,
1809 3077 1906 3133 sed
1955 3079 2194 3134 laudibus

619 3173 951 3229 excitandum
980 3172 1269 3242 ingenium,
1311 3178 1367 3224 ut
1388 3178 1444 3226 et
1468 3170 1664 3226 vicisse
1690 3169 1950 3240 gaudeat,
1977 3180 2033 3226 et
2055 3173 2193 3226 victa

619 3267 795 3321 doleat
816 3266 920 3334 (ά).
948 3262 1252 3318 Cavendum
1285 3263 1335 3316 in
1369 3262 1570 3332 primis,
1602 3277 1670 3318 ne
1700 3262 1873 3318 oderit
1898 3263 2093 3328 studia,
2125 3279 2193 3320 ne

620 3357 914 3412 amaritudo
983 3355 1146 3426 682
1218 3368 1405 3408 eorum
1454 3352 1522 3423 (e)
1570 3363 1831 3423 prmcepta
1858 3352 1912 3408 in
1940 3352 2190 3419 infantia,

621 3448 753 3501 ultra
796 3444 954 3500 rudes
981 3459 1151 3499 annos
1192 3452 1445 3499 transeat.
1494 3443 1611 3514 Ipsa
1655 3444 1898 3509 nomina,
1950 3459 2044 3515 per
2073 3461 2192 3516 qua:

621 3537 918 3594 consuescit
945 3535 1195 3607 paulatim
1225 3535 1382 3592 verba
1413 3544 1699 3591 contexere
1724 3577 1739 3601 ,
1784 3551 1892 3592 non
1937 3538 2042 3592 sint
2085 3540 2192 3594 fur-

619 3632 771 3698 tuita,
800 3629 892 3686 sed
915 3638 1081 3694 certa,
1105 3638 1160 3684 et
1185 3636 1496 3684 coacervata
1526 3627 1592 3682 de
1620 3626 1878 3684 industria
1903 3669 1918 3694 ,
1951 3629 2187 3699 Pr0phe-

617 3733 787 3780 tarum
837 3720 1080 3784 videlicet
1129 3731 1285 3789 atque
1332 3717 1748 3788 Apostolorum,
1798 3727 1851 3774 et
1901 3720 2074 3774 omnis
2123 3719 2194 3774 ab

615 3814 781 3871 Adam
827 3809 1251 3867 Patriarcharum
1291 3809 1496 3872 series,
1535 3808 1604 3864 de
1650 3808 1900 3862 Mallltzeo
1944 3809 2190 3880 Lucaque

616 3904 919 3970 descendat,
961 3912 1019 3958 ut
1047 3903 1171 3958 dum
1195 3900 1338 3957 aliud
1365 3901 1492 3971 agit,
1527 3899 1714 3954 futurae
1759 3901 2029 3954 memoria)
2057 3916 2188 3969 prte-

615 4011 850 4071 paretur.
903 3999 1150 4069 Magister
1192 3997 1371 4066 proba:
1401 3996 1572 4051 mtatis
1600 4004 1648 4049 et
1679 3995 1822 4056 vitm,
1852 3995 2188 4050 eruditionis-

616 4105 716 4162 que
739 4099 821 4146 est
844 4087 1118 4159 eligendus
1137 4128 1152 4153 ,
1181 4101 1282 4141 nec
1307 4097 1434 4156 puto
1461 4085 1741 4140 erubescet
1780 4084 1861 4138 vir
1901 4085 2088 4139 doctus
2137 4085 2188 4140 id

615 4180 788 4236 facere
827 4180 878 4233 in
903 4180 1194 4248 pr0pinqua
1214 4217 1230 4240 ,
1258 4175 1340 4231 vel
1365 4177 1415 4229 in
1445 4174 1608 4228 nubili
1636 4175 1838 4243 virgine
1857 4214 1874 4240 ,
1904 4174 2043 4244 quod
2069 4175 2187 4228 Ari-

613 4271 832 4327 stoteles
873 4270 996 4324 fecit
1034 4269 1084 4322 in
1114 4267 1336 4336 Pltilippi
1370 4266 1497 4330 lilio,
1525 4274 1581 4318 ut
1607 4266 1720 4333 ipse
1750 4265 2082 4320 librariorum
2117 4265 2184 4336 (Ῑ)

697 4359 742 4425 ᾳ)
779 4356 1014 4425 Plerique
1038 4354 1162 4425 Ms_s._
1178 4353 1339 4425 turpia
1359 4366 1453 4425 non
1475 4351 1726 4425 intelligat,
1753 4352 1939 4414 absque
1963 4353 2123 4425 uerba.

696 4412 740 4488 li]
779 4412 1084 4488 'l‘o}uni_fere
1110 4415 1234 4488 istu‘d
1258 4412 1408 4488 caput.
1434 4427 1497 4463 ex
1518 4412 1730 4488 ορωῑῃξι.
1758 4412 2005 4488 βπερὶ-αξη
2028 4414 2184 4488 lustit.

611 4483 645 4534 Ι.
680 4474 738 4534 Ἦ
769 4496 812 4533 c.
837 4480 886 4530 2.
918 4497 940 4525 ι
963 4479 1067 4529 Non
1100 4474 1330 4536 excludo,
1348 4493 1370 4519 ι
1390 4476 1570 4538 inquit,
1603 4493 1624 4521 «
1651 4474 1696 4522 id
1722 4475 1846 4538 quod
1887 4481 1963 4523 est
2001 4483 2186 4534 notum,

611 4544 854 4594 irritandae
889 4541 948 4590 ad
971 4540 1309 4590 addisceudum
1333 4535 1544 4586 infaniize
1567 4535 1749 4598 gratia,
1769 4535 2016 4598 eburneas
2042 4539 2188 4585 etiam

612 4606 881 4654 litterarum
902 4601 1080 4654 formas
1103 4600 1151 4648 in
1174 4598 1331 4648 lusum
1355 4599 1550 4647 oll'crre.
1570 4594 1600 4642 ἶ
1627 4596 1689 4646 Et
1712 4594 1851 4656 infra,
1885 4612 1908 4641 tt
1930 4596 2046 4656 tium
2071 4611 2189 4646 vero

611 4668 706 4727 iam
725 4668 898 4727 ductus
917 4663 1058 4726 sequi
1079 4663 1313 4727 coeperit,
1341 4673 1434 4727 non
1454 4657 1645 4727 inutile
1671 4661 1766 4727 er_i_t_
1798 4654 1882 4706 eas
1903 4673 1932 4727 ι·
1963 4654 2182 4727 (litteras)

619 4717 642 4772 ἱι
666 4726 859 4776 tabellae
889 4717 1035 4784 quain
1058 4717 1238 4784 Optiine
1268 4717 1486 4782 insculpi,
1511 4728 1566 4770 ut
1602 4733 1690 4782 per
1718 4717 1826 4784 illos
1857 4717 2002 4784 velut
2023 4717 2187 4770 sulcos

611 4787 812 4858 ducatur
829 4780 1013 4858 stgius;
1036 4780 1146 4830 nam
1164 4796 1325 4858 neque
1347 4780 1542 4842 errabit,
1571 4780 1977 4858 quemadmodum
1992 4781 2037 4828 in
2062 4784 2189 4832 ceris

623 4843 968 4908 (continebitur
1000 4843 1134 4894 enim
1165 4843 1396 4908 utrinque
1431 4843 1746 4908 marginibus)
1785 4855 1876 4908 nec
1899 4851 2038 4891 extra
2069 4856 2190 4908 prte-

612 4904 842 4969 scriptum
867 4909 1045 4969 poterit
1065 4905 1264 4969 egr_edi,_
1297 4904 1349 4969 et
1370 4904 1598 4969 celerius,
1631 4917 1710 4969 ac‘
1729 4904 1906 4969 Saepius
1935 4905 2189 4965 sequendo

613 4963 748 5040 certa
768 4963 997 5040 vestigia,
1020 4963 1224 5040 ﬁrttiabit
1254 4963 1332 5029 (al.
1356 4965 1595 5028 formabit)
1623 4963 1869 5040 articulos,
1891 4963 2056 5040 neque
2074 4978 2190 5040 ege-

613 5029 688 5079 bit
723 5027 956 5089 adjutoriu
993 5039 1184 5076 manum
1219 5027 1354 5076 suam
1391 5040 1534 5074 manu
1565 5027 1714 5087 Super
1752 5027 1971 5087 imposita
2007 5039 2188 5087 regen-

615 5093 693 5139 tis.
720 5105 741 5134 ι
777 5099 873 5138 etc.

680 5126 744 5216 ’(c)
778 5126 963 5216 Vocem
986 5145 1257 5216 inclusae):
1280 5147 1493 5216 Victorio
1516 5146 1815 5216 sull'ecimus.

701 5207 754 5271 α’)
791 5211 975 5260 Iterum
1001 5207 1358 5271 Quintilianus:
1393 5227 1416 5254 ι
1437 5209 1541 5257 Nec
1572 5221 1677 5257 sum
1717 5208 1841 5256 adeo
1869 5215 2064 5258 aetatum
2099 5211 2187 5258 im-

614 5267 846 5338 prudens,
872 5279 926 5321 ut
946 5267 1216 5338 instandum
1241 5271 1426 5338 teneris:
1445 5271 1662 5338 protinus
1675 5271 1852 5338 acerbe
1877 5276 2060 5330 putem,
2081 5273 2190 5320 exi-

613 5330 921 5400 gendamque
937 5331 1129 5400 plenam
1151 5343 1367 5391 operam.
1387 5330 1505 5400 Nam
1530 5330 1577 5378 id
1601 5331 1832 5400 imprimis
1851 5344 2190 5400 cavere_opor-

613 5391 754 5453 i'ebit,
779 5391 1016 5445 ne'studia
1037 5391 1120 5454 qui
1143 5403 1305 5440 amare
1324 5392 1530 5454 nondum
1550 5399 1726 5454 potest,
1752 5397 1803 5440 et
1821 5391 2188 5454 amaritudinem

612 5451 771 5508 semel
817 5451 1136 5520 perceptam,
1184 5455 1330 5502 etiam
1382 5451 1509 5502 ultra
1552 5451 1711 5502 rudes
1759 5463 1913 5501 annos
1961 5453 2185 5504 reformi-

612 5522 714 5568 det.
738 5535 761 5564 ι
794 5525 890 5568 etc.

698 5557 759 5642 ξι.
779 5557 919 5642 Ᾰῇἶίά
942 5577 1271 5642 Martianteum
1295 5581 1535 5642 percepta,
1561 5581 1613 5642 et
1635 5574 2031 5642 mox_§ons_ucvit.

787 5635 1002 5691 Veteres
1025 5639 1144 5688 editi
1176 5635 1586 5688 cum'Verdnensi
1619 5651 1714 5687 uno
1751 5638 1839 5686 Ms.
1879 5635 2188 5685 librariorum

614 5697 792 5752 vili'tu'te
815 5739 830 5763 ,
852 5715 961 5764 quae
983 5700 1187 5750 fortasse
1211 5701 1373 5749 verior
1397 5708 1473 5750 est
1495 5699 1657 5764 lectio,
1684 5701 1772 5764 sed
1793 5698 2051 5764 plerosque
2067 5697 2187 5746 alios

615 5766 755 5825 sequi
781 5757 1062 5825 prtc'stat;_e
1081 5764 1255 5825 quibus
1280 5767 1440 5825 tamen
1464 5762 1646 5824 aliquot
1685 5763 1732 5808 in
1759 5757 1983 5820 Philippo
2015 5757 2187 5825 legunt

615 5818 810 5878 vitiose,
831 5836 916 5884 pro
943 5818 1146 5884 Philippi
1163 5819 1264 5883 [ilio
1284 5833 1301 5870 :
1320 5829 1371 5884 et
1387 5823 1510 5883 Reg.
1537 5818 1820 5884 monstrqtjet
1847 5818 1931 5884 pro
1951 5818 2179 5884 traderet.

621 5878 897 5936 Quintilian.
944 5883 1033 5934 loc.
1067 5878 1237 5935 citato.
1267 5883 1391 5941 «An
1431 5878 1682 5946 Philippus
1725 5878 2181 5935 Macedottumliex

3771 407 3877 471 379

2316 526 2536 583 utilitate
2564 527 2709 582 initia
2740 526 2968 584 traderet
3016 528 3327 583 litterarum.
3360 527 3476 584 Non
3529 539 3658 586 sunt
3705 544 3875 589 conte-

2312 617 2484 673 nenda
2513 618 2660 688 quasi
2709 632 2888 688 parva,
2918 621 3032 672 sine
3074 619 3263 689 quibus
3289 634 3478 690 magna
3503 629 3752 676 constare
3783 639 3875 680 non

2311 715 2554 776 possunt.
2600 706 2677 778 (g)
2703 706 2821 777 Ipse
2850 707 3229 762 elementorum
3251 722 3433 772 sonus,
3463 720 3516 764 et
3546 710 3714 779 prima
3744 713 3878 768 insti-

2313 796 2444 851 tutio
2470 806 2874 866 praeceptorum,
2897 797 3052 850 aliter
3072 796 3137 851 de
3158 797 3387 865 erudito,
3416 799 3574 854 aliter
3593 799 3663 856 de
3687 803 3876 860 rustico

2309 901 2404 940 ore
2452 886 2735 955 profertur.
2789 886 2941 943 Unde
2984 897 3038 942 et
3087 887 3177 941 tibi
3224 897 3305 942 est
3349 889 3776 960 providendum,
3817 911 3876 949 ne

2309 976 2504 1047 ineptis
2531 975 2800 1054 blanditiis
2827 975 3171 1047 feminarum,
3197 979 3473 1035 dimidiata
3512 981 3696 1037 dicere
3726 985 3875 1039 verba

2308 1067 2416 1122 filia
2454 1077 2804 1137 consuescat,
2851 1080 2904 1124 et
2932 1070 2984 1125 in
3011 1085 3139 1126 auro
3179 1081 3338 1143 atque
3381 1078 3614 1143 purpura
3659 1075 3873 1132 ludere:

2306 1174 2530 1230 quorum
2557 1159 2780 1216 alterum
2804 1161 2996 1232 lingua:
3020 1204 3034 1226 ,
3059 1163 3282 1216 alterum
3311 1164 3551 1218 moribus
3578 1164 3746 1219 allicit
3773 1183 3786 1218 :
3815 1181 3875 1222 ne

2305 1248 2476 1304 discat
2503 1249 2556 1304 in
2579 1259 2785 1318 tenero,
2813 1252 2952 1322 quod
2979 1254 3029 1307 ei
3054 1261 3235 1322 postea
3253 1253 3636 1309 dediscendum
3663 1264 3748 1311 est
3779 1255 3870 1327 (It).

2307 1339 2628 1397 Graecorum
2677 1343 2992 1414 eloquentiae
3037 1345 3265 1399 multum
3313 1345 3380 1401 ab
3430 1344 3653 1402 infantia
3709 1361 3874 1402 sermo

2256 1453 2273 1510 τ
2306 1435 2490 1490 matris
2533 1436 2823 1490 contulisse
2862 1436 3130 1490 scribitur.
3178 1437 3444 1492 llorteusii
3490 1440 3662 1492 oratio
3695 1439 3747 1492 in
3793 1455 3876 1508 pa-

2307 1535 2461 1582 terno
2487 1527 2603 1582 sinu
2627 1527 2718 1599 [aL
2749 1529 2880 1582 inter
2900 1536 3131 1599 paternos
3151 1527 3313 1601 sinus]
3340 1528 3557 1584 coaluit.
3584 1529 3870 1586 Difficulter

2303 1619 2570 1685 eraditur,
2616 1619 2753 1688 quod
2793 1619 2954 1673 rudes
2996 1619 3159 1674 animi
3205 1620 3584 1690 prmbiberunt.
3612 1619 3866 1676 Lanarum

2303 1709 2580 1781 conchylia
2610 1710 2726 1779 quis
2758 1710 2808 1764 in
2856 1710 3132 1779 pristinum
3171 1711 3409 1767 colorem
3453 1710 3548 1784 [aL
3589 1712 3874 1787 candorem]

2301 1806 2556 1859 revocet?
2582 1804 2747 1857 Rudis
2770 1802 2864 1875 [ιιι.
2905 1803 3115 1877 Recens]
3141 1814 3273 1860 testa
3311 1805 3402 1860 diu
3431 1815 3486 1861 et
3513 1821 3765 1877 saporem
3792 1823 3872 1862 re-

2303 1897 2434 1951 tinet
2459 1905 2513 1951 et
2537 1896 2775 1962 odorem,
2801 1910 2904 1966 quo
2933 1897 3164 1968 primum
3186 1897 3384 1954 imbuta
3413 1907 3517 1954 est.
3549 1898 3738 1954 Graeca
3762 1914 3874 1954 nar-

2301 1996 2385 2043 rat
2425 1988 2644 2042 historia
2673 1987 2768 2057 (ἰ),
2806 1987 3164 2042 Alexandrum
3206 1989 3639 2057 potentissimum
3676 2004 3869 2060 regem,

2297 2079 2550 2150 orbisque
2589 2078 2904 2132 domitorem
2925 2121 2940 2144 ,
2972 2088 3026 2133 et
3068 2080 3119 2132 in
3164 2080 3438 2146 moribus,
3467 2089 3521 2134 et
3551 2079 3605 2134 in
3647 2080 3869 2146 incessu,

2299 2171 2551 2228 Leonidis
2598 2171 2865 2240 paedagogi
2919 2171 3000 2224 sui
3051 2185 3155 2225 non
3188 2171 3424 2241 potuisse
3466 2186 3657 2227 carere
3701 2171 3867 2237 vitiis,

2299 2262 2492 2333 quibus
2517 2260 2688 2315 adhuc
2731 2261 2980 2330 parvulus
3010 2260 3181 2316 fuerat
3214 2259 3458 2316 infectus.
3490 2261 3770 2318 Pnocuvts
3795 2273 3871 2316 est

2299 2356 2440 2410 enim
2469 2355 2724 2408 malorum
2753 2353 3022 2422 mtuulatjo
3041 2394 3054 2418 ,
3083 2361 3137 2406 et
3161 2368 3385 2422 quorum
3412 2355 3640 2407 virtutes
3665 2354 3868 2422 assequi

2300 2460 2568 2516 nequeas,
2609 2445 2714 2499 cito
2747 2443 2969 2498 imitaris
2998 2443 3145 2497 vitia.
3185 2442 3370 2497 Nutrix
3409 2442 3524 2512 ipsa
3559 2458 3666 2498 non
3703 2444 3771 2497 sit
3794 2452 3868 2498 te-

2297 2540 2553 2604 mulenta,
2580 2553 2684 2591 non
2712 2535 2930 2601 lasciva,
2953 2550 3060 2590 non
3086 2534 3295 2605 garrula
3325 2553 3341 2589 :
3365 2534 3560 2589 habeat
3585 2533 3867 2589 modestam

2297 2631 2569 2701 gerulam,
2637 2627 2920 2682 nutricium
2967 2641 3203 2697 gravem.
3255 2627 3386 2680 Cum
3444 2639 3606 2680 avum
3651 2625 3865 2690 viderit,

2298 2723 2351 2777 in
2403 2731 2584 2790 pectus
2627 2721 2742 2790 ejus
2785 2719 3073 2782 transiliat,
3114 2718 3251 2773 collo
3291 2715 3631 2787 dependeat,
3657 2706 3866 2773 nolenti

2299 2813 2461 2886 683
2536 2827 2795 2866 ALLELUIA
2837 2810 3099 2865 decantet.
3144 2808 3462 2878 Rapiateam
3500 2810 3640 2874 avia,
3670 2818 3868 2878 patrem

2297 2907 2494 2960 risibus
2517 2911 2838 2974 cognoscat,
2868 2904 2938 2958 sit
2965 2900 3209 2955 omnibus
3235 2899 3516 2958 amabilis:
3547 2908 3607 2958 et
3628 2899 3868 2955 universa

2296 2995 2661 3068 propinquitas
2687 3008 2861 3048 rosam
2883 3007 2948 3047 ex
2979 3005 3037 3046 se
3062 2999 3236 3045 natam
3267 2990 3513 3060 gaudeat.
3559 2990 3734 3046 Discat
3763 3001 3866 3045 sta-

2297 3088 2389 3143 tim
2414 3101 2570 3157 quam
2596 3085 2784 3139 habeat
2807 3092 2864 3138 et
2881 3083 3102 3137 alteram
3127 3080 3320 3147 aviam,
3339 3096 3498 3151 quam
3518 3082 3736 3136 amitam
3755 3099 3769 3136 :
3788 3081 3868 3135 cui

2295 3177 2620 3250 imperatori,
2671 3177 2754 3231 cui
2794 3172 3050 3229 exercitui
3095 3171 3369 3244 tyruncula
3424 3173 3711 3226 nutriatur.
3754 3172 3867 3226 Illas

2295 3271 2581 3333 desideret,
2648 3270 2714 3338 (ἱ)
2784 3266 2851 3322 ad
2901 3267 3018 3321 illas
3078 3265 3168 3320 tibi
3217 3265 3493 3320 minitetur
3537 3265 3864 3320 abscessum.

2365 3361 2418 3416 5.
2462 3359 2577 3429 Ipse
2623 3358 2832 3412 habitus
2861 3363 2916 3411 et
2957 3355 3178 3411 vestitus
3205 3353 3394 3410 doceat
3418 3369 3536 3410 eam
3564 3397 3578 3422 ,
3623 3358 3708 3410 cui
3751 3370 3867 3425 pro-

2295 3451 2451 3506 missa
2477 3451 2564 3504 sit.
2589 3449 2727 3504 Cave
2754 3463 2820 3503 ne
2855 3462 3012 3504 aures
3038 3447 3152 3518 ejus
3179 3446 3438 3517 perfores,
3475 3461 3544 3503 ne
3567 3461 3790 3502 cerussa
3818 3457 3868 3500 et

2297 3542 2601 3611 purpurisso
2626 3547 2936 3594 consecrata
2964 3537 3179 3592 Christo
3198 3552 3290 3592 ora
3319 3536 3603 3608 depingas,
3638 3553 3738 3593 nec
3765 3538 3868 3592 col-

2295 3635 2403 3688 lum
2447 3647 2578 3688 auro
2605 3641 2659 3686 et
2701 3629 2998 3700 margaritis
3027 3642 3276 3698 premas,
3318 3643 3416 3683 nec
3457 3638 3622 3697 caput
3647 3643 3870 3699 gemnns

2293 3740 2502 3790 oneres,
2528 3739 2625 3779 nec
2645 3723 2896 3794 capillum
2923 3722 3135 3786 irrufes,
3162 3721 3281 3777 etei
3301 3721 3500 3792 aliquid
3522 3720 3590 3776 de
3616 3723 3867 3792 gehennm

2295 3818 2500 3888 ignibus
2527 3815 2837 3884 auSpiceris.
2882 3813 3085 3869 Habeat
3119 3813 3249 3868 alias
3289 3813 3640 3882 margaritas,
3683 3813 3867 3882 quibus

2293 3916 2474 3977 postea
2493 3905 2741 3968 venditis,
2769 3911 3009 3974 emptura
3031 3911 3114 3958 est
3137 3902 3582 3972 pretiosissimum
3597 3903 3867 3974 "margari-

2293 4009 2427 4054 tum.
2469 3999 2785 4054 Prmtextata
2825 3995 3157 4052 nobilissima
3199 3994 3471 4065 quondam
3515 3995 3752 4064 femina,
3791 3995 3869 4064 jn-

2292 4091 2450 4145 bente
2471 4089 2585 4144 viro
2612 4087 2686 4157 (k)
2717 4086 2986 4159 Hymetio,
3017 4086 3106 4155 qui
3144 4093 3363 4154 patruus
3401 4085 3682 4141 Eustochii
3710 4086 3867 4152 virgi-

2294 4182 2377 4237 nis
2403 4181 2520 4248 fuit,
2550 4180 2787 4236 habitum
2816 4181 2953 4250 ejus,
2996 4179 3301 4247 cultumque
3327 4180 3582 4249 mutavit,
3613 4192 3668 4236 et
3695 4181 3867 4250 negle-

2291 4349 2568 4414 Alerandro
2591 4351 2688 4402 tilio
2705 4365 2793 4402 suo
2810 4353 2960 4414 prima
2981 4351 3250 4414 litterarum
3272 4349 3521 4403 elementa
3542 4355 3666 4406 tradi
3681 4357 3746 4405 ab
3767 4355 3870 4405 Ari-

2290 4412 2676 4482 stotelesummo
2715 4412 2823 4482 ejus
2851 4413 3328 4482 aetatisphilosopbo
3364 4413 3620 4482 voluisset,
3665 4427 3746 4467 aut
3789 4418 3869 4482 ille

2290 4475 2586 4540 suscepisset
2619 4476 2709 4524 hoc
2743 4475 2966 4540 cilicium,
2988 4477 3027 4524 si
3053 4487 3151 4540 non
3168 4475 3435 4540 studiorum
3476 4479 3614 4526 initia
3641 4492 3669 4526 a
3709 4480 3871 4540 perfe-

2291 4536 2500 4642 cltissiino
2542 4549 2737 4642 qpoque
2779 4537 2988 4596 tractari,
3030 4538 3281 4598 pertinere
3320 4537 3382 4585 ad
3426 4550 3666 4588 summam
3709 4536 3870 4589 credi-

2291 4607 2419 4642 usse
2447 4633 2459 4642 .
2486 4613 2508 4641 ll
2542 4609 2570 4642 e
2594 4609 2636 4642 e.

2289 4604 2459 4655 uisset,
2486 4613 2508 4641 ll
2542 4604 2636 4645 etc.

2326 4656 2950 4769 is(5(]l]ﬂl;f2gé"tgzltemeutorum
2970 4657 3108 4720 ordo,
3127 4663 3172 4710 et
3189 4670 3336 4722 parva
3355 4658 3591 4713 institutio
3609 4668 3871 4725 prmcepto-

2289 4731 2368 4778 ris
2380 4731 2536 4778 (mter,
2563 4731 2660 4769 etc.

2357 4777 2424 4843 (lt)
2461 4781 2724 4843 Perperam
2743 4780 2933 4843 quidam
2951 4781 3064 4830 Mss.
3089 4789 3377 4832 amcorum.
3398 4783 3685 4842 Quintilian.
3711 4783 3793 4834 lib.
3819 4784 3866 4833 l.

2292 4841 2396 4906 cap.
2412 4841 2461 4908 '2_.
2491 4860 2512 4888 α
2528 4841 2814 4908 Graecorum
2840 4841 3140 4908 eloquentite
3157 4843 3359 4908 multum
3382 4841 3651 4895 centttlisse
3677 4848 3869 4908 accepi-

2289 4903 2397 4952 mus
2419 4903 2686 4953 Corneliam
2709 4903 3417 4969 matrem_,_’cujus_doctissimus
3440 4919 3609 4969 sermo
3633 4910 3680 4969 in
3705 4903 3868 4969 posic-

2290 4978 2372 5014 ros
2400 4977 2608 5034 quoque
2638 4971 2714 5011 est
2753 4963 3227 5034 epistolis-traditus.
3248 4966 3450 5034 »_Paulo
3498 4968 3624 5034 infra
3662 4963 3871 5030 legimus

2289 5024 2625 5090 prrphibgrwtt,
2653 5037 2749 5090 pro
2760 5024 2998 5090 quoeditl
3020 5038 3117 5090 non
3139 5029 3257 5090 satis
3290 5027 3422 5076 bene
3444 5024 3774 5090 perbiberunt.

2356 5083 2399 5148 (ἰ
2417 5087 2432 5152 )
2473 5083 3038 5152 Rursun't_Quitttiliattus
3076 5086 3180 5136 loco
3216 5087 3380 5152 (justo,
3412 5083 3721 5152 (Leonides,
3746 5107 3768 5133 ι
3801 5090 3871 5137 in-

2325 5145 2463 5219 uit,'¢
2487 5145 2747 5219 Alexandri
2774 5146 3082 5219 ptedagogus,
3106 5155 3160 5219 ut
3182 5163 3210 5219 ᾖ
3229 5148 3497 5219 Babylonio
3520 5145 3752 5212 Diogene
3778 5159 3871 5199 tra-

2325 5213 2434 5265 itur,
2459 5207 2742 5274 quibusdam
2767 5207 3030 5274 eum_vitiis
3051 5210 3234 5274 imbuit,
3251 5207 3361 5274 qua:
3381 5207 3868 5274 robustumquoque,

2291 5277 2344 5319 et
2363 5267 2621 5317 maximum
2643 5267 2833 5328 Regem
2856 5271 2917 5318 ab
2949 5269 3031 5319 illa
3064 5267 3365 5320 institutione
3399 5272 3579 5335 puerili
3610 5267 3726 5322 sunt
3759 5267 3868 5335 pro-

2288 5338 2472 5380 secuta.

2289 5391 2428 5500 my)
2461 5389 2664 5453 Regina
2685 5389 2830 5448 liber,
2853 5389 2940 5440 illa
2961 5390 3048 5441 tibi
3066 5403 3148 5441 eas
3171 5391 3378 5442 imitetur
3399 5392 3647 5455 abscessu,
3671 5407 3782 5458 qua:
3808 5406 3870 5442 ex

2381 5465 2473 5500 tce.
2496 5459 2548 5499 ut
2571 5459 2769 5500 annaret
2794 5452 2954 5500 lacero
2977 5460 3125 5500 atoue
3147 5451 3383 5500 obsoleto-
3409 5456 3483 5500 sic
3507 5467 3573 5500 ex
3600 5459 3869 5500 scribarum

2381 5451 2473 5510 ice,
2496 5451 2769 5515 ut'apparet
2794 5452 2954 5500 lacero
2977 5460 3125 5515 atque
3147 5451 3384 5511 obsoleto,
3409 5456 3483 5504 sic
3507 5467 3573 5503 ex
3600 5451 3869 5505 scribarum

2287 5513 2766 5576 ingeniohitnmutata
2789 5522 2901 5561 sunt
2924 5526 2936 5561 :
2960 5513 3071 5576 nam
3095 5526 3258 5576 neque
3287 5516 3511 5564 subnexa
3535 5519 3787 5566 sententia
3807 5516 3872 5563 de

2287 5577 2465 5645 vestitu
2492 5574 2554 5645 ibi
2581 5575 2852 5645 ittven_itttr;_
2884 5574 2972 5645 sed
3005 5574 3191 5645 statim,—
3217 5583 3356 5645 Care,
3388 5589 3452 5626 ne
3483 5590 3651 5638 aures,
3689 5587 3787 5627 etc.
3822 5585 3874 5624 et

2289 5636 2431 5698 paulo
2456 5643 2561 5743 piost
2583 5635 2810 5694 capillum
2832 5635 3028 5684 irrarlas
3053 5649 3138 5697 pro
3159 5635 3356 5743 irrupes.

2353 5695 2426 5743 (λεὶ
2508 5699 2549 5743 ic
2570 5695 2822 5743 vaetius
2861 5705 3059 5743 patruus
3089 5697 3337 5743 Eustocrii

2353 5650 2431 5684 uto
2471 5650 2561 5684 lOSl
2583 5650 2810 5694 capulum
2832 5650 3028 5684 manus
3053 5650 3138 5697 pro
3159 5650 3266 5685 trru
3287 5650 3356 5686 es.

2353 5695 2426 5760 (Κ)
2456 5650 2549 5746 ilic
2570 5695 2822 5766 Hymetius
2861 5650 3337 5766 patratus-Eustocitil
3379 5713 3490 5766 non
3509 5699 3638 5750 alius
3679 5701 3872 5766 videtur

2291 5757 2420 5822 esse,
2445 5771 2586 5822 quam
2609 5757 2692 5818 qui
2717 5757 3100 5822 VicariusUrbis
3139 5757 3245 5822 fuit
3270 5758 3562 5822 Mjmertino
3602 5771 3656 5813 et
3698 5762 3872 5814 NeVila

2290 5820 2423 5890 coss.
2452 5817 2581 5890 ὁρμά
2603 5817 2748 5890 quem
2774 5827 2909 5890 extat
2932 5817 3015 5868 lex
3149 5819 3265 5871 Cod.
3290 5819 3487 5890 Theod._
3505 5823 3570 5874 de
3589 5823 3869 5890 appellatio-

2290 5883 2453 5934 nibus.
2480 5881 2588 5930 Mox
2616 5879 2815 5940 lleginte
2839 5878 2984 5942 liber,
3009 5880 3277 5946 vultumque
3307 5884 3524 5937 mutarit.
