4106 6340
246 438 255 445 ,
296 376 416 437 λθτδ

310 507 451 551 ctum
502 494 702 550 crinem
755 493 1025 551 mundana
1082 505 1233 553 more
1276 490 1351 565 (α)
1407 494 1608 558 texuit,
1668 496 1880 551 vincere

299 586 528 655 cupiens
572 595 627 640 et
672 587 892 657 virginis
940 585 1290 655 propositum,
1333 595 1390 642 et
1434 586 1623 642 matris
1663 587 1880 643 deside-

310 677 465 731 rium.
497 676 564 730 Et
592 691 719 733 ecce
757 676 856 732 sibi
884 675 1069 731 eadem
1096 683 1253 732 nocte
1282 675 1452 732 cernit
1480 676 1534 732 in
1559 676 1761 733 somnis
1785 692 1881 732 ve-

304 767 447 819 nisse
502 766 762 835 Angelum
805 766 1023 820 terribili
1077 763 1213 821 facie
1249 763 1350 838 .[aL
1378 764 1521 838 uoce]
1547 767 1879 822 minitantem

302 870 489 924 pennas
517 896 532 921 ,
587 865 644 912 et
715 855 827 911 haec
875 850 1038 911 verba
1078 854 1454 925 frangentem:
1505 856 1587 912 Tu
1632 873 1705 915 ne
1752 872 1880 911 ansa

298 962 363 1001 es
393 947 491 1000 viri
535 947 815 1016 imperium
855 946 1107 1017 praeferre
1146 945 1402 1001 Christo?
1444 946 1524 1000 Tu
1567 956 1728 1016 caput
1771 947 1883 1003 vir-

298 1040 436 1107 ginis
479 1039 607 1103 Dei,
639 1040 742 1093 tuis
794 1039 1066 1110 sacrilegis
1108 1047 1396 1094 attrectare
1444 1039 1733 1104 manibus,
1760 1054 1881 1110 quae

296 1132 404 1201 jam
429 1146 568 1187 nunc
588 1140 853 1199 arescent,
883 1138 942 1186 ut
962 1132 1160 1186 sentias
1184 1131 1485 1186 excruciata
1506 1132 1631 1201 quid
1663 1130 1876 1198 feceris,

220 1256 234 1269 ο
299 1231 353 1276 et
383 1220 531 1276 ﬁnito
560 1236 743 1276 mense
767 1223 972 1293 quinto,
1002 1221 1068 1277 ad
1112 1222 1316 1278 inferna
1342 1222 1556 1278 ducaris
1578 1221 1680 1296 {aL
1724 1225 1878 1277 duce-

299 1312 409 1385 ris].
441 1312 531 1385 Sin
575 1325 754 1367 autem
793 1313 1218 1384 perseveraveris
1248 1313 1301 1368 in
1346 1314 1570 1382 scelere,
1598 1324 1653 1370 et
1687 1316 1876 1372 marito

297 1404 456 1459 simul
485 1403 782 1471 orbaberis,
812 1413 865 1459 et
896 1404 1037 1457 ﬁliis.
1065 1402 1254 1458 Omnia
1284 1418 1379 1474 per
1398 1404 1637 1460 ordinem
1664 1405 1874 1474 expleta

297 1504 440 1561 sunt,
468 1504 522 1551 et
566 1509 740 1549 seram
784 1495 996 1550 miserae
1037 1495 1403 1565 paenitentiam
1449 1496 1605 1551 velox
1648 1495 1876 1567 signavit

297 1588 559 1642 interitus.
588 1587 679 1644 Sic
696 1587 973 1642 ulciscitur
1000 1586 1241 1643 Christus
1271 1586 1347 1659 (ὁ)
1382 1586 1668 1642 violatores
1693 1587 1872 1656 templi

292 1680 377 1733 sui
405 1701 419 1735 :
449 1680 526 1734 sic
558 1695 799 1749 gemmas
826 1688 881 1735 et
909 1680 1288 1750 pretiosissima
1331 1688 1643 1735 ornamenta
1689 1678 1873 1735 defen-

296 1771 395 1826 dit.
425 1770 491 1826 Et
517 1770 621 1826 hoc
646 1772 837 1838 retuli,
869 1786 977 1827 non
1002 1771 1145 1842 quod
1172 1772 1429 1827 insultare
1465 1772 1624 1828 velim
1652 1772 1873 1828 calami-

288 1861 489 1915 tatibus
510 1859 796 1916 infelicium
818 1876 838 1928 ‘;
863 1861 956 1916 sed
985 1872 1041 1916 ut
1061 1876 1329 1927 moneam,
1355 1876 1477 1917 cum
1501 1871 1699 1932 quanto
1723 1874 1870 1918 metu

292 1961 347 2005 et
377 1953 622 2006 cautione
646 1966 863 2007 servare
889 1951 1109 2017 debeas,
1132 1951 1273 2022 quod
1308 1951 1415 2007 Deo
1441 1953 1793 2023 spopondisti.

364 2042 418 2097 6.
441 2042 560 2099 Heli
590 2042 854 2099 Sacerdos
875 2043 1097 2099 offendit
1122 2044 1287 2099 Deum
1317 2044 1388 2099 ob
1423 2044 1552 2100 vitia
1578 2044 1869 2100 liberorum

282 2135 369 2202 (Ι.
400 2132 528 2207 Reg.
555 2138 575 2191 1
611 2145 659 2190 et
682 2137 764 2206 4).
791 2136 1086 2206 Episcopus
1112 2136 1227 2192 ﬁeri
1259 2152 1364 2191 non
1393 2146 1588 2207 potest,
1616 2141 1704 2209 qui
1732 2140 1871 2197 ﬁlios

282 2226 536 2282 habuerit
562 2227 862 2283 luxuriosos
880 2269 894 2290 .
924 2235 1115 2283 etnon
1153 2228 1394 2284 subditos
1423 2229 1500 2299 (1.
1524 2228 1661 2285 Tim.
1692 2232 1870 2302 5).-At

286 2334 317 2372 c
341 2318 608 2373 contrario
642 2318 711 2373 de
749 2318 969 2374 muliere
994 2317 1281 2382 scribitur,
1309 2318 1451 2387 quod
1487 2320 1628 2375 salua
1656 2321 1742 2390 ﬁet
1781 2338 1870 2393 per

278 2406 509 2473 ﬁliorum
528 2407 917 2478 generationem,
946 2406 991 2462 si
1010 2408 1376 2477 permanserint
1390 2406 1491 2482 {aL
1514 2411 1866 2486 permanserit]

274 2497 336 2550 in
365 2498 468 2567 [ide
490 2539 508 2564 ,
539 2509 588 2552 et
616 2498 880 2565 caritate,
908 2508 962 2552 et
1000 2498 1403 2567 sanctiﬁcatione
1421 2540 1439 2567 ,
1469 2516 1585 2556 cum
1622 2505 1869 2574 pudicitia

272 2589 366 2655 (l.
393 2574 606 2642 Tim.2.
642 2585 756 2658 15).
790 2588 845 2643 Si
873 2587 1102 2657 perfecta
1128 2597 1257 2644 tetas
1285 2599 1342 2645 et
1364 2590 1446 2645 sui
1480 2591 1617 2661 juris
1639 2593 1869 2664 imputa-

152 2708 173 2767 ρ
186 2686 374 2757 datur
444 2675 611 2749 684
679 2677 1007 2747 parentibus,
1032 2686 1231 2749 quanto
1256 2679 1424 2750 magis
1445 2680 1650 2738 lactens
1673 2693 1729 2739 et
1752 2683 1866 2741 fra-

268 2770 425 2841 gilis,
451 2786 568 2839 quae
584 2770 736 2837 juxta
757 2771 1073 2826 sententiam
1100 2770 1329 2836 Domini,
1357 2770 1565 2841 ignorat
1588 2772 1864 2830 dexteram

270 2870 334 2917 ct
379 2860 683 2928 sinistram,
713 2859 766 2915 id
801 2868 884 2916 est
906 2899 922 2921 .
965 2859 1092 2915 boni
1123 2868 1178 2915 et
1204 2860 1330 2915 mali
1374 2860 1771 2919 differentiam?
1808 2863 1862 2922 Si

279 2954 508 3010 sollicita
552 2953 801 3024 provides
821 2993 837 3020 ,
868 2968 936 3008 ne
960 2953 1066 3007 ﬁlia
1098 2952 1424 3023 percutiatur
1451 2969 1483 3008 a
1511 2956 1729 3025 vipera;
1768 2971 1865 3012 cur

273 3060 390 3102 non
412 3047 600 3101 eadem
629 3058 756 3101 cura
779 3042 1059 3113 prevideas
1080 3084 1095 3109 ,
1126 3057 1195 3098 ne
1220 3041 1443 3099 feriatur
1464 3058 1495 3099 a
1530 3045 1714 3102 malleo
1746 3048 1865 3103 uni-

228 3150 231 3153 '
279 3153 435 3193 versa:
461 3146 608 3192 terra
634 3134 767 3208 (Jer.
799 3134 1047 3207 50.25);
1094 3149 1162 3190 ne
1202 3135 1351 3190 bibat
1395 3135 1465 3192 de
1507 3152 1672 3194 aureo
1692 3139 1862 3196 calice

279 3228 596 3300 Babylonis;
642 3242 711 3283 ne
737 3226 1041 3298 egrediatur
1067 3241 1189 3283 cum
1236 3227 1367 3281 Dina
1388 3267 1405 3295 ,
1433 3237 1488 3284 et
1525 3229 1654 3285 velit
1680 3231 1862 3287 videre

281 3319 416 3375 ﬁlias
438 3319 670 3391 regionis
698 3319 884 3375 alienae
911 3317 1060 3386 (Gen.
1090 3318 1177 3374 51.
1211 3316 1264 3390 1)
1285 3360 1301 3385 ,
1332 3335 1402 3376 ne
1429 3320 1574 3377 ludat
1600 3322 1857 3393 pedibus,

280 3426 345 3466 ne
372 3410 548 3466 trahat
595 3409 833 3466 tunicas?
866 3409 1080 3465 Venena
1122 3424 1228 3465 non
1272 3409 1502 3477 dantur,
1551 3412 1655 3469 nisi
1699 3415 1860 3471 melle

278 3501 611 3568 circumlita,
655 3509 712 3556 et
751 3500 889 3555 vitia
925 3515 1033 3555 non
1076 3499 1383 3569 decipiunt,
1428 3501 1530 3559 nisi
1554 3502 1656 3560 sub
1680 3505 1861 3575 specie

278 3594 574 3664 umbraque
598 3592 875 3647 virtutum.
906 3590 975 3647 Et
1002 3589 1302 3660 quomodo,
1349 3590 1593 3661 inquies,
1640 3604 1859 3664 peccata

275 3694 489 3754 patrum
510 3682 633 3738 filiis
657 3696 763 3738 non
780 3680 1097 3746 redduntur,
1130 3695 1234 3735 nec
1259 3681 1490 3736 ﬁliorum
1513 3684 1854 3753 parentibus;

268 3776 369 3831 sed
393 3776 590 3839 anima,
616 3790 730 3841 qua
755 3773 1053 3846 peccaverit,
1092 3772 1206 3843 ipsa
1248 3773 1487 3827 morietur
1524 3773 1734 3845 (Ezech.
1766 3778 1854 3833 18.

273 3867 410 3940 20)?
440 3867 556 3923 Hoc
577 3865 645 3923 de
670 3865 756 3920 his
788 3864 1003 3932 dicitur,
1038 3862 1129 3934 qui
1154 3871 1379 3933 possunt
1405 3878 1614 3935 sapere,
1645 3864 1712 3921 de
1736 3866 1858 3937 qui-

270 3962 374 4017 bus
396 3961 449 4016 in
479 3958 764 4030 Evangelio
783 3956 1038 4026 scriptum
1067 3962 1151 4010 est
1178 3970 1193 4008 :
1224 3951 1454 4008 ﬁtatem
1481 3954 1652 4022 habet,
1685 3957 1858 4027 loqua-

268 4033 357 4109 tur
377 4070 470 4127 pro
508 4068 561 4108 se
585 4048 764 4121 (Joan.
789 4048 847 4106 9.
881 4045 996 4121 21).
1032 4045 1132 4114 Qui
1160 4054 1336 4102 autem
1365 4046 1616 4115 parvulus
1658 4055 1742 4103 est
1762 4090 1775 4111 ,
1801 4057 1858 4104 et

269 4146 414 4217 sapit
434 4154 494 4200 ut
520 4143 772 4215 parvulus
791 4183 807 4210 ,
835 4139 1007 4197 donec
1032 4137 1099 4193 ad
1129 4151 1299 4192 annos
1327 4136 1604 4207 sapientia:
1638 4137 1852 4207 veniat,

274 4246 329 4292 et
354 4235 666 4309 Pythagora:
690 4232 760 4305 (c)
790 4232 966 4289 littera
996 4245 1118 4286 eum
1143 4227 1393 4299 perducat
1410 4227 1477 4283 ad
1500 4228 1722 4296 bivium,
1746 4237 1854 4283 tam

269 4329 412 4385 bona
454 4328 568 4399 ejus
611 4340 769 4400 quam
806 4324 943 4381 mala
980 4319 1290 4394 parentibus
1338 4319 1686 4390 imputantur.
1737 4319 1850 4376 Nisi

269 4419 410 4477 forte
437 4420 670 4475 aestimas
694 4416 1118 4473 Christianorum
1148 4411 1287 4468 ﬁlios
1308 4451 1325 4477 ,
1366 4412 1411 4467 si
1441 4411 1703 4482 baptisma
1743 4426 1850 4468 non

266 4490 609 4581 acceperint,
654 4509 801 4578 ipsos
825 4514 1030 4561 tantum
1069 4518 1193 4560 reus
1230 4516 1355 4559 esse
1384 4503 1621 4572 peccati,
1653 4510 1707 4557 et
1745 4518 1848 4558 non

268 4602 432 4657 etiam
479 4600 663 4670 scelus.
701 4593 890 4651 referri
939 4594 1006 4649 ad
1048 4608 1173 4658 eos,
1231 4591 1321 4662 qui
1365 4591 1496 4647 dare
1546 4591 1847 4658 noluerint,

269 4691 502 4748 maxime
527 4702 595 4744 eo
634 4696 873 4754 tempore
894 4725 910 4750 ,
940 4698 1047 4754 quo
1065 4681 1436 4738 contradicere
1466 4696 1571 4737 non
1602 4692 1851 4752 poterant

270 4783 359 4852 qui
381 4776 650 4848 accepturi
662 4783 861 4850 gerant,
892 4774 1029 4829 sicut
1052 4786 1082 4827 e
1120 4771 1341 4847 regione
1367 4772 1513 4827 salus
1534 4773 1846 4842 infantium,

270 4871 532 4942 majorum
579 4867 787 4921 lucrum
830 4873 930 4920 est.
976 4861 1154 4919 Oifere
1183 4875 1351 4930 necne
1380 4860 1541 4916 ﬁliam
1562 4902 1578 4926 ,
1609 4871 1850 4931 potesta-

269 4965 337 5018 tis
374 4973 479 5017 tua:
512 4958 619 5029 fuit
656 4957 981 5029 (quanquam
1025 4954 1128 5009 alia
1175 4952 1246 5008 sit
1290 4963 1377 5005 tua
1417 4952 1686 5019 conditio,
1732 4969 1849 5024 quae

270 5054 417 5125 prius
438 5065 558 5107 eam
582 5046 804 5113 vovisti,
848 5061 1005 5117 quam
1045 5044 1383 5115 conciperes)
1413 5053 1470 5099 ut
1495 5051 1674 5100 autem
1699 5045 1848 5102 obla-

330 5164 406 5229 (α)
440 5162 569 5229 Alibi
592 5158 776 5225 pexuit.
800 5158 924 5229 Tum
944 5157 1181 5229 Victorius
1200 5156 1333 5229 addit
1351 5154 1461 5216 sibi,
1466 5156 1532 5229 _id
1557 5155 1736 5229 estsibi
1750 5156 1850 5208 vin-

267 5218 612 5286 cefe'cupiens
640 5234 658 5273 :
684 5230 737 5273 et
772 5219 927 5283 paulo.
947 5218 1070 5270 intra
1100 5218 1421 5281 Martianteus,
1459 5226 1580 5270 Ecce
1615 5218 1723 5280 sibi,
1763 5234 1850 5283 pro

266 5288 400 5415 abiit)
438 5349 624 5398 Iterum
646 5343 774 5406 Reg.
799 5343 884 5394 lib.
919 5341 968 5393 in
999 5340 1317 5403 violatoribus,
1343 5347 1395 5392 et
1417 5341 1560 5406 paulo
1590 5347 1699 5406 post
1722 5347 1773 5393 ut
1804 5350 1849 5393 te

270 5423 724 5538 "ﬁtﬁgvthagonc
760 5464 927 5538 littera
959 5462 1305 5538 Δ(δείλ’,νιίιιιίηῃ
1340 5476 1434 5538 pro.
1471 5465 1693 5538 humanm
1733 5467 1846 5538 vitro

216 5582 225 5591 ,
271 5524 703 5596 sydahulu'veteres
722 5526 976 5596 celebrant
998 5540 1010 5574 :
1036 5524 1496 5596 brachiorgm'eniin
1507 5527 1716 5596 alterum
1741 5526 1845 5575 Vir-

273 5586 404 5655 tutis,
428 5594 637 5658 alterum
661 5591 885 5658 vitiorum
909 5591 1029 5658 viain
1050 5586 1221 5658 refert.
1247 5586 1445 5635 Persius
1467 5587 1570 5638 Sat.
1611 5590 1659 5636 5.
1693 5609 1699 5615 -

422 5663 478 5705 1-:t
495 5653 583 5704 tibi
604 5664 713 5715 qua:
735 5648 913 5716 senties
934 5646 1127 5699 diduxit
1152 5646 1312 5716 littera
1325 5659 1506 5716 ramos:

424 5705 701 5765 Suramt'em
722 5713 896 5763 dextro
932 5706 1210 5761 monstravit
1233 5705 1381 5757 limite
1407 5705 1595 5759 callem.

276 5777 456 5827 Auson.
484 5774 653 5843 ldyllio
688 5775 796 5843 16..
831 5836 842 5843 _
1061 5832 1073 5843 ,
1185 5837 1197 5843 _
1231 5836 1243 5843 ,
1348 5828 1392 5843 ,.
1463 5828 1475 5842 .

428 5829 715 5900 pytliugorte
751 5833 924 5887 biuimn
949 5832 1098 5885 ramis
1117 5836 1243 5897 patet
1265 5829 1498 5896 ambiguis
1525 5839 1573 5881 Υ.

1675 372 2016 438 ΕΡιδΤθιΑ
2046 377 2210 440 CH].

3453 399 3560 461 εει

1999 505 2103 589 tam
2142 497 2226 569 (ά)
2267 513 2373 555 non
2412 498 2686 574 negligas,
2722 506 2790 565 ad
2815 511 3101 581 periculum
3126 524 3275 572 tuum
3310 519 3562 589 pertinet.

1989 587 2090 656 Qui
2117 589 2359 645 claudam
2388 601 2440 648 et
2479 594 2722 650 mutilam
2746 638 2763 664 ,
2800 608 2856 654 et
2879 603 3117 670 qualibet
3141 607 3300 663 sord'e
3318 587 3563 666 macula-

1990 689 2096 734 tam
2121 681 2374 738 obtulerit
2401 684 2655 753 hostiam,
2686 690 2948 761 sacrilegii
2987 711 3110 752 reus
3136 708 3218 753 est
3242 699 3417 771 (Dent.
3445 705 3557 773 15),

1986 783 2183 842 quanto
2222 776 2391 846 magis
2434 778 2524 848 qui
2560 789 2767 848 partem
2807 786 3167 852 corporis-sui
3194 832 3210 857 ,
3249 800 3305 847 et
3343 793 3559 850 illibatae

1984 867 2177 957 anima:
2203 867 2483 938 puritatem
2501 873 2640 942 regis
2662 873 2996 944 amplexibus
3022 889 3194 949 parat,
3221 882 3266 937 si
3281 885 3560 957 negligens

1981 954 2164 1026 fuerit,
2198 960 2486 1027 punietur?
2955 1004 2963 1011 ρ
3363 954 3379 956 ”
3434 954 3451 957 ﬁ
3506 1008 3513 1025 ..

2055 1045 2109 1103 7.
2139 1046 2424 1118 Postquam
2449 1052 2821 1122 grandiuscula
2839 1070 2960 1111 esse
2974 1060 3215 1130 ceperit,
3237 1072 3292 1119 et
3306 1066 3359 1121 in
3378 1082 3560 1126 exem-

1983 1136 2128 1207 plum
2154 1140 2337 1207 sponsi
2374 1141 2456 1195 sui
2494 1157 2739 1199 crescere
2764 1146 3022 1216 sapientia
3039 1191 3056 1215 ,
3082 1160 3272 1221 relate,
3298 1163 3353 1209 et
3388 1158 3558 1226 gratia

1981 1227 2121 1296 apud
2147 1227 2313 1284 Deum
2335 1239 2389 1286 et
2418 1232 2682 1302 homines,
2712 1247 2901 1307 pergat
2922 1237 2991 1294 ad
3022 1240 3279 1311 templum
3318 1246 3428 1300 veri
3454 1246 3559 1302 Pa-

1982 1317 2080 1374 tris
2101 1332 2224 1375 cum
2254 1322 2559 1390 parentibus
2581 1326 2696 1382 suis
2724 1342 2741 1392 ;
2768 1328 2863 1383 sed
2892 1344 3015 1385 cum
3045 1330 3150 1388 illis
3178 1347 3283 1391 non
3309 1338 3556 1408 egredia-

1981 1417 2067 1463 tur
2099 1423 2132 1465 e
2161 1412 2379 1482 templo.
2408 1413 2662 1482 Quanam
2703 1433 2821 1474 eam
2850 1421 2903 1476 in
2933 1421 3129 1480 itinere
3169 1428 3349 1484 steculi
3370 1468 3387 1497 ,
3418 1429 3557 1493 inter

1973 1497 2162 1556 turbas
2186 1503 2254 1557 ‘et
2294 1502 2645 1575 frequentiam
2689 1511 3149 1583 propinquorum,
3185 1527 3245 1572 et
3291 1534 3555 1590 nusquam

1978 1590 2103 1646 alibi
2126 1593 2397 1662 reperiant
2425 1594 2576 1665 (Luc.
2603 1597 2660 1669 2)
2680 1639 2696 1665 ,
2730 1601 2831 1656 nisi
2872 1602 2927 1657 in
2965 1604 3037 1675 (ε)
3062 1605 3225 1678 adyto
3248 1607 3554 1679 Scriptura-

1972 1696 2116 1749 rum,
2188 1684 2352 1758 635
2424 1687 2719 1758 Prophetas
2755 1701 2810 1748 et
2849 1694 3136 1764 Apostolos
3172 1697 3241 1754 de
3265 1701 3555 1769 spirituali-

1976 1771 2075 1827 bus
2122 1775 2320 1844 nuptiis
2365 1778 2747 1839 sciscitantem.
2803 1782 3043 1840 Imitetur
3080 1786 3338 1857 Mariam,
3387 1806 3550 1862 quam

1975 1861 2190 1919 Gabriel
2232 1865 2400 1921 solam
2429 1867 2482 1923 in
2513 1870 2761 1929 cubiculo
2791 1887 2891 1930 suo
2915 1875 3134 1945 reperit,
3166 1887 3221 1934 et
3248 1879 3371 1937 ideo
3396 1861 3553 1941 forsi-

1976 1963 2064 2009 tsn
2095 1955 2287 2013 timore
2314 1960 2596 2028 perterrita
2619 1970 2725 2032 est,
2751 1965 2875 2036 quia
2906 1966 3074 2023 virum
3092 2008 3110 2036 ,
3135 1984 3294 2040 quem
3321 1988 3429 2030 non
3458 1989 3553 2030 so-

1974 2045 2153 2112 lebat,
2204 2050 2433 2135 aspexit.
2478 2050 2779 2117 Emuletur
2821 2071 2980 2125 eam,
3025 2058 3099 2116 de
3143 2076 3247 2133 qua
3293 2063 3487 2124 dicitur
3531 2087 3550 2127 :

1974 2135 2153 2234 ()mnis
2176 2139 2343 2210 gloria
2366 2144 2495 2234 ejus
2538 2146 2663 2213 ﬁlia:
2686 2149 2825 2219 ταφὴ
2847 2151 2910 2205 ab
2933 2151 3069 2209 intus
3110 2152 3286 2224 (Psal.
3313 2159 3402 2214 44.
3432 2161 3549 2234 ﬂ).

1968 2226 2244 2298 LOquatnr
2268 2240 2322 2289 et
2359 2233 2475 2304 ipsa
2501 2235 2697 2294 dilecto
2738 2238 2833 2312 [aL
2872 2241 3082 2315 electo],
3112 2247 3349 2305 caritatis
3369 2226 3551 2319 ,ἰθαιιό

1970 2319 2245 2376 vulnerata
2291 2339 2307 2377 :
2359 2323 2659 2383 Introduxit
2703 2346 2785 2385 me
2826 2347 2920 2387 rea:
2965 2336 3019 2399 in
3064 2337 3350 2394 cubiculum
3399 2359 3549 2398 suum

1971 2407 2145 2478 (Cant.
2171 2412 2224 2466 1.
2252 2414 2334 2484 ὅ).
2358 2413 2636 2488 Nunquam
2663 2429 2820 2476 exeat
2840 2421 3008 2493 foras,
3037 2440 3105 2483 ne
3129 2426 3404 2486 inveniant
3424 2448 3546 2490 eam

1969 2501 2059 2571 qui
2080 2503 2407 2563 circumeunt
2428 2509 2533 2564 civi
2541 2519 2699 2569 tatem
2715 2528 2729 2579 ;
2754 2529 2824 2570 ne
2847 2518 3145 2587 percutiant
3161 2529 3219 2576 et
3238 2523 3542 2592 vulnerent,

1965 2602 2021 2648 et
2070 2596 2313 2669 auferant
2352 2599 2661 2660 theristrum
2699 2605 2780 2678 (1)
2825 2606 3133 2679 pudicitiae,
3172 2621 3229 2669 et
3260 2615 3457 2672 nudam
3487 2620 3542 2673 in

1968 2688 2227 2781 sanguine
2293 2691 2665 2766 derelinquant
2713 2714 2728 2751 :
2778 2699 2905 2769 quin
2953 2703 3131 2772 potius
3181 2719 3303 2777 eum
3351 2709 3546 2781 aliquis

1968 2778 2161 2834 ostium
2186 2780 2304 2851 ejus
2330 2783 2657 2855 pulsaverit,
2687 2787 2830 2844 dicat
2858 2805 2873 2844 :
2923 2788 3039 2861 Ego
3072 2808 3272 2871 murus.
3297 2806 3346 2852 et
3387 2778 3545 2855 ubera

1966 2884 2079 2959 mea
2105 2871 2278 2926 turris.
2305 2872 2435 2929 Lavi
2450 2875 2603 2959 pedes
2626 2893 2780 2946 meos,
2810 2895 2913 2935 non
2943 2897 3147 2952 possum
3176 2874 3442 2959 inqijnare
3456 2907 3545 2948 eos

1968 2957 2136 3032 (Cant.
2169 2963 2224 3019 8.
2255 2964 2357 3033 {0;
2385 2976 2431 3021 et
2451 2958 2512 3023 5..
2536 2969 2615 3042 3).

2057 3055 2113 3111 8.
2157 3057 2273 3114 Non
2299 3070 2546 3116 vescatur
2570 3063 2622 3117 in
2659 3064 2895 3136 publico,
2935 3067 2990 3125 id
3017 3079 3135 3141 est,
3176 3073 3231 3128 in
3259 3086 3540 3145 parentum

1963 3147 2249 3217 convivio,
2277 3165 2348 3207 ne
2388 3151 2565 3209 videat
2606 3154 2758 3212 cibos
2798 3174 2936 3228 quos
2976 3159 3266 3220 desideret.
3305 3165 3374 3222 Et
3417 3169 3544 3237 licet

1962 3237 2178 3307 quidam
2209 3250 2398 3311 putent
2419 3242 2641 3313 majoris
2657 3260 2778 3303 esse
2800 3249 3035 3316 virtutis,
3062 3258 3383 3322 praesentem
3408 3272 3542 3325 cene

1963 3335 2204 3387 temnere
2244 3331 2571 3404 voluptatem
2598 3352 2613 3391 :
2640 3345 2815 3394 tamen
2842 3353 2945 3411 ego
2983 3341 3217 3400 arbitror
3252 3328 3542 3425 securioris

1962 3422 2305 3478 continentiae
2329 3438 2451 3481 esse
2471 3466 2484 3488 ,
2515 3428 2727 3484 nescire
2753 3430 2897 3500 quod
2936 3442 3170 3503 quaeras.
3209 3435 3339 3509 Legi
3366 3422 3542 3511 quon;

1960 3509 2085 3567 dam
2113 3512 2167 3567 in
2198 3512 2398 3571 scholis
2432 3529 2568 3584 puer
2594 3533 2610 3568 :
2642 3516 2810 3590 Αἶαν-ε
2847 3525 3222 3594 reprehendas,
3249 3509 3399 3597 quod
3416 3531 3542 3587 sinis
3628 3570 3634 3579 ρ

1960 3617 2299 3658 consuescere.
2334 3605 2484 3659 Dicat
2502 3604 2615 3676 jam
2645 3623 2786 3663 nunc
2806 3617 2861 3664 et
2885 3610 3068 3667 vinum
3095 3630 3204 3670 non
3229 3615 3415 3674 bibere
3435 3661 3451 3684 ,
3485 3621 3538 3678 iu

1961 3704 2069 3761 quo
2094 3701 2179 3749 est
2207 3692 2440 3749 luxuria.
2471 3696 2612 3751 Ante
2638 3711 2810 3754 annos
2832 3699 3066 3756 robusta:
3090 3705 3296 3773 aetatis,
3324 3709 3541 3776 pericu-

1960 3780 2074 3838 losa
2098 3792 2182 3839 est
2208 3785 2444 3850 teneris,
2490 3795 2546 3841 et
2588 3788 2768 3856 gravis
2793 3789 3139 3849 abstinentia.
3180 3793 3361 3866 Usque
3389 3798 3456 3855 ad
3484 3801 3540 3858 id

1961 3877 2192 3943 tempus,
2222 3872 2270 3929 si
2301 3875 2596 3931 necessitas
2622 3876 2987 3948 postulaverit,
3019 3890 3073 3937 et
3110 3882 3329 3941 balneas
3352 3889 3532 3958 adeat,

1956 3972 2015 4019 et
2040 3964 2169 4020 vino
2199 3974 2379 4022 utatur
2402 3966 2617 4024 modico
2665 3977 2884 4040 propter
2917 3974 3250 4030 stomachum
3275 4017 3291 4042 ,
3330 3989 3385 4035 et
3412 3995 3538 4037 car-

1958 4054 2107 4110 nium
2132 4054 2312 4111 edulio
2336 4064 2668 4113 sustentetur
2685 4098 2701 4125 ,
2732 4075 2803 4115 ne
2828 4061 2977 4131 prius
3028 4064 3282 4122 deﬁciant
3330 4070 3494 4139 pedes
3519 4114 3536 4141 ,

1958 4161 2118 4218 quam
2144 4160 2364 4204 currere
2387 4149 2666 4219 incipiant.
2695 4150 2769 4206 Et
2792 4151 2897 4209 hoc
2931 4153 3051 4211 dico
3071 4156 3230 4226 juxta
3257 4159 3537 4233 indulgen-

1957 4237 2110 4304 tiam,
2142 4252 2248 4292 nou
2282 4238 2432 4307 juxta
2461 4239 2746 4310 imperium
2766 4282 2783 4309 ,
2815 4243 3009 4303 timens
3031 4246 3393 4319 debilitatem,
3427 4269 3536 4311 non

1955 4329 2157 4386 docens
2177 4329 2461 4386 luxuriam.
2487 4331 2699 4402 Alioqui
2724 4334 2865 4405 quod
2889 4335 3107 4394 Iudaica
3134 4344 3442 4410 superstitio
3464 4361 3533 4400 ex

1954 4429 2109 4491 parte
2136 4420 2258 4476 facit
2280 4422 2332 4475 in
2354 4421 2647 4495 rejectione
2666 4426 3017 4494 quorumdam
3040 4430 3350 4485 animalium
3372 4443 3534 4504 atque

1953 4529 2220 4580 escarum,
2250 4514 2393 4585 quod
2431 4522 2488 4571 et
2514 4514 2761 4571 Indorum
2788 4516 3107 4575 Brachmani
3127 4560 3144 4587 ,
3174 4531 3230 4577 et
3251 4521 3534 4594 Egyptio-

1955 4621 2071 4660 rum
2098 4604 2567 4677 Gymnosophistze
2597 4606 2649 4661 in
2676 4607 2912 4677 polentae
2949 4619 3004 4664 et
3040 4613 3235 4679 orizzc,
3264 4624 3319 4667 et
3344 4629 3532 4684 punio.

1955 4713 2071 4752 rum
2101 4697 2218 4752 solo
2241 4697 2534 4753 observant
2555 4698 2695 4763 cibo,
2720 4713 2817 4754 cur
2844 4700 2994 4770 virgo
3020 4700 3215 4758 Christi
3237 4718 3342 4760 non
3365 4705 3525 4762 faciat

1956 4789 2009 4843 in
2041 4789 2193 4843 toto?
2222 4786 2277 4842 Si
2311 4790 2443 4842 tanti
2470 4789 2689 4865 vitrum,
2713 4803 2879 4860 quare
2905 4806 3011 4845 non
3036 4793 3255 4863 majoris
3275 4796 3344 4851 sit
3372 4801 3532 4867 pretii

1955 4879 2342 4950 margaritum?
2372 4879 2501 4948 Quae
2523 4890 2646 4935 nata
2667 4888 2749 4936 est
2774 4897 2841 4937 ex
2866 4884 3242 4954 promissione,
3265 4887 3343 4944 sic
3363 4890 3527 4956 vivat,

1955 4980 2014 5024 ut
2044 4972 2118 5024 illi
2140 4971 2425 5036 vixerunt,
2466 4968 2557 5039 qui
2577 4970 2645 5026 de
2669 4973 3087 5042 repromissione
3106 4980 3346 5048 generati
3376 4989 3524 5036 sunt.

1954 5059 2128 5132 ASqua
2155 5061 2325 5132 gratia
2348 5076 2557 5131 :equum
2582 5060 2778 5117 haheat
2801 5073 2858 5119 et
2881 5062 3141 5122 laborem.
3168 5065 3340 5124 Surda
3369 5069 3438 5125 sit
3460 5071 3529 5126 ad

1954 5167 2174 5224 organa.
2205 5152 2375 5219 Tibia,
2408 5153 2542 5224 lyra,
2570 5152 2797 5218 cithara,
2825 5168 2922 5211 cur
2943 5155 3080 5213 facta
3107 5156 3233 5220 sint.
3267 5162 3490 5216 nesciat.

1960 5253 1971 5258 '
2025 5246 2080 5299 9.
2114 5243 2321 5299 Reddat
2353 5242 2447 5300 tibi
2500 5259 2722 5313 pensum
2749 5246 2989 5316 quotidie
3017 5247 3087 5305 de
3131 5247 3530 5320 Scripturaruin

1950 5334 2117 5409 686
2136 5335 2353 5392 floribus
2368 5336 2421 5407 (f
2431 5337 2448 5407 )
2465 5344 2729 5406 carptum.
2752 5336 2930 5394 Discat
2948 5338 3255 5395 Graecorum
3276 5354 3528 5395 versuum

2017 5518 2096 5591 (ᾳ)
2130 5518 2332 5591 Quidam
2368 5520 2507 5591 cuiq:
2546 5520 2731 5591 absque
2769 5520 2980 5583 negandi
3014 5517 3268 5591 particula,
3295 5524 3347 5568 ut
3368 5526 3531 5591 ardens

1954 5580 2168 5647 negligas
2209 5580 2431 5632 oblatam.
2464 5580 2665 5633 Recole
2694 5595 2804 5644 qua:
2835 5580 2983 5644 supra
3016 5580 3363 5630 adnotavimus
3388 5594 3441 5633 n.
3472 5582 3530 5631 5.

1956 5652 2069 5756 υοιξ
2084 5645 2251 5766 ᾖΙὶιείξ.
2273 5704 2327 5756 in
2345 5703 2517 5755 auditu
2538 5676 2913 5772 Scripturarunr.
3097 5760 3108 5771 .

2027 5703 2087 5831 Η
2122 5767 2261 5831 idem
2286 5766 2423 5831 Reg.
2433 5778 2637 5831 pensum
2665 5763 2876 5831 quotidie
2905 5762 2968 5814 de
3003 5770 3108 5821 sm

2042 5704 2096 5756 e'
2122 5704 2251 5766 Reg.
2273 5704 2327 5756 in
2345 5704 2517 5755 auditu
2538 5704 2913 5772 δαίμων-πψτη.
3097 5760 3108 5771 ,

2027 5704 2097 5896 {ti
2122 5767 2261 5817 Idem
2289 5766 2416 5829 Reg.
2440 5778 2637 5827 pensum
2665 5763 2876 5834 quotidie
2905 5762 2968 5814 de
3003 5766 3360 5825 smpturarum
3392 5761 3527 5827 (ton-

2024 5835 2068 5895 (Ι
2130 5827 2386 5884 Palliolnm
2412 5826 2593 5877 lineum
2616 5832 2855 5875 stativum.
