4106 6340
568 555 572 558 .
615 522 912 568 numerum.
942 506 1204 578 Sequatur
1231 501 1409 560 statim
1436 499 1624 557 Latina
1663 497 1937 554 eruditio:
1974 511 2095 567 quae
2138 495 2185 550 si

614 619 723 658 non
750 602 816 656 ab
839 599 988 654 initio
1012 611 1075 652 os
1095 605 1340 651 tenerum
1362 591 1745 663 composuerit,
1773 591 1825 644 in
1848 589 2188 659 peregrinum

613 707 800 748 sonum
832 690 1007 759 lingua
1047 685 1444 752 corrumpitur,
1489 694 1541 736 et
1563 681 1799 738 externis
1835 679 1976 732 vitiis
2007 691 2188 732 sermo

609 782 813 854 patrius
833 778 1157 835 sordidatur.
1188 775 1262 830 Te
1287 775 1481 829 habeat
1501 773 1830 842 magistram,
1862 779 1912 823 te
1941 769 2090 822 rudis
2111 763 2187 838 (a)

606 874 842 930 imitetur
867 869 1110 926 infantia.
1143 867 1282 922 Nihil
1329 867 1380 919 in
1415 875 1503 926 te,
1551 872 1605 918 et
1648 872 1798 932 patre
1841 875 1938 915 suo
1967 858 2182 924 videat,

605 966 747 1039 quod
777 965 821 1019 si
851 963 1058 1027 fecerit,
1090 969 1296 1031 peccet.
1328 958 1648 1012 Mementote
1675 970 1770 1009 vos
1795 961 2046 1024 parentes
2076 951 2186 1004 vir-

603 1061 764 1130 ginis,
813 1065 868 1112 et
890 1054 1058 1124 magis
1109 1067 1227 1108 eam
1279 1050 1538 1118 exemplis
1581 1049 1758 1102 doceri
1813 1062 1990 1116 posse,
2023 1060 2182 1115 quam

600 1165 752 1205 voce.
781 1149 898 1204 Cito
918 1146 1080 1200 ﬂores
1103 1153 1345 1213 pereunt,
1371 1141 1479 1194 cito
1526 1139 1694 1192 violas
1713 1150 1767 1192 ct
1795 1139 1959 1192 lilium
1983 1148 2034 1189 et
2059 1151 2182 1189 cro-

602 1256 724 1297 cum
755 1239 1012 1310 pestilens
1053 1251 1181 1290 aura
1211 1232 1529 1296 corrumpit.
1573 1230 1855 1300 Nunquam
1899 1231 2099 1297 absque
2131 1237 2182 1283 te

599 1333 858 1405 procedat
886 1331 938 1386 in
969 1329 1261 1400 publicum.
1293 1325 1547 1380 Basilicas
1572 1322 1858 1393 Martyrum
1898 1329 1952 1375 et
1989 1319 2175 1374 Eccle-

599 1427 708 1479 sias
732 1425 846 1480 sine
871 1431 1041 1476 matre
1073 1434 1177 1473 non
1204 1417 1381 1471 adeat.
1415 1415 1602 1469 Nullus
1633 1413 1680 1467 ei
1708 1412 1921 1482 juvenis
1941 1455 1955 1475 ,
2001 1411 2180 1466 nullus

597 1518 930 1573 cincinnatus
952 1511 1185 1567 arrident
1222 1508 1534 1578 Vigiliarum
1559 1507 1672 1561 dies
1694 1514 1748 1559 et
1776 1505 2046 1559 solemnes
2061 1507 2180 1569 per;

596 1608 930 1664 noctatioues
950 1604 1027 1659 sic
1050 1601 1357 1672 virguncula
1373 1607 1551 1653 nostra
1569 1597 1822 1656 celebret,
1839 1604 1895 1650 ιιι
1919 1611 1986 1648 ne
2010 1605 2180 1649 trans-

593 1715 750 1757 verso
776 1697 990 1768 quidem
1019 1708 1193 1762 ungue
1234 1707 1265 1746 a
1297 1701 1468 1746 matre
1503 1689 1762 1743 discedat.
1804 1686 1939 1742 Nolo
1982 1686 2049 1739 de
2078 1702 2175 1738 an-

591 1792 787 1848 cillulis
814 1789 925 1843 suis
948 1787 1176 1855 aliquam
1202 1785 1319 1852 plus
1336 1783 1540 1851 diligat,
1569 1781 1723 1849 cujus
1747 1779 1937 1834 crebro
1957 1777 2176 1831 auribus

590 1884 908 1938 insusurret.
938 1875 1202 1946 Quidquid
1232 1875 1320 1929 uni
1351 1873 1604 1942 loquitur,
1626 1873 1726 1924 boc
1768 1884 1954 1923 omnes
1981 1869 2169 1922 sciant.

589 1974 804 2028 Placeat
829 1971 880 2026 ei
901 1981 1102 2033 comes,
1126 1982 1229 2020 non
1253 1973 1461 2034 compta
1482 1966 1556 2032 (b)
1584 1972 1742 2031 atque
1767 1961 2020 2023 formosa,
2049 1975 2169 2029 qua:

595 2063 798 2133 liquido
821 2069 1041 2132 gutture
1054 2071 1276 2112 carmen
1301 2055 1456 2109 dulce
1484 2053 1782 2108 moduletur
1807 2068 1820 2115 ;
1851 2052 1942 2106 sed
1967 2051 2169 2120 gravis,

587 2156 821 2222 pallens,
855 2151 1148 2207 sordidata.
1190 2148 1476 2202 subtristis.
1515 2147 1863 2216 Praeponatur
1898 2146 1946 2197 ei
1990 2144 2172 2214 proba:

519 2275 528 2284 ’
587 2246 736 2311 tldei,
771 2255 824 2299 et
855 2259 1062 2298 morum
1091 2256 1153 2295 ac
1181 2239 1450 2310 pudicitia:
1477 2239 1632 2306 virgo
1658 2247 1930 2297 veterana,
1963 2252 2079 2303 qua!
2110 2236 2172 2288 il-

587 2339 693 2393 lam
718 2337 942 2400 doceat,
990 2343 1046 2389 et
1088 2341 1362 2386 assuescat
1401 2329 1651 2398 exemplo
1694 2327 1760 2381 ad
1805 2328 2080 2380 orationes
2119 2333 2174 2380 et

586 2429 827 2485 Psahuos
866 2435 1023 2480 nocte
1064 2436 1433 2493 consurgere;
1476 2435 1635 2474 mane
1685 2419 1914 2490 hymnos
1953 2432 2166 2480 eanerc,

588 2517 789 2582 Tertia,
814 2516 995 2579 Sexta,
1019 2513 1170 2568 Nona
1203 2513 1333 2568 hora
1360 2521 1504 2566 stare
1529 2512 1580 2564 in
1611 2510 1725 2564 acie
1762 2508 1911 2578 quasi
1939 2507 2170 2560 bellatri-

587 2625 705 2666 cem
737 2608 956 2672 Christi,
997 2621 1332 2676 accensaque
1374 2605 1650 2661 lucernula
1697 2603 1919 2656 reddere
1960 2600 2168 2655 sacrifi-

598 2703 738 2756 cium
764 2699 1147 2769 vespertittum.
1177 2697 1266 2752 Sic
1287 2695 1404 2751 dies
1427 2703 1684 2755 transeat,
1709 2695 1786 2747 sic
1803 2709 1905 2746 nox
1935 2693 2170 2746 inveniat

594 2792 952 2846 laborantem.
981 2786 1221 2842 Orationi
1247 2786 1429 2850 lectio,
1461 2783 1675 2838 lectioni
1703 2783 1951 2837 succedat
1973 2783 2166 2835 oratio.

539 2942 545 2946 ,
587 2883 758 2938 Breve
789 2879 1057 2935 videbitur
1082 2886 1311 2948 tempus,
1339 2875 1480 2947 quod
1514 2875 1672 2957 tantis
1717 2872 1789 2946 (c)
1819 2889 2039 2944 operum
2078 2888 2168 2928 va-

585 2974 862 3031 rietatibus
892 2981 1206 3043 occupatur.

656 3065 746 3120 10.
780 3065 959 3130 Discat
985 3074 1038 3120 et
1069 3064 1246 3119 lanam
1275 3060 1476 3128 facere,
1509 3068 1693 3116 tenere
1722 3059 1929 3123 colum,
1964 3075 2167 3130 ponere

584 3155 639 3211 in
665 3156 872 3226 gremio
903 3154 1172 3210 calathum
1194 3194 1209 3217 ,
1255 3163 1436 3208 rotare
1471 3151 1683 3216 fusum,
1718 3152 1943 3205 stamina
1974 3152 2166 3220 pollice

583 3248 808 3302 ducere.
837 3245 1066 3315 Spernat
1101 3243 1423 3315 bombycum
1456 3241 1612 3308 telas,
1641 3242 1830 3296 Serum
1862 3241 2076 3306 vellera,
2111 3251 2168 3296 et

584 3350 774 3390 aurum
817 3336 869 3389 in
914 3335 1020 3388 lilia
1061 3334 1386 3390 lentescens.
1432 3332 1577 3387 Talia
1624 3332 1942 3386 vestimenta
1976 3341 2120 3400 paret
2146 3373 2162 3394 ,

585 3429 777 3499 quibus
799 3426 1030 3497 pellatur
1051 3425 1238 3496 frigus,
1263 3439 1368 3478 non
1393 3424 1586 3494 quibus
1607 3423 1796 3477 vestita
1821 3437 2044 3492 corpora
2071 3440 2165 3475 tnt-

581 3517 796 3592 dentur.
825 3516 985 3572 Cibus
1009 3516 1126 3586 ejus
1151 3515 1447 3570 ulttsculuzn
1495 3514 1566 3568 sit
1604 3522 1659 3567 et
1686 3513 1864 3566 simila
1893 3555 1907 3578 ,
1941 3529 2166 3582 raroque

583 3608 846 3680 pisciculi.
879 3607 948 3662 Et
995 3623 1062 3663 ne
1106 3607 1246 3677 gula:
1289 3617 1554 3676 praecepta
1588 3604 1799 3674 longius
1825 3604 2065 3669 traham,
2099 3608 2166 3661 de

583 3701 778 3771 quibus
824 3699 876 3752 itt
925 3697 1009 3768 (ιι)
1039 3697 1146 3750 alio
1175 3697 1294 3751 loco
1324 3697 1537 3750 locutus
1566 3709 1683 3749 Slllll
1712 3695 1938 3762 plenius,
1972 3696 2047 3749 sic
2077 3711 2169 3748 co-

580 3795 782 3860 medat,
798 3802 856 3846 ut
880 3805 1094 3861 semper
1117 3789 1320 3844 esuriat
1343 3805 1357 3841 :
1383 3797 1441 3842 ut
1458 3788 1638 3843 Statim
1665 3797 1785 3856 post
1801 3787 1976 3840 cibum
2002 3789 2168 3856 possit

581 3888 760 3958 legere
791 3884 861 3956 (e)
883 3893 937 3938 et
965 3882 1214 3953 psallere.
1249 3881 1542 3951 Displicent
1593 3880 1758 3951 687
1816 3880 1966 3944 mihi,
2001 3882 2048 3932 in
2084 3891 2166 3933 te-

581 3979 728 4034 neris
745 3976 974 4030 maxime
1004 3973 1270 4036 aetatibus,
1299 3973 1454 4042 longa
1486 3980 1540 4026 et
1569 3971 1915 4025 immoderata
1939 3971 2162 4040 jejuuia,

582 4069 635 4123 in
654 4068 847 4139 quibus
865 4067 1161 4138 junguntur
1191 4063 1571 4120 hebdoutades.
1593 4072 1645 4116 ct
1666 4061 1841 4116 oleum
1869 4062 1919 4116 iu
1943 4065 2082 4127 cibo,
2105 4077 2166 4117 ac

591 4173 748 4226 poma
777 4139 1042 4210 vetantur.
1075 4154 1458 4223 Experimento
1497 4150 1694 4216 didici,
1723 4153 1946 4205 asellum
1981 4155 2030 4206 itt
2059 4154 2161 4216 via,

589 4261 714 4300 cum
763 4246 934 4299 lassus
966 4244 1156 4308 fuerit,
1204 4242 1512 4296 diverticula
1544 4241 2045 4310 quaerere.Faciaut
2069 4243 2167 4297 huc

591 4337 826 4393 cultores
854 4335 1007 4391 lsidis
1043 4345 1097 4390 et
1131 4333 1376 4405 Cybeles,
1408 4332 1476 4404 (ι’)
1503 4333 1590 4404 qui
1622 4332 1806 4402 gulosa
1847 4333 2166 4388 abstinentia

583 4479 688 4528 btts.
714 4481 908 4527 Certum
931 4473 1113 4526 ediscat
1145 4479 1438 4529 Graecorum,
1465 4478 1560 4520 etc.
1586 4469 1711 4519 Sunt
1731 4474 1896 4532 autem
1912 4468 2027 4532 haec
2048 4484 2170 4532 quo-

580 4551 683 4602 que.
713 4539 1055 4602 desumptan
1083 4533 1380 4594 Quintiliano
1406 4528 1714 4602 lttstitution.‘
1734 4528 2088 4602 libro.1.'cap'.
2119 4531 2165 4580 2.

590 4590 614 4647 ε
636 4602 679 4649 Α
701 4590 929 4648 εενωοηέ
953 4590 1123 4648 (ξι-ωοὸ
1147 4607 1351 4657 puerum
1375 4595 1600 4657 tucipcre
1625 4590 1750 4657 malo
1773 4605 1784 4640 :
1808 4593 1921 4654 quia
1951 4590 2168 4649 Latinus,

582 4664 668 4732 qui
695 4654 1213 4732 [liut‘iltllS-vlll.tIISUfBSl,
1253 4656 1330 4706 vel
1363 4654 1912 4732 u‘obisnolentibusnse
1938 4657 2164 4732 praebet}

581 4714 726 4770 simul
745 4723 859 4781 quia
879 4719 1140 4782 disciplinis
1155 4714 1354 4782 quoque
1374 4716 1557 4766 Graecis
1576 4716 1706 4782 prius
1722 4714 2048 4782 instituendus
2073 4722 2166 4782 est,

585 4783 721 4831 unde
745 4776 798 4830 et
822 4776 1291 4829 nostrze'tluxet‘unt'.
1315 4779 1421 4828 Non
1444 4776 1609 4827 tamen
1643 4777 1738 4825 hoc
1769 4776 1895 4825 adeo
1930 4779 2168 4837 supersti-

582 4845 716 4891 tiose
744 4841 888 4890 velim
911 4842 1036 4899 lieri,
1061 4848 1116 4890 ut
1135 4841 1216 4888 diu
1235 4846 1420 4889 tantum
1441 4837 1664 4900 loquatur
1683 4837 1872 4900 Crzece.
1891 4844 1975 4886 aut
1997 4837 2168 4900 discat,

582 4906 718 4954 sicut
744 4903 992 4964 plerisque
1013 4897 1160 4950 moris
1194 4907 1287 4948 est.
1312 4900 1436 4948 Hinc
1460 4897 1592 4948 enim
1626 4897 1847 4964 accidunt
1870 4905 1922 4948 et
1939 4899 2038 4964 oris
2067 4897 2170 4964 plus

583 4968 710 5020 rima
732 4958 847 5024 vitia
873 4958 925 5011 in"
942 4964 1256 5024 peregrinum
1280 4973 1453 5010 sonum
1475 4961 1710 5024 corrupti,
1732 4966 1785 5024 et
1805 4958 2169 5024 aerumnis,c_t_ti

583 5039 698 5074 cum
726 5023 906 5072 (ιι-ειεοω
929 5019 1094 5076 tigttrzé
1130 5021 1320 5071 assidua
1361 5019 1714 5070 consuetudine
1747 5019 1997 5076 haeserint,
2023 5021 2072 5067 in
2095 5020 2168 5069 di-

583 5039 698 5074 Cllm
726 5038 906 5072 υιτιξαὲ
929 5038 1094 5129 ngare
1130 5038 1320 5093 εεδιαυςι
1361 5038 1732 5091 ωηδιιομιιιιμε.
1748 5038 1997 5076 ηκδετιιιι,
2024 5038 2036 5067 1

582 5097 727 5136 versa
745 5097 940 5194 q'uoque
981 5082 1190 5145 oquendi
1212 5091 1403 5151 ratione
1434 5088 1818 5150 pertinacissime
1838 5080 1996 5128 durat.
2014 5096 2037 5124 ι

649 5147 724 5194 (ai
803 5145 1022 5194 ictortus.
1045 5150 1090 5192 te
1113 5142 1251 5192 rudia
1272 5148 1476 5193 paretur
1500 5142 1719 5194 infantia.

671 5147 724 5202 a)
757 5141 1090 5200 Vlct'orius,'te
1113 5141 1251 5192 rudia
1272 5141 1476 5193 utiretar
1500 5141 1719 5202 infantia.

671 5201 718 5266 bl
760 5205 944 5256 Iterum
963 5203 1227 5262 Victorius,
1249 5216 1341 5253 nou
1363 5201 1570 5266 compta,
1595 5214 1746 5265 neque
1777 5201 2002 5262 formosa,
2027 5208 2169 5265 atque

584 5269 932 5327 testamenta,
967 5271 1065 5316 etc.
1435 5324 1446 5327 _
1528 5325 1554 5327 η
1819 5322 1830 5327 _
1933 5323 1962 5327 __
2045 5289 2050 5292 -

647 5335 717 5395 (c)
751 5322 952 5395 Vitiose
976 5327 1302 5395 Martinus,
1325 5324 1470 5395 tantis
1490 5325 1692 5395 _dieram
1725 5322 2049 5385 varietatibus,
2081 5338 2171 5388 pro

582 5387 954 5459 operiamuquod
981 5403 1046 5438 ex
1071 5388 1285 5459 Victoria
1307 5387 1628 5459 restituimus.

651 5451 722 5521 (ά)
760 5445 908 5503 Ιζὶιῐτο
946 5463 1141 5521 nempe
1166 5457 1348 5521 contra.
1374 5447 1677 5521 Iovinianum
1708 5445 1938 5521 secundo,
1971 5448 2066 5521 ‘ubi
2109 5447 2172 5521 de

585 5508 859 5575 contemptu
877 5508 1078 5575 vetaris,
1096 5517 1142 5562 et
1164 5508 1371 5575 gutturis
1394 5508 1581 5575 plenius
1599 5523 1663 5558 ex
1689 5509 1934 5573 proposito
1954 5509 2169 5558 disserit.

649 5578 713 5694 se)
751 5569 936 5626 Victor.
973 5569 1332 5637 leqereforare,
1357 5569 1403 5621 et
1426 5569 1648 5634 psallere.

672 5639 724 5694 Γ)
758 5638 894 5686 Pane
916 5635 1104 5685 scilicet
1125 5635 1436 5694 abstinebant
1468 5631 1648 5682 cultore

671 5630 724 5700 Γ)
758 5638 894 5686 Pane
916 5630 1104 5700 scilicet
1125 5630 1436 5700 abstinebant
1468 5631 1683 5683 cultores
1713 5633 1853 5700 lsidis
1891 5639 1938 5680 et
1965 5630 2174 5700 Cybeles

586 5701 635 5746 in
660 5693 914 5758 utriusque
936 5699 1102 5754 sacris,
1127 5696 1266 5758 cujus
1287 5693 1392 5758 loco
1424 5707 1597 5758 carnes
1618 5696 1975 5758 comedebaut.
2006 5693 2172 5758 Arno-

587 5759 697 5808 bius
719 5759 802 5806 lib.
828 5753 877 5808 5.
902 5759 1024 5818 quid
1046 5753 1322 5819 temperatis
1341 5755 1401 5806 ab
1431 5755 1655 5819 alimonio
1686 5753 1945 5819 panispcm'
1973 5753 2044 5802 rei
2075 5755 2161 5802 de-

589 5771 697 5808 ntus
720 5771 802 5806 ιιι).
828 5771 877 5808 5.
902 5771 1024 5818 Quid
1046 5771 1140 5808 tem
1202 5771 1322 5806 rans
1341 5771 1401 5806 αυ
1431 5771 1655 5806 attmomo
1686 5771 1841 5819 pants,
1868 5771 1945 5802 cm
1973 5771 2044 5802 rc:
2075 5771 2161 5802 ue-

589 5819 726 5871 distis
744 5831 910 5871 nomen
929 5827 1094 5871 Castus
1121 5771 1393 5884 ipftaenim
1415 5819 1549 5870 cibos
1571 5817 1696 5882 illos,
1720 5820 1826 5868 sive
1852 5817 1974 5865 hanc
1996 5827 2022 5864 a
2047 5826 2173 5876 pane

1905 380 2146 444 SANCTI
2183 375 2560 447 HIERONYMI

3773 386 3878 448 B76

2297 494 2555 551 Phasides
2582 509 2734 564 aves,
2767 509 2830 552 ac
2861 497 3123 554 fumantes
3148 506 3389 557 turtures
3420 508 3643 566 vorant,
3676 517 3746 558 ne
3778 507 3875 560 sci-

2298 585 2422 639 licet
2447 585 2688 641 Cerealia
2722 585 2860 642 dona
2901 589 3288 644 contaminent.
3333 589 3444 646 lloc
3473 591 3526 645 in
3560 601 3872 662 perpetuum

2293 677 2550 746 jejunium
2580 690 2904 749 prazceptum
2933 681 3002 735 sit
3023 723 3037 747 ,
3068 692 3125 734 ut
3155 682 3312 752 longo
3343 681 3522 738 itineri
3565 683 3715 739 vires
3752 701 3871 756 per-

2296 778 2446 838 petes
2472 769 2546 840 (g)
2582 779 2840 840 superent
2865 789 2880 825 :
2906 786 2973 825 ne
3000 771 3052 825 in
3083 774 3249 841 prima
3275 773 3550 829 mentione
3575 785 3868 844 currentes,

2293 873 2606 916 corruamus
2651 864 2703 917 in
2735 863 2946 920 mediis.
2992 863 3276 934 C:cterum,
3315 875 3374 922 ut
3407 878 3537 923 ante
3578 869 3792 940 scripsi,
3820 872 3870 928 in

2291 951 2708 1023 Quadragesima
2756 958 3101 1012 continentia:
3130 959 3248 1014 vela
3285 960 3566 1030 pandenda
3613 971 3774 1029 sunt,
3821 973 3873 1019 et

2294 1056 2400 1100 tota
2445 1049 2642 1118 αιηῑςίυ
2675 1049 2964 1104 retinacula
3003 1051 3154 1120 equis
3191 1052 3413 1106 laxanda
3441 1053 3866 1122 properantibus.

2290 1138 2617 1208 Quamquam
2640 1141 2742 1193 alia
2759 1141 2825 1194 sit
2843 1141 3078 1196 conditio
3099 1144 3453 1208 smcularittm,
3470 1145 3573 1197 alta
3597 1143 3865 1213 Virginum

2289 1244 2352 1283 ac
2373 1230 2775 1285 Monachorutn.
2823 1232 3109 1286 Smcularis
3143 1233 3304 1288 homo
3353 1235 3404 1288 in
3447 1233 3897 1304 Quadragesitna'

2288 1320 2489 1373 ventris
2517 1321 2807 1390 ingluviem
2838 1322 3110 1387 decoquit,
3141 1332 3194 1377 et
3220 1324 3270 1376 in
3297 1322 3647 1378 cocltlearum
3667 1340 3864 1381 morem

2287 1423 2449 1464 succo
2475 1411 2726 1467 victitans
2756 1428 2856 1469 suo
2873 1455 2888 1479 ,
2920 1414 3107 1468 futuris
3130 1414 3353 1484 dapibus
3389 1429 3452 1469 ac
3477 1415 3679 1485 sagina:
3703 1432 3862 1485 aqua-

2286 1500 2502 1555 liculum
2529 1511 2700 1570 parat.
2724 1501 2886 1572 Virgo
2907 1514 2957 1557 et
2981 1503 3268 1557 Monachus
3285 1503 3425 1558 sicin
3448 1505 3861 1576 Quadragesima

2286 1605 2415 1646 suos
2443 1593 2708 1648 dimittant
2740 1591 2832 1666 [al.
2855 1593 3146 1666 admiuant]
3175 1609 3363 1664 equos,
3392 1605 3450 1650 ut
3476 1596 3578 1650 sibi
3608 1597 3863 1653 memine-

2285 1684 2391 1736 rint
2428 1698 2644 1754 seraper
2681 1698 2802 1740 esse
2842 1685 3190 1739 currendum.
3235 1685 3442 1740 Finitus
3481 1685 3636 1740 labor
3663 1688 3858 1756 major,

2284 1775 2521 1830 infinitus
2565 1775 2891 1830 moderatior
2927 1785 3029 1831 est.
3077 1777 3150 1831 lbi
3196 1777 3340 1832 enim
3377 1777 3741 1848 respiramus,
3781 1779 3861 1836 hic

2277 1878 2542 1939 perpetuo
2571 1868 2887 1924 incedimus.

2354 1961 2441 2016 ll.
2495 1959 2551 2015 Si
2593 1961 2808 2030 quando
2847 1961 2913 2015 ad
2943 1961 3244 2016 suburbana
3285 1963 3492 2032 pergis,
3527 1961 3672 2019 domi
3704 1965 3856 2021 tiliam

2280 2065 2385 2106 non
2416 2051 2728 2120 relinquas;
2763 2051 2967 2106 nesciat
3015 2052 3131 2105 sine
3172 2063 3242 2114 te,
3294 2068 3390 2106 nec
3431 2055 3601 2122 possit
3641 2055 3856 2122 vivere,

2277 2151 2333 2196 et
2376 2155 2498 2197 cum
2529 2141 2642 2194 sola
2699 2141 2878 2206 fuerit,
2911 2144 3278 2212 pertimescat.
3317 2143 3434 2198 Non
3471 2143 3667 2198 habeat
3693 2147 3852 2201 collo-

2277 2235 2398 2303 quia
2416 2235 2770 2298 szecularium,
2797 2250 2900 2288 non
2922 2234 3181 2289 malarum
3205 2236 3465 2304 virginum
3485 2237 3850 2293 contubernia.

2275 2326 2391 2381 Non
2419 2327 2625 2381 intersit
2656 2328 2854 2396 nuptiis
2876 2329 3234 2391 servulorum,
3265 2345 3364 2385 nec
3385 2329 3601 2385 familia:
3627 2341 3855 2401 perstre-

2274 2419 2451 2488 pentis
2480 2418 2685 2472 lusibus
2713 2420 3021 2473 misceatur.
3048 2418 3172 2473 Scio
3203 2424 3522 2490 pra-cepisse
3563 2423 3818 2492 quosdam
3837 2463 3852 2488 ,

2276 2526 2344 2565 ne
2366 2512 2514 2579 virgo
2543 2510 2738 2564 Christi
2767 2525 2886 2565 cum
2918 2510 3181 2565 eunuchis
3214 2511 3374 2577 lavet,
3408 2528 3510 2567 nec
3537 2527 3659 2567 cum
3693 2516 3853 2569 mari-

2277 2603 2401 2657 tatis
2428 2603 2641 2656 feminis
2672 2619 2685 2656 :
2715 2601 2835 2672 quia
2865 2601 2953 2656 alii
2987 2617 3092 2658 non
3121 2603 3391 2672 depomtut
3423 2601 3517 2675 [:tl.
3556 2606 3850 2679 deponant].

2274 2694 2482 2748 animos
2510 2693 2744 2747 virorum
2767 2733 2782 2758 ,
2816 2692 2937 2747 alia:
2966 2695 3292 2748 tumentibus
3321 2697 3486 2750 uteris
3511 2738 3526 2762 ,
3570 2698 3854 2765 przeferunt

2285 2781 2377 2854 [al.
2425 2781 2738 2855 prd’fﬂ’attl].
2773 2781 3092 2840 foeditatem.
3140 2785 3264 2839 Mihi
3309 2787 3532 2841 omnino
3579 2787 3631 2842 in
3678 2789 3851 2844 adulta

2275 2877 2477 2946 virgine
2507 2877 2714 2930 lavacra
2743 2875 3048 2945 displicent,
3098 2892 3219 2948 qua:
3261 2879 3494 2947 seipsam
3527 2879 3688 2934 debet
3729 2895 3850 2936 eru-

2271 2970 2510 3031 bescere,
2541 2978 2596 3024 et
2628 2970 2822 3023 nudam
2851 2968 3038 3023 videre
3066 2985 3169 3023 non
3201 2985 3378 3038 posse.
3411 2971 3466 3025 Si
3495 2973 3639 3025 enim
3665 2973 3850 3042 vigiliis

2271 3072 2325 3117 et
2348 3061 2567 3130 jejuniis
2615 3070 2848 3115 macerat
2889 3074 3085 3130 corpus
3115 3077 3290 3125 suum,
3339 3071 3392 3115 et
3437 3063 3488 3116 in
3545 3066 3849 3119 servitutem

2274 3155 2504 3223 redigit;
2535 3151 2579 3205 si
2609 3151 2876 3206 ﬂammam
2916 3151 3152 3206 libidinis
3195 3162 3248 3207 et
3293 3153 3557 3207 incentiva
3603 3154 3852 3212 ferventis

2269 3245 2441 3298 artatis
2473 3243 2786 3312 extinguere
2815 3243 2956 3310 cupit
2984 3241 3326 3312 continentia:
3351 3242 3586 3312 frigore;
3614 3244 3659 3298 si
3689 3261 3850 3316 appe-

2271 3336 2378 3388 titis
2422 3332 2669 3388 sordibus
2697 3345 2907 3403 turpare
2940 3331 3031 3404 [τη.
3063 3330 3286 3403 turbare]
3315 3331 3531 3387 festinat
3560 3336 3849 3390 naturalem

2271 3425 2718 3494 pulchritudinem
2742 3441 2754 3476 :
2787 3439 2882 3477 cur
2908 3438 2938 3478 e
2964 3422 3235 3478 contrario
3257 3422 3570 3478 balnearum
3601 3425 3850 3482 fomentis

2270 3519 2473 3587 sopitos
2504 3519 2653 3588 ignes
2684 3516 2949 3571 suscitat?

2344 3611 2429 3666 12.
2480 3612 2582 3666 Pro
2625 3612 2850 3682 gemmis
2873 3619 2934 3666 et.
2951 3610 3123 3665 serico
3161 3609 3368 3665 divinos
3401 3608 3632 3664 Codices
3689 3610 3851 3681 ωε

2271 3715 2412 3757 amet
2445 3745 2459 3768 ,
2496 3704 2546 3757 in
2578 3703 2768 3773 quibus
2796 3719 2900 3757 non
2945 3702 3060 3756 auri
3091 3710 3143 3756 et
3185 3699 3262 3772 (It)
3306 3702 3462 3771 pellis
3513 3701 3850 3773 Babyloniae

2273 3796 2618 3851 vermiculata
2649 3794 2850 3866 pictura
2876 3811 2893 3861 ;
2925 3793 3020 3849 sed
3049 3794 3116 3849 ad
3148 3793 3302 3848 ﬁdem
3335 3795 3547 3864 placeat
3571 3795 3848 3849 emendata

2276 3900 2329 3944 et
2355 3889 2562 3942 erudita
2589 3887 2880 3941 distinctio.
2913 3885 3092 3942 Discat
3117 3885 3287 3956 primo
3315 3885 3658 3950 Psalterium,
3689 3886 3772 3941 his
3793 3901 3850 3943 se

2271 3982 2496 4036 canticis
2523 3989 2730 4041 avocet,
2762 3990 2814 4035 et
2844 3980 2896 4034 in
2921 3979 3224 4035 Proverbiis
3249 3978 3553 4034 Salomonis
3581 3978 3851 4034 erudiatur

2270 4073 2336 4128 ad
2366 4073 2546 4127 vitam.
2573 4073 2627 4126 lu
2657 4072 2976 4128 Ecclesiaste
2995 4079 3327 4137 consuescat,
3352 4088 3473 4142 qua:
3500 4072 3682 4127 mundi
3709 4081 3848 4137 sunt,

2273 4165 2501 4219 calcare.
2529 4163 2587 4218 lu
2610 4163 2711 4217 Job
2732 4163 2943 4217 virtutis
2968 4173 3020 4217 et
3039 4163 3306 4234 patientia:
3326 4163 3571 4232 exempla
3595 4174 3846 4218 sectetur.

2272 4257 2353 4312 Ad
2386 4255 2670 4326 Evangelia
2700 4264 2955 4323 transeat,
2984 4271 3252 4327 nunquam
3281 4270 3342 4310 ea
3370 4256 3607 4326 positura
3631 4256 3699 4311 de
3742 4269 3847 4310 ma-

2273 4349 2450 4402 nibus.
2496 4347 2876 4416 Apostolorum
2922 4349 3089 4412 Acta,
3138 4356 3190 4403 ct
3219 4346 3490 4414 Epistolas
3532 4355 3638 4401 tota
3677 4346 3851 4402 cordis

2273 4439 2494 4494 imbibat
2543 4439 2839 4494 voluntate.
2889 4439 3126 4511 Cumque
3178 4438 3408 4508 pectoris
3449 4440 3531 4493 sui
3578 4439 3852 4493 cellarium

2273 4531 2358 4586 his
2385 4531 2576 4600 opibus
2601 4531 3025 4602 locupletaverit,
3055 4530 3271 4586 mandet
3312 4530 3586 4585 memoria:
3612 4529 3853 4595 Prophe-

2275 4631 2375 4689 tas,
2410 4621 2828 4693 lleptateucltum
2857 4621 2951 4694 [aL
2981 4618 3426 4692 Pentateucltum],
3451 4629 3505 4675 et
3532 4621 3737 4691 Regum
3759 4661 3773 4685 ,
3800 4628 3853 4675 et

2272 4713 2736 4783 Paralipomenom
2759 4713 2945 4778 libros,
2974 4711 3160 4768 Esdra:
3183 4725 3392 4782 quoque
3417 4721 3473 4766 ct
3494 4710 3690 4766 Esther
3707 4711 3854 4764 volu-

2274 4805 2438 4857 mina.
2490 4803 2570 4858 Ad
2613 4802 2860 4858 ultimum
2906 4802 3024 4857 sine
3079 4800 3316 4870 periculo
3362 4800 3532 4855 discat
3576 4799 3852 4856 Canticum

2273 4892 2614 4950 Canticorum
2639 4909 2654 4962 ;
2684 4908 2751 4950 ne
2780 4893 2827 4949 si
2857 4892 2910 4948 in
2940 4891 3162 4948 exordio
3186 4890 3392 4958 legerit,
3423 4891 3525 4946 sub
3551 4891 3853 4946 carnalibus

2272 5073 2613 5134 abstinentiam
2637 5067 2963 5134 appellabant.
2989 5066 3114 5134 item
3146 5066 3346 5134 Hieron.
3372 5063 3499 5134 libro
3517 5071 3690 5134 contra
3723 5062 3851 5133 Jovi-

2275 5138 2404 5184 niau.
2430 5133 2644 5184 secundo
2663 5124 2769 5194 cap.
2791 5131 2871 5194 τῇ.
2893 5138 2963 5178 De
2985 5129 3201 5194 ciborum
3221 5126 3311 5176 sibi
3333 5125 3525 5194 placent
3548 5124 3854 5194 abstinentia,

2273 5196 2411 5259 quasi
2433 5208 2525 5259 non
2543 5199 2589 5243 et
2612 5187 2884 5259 attpératitio
2902 5189 3162 5259 penatium
3187 5187 3380 5259 Castam
3411 5187 3503 5250 (sic
3533 5189 3674 5259 etum
3712 5188 3854 5235 resti-

2275 5247 2471 5319 t'uimus)
2500 5247 2847 5319 Matria'Deum
2866 5252 3094 5319 obserpet,
3118 5256 3164 5300 et
3192 5248 3332 5319 Isidis
3354 5262 3371 5298 :
3395 5247 3507 5310 qua:
3532 5247 3741 5299 inferius
3753 5260 3854 5309 cap.

2277 5320 2353 5368 ιι.
2379 5311 2582 5377 repetit,
2608 5327 2792 5377 nosque
2818 5315 2887 5362 ibi
2910 5314 3150 5375 copiosius
3172 5311 3489 5377 explicamus.

2279 5441 2314 5492 ϐ
2341 5380 2418 5450 (αλ
2438 5373 2774 5436 Martiauzeus,
2799 5373 3558 5438 support-tuanquemadmodum
3570 5375 3858 5432 reposuerat

2321 5452 2500 5488 rarius.

2321 5452 2500 5488 ravtus.

2344 5500 2419 5562 (It)
2455 5498 2652 5562 Eaedem
2686 5503 2916 5560 putantur
2939 5509 3071 5557 esse,

2276 5561 2408 5612 sunt.
2446 5561 2545 5609 88d
2582 5574 2619 5611 ιι
2654 5573 2860 5621 pagum-oo;
2892 5566 3072 5621 “ante.

2279 5583 2406 5612 sunt.
2448 5583 2545 5609 acu
2582 5583 2619 5611 α
2654 5583 2860 5621 pupum-oo;
2892 5583 2934 5608 os
3009 5584 3072 5613 τι.
3103 5583 3419 5618 υάυδιυιιιωδ
3466 5583 3653 5616 pcuca,
3704 5583 3857 5601 ιιιυυιιι

2279 5626 2425 5672 etiam
2449 5621 2657 5670 Zonaras
2681 5625 2728 5668 iu
2753 5623 2903 5668 rebus
2926 5583 3211 5675 grnstantii,
3236 5617 3318 5664 ubi
3341 5617 3404 5664 de
3424 5616 3682 5666 Horntisda
3707 5616 3832 5676 loqut
3853 5638 3857 5642 -

2280 5693 2374 5742 tur,
2401 5696 2584 5745 easque
2610 5680 3033 5745 iu_pretiofuisse,
3072 5687 3124 5728 et
3160 5679 3304 5727 variis
3327 5679 3574 5726 coloribus
3593 5676 3859 5745 eleganter

2315 5737 2434 5796 ictas
2457 5737 2596 5794 tradit
2609 5781 2620 5791 .
2646 5737 2938 5793 Glossarium
2955 5737 3096 5790 vetus
3112 5751 3347 5801 βαβυλυνιιδη
3370 5746 3551 5801 διρμεςος
3576 5737 3859 5795 ιῐδοςξδὶηιί-

2315 5762 2434 5796 tctus
2457 5762 2620 5794 tritu".
2646 5762 2938 5793 Utossat'tuut
2956 5762 3096 5790 vetus
3112 5762 3347 5801 βαβυλυνιιον
3370 5762 3551 5800 utetiam
3576 5762 3689 5795 ctoog.
3717 5762 3856 5786 aum-

2279 5762 2382 5860 rcm
2404 5807 2518 5858 alibi
2545 5806 2710 5855 luxum
2733 5806 2783 5855 in
2805 5803 3050 5855 codicibus
3070 5799 3434 5864 oompingcndis
3469 5799 3613 5850 Hier.
3651 5802 3856 5854 damnat.

3163 5508 3204 5544 aa
3237 5501 3288 5543 et
3321 5493 3540 5543 Persicae
3578 5491 3688 5542 aliis
3715 5491 3855 5541 dicite

3145 5554 3653 5618 abylonicasupelles,
3701 5552 3860 5618 laudat
