4106 6340
250 439 369 501 επ

250 554 448 621 verbis,
473 551 831 625 spiritualium
852 549 1153 622 nuptiarum
1172 548 1579 622 epithalamium
1601 566 1707 607 non
1730 552 1815 607 in-

252 646 512 716 telligam,
540 643 872 699 vulneretur.
900 641 1096 698 Caveat
1122 642 1300 697 omnia
1328 642 1656 716 apocrypha.
1684 641 1749 697 Et
1776 642 1824 697 si

251 735 461 809 quando
479 750 541 792 ea
563 749 669 791 non
693 734 762 791 ad
785 734 1091 806 dogmatum
1111 734 1410 800 veritatem,
1435 734 1531 792 sed
1547 735 1619 791 ad
1643 735 1824 805 signo-

252 844 367 885 rum
395 827 749 884 revecentiam
793 826 972 897 legere
1014 826 1275 891 voluerit,
1308 826 1442 882 sciat
1484 841 1592 882 non
1635 840 1841 882 eorum-

251 934 389 986 esse,
418 934 657 990 quorum
677 918 842 973 titulis
870 925 1287 989 praenotantur:
1316 918 1584 988 multaque
1615 918 1695 972 his
1723 916 1821 972 ad-

252 1010 413 1063 mixta
457 1008 670 1075 vitiosa,
708 1022 777 1063 ιτ
819 1022 1041 1064 σκλκυιε
1068 1022 1189 1064 esse
1214 1007 1508 1078 prudentiae
1542 1022 1730 1062 aurum
1766 1007 1821 1063 in

253 1100 365 1155 luto
387 1112 652 1169 quaerere.
676 1097 928 1169 Cypriani
955 1097 1211 1168 opuscula
1243 1111 1457 1167 semper
1482 1096 1537 1151 in
1559 1111 1716 1151 manu
1740 1104 1825 1152 te—

250 1197 392 1246 neat.
446 1188 721 1244 Athanasii
769 1188 1035 1258 Epistolas
1078 1199 1133 1245 et
1160 1187 1346 1244 llilarii
1367 1187 1531 1243 libros
1560 1186 1825 1242 inoﬂ‘enso

248 1279 495 1335 decurrat
516 1277 674 1349 pede.
699 1277 912 1332 illorum
935 1278 1270 1345 tractatibus,
1296 1277 1507 1333 illorum
1530 1276 1825 1332 delectetur

250 1369 497 1439 ingeniis,
527 1369 583 1424 in
610 1382 838 1439 quorum
880 1368 1031 1424 libris
1072 1368 1244 1440 pietas
1288 1368 1408 1423 lidei
1452 1383 1558 1424 non
1587 1367 1820 1423 vacillet.

247 1458 482 1515 Cteteros
508 1458 587 1514 sic
617 1459 784 1528 legat,
818 1466 877 1513 ut
901 1459 1069 1528 magis
1092 1458 1297 1529 judicet
1321 1473 1479 1530 quam
1512 1468 1785 1529 sequatur.

319 1550 408 1604 13.
440 1548 811 1618 Respondebis
842 1567 855 1604 :
885 1549 1164 1616 Quomodo
1183 1548 1296 1605 haec
1312 1549 1488 1606 omnia
1516 1549 1706 1604 mulier
1724 1563 1827 1604 stc-

247 1640 465 1709 cularis,
496 1641 549 1697 in
590 1650 733 1713 tanta
762 1641 1060 1713 frequentia
1090 1644 1362 1699 hominum
1381 1684 1398 1711 ,
1429 1643 1616 1698 Romae
1642 1652 1826 1698 custo-

247 1732 364 1790 dire
392 1734 623 1804 potero?
648 1733 765 1790 Noli
792 1748 920 1805 ergo
947 1733 1128 1790 subire
1153 1749 1288 1790 onus
1307 1774 1325 1801 ,
1371 1735 1512 1805 quod
1552 1734 1692 1791 ferre
1719 1748 1824 1788 non

248 1838 403 1901 potes
427 1848 440 1885 :
471 1828 568 1886 sed
595 1838 879 1902 postquam
901 1830 1255 1887 ablactaveris
1279 1844 1395 1885 eam
1414 1844 1534 1884 cum
1558 1828 1725 1896 Isaac,
1772 1837 1828 1885 et
1852 1874 1855 1875 ν

247 1921 495 1977 vestieris
514 1936 635 1977 cum
665 1920 948 1988 Samuele;
979 1921 1135 1976 mitte
1162 1920 1293 1977 aviae
1321 1930 1375 1977 et
1411 1921 1608 1976 amitte.
1641 1919 1825 1976 Redde

248 2015 692 2086 pretiosissimam
736 2012 1001 2086 gemmam
1046 2014 1290 2069 cubiculo
1320 2013 1533 2080 Mariae,
1581 2022 1638 2069 et
1674 2012 1829 2068 cunis

248 2096 379 2165 Iesu
406 2108 669 2179 vagientis
695 2107 928 2177 impone.
957 2106 1231 2161 Nutriatur
1272 2105 1325 2159 in
1355 2103 1677 2160 Mouasterio
1698 2145 1714 2169 ,
1756 2104 1830 2158 sit

247 2200 389 2255 inter
411 2198 691 2271 Virginum
716 2197 931 2263 choros,
955 2197 1138 2267 jurare
1165 2211 1269 2252 non
1293 2196 1480 2260 discat,
1502 2194 1715 2249 mentiri
1743 2208 1828 2248 sa-

245 2284 523 2362 crilegium
554 2298 720 2361 putet,
752 2289 958 2345 nesciat
978 2288 1255 2353 saeculum,
1290 2289 1435 2342 vivat
1459 2286 1732 2358 Angeliee,
1760 2286 1830 2341 sit

245 2381 298 2438 in
320 2396 484 2437 carne
510 2382 629 2437 sine
654 2396 833 2447 carne,
852 2381 1023 2435 ‘omne
1049 2378 1322 2433 hominum
1348 2392 1514 2448 genus
1548 2377 1630 2432 sui
1655 2376 1830 2432 simile

248 2484 420 2547 putet.
446 2473 534 2542 Et,
563 2483 623 2530 ut
643 2482 836 2530 caetera
859 2481 1084 2539 Laecam,
1115 2480 1261 2527 certe
1293 2478 1343 2525 te
1367 2470 1555 2525 liberet
1583 2469 1831 2525 servandi

244 2565 583 2632 difficultate,
612 2577 663 2622 et
692 2565 948 2621 custodia:
978 2563 1235 2635 periculo.
1262 2561 1462 2617 MELIUS
1484 2578 1588 2617 run
1625 2572 1707 2618 est
1731 2562 1830 2618 de-

244 2659 491 2715 siderare
520 2658 819 2724 absentem,
850 2672 1007 2728 quam
1059 2656 1225 2728 689
1276 2670 1472 2726 pavere
1494 2655 1560 2711 ad
1582 2656 1789 2726 singula
1814 2672 1831 2712 :

245 2747 376 2817 quid
410 2748 682 2819 loquatur,
715 2764 835 2803 cum
870 2762 977 2817 quo
1003 2746 1270 2818 loquatur,
1299 2746 1385 2803 cui
1409 2753 1642 2814 annuat,
1674 2760 1831 2817 quem

248 2839 481 2895 libenter
508 2839 751 2909 aspiciat.
790 2836 964 2893 Trade
1005 2836 1291 2892 Eustochio
1333 2836 1638 2907 parvulam,
1682 2836 1832 2906 cujus

236 2945 397 3007 pune
426 2940 483 2987 et
508 2931 623 3001 ipse
647 2929 858 3001 vagitus
882 2944 978 3000 pro
1010 2938 1062 2985 te
1089 2929 1265 2984 oratio
1293 2942 1397 2985 est.
1445 2927 1620 2985 Trade
1664 2929 1833 2984 comi-

250 3031 357 3077 tem
377 3023 700 3090 sanctitatis,
730 3022 957 3078 futuram
981 3022 1273 3078 hmredem.
1299 3022 1445 3077 illam
1465 3021 1662 3088 videat,
1687 3022 1834 3077 illam

248 3123 416 3180 amet,
449 3114 592 3169 illam
621 3114 799 3187 primis
824 3114 1035 3169 miretur
1063 3115 1126 3169 ab
1149 3115 1298 3167 annis
1323 3112 1342 3185 (
1366 3111 1583 3169 dineid.
1621 3110 1764 3167 VIII
1785 3116 1830 3184 ),

252 3190 406 3275 cujus
436 3214 491 3261 et
520 3220 721 3269 sermo,
754 3216 807 3261 et
837 3207 1101 3272 incessus,
1129 3214 1183 3261 et
1204 3204 1437 3273 habitus,
1465 3206 1706 3261 doctrina
1729 3196 1853 3260 vir:

253 3304 427 3350 tutum
457 3303 560 3351 est.
588 3294 671 3352 Sit
695 3296 747 3351 in
778 3296 985 3367 gremio
1011 3296 1165 3361 avitc,
1193 3311 1312 3367 qum
1335 3306 1539 3367 repetat
1569 3298 1619 3351 in
1653 3306 1830 3367 nepte,

253 3388 511 3460 quidquid
535 3388 792 3458 praemisit
817 3388 868 3442 in
899 3388 1039 3453 lilia;
1067 3403 1186 3457 qua:
1210 3390 1369 3458 longo
1398 3404 1496 3442 usu
1526 3388 1710 3443 didicit
1737 3405 1837 3443 nu-

255 3483 405 3548 trire,
436 3495 669 3545 servare,
702 3480 898 3536 docere
942 3480 1176 3551 virgines
1213 3497 1228 3534 :
1260 3481 1313 3534 in
1343 3479 1494 3550 cujus
1522 3478 1595 3553 (α)
1636 3495 1834 3536 corona

254 3573 552 3630 centenarii
602 3572 838 3642 quotidie
889 3573 1097 3627 numeri
1150 3574 1370 3627 castitas
1418 3576 1633 3628 texitur.
1684 3572 1831 3629 Felix

256 3666 432 3735 virgo,
460 3663 583 3719 felix
612 3662 770 3717 Paula
793 3661 1025 3725 Toxotii,
1052 3676 1173 3726 qua;
1220 3679 1319 3718 rea
1370 3678 1527 3719 avus
1552 3664 1836 3735 amitmque

256 3757 483 3812 virtutes
502 3753 732 3810 nobilior
757 3763 841 3810 est
863 3756 1166 3817 sanctitate,
1189 3768 1346 3822 quam
1370 3768 1587 3823 genere.
1609 3752 1654 3809 0
1674 3752 1720 3809 si
1743 3751 1839 3808 tibi

256 3848 594 3918 contingeret
616 3845 799 3901 videre
837 3860 1050 3901 socrmu
1080 3853 1135 3899 et
1162 3853 1442 3914 cognatam
1477 3855 1643 3911 tuam,
1689 3854 1745 3901 et
1785 3845 1843 3899 in

259 3954 323 4008 pa
333 3941 441 3994 rvis
462 3937 795 4008 ccrpuseulis
817 3937 1056 4006 iungentes
1074 3934 1282 3991 animos
1309 3934 1504 3991 intueri
1528 3952 1542 3989 :
1565 3949 1664 4006 pro
1681 3934 1840 3991 insita

260 4031 352 4086 tibi
380 4029 629 4101 pudicitia
652 4044 755 4083 non
778 4029 1125 4098 ambigerem,
1148 4027 1275 4097 quin
1296 4027 1628 4096 przecederes
1652 4027 1835 4093 filiam,

260 4133 315 4176 et
345 4122 570 4192 primam
611 4121 702 4177 Dei
747 4120 1105 4187 sententiam,
1152 4102 1383 4176 secunda
1421 4120 1692 4191 Evangelii
1724 4114 1842 4190 lege

261 4221 517 4268 mutares.
547 4211 640 4268 Nm
669 4210 762 4284 [ιιι.
790 4209 922 4284 Nec]
950 4219 1005 4265 tu
1045 4210 1457 4280 parvipenderes
1496 4210 1726 4267 aliorum
1749 4210 1843 4266 de-

262 4303 460 4359 sideria
490 4294 775 4359 liberorum
802 4319 817 4369 ;
871 4301 968 4357 sed
997 4302 1219 4372 teipsam
1246 4303 1417 4373 magis
1453 4301 1675 4357 offerres
1709 4303 1841 4358 Deo.

262 4395 369 4453 Sed
408 4396 529 4468 quia
554 4396 783 4467 tempus
824 4404 908 4451 est
950 4395 1320 4464 amplexandi,
1370 4401 1428 4451 et
1453 4404 1661 4465 tempus
1687 4395 1845 4466 longe

266 4490 380 4545 fieri
405 4503 436 4544 a
478 4488 884 4559 complexibus:
924 4497 979 4542 ct
1005 4502 1145 4543 uxor
1174 4503 1281 4543 non
1321 4487 1483 4543 habet
1525 4496 1843 4559 potestatem

267 4584 509 4653 corporis
550 4582 634 4636 sui
682 4582 732 4652 (1
765 4579 885 4635 Cor.
914 4580 968 4635 7.
993 4581 1092 4652 4):
1133 4589 1189 4637 et
1226 4583 1599 4654 unusquisque
1640 4583 1694 4639 in
1741 4598 1846 4654 qua

265 4676 551 4732 vocatione
578 4681 801 4728 vocatus
826 4680 930 4739 est,
963 4673 1015 4727 in
1042 4688 1106 4728 ea
1145 4682 1460 4743 permaneat
1489 4677 1540 4730 in
1573 4676 1799 4732 Domino
1825 4694 1841 4732 :

266 4776 321 4822 et
347 4767 437 4836 qui
469 4764 570 4820 sub
596 4763 724 4832 jngo
750 4771 854 4826 est,
882 4762 952 4815 ita
982 4762 1141 4817 debet
1164 4777 1404 4829 currere,
1432 4780 1501 4819 ne
1528 4765 1580 4820 in
1611 4765 1725 4821 luto
1748 4781 1843 4823 co-

267 4860 456 4914 mitem
490 4854 846 4922 dercliuquat,
874 4860 1043 4907 totum
1074 4853 1238 4908 redde
1266 4855 1320 4907 in
1346 4854 1536 4908 sobole
1560 4895 1576 4923 ,
1615 4858 1761 4927 quod
1794 4859 1847 4913 in

276 4962 329 5007 te
357 4946 573 5005 interim
599 4944 871 4999 distulisd.
908 4946 1058 4999 Anna
1093 4944 1257 5000 lilium
1300 4960 1458 5015 quem
1492 4945 1602 5002 Deo
1631 4958 1855 5005 voverat

273 5043 323 5114 (1
353 5041 484 5112 Reg.
519 5036 596 5111 1),
628 5046 903 5107 postquam
930 5036 1119 5091 obtulit
1157 5037 1208 5091 in
1235 5036 1611 5093 Tabernaculo
1638 5078 1654 5103 ,
1708 5056 1848 5095 nun-

277 5152 434 5209 quam
465 5133 706 5204 recepit:
731 5131 983 5188 indecens
1003 5133 1280 5199 arbitrata,
1308 5143 1367 5189 ut
1388 5132 1592 5192 futurus
1614 5126 1855 5207 Prophe¥

274 5238 329 5285 ta
358 5232 413 5285 in
438 5230 557 5299 ejus
584 5226 748 5282 domo
775 5234 1065 5290 cresceret,
1095 5240 1214 5297 quae
1239 5226 1412 5282 adhuc
1433 5228 1571 5284 alios
1598 5228 1739 5285 filios
1760 5230 1857 5287 ha-

278 5322 409 5379 bere
435 5322 707 5393 cupiebat.
736 5321 973 5390 Denique
991 5330 1270 5392 postquam
1291 5324 1537 5395 concepit
1556 5334 1611 5381 et
1628 5326 1852 5397 peperit,

279 5430 385 5468 non
414 5423 497 5469 est
526 5426 655 5466 ansa
682 5409 748 5465 ad
776 5410 1057 5481 Templum
1085 5413 1371 5479 accedere,
1412 5423 1466 5469 et
1493 5430 1658 5471 vacua
1687 5430 1853 5487 appa-

278 5517 403 5561 rere
428 5517 610 5560 coram
642 5502 887 5569 Domino,
918 5501 1020 5558 nisi
1046 5502 1195 5573 prius
1232 5504 1486 5561 redderet
1510 5498 1855 5577 quod-debeJ

346 5657 626 5733 (a)-7Confer
648 5670 763 5733 quas
795 5658 1030 5733 iuiprimo
1051 5665 1217 5732 contra
1247 5657 1492 5733 Jovhiiau.
1515 5661 1642 5733 libro
1674 5676 1780 5726 cap.
1810 5667 1854 5715 1.

282 5718 563 5782 adnotamus
588 5735 601 5769 :
626 5718 773 5782 atque
797 5718 967 5769 istiizec
988 5721 1037 5769 in
1071 5722 1269 5781 primis:
1302 5739 1325 5767 ι
1345 5721 1652 5773 Centesimus
1689 5718 1860 5777 nume-

282 5793 368 5855 με
388 5781 558 5855 iisdem
581 5781 985 5855 quidem-digitis,
1012 5782 1218 5855 sed_non
1244 5782 1417 5855 eadem
1447 5798 1587 5855 manu
1605 5786 1786 5847 quibus
1809 5790 1858 5855 in

281 5839 402 5913 larva
425 5839 956 5915 nuptg'siguiiicaniur,
978 5851 1027 5896 ct
1044 5843 1219 5906 viduae,
1244 5843 1474 5897 circulum
1499 5839 1681 5899 faciens
1699 5850 1859 5913 expri-

281 5910 369 5955 llttt
394 5911 682 5968 maturitatis
703 5916 943 5957 coronam.
970 5922 991 5953 ι

1587 434 1911 497 ΕιηετοιΑ
1947 432 2126 494 (Nili.

3401 446 3533 507 8-?"

1922 549 2012 605 hat
2037 567 2051 605 :
2081 548 2284 621 talique
2328 548 2601 608 immolato
2630 554 2930 626 sacriﬁcio,
2974 569 3194 618 reversa
3234 560 3450 619 domum
3478 600 3533 627 ,.

1931 640 2167 713 quinque
2195 641 2396 700 liberos
2420 643 2520 699 sibi
2553 646 2755 714 genuit,
2784 649 2908 717 quia
2936 650 3344 723 primogenitum
3392 651 3507 708 Deo

1934 742 2234 803 pepererat.
2261 733 2471 792 Miraris
2498 735 2806 794 felicitatem
2839 751 3037 797 sanctze
3066 742 3348 800 mulieris?
3378 742 3534 798 imi»

1932 832 2045 880 tare
2068 822 2248 881 tidem.
2275 826 2415 896 Ipse,
2442 827 2488 883 si
2513 826 2733 884 Paulam
2752 830 2984 897 miseris,
3012 843 3067 887 et
3084 835 3395 903 magistrum
3419 849 3523 888 me.

1930 923 1984 970 et
2007 915 2292 972 nutricium
2318 918 2585 990 spondeo.
2606 919 2839 978 Gestabo
2881 922 3155 990 humeris,
3199 925 3272 995 (b)
3308 926 3501 981 balbu-

1932 1006 2115 1061 tientia
2138 1022 2304 1065 senex
2315 1009 2490 1065 verba
2518 1009 2793 1077 formabo;
2811 1012 2982 1067 multo
3002 1014 3287 1084 gloriosior
3318 1016 3502 1070 mundi
3528 1052 3536 1062 .

1931 1095 2432 1173 Philosophozqui-
2451 1117 2556 1158 non
2604 1118 2785 1175 regem
2827 1103 3172 1161 Macedonum
3212 1105 3535 1177 Babylonio.
3638 1133 3650 1149 ι

1934 1192 2233 1259 periturum
2265 1206 2475 1248 veneno
2498 1194 2653 1276 ;.sed-
2667 1195 2919 1250 ancillam
2951 1204 3013 1250 et
3031 1210 3285 1266 sponsam
3309 1195 3531 1251 Christi:

1930 1280 2192 1349 erudiam,
2222 1284 2400 1355 regnis
2422 1285 2732 1342 ccelestihus
2758 1285 3120 1344 oderendam.

2375 1393 2707 1450 EPISTULA
2750 1394 2912 1451 CVlll
2940 1397 3039 1467 (c).

2339 1522 2407 1561 AD
2445 1522 2774 1563 ευδτοςιιιωι
2812 1525 3062 1567 νικαιιςειι
3072 1553 3085 1566 .

2286 1619 2364 1690 (d)
2396 1619 2725 1693 Epitaphium
2752 1621 2936 1677 Paula:
2958 1624 3157 1679 matris.

1932 1710 2113 1766 Paula:
2133 1711 2284 1765 vitam
2302 1711 2527 1780 enarrat,
2550 1730 2700 1784 quam
2728 1715 2942 1784 primum
2963 1732 2995 1768 a
3013 1715 3210 1787 generis
3230 1715 3511 1782 nobilitate,

2003 1814 2108 1857 tum
2154 1821 2271 1858 vero
2313 1805 2533 1859 maxime
2572 1806 2637 1860 ob
2680 1807 2840 1860 animi
2869 1808 3106 1862 virtutem
3135 1807 3344 1876 laudat,
3378 1796 3541 1881 quod!

2006 1896 2220 1951 Toxotio
2250 1899 2433 1952 marito
2457 1901 2717 1970 defuncto,
2750 1910 2907 1955 totam
2932 1918 2987 1956 se
3017 1900 3124 1956 Deo
3152 1904 3363 1967 caverit,
3389 1914 3437 1958 et
3463 1905 3517 1957 in

2002 1998 2177 2042 sancto
2206 1990 2463 2059 proposito
2500 1989 2589 2043 diu
2618 1989 2796 2046 Roma:
2822 1992 3022 2048 vixerit.
3054 1991 3252 2049 Deinde
3291 1996 3400 2068 ejus
3423 1997 3519 2050 iter

2003 2079 2385 2151 diligentissime
2409 2080 2675 2148 describit,
2700 2098 2806 2153 quo.
2826 2086 3111 2155 peragratis
3136 2087 3295 2141 sacris
3322 2087 3520 2142 Judtete

2005 2173 2148 2239 locis,
2177 2182 2328 2243 atque
2346 2172 2420 2227 1E
2425 2182 2585 2244 gypto
2601 2175 2963 2230 Alexandriam
2989 2193 3163 2249 usque,
3187 2176 3514 2234 inBethleeut

2003 2265 2244 2322 consedit.
2275 2263 2353 2319 Ibi
2373 2281 2486 2337 qtae
2510 2268 2733 2322 extruxit
2763 2265 3031 2340 Virginum
3055 2272 3382 2338 monasteria,
3405 2273 3507 2342 qui-

2006 2358 2192 2429 busque
2221 2358 2460 2429 exemplis
2486 2375 2547 2413 ac
2572 2360 2840 2432 praeceptis
2868 2363 3071 2428 rexerit,
3103 2362 3348 2430 declarat,
3375 2364 3517 2434 ejus:-

2006 2451 2119 2504 dem
2146 2450 2502 2516 humilitatem,
2534 2453 2853 2522 patientiam,
2877 2464 3216 2524 contemptum
3243 2458 3435 2521 sazculi,
3464 2459 3515 2511 in

2006 2556 2255 2611 pauperes
2277 2550 2427 2610 atque
2453 2550 2670 2610 wgrotos
2710 2543 3002 2609 caritatem,
3034 2542 3331 2598 Divinarum
3374 2544 3512 2600 Scrii

2007 2641 2273 2702 pturarum
2301 2631 2583 2698 scientiam,
2616 2649 2676 2686 ac
2704 2633 2825 2702 ﬁdei
2849 2630 3160 2703 puritatem,
3202 2645 3352 2707 atque
3388 2636 3527 2691 aliae

2007 2722 2197 2791 passim
2217 2724 2344 2775 virtu
2353 2731 2424 2776 tes
2440 2722 2865 2778 cumulatissimas
2882 2723 3143 2794 prtedicat.
3166 2721 3394 2796 Denique
3408 2726 3519 2796 ejus

2009 2823 2215 2867 mortem
2243 2822 2289 2868 et
2317 2814 2497 2885 funera
2525 2813 2727 2885 copiose
2754 2813 3015 2870 describit.

2005 2924 2170 2998 690
2246 2928 2295 2981 l.
2327 2926 2383 2983 Si
2425 2935 2616 2983 cuncta
2663 2928 2907 3000 corporis
2936 2928 3041 2986 mei
3068 2930 3308 2986 membra
3338 2939 3518 2988 verte-

1939 3030 2127 3071 rentur
2155 3017 2209 3072 in
2237 3017 2465 3087 linguas,
2492 3026 2548 3074 et
2568 3034 2757 3074 omnes
2783 3028 2931 3076 artus
2953 3021 3183 3076 humana
3213 3036 3343 3079 voce
3363 3036 3519 3077 reso-

1938 3117 2148 3173 narent,
2174 3108 2308 3162 nihil
2333 3108 2549 3180 dignum
2573 3120 2772 3166 sancta:
2796 3124 2861 3166 ac
2876 3112 3201 3169 venerabilis
3217 3112 3395 3171 Paula:
3412 3115 3521 3169 vir-

1941 3199 2146 3253 tntibus
2174 3197 2432 3255 dicerem.
2459 3198 2666 3256 Nobilis
2694 3216 2893 3272 genere
2912 3242 2929 3268 ,
2960 3201 3054 3258 sed
3082 3203 3251 3259 multo
3279 3204 3517 3259 nobilior

1940 3293 2225 3348 sanctitate
2249 3310 2263 3347 :
2294 3301 2482 3361 potens
2510 3294 2778 3363 quondam
2808 3295 3026 3359 divitiis.
3045 3297 3141 3353 sed
3161 3312 3303 3352 nunc
3322 3296 3523 3354 Christi

1939 3393 2251 3453 patipertate
2278 3385 2576 3455 insignior;
2606 3386 2932 3443 Graccorum
2959 3389 3121 3459 stirps
3141 3432 3155 3454 ,
3188 3388 3404 3446 soboles
3449 3391 3521 3461 (ε)

1940 3476 2275 3546 Scipionum,
2324 3477 2474 3533 Pauli
2524 3478 2719 3545 lia-res,
2762 3481 2922 3550 cujus
2958 3481 3277 3538 vocabulum
3314 3484 3520 3550 trahit,

1940 3567 2141 3622 Martiae
2169 3568 2412 3639 Pap'yrim
2438 3569 2625 3623 matris
2644 3567 2885 3624 Africani
2905 3585 3029 3626 vera
3051 3580 3107 3626 et
3120 3586 3373 3641 germana
3401 3584 3527 3642 pro-

1938 3660 2142 3728 genies,
2158 3658 2343 3714 Roma:
2366 3660 2599 3728 praetulit
2619 3660 2915 3729 Bethleem,
2930 3672 2984 3718 et
3002 3677 3133 3718 auro
3158 3672 3293 3719 tecta
3315 3663 3524 3735 fulgen-

1943 3750 2037 3811 tia.
2068 3750 2311 3806 informis
2350 3750 2446 3806 luti
2493 3752 2700 3807 vilitate
2746 3752 2992 3809 mutavit.
3037 3752 3152 3808 Non
3195 3769 3524 3822 maeremus,

1941 3844 2085 3913 quod
2117 3844 2275 3900 talem
2304 3844 2583 3900 amisimus
2610 3860 2625 3910 ;
2657 3843 2752 3899 sed
2777 3844 2975 3913 gratias
3000 3844 3229 3915 agimus,
3261 3846 3402 3916 quod
3429 3846 3526 3901 ha-

1944 3936 2176 4002 buimus,
2229 3934 2337 3992 imo
2390 3936 2703 3992 habeamus.
2749 3936 2861 3992 Deo
2898 3935 3041 3991 enim
3089 3935 3275 3991 vivunt
3305 3937 3523 4003 omnia;

1950 4042 2017 4081 ur
2043 4041 2290 4091 QUIDQUID
2317 4026 2602 4080 revertitur
2639 4025 2708 4080 ad
2738 4025 3052 4091 Dominum,
3092 4025 3146 4080 in
3171 4025 3389 4082 lautitia:
3429 4042 3531 4081 nn-

1947 4133 2098 4173 mero
2122 4126 2480 4187 computatur.
2505 4118 2834 4187 Quamquam
2863 4116 3082 4172 amissio
3104 4118 3268 4184 illius,
3290 4119 3528 4176 cmlestis

1948 4211 2139 4267 domus
2171 4210 2426 4266 habitatio
2453 4211 2559 4276 sit;
2591 4226 2711 4281 qua:
2738 4211 2992 4282 quamdiu
3033 4212 3088 4268 in
3132 4228 3360 4285 corpore
3394 4214 3529 4280 fuit,

1950 4303 2285 4374 peregrinata
2314 4311 2397 4358 est
2420 4317 2451 4358 a
2480 4302 2704 4358 Domino
2724 4302 2804 4374 (ἓ.
2832 4301 2953 4360 Cor.
2972 4304 3055 4373 5),
3084 4314 3138 4360 et
3159 4319 3291 4361 voce
3313 4319 3531 4375 semper

1950 4396 2118 4451 ﬂebili
2139 4394 2487 4465 querebatur,
2521 4394 2746 4450 dicens:
2778 4393 2894 4449 IIeu
2923 4396 3067 4461 mihi,
3092 4397 3211 4467 quia
3236 4398 3531 4467 peregrina-

1951 4488 2020 4543 tio
2046 4504 2156 4542 mea
2176 4487 2476 4559 prolongata
2496 4495 2589 4553 est,
2612 4485 2831 4540 habitari
2845 4502 2960 4541 cum
2977 4486 3314 4541 habitantibus
3335 4484 3517 4553 Cedar,

1957 4579 2030 4650 (ι’)
2081 4579 2294 4635 multum
2342 4578 2665 4649 peregrinata
2704 4586 2777 4633 est
2822 4578 2992 4632 anima
3021 4594 3132 4632 mea
3159 4576 3281 4646 (Ps.
3311 4576 3400 4634 19.
3434 4576 3525 4648 5),

1952 4672 2062 4731 Nec
2095 4673 2286 4729 mirum
2326 4674 2372 4728 si
2403 4671 2667 4742 planxerit
2702 4684 2764 4727 se
2800 4672 3003 4728 versari
3053 4674 3105 4728 iu
3133 4673 3345 4730 tenebris
3386 4673 3529 4748 (hoc

1953 4763 2095 4824 enim
2118 4762 2713 4833 Cedarinterpretatur)
2783 4763 2945 4835 εει
3019 4779 3140 4820 cum
3194 4765 3425 4821 mundus
3474 4767 3528 4822 in

1956 4859 2188 4927 maligno
2216 4856 2420 4926 positus
2445 4855 2568 4931 ~sit;
2596 4862 2653 4910 et
2700 4855 2837 4910 sicut
2867 4855 3101 4911 tenebra:
3151 4857 3314 4921 illius,
3360 4857 3434 4912 ita
3482 4870 3538 4913 et

1956 4950 2136 5004 lumen
2166 4947 2284 5017 ejus
2310 4945 2433 5017 (Ps.
2465 4945 2593 5002 158.
2627 4944 2719 5017 η)
2743 4963 2759 5012 ;
2784 4945 2982 5017 luxque
3008 4949 3063 5002 in
3095 4948 3330 5004 tenebris
3361 4949 3536 5006 luceat

1958 5038 2138 5109 (Joan.
2167 5040 2217 5094 1.
2247 5037 2303 5109 5)
2331 5045 2386 5092 et
2411 5036 2647 5093 tenebrae
2687 5051 2807 5093 eam
2840 5053 2950 5094 non
2987 5040 3510 5110 comprehenderunt

1959 5131 2112 5189 Unde
2136 5139 2192 5187 et
2218 5129 2347 5185 illud
2372 5128 2614 5185 crebrius
2639 5129 2920 5195 inferebat,
2945 5129 3154 5188 Advena
3194 5150 3309 5187 sum
3344 5142 3393 5188 et
3444 5149 3508 5202 pe

1958 5226 2161 5299 regrina
2179 5224 2308 5278 sicut
2332 5238 2503 5277 omnes
2529 5232 2697 5294 patres
2717 5224 2814 5279 mei
2835 5223 2951 5295 (Ps.
2971 5224 3061 5281 58.
3081 5226 3196 5297 13).
3224 5226 3290 5282 Et
3312 5226 3535 5295 iterum,

2022 5418 2094 5482 (ι’)
2134 5418 2258 5482 μιιὶρδ
2278 5418 2352 5469 27.
2382 5418 2568 5482 scripta
2598 5432 2722 5470 muto
2752 5420 2863 5470 104.

2024 5476 2101 5547 (ςί)
2137 5482 2191 5531 In
2214 5480 2418 5547 Regina:
2440 5476 2543 5531 cod.
2570 5482 2680 5530 597.
2706 5483 2982 5547 inscribitur
3004 5482 3111 5532 Vita
3127 5488 3173 5531 s.
3197 5477 3363 5530 Paula:
3384 5476 3543 5529 vidule

1961 5541 2193 5607 scripta}
2220 5552 2271 5592 Β.
2296 5541 2585 5607 ὶῑίενοῃῃηῳ
2608 5543 2909 5607 Presbytero.

2027 5355 2072 5423 (b
2128 5356 2254 5421 Reg.
2278 5355 2588 5409 balbutientia
2608 5357 2733 5409 senis
2755 5358 2895 5409 verba
2916 5356 3162 5424 ﬁrmaboa

2027 5360 2094 5533 te}
2134 5419 2258 5469 4tias
2382 5418 2568 5482 scripta
2598 5432 2722 5493 atth
2752 5420 2863 5493 illi.

2027 5484 2041 5533 f
2084 5486 2101 5533 i
2137 5482 2191 5531 In
2214 5480 2418 5533 Remum
2440 5481 2543 5531 cod.
2570 5482 2680 5530 597.
2706 5483 2982 5533 inscribitur
3004 5482 3111 5532 Vita
3127 5488 3159 5531 s

2026 5598 2095 5668 (ἐ)
2127 5598 2498 5668 Βυοννθιιιδιὶεζ
2533 5598 2922 5668 Βθεὶηω-’ροᾶᾳ
2963 5602 3089 5668 197..
3122 5607 3175 5668 e_t
3216 5598 3545 5668 legunt.
3634 5628 3635 5631 η

1963 5658 2337 5737 ριὸῑὶἱεινίιυίὺιιε
2358 5658 2571 5737 concipit
2587 5658 2711 5737 alius
2726 5696 2729 5701 -
2747 5663 2836 5737 gs.
2875 5665 2926 5736 S.
2962 5661 3173 5737 Mafxim‘i
3193 5662 3315 5737 apud
3338 5658 3543 5737 ‘llloltan:

1963 5729 2095 5791 dum.
2121 5720 2296 5778 Ninum
2321 5739 2466 5791 porro
2489 5724 2638 5791 fuisse
2662 5725 2728 5791 ῃ
2753 5725 3003 5791 Papiriam
3027 5723 3079 5773 C.
3112 5720 3319 5791 Papirii
3337 5720 3545 5791 Nasonis

2876 5785 2893 5801 3

1964 5790 2126 5849 filiam,
2153 5782 2360 5839 uxorein
2382 5787 2439 5837 Ι..
2464 5786 2638 5837 milii
2672 5782 2837 5846 Pauli,
2855 5782 3011 5843 Fabii,
3040 5790 3091 5833 et
3113 5782 3321 5833 Africani
3339 5783 3544 5844 junioris

1964 5859 2188 5901 matrem.

2036 5911 2081 5977 if
2092 5912 2104 5977 )
2142 5912 2240 5964 Alii
2258 5911 2373 5965 Msa.
2393 5910 2534 5973 juxta
2554 5906 2830 5971 Vulgatam,
2853 5903 3229 5959 nutltum‘iucota
3250 5905 3360 5969 fuit,
3384 5910 3481 5954 etc.
