4106 6340
589 437 701 497 879

587 554 750 626 Cupio
775 553 999 616 dissolvi,
1031 559 1082 606 et
1119 565 1225 606 esse
1263 563 1378 604 cum
1408 549 1609 605 Christo
1637 547 1912 620 (Philipp.
1945 548 1998 602 i.
2021 546 2094 604 2'5
2115 545 2157 618 ).

587 647 808 714 Quoties
831 653 1010 700 autem
1050 641 1363 699 inﬁrmitate
1385 642 1686 712 corpusculi
1713 641 1901 713 (quam
1931 639 2165 695 incredi-

585 738 679 795 bili
707 734 1087 810 abstinentia),
1129 745 1183 792 et
1211 735 1496 806 duplicatis
1541 739 1885 790 contraxerat
1918 730 2163 801 jejuniis)

587 828 903 896 vexabatur,
922 828 1024 884 hoc
1042 832 1093 882 in
1108 843 1204 884 ore
1225 828 1474 884 volvebat
1495 826 1755 896 :Subjicio
1771 839 1954 894 corpus
1971 838 2166 889 meum,

586 919 697 972 etin
713 920 996 974 seruitutem
1021 919 1216 991 redigo,
1245 936 1310 974 ne
1324 920 1442 973 aliis
1461 918 1768 988 prwdicans,
1795 914 1908 986 ipsa
1930 922 2160 984 reproba

583 1011 814 1064 inveniar
838 1011 914 1080 (Ι.
945 1010 1064 1066 Cor.
1094 1011 1148 1067 9.
1179 1009 1295 1082 27).
1321 1010 1391 1065 Et
1417 1028 1429 1064 :
1455 1008 1652 1064 Bonum
1679 1017 1752 1062 est
1772 1008 1941 1062 uinum
1962 1021 2060 1060 non
2082 1004 2164 1058 bi-

583 1102 696 1155 bere
717 1141 734 1166 ,
781 1109 828 1156 et
867 1116 1073 1155 carnem
1102 1117 1202 1155 non
1237 1099 1544 1154 manducare
1572 1098 1752 1172 (Rom.
1792 1099 1879 1154 14.
1912 1094 2023 1167 21).
2057 1095 2161 1150 Et:

583 1189 870 1245 Humiliavi
893 1192 945 1245 in
962 1191 1165 1262 jejunio
1189 1192 1412 1245 animant
1444 1205 1605 1243 meant
1648 1189 1764 1258 (Ps.
1795 1189 1885 1243 54.
1914 1185 2026 1258 13).
2055 1186 2160 1252 Et,

582 1281 766 1336 Totum
786 1283 965 1336 tectum
984 1298 1147 1336 meum
1167 1282 1372 1336 versasti
1385 1281 1435 1334 in
1456 1280 1754 1349 inﬁrmitate
1772 1295 1881 1334 mea
1906 1277 2018 1347 (Ps.
2045 1275 2160 1345 150).

582 1375 648 1430 Et
667 1417 682 1442 ,
725 1374 932 1430 Versata
959 1391 1073 1430 sunt
1096 1376 1154 1429 in
1179 1375 1383 1430 miseria
1403 1415 1418 1440 ,
1447 1375 1570 1427 dum
1594 1374 1719 1428 mihi
1748 1372 2020 1443 conﬁgitur
2057 1372 2164 1440 spi-

583 1483 650 1519 na
678 1465 794 1538 (Ps.
823 1463 937 1536 5|).
977 1463 1062 1537 (α)
1103 1466 1277 1534 Atque
1319 1465 1460 1522 inter
1488 1464 1689 1520 doloris
1729 1463 1984 1529 aculeos,
2030 1476 2164 1531 quos

583 1559 716 1612 mira
745 1557 996 1628 patientia
1039 1557 1363 1621 sustinebat,
1408 1555 1560 1626 quasi
1600 1566 1816 1624 apertos
1859 1553 1961 1606 sibi
1997 1552 2164 1607 cmlos

585 1650 874 1719 aspiceret,
903 1648 1258 1719 loquebatur:
1299 1647 1450 1718 (Quis
1489 1647 1628 1700 dabit
1665 1646 1786 1699 mihi
1818 1661 2007 1715 pennas
2034 1643 2164 1698 sicut

582 1742 848 1809 columba,
877 1751 924 1796 et
950 1742 1146 1806 volabo,
1180 1750 1224 1794 et
1253 1741 1557 1812 requiescam
1589 1738 1707 1810 (Ps.
1737 1739 1828 1793 54.
1859 1737 1952 1806 '1)?

651 1836 706 1890 2.
740 1834 936 1890 Testor
963 1835 1148 1890 Jesum
1182 1842 1235 1888 et
1279 1832 1503 1887 Sanetus
1530 1831 1648 1901 ejus
1671 1871 1686 1896 ,
1733 1830 2012 1900 ipsumque
2040 1844 2164 1900 pro-

582 1929 756 1997 prium
791 1925 865 1999 (b)
895 1927 1178 1998 Angelum,
1208 1925 1302 1996 qui
1326 1934 1507 1981 custos
1531 1924 1623 1979 fuit
1654 1935 1707 1980 et
1732 1939 1914 1978 comes
1935 1923 2166 1977 admira-

582 2021 706 2076 bilis
741 2021 973 2087 feminze,
1003 2035 1089 2075 me
1114 2018 1246 2073 nihil
1272 2018 1325 2072 in
1353 2017 1600 2088 gratiam,
1648 2015 1781 2071 nihil
1819 2031 1968 2071 more
2010 2015 2166 2069 bian-

582 2113 841 2169 dientium
868 2112 1016 2183 loqui
1045 2129 1058 2165 :
1086 2111 1180 2167 sed
1207 2109 1464 2181 quidquid
1491 2108 1730 2164 dicturus
1759 2123 1897 2173 sum,
1929 2122 2027 2178 pro
2083 2115 2164 2161 te-

582 2203 837 2259 stimonio
854 2203 1033 2259 dicere
1056 2220 1071 2269 ;
1103 2211 1158 2258 et
1179 2202 1357 2256 minus
1372 2201 1488 2271 ejus
1504 2215 1625 2256 esse
1652 2200 1878 2263 meritis,
1904 2214 2062 2269 quam
2087 2206 2164 2252 to-

583 2304 670 2352 tus
695 2296 842 2352 orbis
867 2296 1015 2351 canit
1040 2313 1054 2348 :
1087 2293 1399 2349 sacerdotes
1416 2294 1702 2361 mirantur,
1727 2293 1988 2363 virginum
2015 2291 2166 2347 ebori

587 2387 917 2453 desiderant,
945 2386 1327 2442 Monacborum
1355 2395 1409 2440 ct
1437 2401 1726 2456 pauperum
1751 2385 1921 2440 turbae
1948 2384 2167 2454 deplan-

583 2490 735 2552 gunt.
762 2481 854 2536 Vis
880 2481 1051 2555 lector
1079 2479 1198 2550 ejus
1229 2478 1464 2533 breviter
1490 2477 1630 2532 scire
1671 2476 1937 2532 virtutes?
1979 2491 2168 2531 omnes

582 2588 710 2629 suos
737 2587 1034 2644 pauperes,
1084 2571 1369 2642 pauperior
1413 2571 1526 2639 ipsa
1557 2568 1784 2624 dimisit.
1811 2567 1922 2623 Nec
1951 2567 2165 2634 mirum,

583 2666 651 2722 de
683 2666 942 2736 proximis
967 2673 1022 2720 et
1049 2650 1327 2729 familiola,
1356 2677 1516 2733 quam
1563 2661 1617 2715 in
1657 2669 1882 2730 utroque
1922 2675 2052 2714 sexu
2102 2659 2170 2714 de

585 2757 757 2812 servis
781 2765 835 2811 et
858 2755 1070 2810 ancillis
1089 2755 1140 2809 in
1169 2753 1360 2808 fratres
1380 2766 1701 2822 sororesque
1729 2761 2045 2818 mutaverat,
2070 2751 2168 2804 ista

586 2847 868 2917 proferre,
913 2861 1033 2902 cum
1080 2843 1432 2900 Eustochium
1487 2842 1789 2912 virginem,
1823 2850 1877 2895 et
1922 2840 2168 2896 devotam

582 2937 782 2995 Christi
813 2937 999 3004 ﬁliam,
1029 2939 1081 2992 in
1108 2936 1260 3006 cujus
1287 2935 1708 2991 consolationem
1735 2934 1948 2990 libellus
1969 2933 2054 2988 hic
2074 2949 2170 2988 cu-

583 3029 749 3096 ditur,
781 3029 965 3099 procul
994 3043 1022 3082 a
1050 3026 1212 3082 nobili
1241 3039 1462 3097 genere,
1493 3024 1606 3080 sola
1639 3023 1744 3080 fide
1767 3033 1821 3080 et
1839 3023 2012 3094 gratia
2037 3022 2169 3078 divi-

584 3129 691 3175 tem
715 3119 1012 3190 reliquerit.

655 3211 711 3266 5.
744 3209 1038 3280 Carpamus
1068 3210 1228 3279 igitur
1257 3207 1508 3263 narrandi
1548 3206 1814 3262 ordinem.
1859 3206 1962 3260 Alii
2004 3206 2169 3261 altius

585 3311 856 3374 repetant.
887 3311 941 3356 et
971 3316 1000 3355 a
1028 3299 1311 3356 cunabulis
1338 3300 1476 3368 ejus,
1509 3298 1745 3369 ipsisque
1774 3298 1853 3370 (ut
1879 3297 1949 3352 ita
1972 3296 2169 3369 dicam)

585 3391 896 3463 crepundiis
924 3399 1147 3446 matrem
1178 3390 1495 3457 Blzesillam,
1524 3399 1578 3444 et
1603 3389 1864 3459 Rogatum
1898 3389 2169 3458 proferant

585 3492 825 3552 patrem:
873 3494 1100 3551 quorum
1140 3481 1307 3535 altera
1351 3478 1659 3549 Scipionum
1689 3520 1704 3542 .
1737 3479 2169 3550 Graecorumque

585 3573 866 3642 progenies
903 3579 1027 3626 est:
1065 3571 1201 3625 alter
1231 3585 1326 3640 per
1360 3585 1549 3625 omnes
1587 3567 1701 3624 fere
1729 3569 1968 3626 Grmeias
1997 3587 2168 3641 usque

584 3664 742 3719 hodie
759 3663 1130 3719 stemmatibus
1143 3671 1196 3717 et
1210 3663 1506 3727 divitiis,ae
1520 3664 1795 3718 nobilitate
1812 3665 2168 3733 Agamemno-

585 3756 667 3810 nis
707 3754 874 3810 fertur
911 3755 1224 3824 sanguincm
1267 3754 1502 3820 trahere,
1523 3755 1613 3825 qui
1653 3754 1927 3809 decennali
1951 3755 2167 3825 Trojam

583 3848 862 3905 obsidione
896 3849 1115 3904 delevit.
1158 3847 1268 3923 Nos
1307 3847 1439 3903 nihil
1479 3847 1849 3913 laudabimus,
1891 3848 1990 3902 nisi
2023 3849 2165 3918 quod

587 3941 858 4012 proprium
905 3951 1019 4008 est,
1046 3949 1100 3996 et
1133 3940 1201 3996 de
1239 3939 1532 4010 purissimo
1555 3948 1754 3994 sancta:
1795 3941 1989 3995 mentis
2022 3943 2167 3997 fonte

585 4034 876 4101 profertur.
927 4031 1244 4102 Quanquam
1295 4031 1553 4086 Dominus
1601 4038 1760 4100 atque
1814 4029 2058 4086 Salvator
2111 4031 2164 4086 in

584 4125 875 4192 Evangelia
921 4123 1110 4179 doceat
1163 4123 1450 4193 Apostolus
1511 4123 1850 4178 sciscitantes
1895 4123 2022 4192 quid
2063 4123 2164 4178 sibi

585 4215 893 4270 redditurus
916 4214 1005 4278 sit,
1029 4214 1116 4283 qui
1136 4214 1313 4268 omnia
1335 4227 1427 4266 sua
1452 4228 1548 4282 pro
1570 4215 1785 4267 nomine
1807 4214 1925 4281 ejus
1941 4212 2165 4269 dimise-

583 4315 748 4362 runt:
781 4305 1092 4374 centuplum
1127 4304 1178 4358 in
1208 4305 1616 4373 praesentiarum
1668 4313 1998 4372 recepturos,
2029 4314 2084 4359 et
2110 4307 2165 4361 in

583 4398 768 4453 futuro
804 4397 968 4451 vitam
999 4403 1254 4449 aeternam
1284 4393 1475 4464 (Marc.
1506 4391 1614 4465 10).
1650 4393 1726 4448 Ex
1762 4409 1871 4464 quo
1914 4394 2165 4466 intelligi-

582 4504 738 4557 mus,
770 4503 873 4544 non
917 4501 1109 4543 LAUDIS
1151 4497 1272 4541 esse
1315 4484 1593 4556 possidere
1632 4484 1881 4549 divitias,
1926 4485 2020 4540 sed
2069 4500 2168 4555 pro

585 4580 804 4635 Christo
840 4593 933 4634 cas
960 4586 1310 4633 contemnere
1345 4592 1358 4629 :
1392 4590 1497 4630 non
1529 4583 1737 4630 tumere
1779 4575 1846 4628 ad
1891 4575 2125 4631 honores
2146 4617 2161 4639 ,

585 4673 680 4726 sed
708 4687 808 4741 pro
837 4671 933 4727 Dei
960 4669 1067 4726 fide
1095 4683 1192 4725 eos
1222 4667 1634 4738 parvipendere.
1665 4667 1805 4722 Vere
1833 4667 1973 4738 quod
2007 4669 2164 4737 polli-

585 4765 721 4818 citus
748 4770 831 4816 est
859 4761 1030 4816 servis
1059 4761 1173 4816 suis
1197 4769 1251 4815 et
1277 4759 1487 4815 ancillis
1515 4758 1793 4824 Salvator,
1839 4758 2072 4812 reddidit
2111 4759 2164 4814 in

584 4854 857 4924 praesenti.
891 4852 1020 4906 Nam
1053 4866 1171 4921 quae
1217 4851 1373 4906 unius
1393 4851 1542 4906 urbis
1561 4850 1885 4920 contempsit
1911 4851 2159 4920 gloriam,

588 4947 751 4998 tetius
774 4931 921 4997 orbis
945 4942 1198 5011 opinione
1223 4941 1525 4996 celebratur
1548 4957 1562 4994 :
1591 4957 1752 5012 quam
1791 4940 1977 4996 Romae
2004 4941 2162 4996 habi-

585 5045 812 5094 tantem.
843 5035 1019 5088 nullus
1047 5044 1196 5089 extra
1234 5034 1459 5088 Romam
1504 5043 1765 5099 noverat,
1815 5033 2069 5088 latentem
2107 5035 2160 5089 in

585 5123 887 5188 Bethleem,
919 5131 974 5177 et
1002 5123 1226 5178 barbara
1254 5131 1308 5178 et
1327 5124 1567 5178 Romana
1611 5134 1753 5179 terra
1787 5125 2028 5178 miratur.
2056 5124 2160 5180 Cu-

585 5217 669 5287 jus
700 5214 844 5270 enim
875 5214 1050 5284 gentis
1081 5212 1324 5269 homines
1347 5213 1414 5269 ad
1443 5222 1624 5268 sancta
1648 5214 1765 5268 loca
1787 5229 1895 5269 non
1916 5217 2161 5273 veniunt?

584 5308 714 5375 Quis
740 5315 919 5361 autem
952 5306 1004 5359 in
1025 5304 1226 5360 sanctis
1243 5303 1375 5359 locis
1396 5313 1587 5374 prmter
1608 5305 1850 5373 Paulam,
1879 5307 2018 5378 quod
2042 5309 2160 5379 plus

585 5400 724 5452 inter
750 5396 993 5450 homines
1019 5394 1326 5457 miraretur,
1360 5393 1604 5454 invenit?
1633 5394 1710 5466 (l)
1741 5395 1865 5450 llmc
1908 5398 2046 5452 sicut
2073 5400 2158 5453 iu-

651 5510 712 5577 (n)
753 5511 1007 5581 Vetustius
1026 5508 1231 5581 Regina
1252 5507 1522 5570 exemplar,
1548 5515 1698 5573 Atque
1730 5508 1854 5560 inter
1878 5509 2002 5562 alios
2023 5512 2158 5564 doto-

581 5587 676 5633 res,
702 5586 817 5635 quos
839 5577 982 5631 mira,
1009 5577 1106 5635 etc.

644 5631 722 5696 (ω’
751 5635 932 5697 Vocem
964 5631 1249 5697 Angelosex
1284 5643 1342 5697 ea
1372 5644 1491 5697 qua:
1521 5641 1597 5697 est
1630 5633 1683 5682 in
1714 5632 1840 5697 Vitis
1872 5633 2156 5697 Sanctorth

580 5691 778 5745 Patrum
793 5691 1054 5757 editione,~
1065 5703 1116 5744 et
1138 5691 1368 5757 Bollando
1391 5691 1686 5757 suﬁ'ecimus,
1709 5695 1981 5757 quiitidem
2013 5698 2157 5757 paulo

581 5766 707 5817 post,
730 5755 850 5820 mltit
873 5753 1035 5820 dicere
1056 5769 1190 5808 more
1223 5753 1521 5806 laudantium
1544 5769 1564 5820 ;
1586 5753 1677 5820 pro
1704 5753 1826 5808 nihil
1852 5769 1984 5810 more
2014 5753 2154 5810 blan-

582 5815 810 5867 dientium
833 5815 976 5876 loqui.

644 5880 718 5940 (ι)
751 5879 894 5931 Grav.
920 5883 976 5931 Et
995 5878 1140 5952 jubet
1159 5876 1262 5944 legi
1285 5891 1372 5943 pro
1393 5888 1527 5935 Ha‘c.

1861 430 2102 491 SANCTI
2141 428 2512 486 "tenemur

3749 440 3858 498 880

2269 553 2354 601 ter
2383 546 2576 600 multas
2617 559 2854 617 gemmas
2893 549 3272 617 pretiosissima
3305 565 3516 621 gemma
3550 551 3749 624 micat,
3795 569 3848 612 et

2264 638 2424 708 jubar
2447 638 2582 694 solis
2611 653 2806 709 parvos
2839 639 3099 710 igniculos
3126 641 3400 698 stellarum
3427 644 3610 699 obruit
3654 655 3709 700 et
3756 646 3851 701 ob-

2269 737 2489 784 scurat:
2523 729 2596 784 ita
2623 738 2937 786 cunctorum
2962 731 3186 786 virtutes
3230 742 3284 788 et
3313 735 3586 802 potentias
3621 751 3718 790 sua
3748 737 3845 792 hu-

2269 821 2494 876 militate
2518 823 2826 892 superavit,
2879 824 3205 894 minimaque
3233 825 3332 880 fuit
3375 827 3514 882 inter
3559 842 3750 884 omnes
3793 841 3850 887 ut

2268 914 2505 967 onmium
2555 914 2726 984 major
2752 923 2913 970 esset.
2958 915 3025 969 Et
3049 925 3250 986 quanto
3290 933 3350 973 se
3380 919 3500 988 plus
3541 919 3848 990 dejiciebat,

2271 1011 2425 1057 tanto
2447 1004 2615 1074 magis
2641 1020 2669 1058 a
2698 1004 2912 1061 Christo
2939 1007 3336 1064 sublevahatur.
3385 1009 3634 1080 Latebat,
3657 1024 3713 1069 et
3743 1029 3844 1070 non

2268 1092 2489 1148 latebat.
2520 1095 2796 1166 Fugiendo
2823 1098 3070 1168 gloriam,
3102 1099 3323 1169 gloriam
3356 1102 3701 1170 merebatur;
3730 1121 3845 1176 quas

2268 1183 2518 1239 virtutem
2540 1187 2694 1256 quasi
2719 1187 2904 1242 umbra
2932 1189 3189 1257 sequitur,
3213 1199 3268 1245 et
3291 1192 3624 1262 appetitores
3643 1196 3726 1250 sui
3751 1197 3843 1251 de-

2267 1289 2474 1340 serens,
2494 1279 2696 1348 appetit
2723 1288 3142 1350 contemptores.
3165 1280 3269 1337 Sed
3288 1283 3413 1353 quid
3439 1300 3570 1355 ago,
3594 1290 3844 1344 narrandi

2269 1367 2511 1422 ordinem
2543 1372 2979 1439 prmtermittens,
3011 1372 3136 1428 dum
3165 1373 3216 1428 in
3247 1375 3471 1446 singulis
3503 1385 3710 1448 teneor,
3743 1397 3843 1436 non

2267 1470 2423 1512 servo
2450 1473 2713 1530 prmcepta
2740 1461 2971 1517 dicendi.

2337 1549 2390 1602 4.
2421 1547 2533 1603 Tali
2567 1549 2730 1620 igitur
2752 1553 2918 1622 stirpe
2938 1563 3212 1623 generata,
3239 1555 3423 1626 juncta
3472 1569 3558 1615 est
3599 1561 3716 1616 viro
3740 1561 3844 1615 Το-

2267 1639 2432 1704 xotio,
2463 1641 2552 1710 qui
2584 1641 2772 1698 JEncte
2801 1652 2856 1699 et
2880 1645 3145 1701 Iuliorum
3168 1648 3486 1705 altissimum
3533 1654 3844 1722 sanguinem

2269 1729 2450 1783 trahit.
2491 1731 2642 1787 Unde
2685 1734 2843 1788 etiam
2890 1733 2998 1789 ﬁlia
3045 1737 3166 1806 ejus
3201 1737 3400 1794 Christi
3449 1741 3613 1813 Virgo
3655 1743 3847 1800 Eusto-

2266 1821 2470 1891 chium,
2503 1823 2646 1878 Julia
2673 1837 3044 1897 nuncupatur;
3077 1839 3128 1884 et
3155 1829 3269 1901 ipse
3866 1820 3874 1826 ’

2442 1935 2616 1992 Julius
2641 1954 2672 1993 a
2695 1955 2878 2011 magna
2907 1941 3176 1996 demissum
3203 1958 3383 1997 nomen
3417 1942 3556 2002 Iulo.

3260 2031 3500 2104 (Αίκεω.
3524 2035 3600 2107 ι).

2269 2140 2331 2194 Et
2363 2139 2476 2195 inec
2500 2140 2744 2208 dicimus,
2778 2156 2883 2196 non
2914 2142 3054 2212 quod
3088 2142 3406 2199 habentibus
3447 2146 3674 2216 grandia
3717 2149 3844 2215 sint,

2268 2233 2362 2287 sed
2391 2249 2496 2303 quo
2524 2234 3022 2299 contemnentibus,
3055 2233 3337 2289 mirabilia.
3368 2234 3560 2292 Steculi
3605 2239 3847 2295 homines

2269 2327 2568 2396 suspiciunt
2596 2325 2694 2400 [aL
2727 2325 3034 2400 suscipiunt]
3063 2343 3177 2394 eos,
3211 2329 3299 2398 qui
3329 2330 3411 2384 his
3440 2331 3646 2400 pollent
3686 2334 3843 2403 privi-

2271 2418 2444 2488 legiis.
2475 2418 2581 2473 Nos
2606 2418 2884 2473 laudamus
2913 2461 2928 2486 ,
2979 2421 3068 2490 qui
3097 2434 3190 2490 pro
3219 2421 3496 2478 Salvatore
3527 2426 3627 2478 ista
3657 2425 3842 2496 chpe-

2272 2513 2446 2565 xerint
2473 2531 2485 2566 :
2514 2520 2568 2566 et
2589 2513 2784 2566 mirum
2813 2513 2862 2566 in
2887 2513 3103 2568 modum
3127 2530 3262 2584 quos
3289 2515 3550 2572 habentes
3577 2519 3849 2588 parvipcn-

2269 2601 2466 2668 ditnus,
2481 2603 2523 2655 si
2541 2601 2740 2658 habere
2761 2603 3028 2658 noluerint
3051 2603 3122 2676 (ι)
3137 2605 3511 2675 prmdicamus.
3527 2607 3622 2662 llis
3639 2609 3845 2679 inquam

2271 2702 2388 2746 orta
2415 2693 2725 2763 majoribus,
2756 2703 2810 2749 et
2837 2693 3202 2761 foecunditate,
3227 2711 3289 2752 ac
3318 2698 3575 2767 pudicitia
3601 2701 3846 2770 probata:

2273 2787 2502 2854 primum
2533 2787 2668 2849 viro.
2698 2787 2892 2842 deinde
2913 2789 3241 2858 propinquis,
3269 2799 3322 2845 et
3346 2793 3679 2848 totiusurbis
3703 2795 3847 2848 testi-

2272 2879 2498 2945 monio,
2570 2879 2732 2953 693
2801 2896 2962 2950 quutn
3025 2883 3258 2952 utrinque
3317 2884 3516 2940 liberos
3563 2885 3846 2948 edidisset.

2271 2970 2582 3037 Blaesillam,
2613 2988 2776 3043 super
2799 2973 2951 3044 cujus
2979 2985 3148 3030 morte
3177 2991 3294 3030 eam
3322 2977 3509 3031 Roma:
3553 2980 3854 3036 consolatus

2271 3077 2410 3129 sum,
2445 3063 2742 3130 Paulinam,
2775 3081 2892 3135 qua:
2921 3077 3162 3121 sanctum
3190 3077 3244 3122 et
3265 3070 3637 3127 admirabilem
3662 3073 3849 3136 virum,

2271 3165 2318 3208 et
2355 3155 2609 3225 propositi
2654 3166 2708 3210 et
2742 3172 2922 3212 rerum
2971 3172 3186 3212 suarum
3215 3159 3613 3218 Pammachium
3645 3165 3852 3233 reliquit

2272 3247 2562 3314 lueredem,
2595 3249 2660 3303 ad
2691 3265 2851 3320 quem
2881 3264 3044 3320 super
3069 3251 3215 3306 obitu
3245 3253 3362 3322 ejus
3388 3257 3670 3322 parvulum
3703 3256 3850 3310 libel-

2272 3341 2380 3395 lum
2427 3342 2729 3408 edidimus;
2780 3344 3130 3399 Eustochium
3158 3387 3172 3410 ,
3221 3361 3341 3416 qua:
3374 3363 3515 3402 nunc
3563 3350 3614 3402 in
3660 3349 3852 3403 Sanctis

2272 3433 2429 3488 Locis
2462 3433 2784 3505 virginitatis
2810 3445 2864 3490 et
2893 3437 3149 3491 Ecclesia:
3179 3437 3377 3491 monile
3409 3440 3701 3508 pretiosum
3734 3450 3808 3494 est
3835 3455 3849 3501 ;

2272 3526 2351 3596 (tt)
2374 3525 2663 3588 llufiinam,
2687 3543 2806 3597 qua:
2833 3529 3118 3582 imtnaturo
3141 3528 3330 3584 funere
3355 3529 3498 3598 pimn
3529 3532 3717 3584 matris
3738 3532 3847 3584 ani-

2272 3635 2413 3672 mum
2447 3621 2847 3685 consternavit;
2874 3630 2928 3676 et
2953 3622 3236 3677 Toxotium
3261 3663 3276 3686 ,
3327 3633 3448 3690 post
3479 3639 3639 3693 quem
3670 3638 3850 3692 parere

2271 3711 2447 3775 desiit,
2481 3721 2538 3766 ttt
2577 3712 2903 3783 intelligeres
2949 3729 3066 3768 eam
3109 3728 3212 3767 non
3249 3715 3340 3767 diu
3388 3717 3594 3770 servire
3625 3717 3852 3770 voluisse

2270 3802 2447 3855 officio
2475 3801 2760 3873 eonjngaii,
2786 3803 2879 3858 sed
2907 3804 3080 3857 mariti
3107 3803 3392 3868 desiderio,
3425 3806 3514 3874 qui
3550 3821 3726 3860 mares
3759 3821 3852 3876 op-

2272 3893 2416 3945 tabat
2437 3891 2634 3947 liberos
2663 3893 2753 3963 (e),
2782 3894 3051 3948 obedisse.

2341 3983 2395 4037 5.
2430 3982 2717 4054 Postquam
2745 3983 2825 4038 vir
2853 3993 3094 4040 mortuus
3123 3993 3203 4039 est
3229 4027 3244 4053 ,
3274 3985 3342 4039 ita
3367 4000 3488 4040 eum
3519 3985 3763 4055 planxit,
3798 3997 3850 4041 ιιι

2273 4088 2439 4144 pmpe
2471 4074 2582 4144 ipsa
2623 4084 2964 4142 moreretur;
2999 4076 3068 4131 ita
3111 4089 3170 4131 se
3215 4078 3480 4131 convertit
3523 4077 3591 4132 ad
3644 4077 3850 4132 Domini

2271 4168 2622 4237 servitutem,
2658 4177 2716 4223 ut
2745 4168 2862 4238 ejus
2888 4178 3114 4224 mortem
3144 4169 3416 4224 videretur
3445 4178 3684 4240 optasse.
3718 4171 3849 4236 Quid

2271 4271 2370 4327 ego
2409 4257 2635 4312 referam
2659 4299 2674 4324 ,
2716 4259 2906 4329 amplos
2933 4268 2986 4314 et
3013 4257 3210 4313 nobilis
3236 4257 3459 4330 domus,
3497 4267 3554 4315 et
3584 4260 3848 4330 quondam

2271 4341 2708 4418 cpulentissimzn,
2740 4364 2929 4405 omnes
2956 4364 3090 4420 pene
3111 4349 3322 4403 divitias
3353 4350 3405 4403 in
3437 4327 3700 4420 pauperes
3727 4365 3848 4406 ero-

2269 4440 2456 4512 gaias?
2479 4441 2605 4510 quid
2635 4441 2688 4494 in
2715 4451 2938 4496 cunctos
2962 4441 3438 4495 clementissimum
3474 4443 3712 4496 animum
3739 4484 3754 4508 ,
3787 4449 3840 4496 et

2273 4531 2566 4586 bonitatem
2622 4531 2782 4586 etiam
2804 4531 2856 4587 in
2884 4545 2978 4587 eos
3004 4572 3019 4598 ,
3045 4545 3182 4602 quos
3212 4545 3478 4600 nunquam
3501 4531 3708 4586 viderat
3731 4546 3850 4588 eva-

2333 4712 2402 4774 (ε)
2437 4713 2741 4762 Martianreus
2760 4712 2891 4774 addit
2909 4715 3270 4774 contemnentes,
3290 4724 3434 4772 quam
3454 4723 3626 4774 vocem
3643 4725 3734 4774 nec
3749 4727 3848 4762 mc-

2270 4773 2417 4837 liores
2429 4775 2549 4837 Mss.
2576 4787 2741 4837 neque
2765 4773 2886 4837 editi
2913 4773 3209 4837 vetustiores
3247 4774 3464 4837 probant.
3493 4773 3618 4821 Tum
3646 4773 3694 4823 iu
3729 4789 3846 4837 quo-

2267 4837 2375 4896 dam
2400 4835 2487 4885 Ms.
2511 4835 2564 4884 S.
2591 4832 2786 4896 Maximi
2807 4835 2930 4896 apud
2953 4832 3259 4884 Bollandum.’
3281 4832 3366 4883 uis
3389 4832 3536 4895 igitur
3559 4842 3730 4886 ornata
3748 4832 3849 4884 ina-

2257 4895 2579 4960 jrtribus,_pro
2601 4894 2676 4946 Itis
2694 4894 2887 4960 inquam
2899 4902 3032 4960 orta,
3060 4902 3155 4943 etc.

2331 4959 2408 5021 (ά)
2443 4953 2612 5021 lianc;
2652 4953 2768 5020 quae
2804 4956 2944 5021 paulo
2982 4962 3091 5019 post
3125 4953 3301 5021 nubilis
3337 4955 3545 5021 dicitur,
3586 4956 3849 5021 Bollandus

2242 5018 2412 5070 .tradit
2447 5018 2790 5080 Aletbio'viro
2828 5018 3012 5067 clariss.
3053 5018 3594 5080 nupsisse_:__additque
3633 5019 3790 5068 datam
3821 5033 3849 5070 a
3887 5027 3891 5031 '

2268 5081 2318 5129 S.
2345 5080 2545 5130 Paulino
2567 5079 2750 5130 Nolano
2772 5080 3007 5142 Episcopo
3030 5077 3280 5142 epistolam
3295 5077 3525 5142 XXXIIII
3537 5080 3595 5128 ad
3614 5080 3846 5142 eumdem

2267 5142 2511 5193 Alethium
2533 5177 2547 5201 ,
2590 5144 2639 5191 in
2676 5155 2772 5204 qua
2809 5139 2922 5190 eum
2947 5139 3234 5204 fchSoIatur
3263 5153 3418 5204 super:
3448 5141 3582 5204 obitu
3607 5140 3810 5190 Rufiiaae
3829 5180 3843 5200 ,

2267 5207 2404 5267 cujus
2441 5200 2588 5267 etiam
2625 5200 3119 5267 praeclarasvirtutes
3153 5200 3532 5267 narrat.‘_Hujus
3567 5210 3735 5251 autem
3773 5217 3844 5252 ret

2266 5260 2360 5315 ne'c
2400 5266 2503 5314 vola
2548 5260 2752 5314 est'nec
2783 5265 3041 5325 vestigium
3080 5260 3248 5326 milia
3278 5260 3483 5326 epistola
3560 5278 3672 5326 quae
3709 5267 3843 5313 unica

2266 5327 2463 5376 Alethio
2484 5327 2784 5386 inscribitur,
2823 5332 2877 5374 et
2897 5323 3056 5386 aliqua
3081 5324 3157 5372 sui
3183 5323 3320 5384 parte
3344 5323 3593 5386 mulctata'
3611 5333 3720 5384 est;
3759 5325 3846 5373 sed

2265 5401 2508 5450 nunquam
2529 5394 2613 5438 aut
2632 5385 2874 5438 defuncta:
2898 5384 3066 5436 uxdris
3079 5385 3318 5445 meminit,
3341 5393 3424 5434 aut
3438 5384 3641 5436 Nullius:
3665 5387 3845 5448 ingerit

2263 5461 2459 5498 nomen.

2327 5513 2398 5572 (e)
2434 5508 2670 5563 Emendat
2700 5509 2948 5572 vetustiss.
2983 5507 3199 5572 Regina;
3221 5507 3473 5572 exemplar
3505 5508 3598 5558 500

2263 5569 2408 5620 antea
2430 5574 2588 5620 minus
2601 5584 2813 5633 congrua
2832 5571 3042 5633 lectione
3058 5571 3106 5623 in
3127 5569 3268 5633 editis
3284 5571 3510 5633 omnibus
3529 5579 3580 5620 et
3594 5569 3843 5633 plerisque

2263 5633 2378 5696 Mss.
2405 5641 2537 5696 erat,
2561 5631 2658 5696 qui
2677 5629 2861 5696 vitarent
2896 5631 3118 5696 optabat,
3155 5629 3330 5696 liberos
3362 5629 3610 5682 edidisse.’
3656 5629 3840 5696 _Neqtte

2264 5695 2395 5744 enim
2426 5691 2584 5742 liberi
2604 5694 2661 5742 ad
2694 5694 2855 5742 mariti
2886 5691 3183 5743 desiderium
3208 5691 3288 5743 edi
3311 5700 3511 5752 possunt
3531 5727 3546 5752 ,
3581 5700 3635 5742 et
3656 5691 3840 5752 Paula,

2261 5769 2372 5819 quae
2395 5755 2873 5819 edidissediceretur
2891 5768 3026 5819 ,_non
3041 5760 3213 5819 tamen
3239 5751 3347 5814 ejus
3366 5751 3664 5819 satisfecerit
3701 5751 3842 5819 votis,

2261 5815 2486 5878 quamdiu
2510 5817 2713 5878 feminas
2736 5817 2901 5878 edidit.
2916 5815 3198 5869 Lectiouem
3213 5828 3358 5878 quam
3375 5817 3685 5868 restituimus
3699 5818 3845 5869 etiam

2258 5877 2313 5922 S.
2341 5879 2531 5929 Maximi
2557 5877 2645 5928 Ms.
2671 5877 2931 5928 conﬁrmat.

3664 5521 3720 5557 ro
3750 5522 3847 5570 quo
