4106 6340
356 321 463 381 ω

358 439 570 503 gantem
595 427 761 499 lquis
779 432 996 495 inopum
1018 420 1268 483 moriens,
1296 429 1400 471 non
1427 412 1570 468 illius
1589 408 1921 503 vestimentis

360 496 645 577 obvolutus
658 496 798 585 est!
823 515 943 587 quis
969 513 1048 586 (α)
1072 508 1384 566 clinicorum
1421 518 1529 558 non
1553 501 1669 572 ejus
1696 496 1923 587 faculta-

361 609 502 665 tibus
548 585 878 661 sustentatus
923 600 1043 658 est?
1068 598 1217 667 Quos
1244 592 1611 650 curiosissime
1646 597 1754 645 tota
1790 585 1927 642 urbe

363 682 698 770 perquirens,
725 693 976 751 damnum
1005 690 1243 761 putabat,
1272 694 1327 741 et
1346 683 1624 755 quisquam
1651 678 1849 770 debilis
1874 685 1929 731 et

361 765 602 847 esuriens
623 786 745 842 cibo
770 789 1162 839 sustentaretur
1189 776 1430 833 alterius.
1462 769 1736 843 Spoliabat
1762 765 1922 831 ﬁlios,

361 889 415 945 et
435 881 573 935 inter
594 875 935 946 objurgantes
960 869 1286 944 propinquos
1308 908 1323 931 ,
1356 864 1612 934 majorem
1634 876 1694 916 se
1713 861 1791 915 eis
1820 857 1930 912 ha:-

360 970 642 1027 reditatem
666 1005 686 1035 ,
714 963 914 1022 Christi
963 958 1404 1021 misericordiam,
1432 954 1701 1010 dimittere
1748 949 1935 1020 loque-

363 1061 543 1117 batur.
1134 1104 1143 1116 .

433 1148 614 1207 6.Nec
641 1146 733 1203 diu
761 1145 932 1216 potuit
954 1142 1155 1202 excelsi
1179 1139 1319 1212 apud
1344 1135 1595 1193 smenlum
1621 1132 1854 1205 generis,
1879 1138 1935 1185 et

355 1229 709 1298 nobilissimas
733 1237 948 1293 familia:
977 1233 1308 1290 visitationes
1338 1240 1391 1285 et
1434 1226 1534 1300 (ὁ)
1578 1221 1943 1295 frequentiam

366 1330 653 1386 sustinere.
683 1326 941 1384 Mmrebat
972 1325 1174 1379 honore
1206 1336 1306 1379 suo
1328 1360 1345 1389 ,
1387 1328 1442 1374 et
1483 1332 1577 1373 ora
1604 1311 1934 1371 laudantium

367 1404 658 1486 declinare,
686 1431 749 1473 ac
774 1415 957 1486 fugere
985 1411 1285 1470 festinabat.
1332 1409 1572 1478 Cumque
1626 1402 1855 1460 Orientis
1882 1409 1936 1456 ct

367 1496 674 1576 Occidentis
714 1506 995 1579 episcopos
1038 1503 1109 1559 ob
1143 1499 1398 1573 quasdam
1440 1495 1790 1552 ecclesiarum
1827 1490 1937 1545 dis-

370 1599 649 1656 seusioues
664 1582 888 1652 Romam
907 1593 979 1666 (c)
1000 1590 1302 1662 imperiales
1320 1588 1510 1643 litterae
1525 1582 1953 1647 contraxissent,

367 1689 501 1744 vidit
539 1684 881 1744 admirabiles
902 1683 1067 1757 viros,
1092 1679 1394 1749 Christique
1425 1674 1724 1748 pontiﬁces,
1758 1670 1939 1759 Pauli:

312 1792 316 1795 ‘
370 1766 495 1833 num
528 1774 871 1832 Antiochense
900 1772 1049 1828 urbis
1103 1771 1411 1840 episcopum
1438 1807 1453 1832 ,
1483 1773 1539 1820 et
1583 1761 1937 1833 Epiphaniam

368 1868 651 1924 Salaminte
698 1863 898 1937 Cypri,
927 1877 1046 1934 qua:
1074 1875 1213 1917 nunc
1240 1856 1549 1914 Constantia
1620 1850 1785 1926 694
1854 1850 1939 1905 di-

370 1956 507 2014 citur
530 1973 547 2026 ;
575 1972 801 2030 quorum
829 1953 1180 2027 Epiphanium
1226 1951 1387 2007 etiam
1415 1948 1681 2019 hospitem
1709 1943 1891 1999 habuit
1923 1960 1938 1996 :

372 2032 655 2105 Paulinum
671 2049 723 2103 in
743 2048 917 2103 aliena
943 2053 1244 2101 manentem
1266 2042 1445 2103 domo,
1466 2038 1614 2109 quasi
1645 2035 1940 2107 proprium,

374 2142 700 2197 humanitate
726 2137 980 2210 possedit.
1012 2136 1250 2205 Quorum
1278 2146 1502 2188 accensa
1524 2127 1823 2191 virtutibus,
1846 2142 1944 2197 ιιι-ι’

354 2214 639 2287 momenta
683 2230 911 2301 patriam
949 2226 1199 2282 deserere
1239 2221 1525 2292 cogitabat.
1571 2217 1686 2273 Non
1728 2216 1940 2281 domus,

373 2336 479 2376 non
501 2320 811 2384 liberorum,
836 2332 941 2372 non
972 2314 1202 2379 familiae,
1232 2328 1340 2367 non
1366 2309 1763 2381 possessionum
1786 2347 1801 2372 ,
1834 2321 1944 2361 non

375 2410 601 2479 alicujus
622 2408 722 2474 rei,
753 2422 871 2478 quae
895 2404 962 2460 ad
992 2403 1244 2460 saeculum
1284 2400 1533 2472 pertinet,
1561 2414 1763 2455 memor
1785 2438 1801 2462 ,
1831 2397 1947 2452 sola

374 2501 447 2571 (si
475 2500 579 2556 dici
611 2495 803 2570 potest)
828 2505 883 2553 et
898 2495 1222 2559 incomitata,
1241 2491 1307 2547 ad
1332 2506 1573 2547 eremtnu
1596 2489 1943 2544 Antoniorum

380 2576 541 2662 atque
570 2590 854 2644 Paulorum
893 2600 1114 2657 pergere
1155 2582 1431 2656 gestiebat.
1477 2579 1818 2650 Tandemque
1847 2593 1940 2633 cx-

376 2691 495 2737 acta
526 2680 714 2752 hyeme
733 2720 748 2747 ,
778 2686 963 2748 aperto
989 2675 1161 2740 mari,
1192 2671 1535 2729 redeuntibus
1581 2669 1649 2723 ad
1690 2667 1944 2724 ecclesias

377 2784 501 2825 suas
524 2768 819 2842 episc0pis,
847 2776 902 2824 et
946 2767 1059 2837 ipsa
1086 2775 1209 2820 voto
1224 2778 1344 2819 cum
1369 2762 1446 2818 eis
1467 2775 1528 2816 ac
1553 2759 1817 2815 desiderio
1848 2771 1944 2812 na-

376 2861 588 2930 vigavit.
608 2858 744 2927 Quid
775 2856 909 2913 ultra
931 2855 1121 2912 differo
1146 2854 1170 2909 ἲ
1202 2852 1481 2911 Descendit
1515 2851 1579 2906 ad
1613 2859 1821 2921 portum
1840 2848 1943 2921 (ὀ),

377 2953 561 3019 fratre,
583 2950 843 3021 cognatis,
874 2947 1146 3013 afﬁnibus,
1174 2955 1228 3001 et
1254 2943 1397 3016 quod
1426 2942 1508 2997 his
1532 2942 1706 3009 majus
1726 2947 1808 2995 est
1832 2981 1847 3006 ,
1877 2938 1939 2993 li-

377 3044 520 3100 beris
577 3041 1058 3114 prosequentibus,
1108 3048 1163 3095 ct
1209 3037 1678 3094 elementissimam
1720 3043 1945 3089 matrem

378 3135 575 3205 pietate
594 3134 806 3189 vincere
822 3130 1179 3203 cupientibus.
1197 3127 1313 3184 Jam
1330 3126 1547 3189 carbasa
1573 3124 1945 3188 tendebantur,

379 3235 433 3281 et
452 3239 718 3282 remorum
745 3223 905 3279 ductu
931 3222 1081 3277 navis
1102 3222 1153 3277 in
1174 3223 1337 3276 altum
1364 3217 1793 3290 protrahebatur.
1822 3215 1949 3271 Par-

382 3329 478 3391 vus
525 3314 782 3371 Toxotius
821 3312 1091 3384 supplices
1134 3325 1324 3366 manus
1368 3308 1619 3364 tendebat
1658 3306 1710 3362 in
1746 3306 1947 3362 littore.

382 3407 592 3464 Rufﬁua
617 3406 725 3477 jam
753 3404 969 3472 nubilis,
1002 3413 1059 3460 ut
1088 3418 1214 3459 suas
1241 3410 1576 3472 exspectaret
1598 3398 1831 3469 nuptias,
1863 3405 1946 3451 ta-

383 3515 510 3555 cens
537 3497 748 3553 lletibus
772 3495 1106 3552 obsecrabat.
1149 3494 1215 3549 Et
1236 3502 1412 3548 tamen
1441 3492 1529 3548 illa
1558 3492 1731 3546 siccos
1756 3489 1944 3545 tende-

384 3590 476 3645 bat
500 3589 570 3645 ad
596 3588 788 3644 caelum
816 3586 1000 3642 oculos
1025 3625 1040 3650 ,
1075 3585 1324 3656 pietatem
1366 3583 1419 3637 in
1464 3582 1602 3637 ﬁlios
1627 3623 1642 3647 ,
1679 3580 1873 3651 pietate
1896 3578 1950 3633 in

387 3675 551 3736 Deum
576 3692 852 3748 superans.
880 3673 1159 3731 Nesciebat
1177 3687 1237 3728 se
1266 3680 1511 3738 matrem,
1534 3678 1590 3725 ut
1613 3668 1807 3724 Christi
1826 3682 1952 3738 pro-

386 3770 539 3825 baret
563 3768 830 3824 ancillam.
863 3763 1270 3836 Torquebantur
1293 3762 1523 3829 viscera,
1541 3768 1596 3815 et
1615 3757 1764 3829 quasi
1788 3772 1820 3811 a
1842 3754 1954 3810 suis

389 3860 641 3917 membris
667 3859 1052 3915 distraheretur
1079 3853 1198 3927 [Ms.
1229 3847 1671 3921 distraherentur],
1701 3862 1823 3902 cum
1850 3846 1949 3901 do-

388 3952 503 4008 lore
527 3950 792 4022 pugnabat
819 3967 832 4003 :
862 3947 912 4002 in
942 3961 1006 4003 eo
1027 3944 1231 4000 cunctis
1249 3939 1609 3997 admirabilior
1634 3980 1649 4005 ,
1671 3935 1812 4007 quod
1838 3949 1955 3989 ma-

389 4058 547 4113 gnam
568 4042 805 4096 vinceret
829 4038 1127 4094 caritatem.
1152 4033 1296 4090 Inter
1320 4032 1556 4088 hostium
1577 4044 1764 4084 manus
1791 4036 1845 4083 et
1869 4040 1960 4082 ca-

392 4132 647 4203 ptivitatis
695 4130 883 4186 duram
937 4126 1309 4183 necessitatem
1356 4123 1488 4178 nihil
1533 4119 1804 4176 crudelius
1853 4128 1957 4183 eSt,

392 4239 549 4294 quam
596 4232 840 4294 parentes
875 4236 905 4275 a
943 4219 1125 4276 liberis
1165 4219 1421 4289 separari.
1459 4215 1573 4271 lloc
1616 4220 1802 4269 contra
1841 4211 1961 4283 jura

393 4298 594 4372 natura:
623 4315 774 4387 plena
804 4314 935 4370 ﬁdes
958 4312 1276 4386 patiebatur,
1323 4311 1430 4365 imo
1478 4306 1713 4380 gaudens
1754 4305 1966 4360 animus

394 4404 676 4476 appetebat
708 4422 722 4458 :
754 4411 810 4461 et
848 4416 1087 4458 amorem
1131 4400 1358 4455 ﬁliorum
1422 4397 1627 4468 majore
1687 4396 1742 4451 in
1795 4393 1967 4450 Deum

395 4511 577 4556 amore
600 4505 968 4561 contemnens,
997 4492 1049 4548 in
1070 4492 1185 4548 sola
1213 4487 1522 4556 Eustochio,
1546 4501 1666 4559 qua:
1690 4494 1745 4543 et
1771 4498 1966 4557 propo-

396 4588 485 4642 siti
524 4596 579 4641 et
615 4584 970 4655 navigationis
1001 4582 1118 4652 ejus
1146 4594 1331 4637 comes
1354 4587 1472 4636 erat
1502 4617 1518 4645 ,
1565 4575 1957 4646 acquiescebat.

397 4677 652 4732 Sulcahat
690 4674 901 4728 interim
930 4672 1082 4726 navis
1108 4682 1258 4725 mare
1284 4708 1299 4735 ,
1335 4678 1389 4723 et
1412 4667 1616 4722 cunctis
1643 4667 1734 4737 qui
1758 4680 1879 4721 cum
1904 4678 1967 4720 ea

402 4767 729 4822 vehebantur
746 4764 920 4818 littora
933 4759 1342 4832 respicientibus
1361 4760 1495 4826 ,ipsa
1520 4771 1736 4812 aversos
1757 4756 1972 4811 tenebat

403 4857 607 4922 oculos,
626 4868 694 4911 ne
704 4853 912 4911 videret
926 4866 1062 4923 quos
1082 4849 1199 4905 sine
1220 4857 1484 4903 tormento
1499 4845 1681 4901 videre
1696 4859 1802 4900 non
1817 4853 1972 4916 pote-

468 5051 538 5110 (a)
571 5050 681 5100 Duo
701 5047 840 5111 codd.
876 5046 983 5111 quis
1001 5042 1297 5111 clericorum
1329 5053 1417 5111 pro
1437 5038 1718 5090 clinicerum
1740 5051 1753 5087 :
1777 5038 1973 5111 yitiose.

467 5098 537 5176 (55
555 5098 756 5176 8:68ti
765 5098 907 5176 alter}
921 5104 1234 5176 {reatth
1241 5098 1611 5176 ἔτιδίίηενςνρὶληω
1623 5098 1973 5176 Ψέραένὲἐῗ·

470 5159 697 5237 ἶῶίῐίιῗω
730 5171 786 5219 ad
810 5159 1067 5242 “cumnam
1095 5166 1340 5240 Synpdum
1360 5159 1589 5238 annisilz
1617 5174 1728 5224 qua:
1759 5161 1852 5210 sub
1874 5159 1976 5234 Da:

415 5249 537 5286 naso
559 5235 685 5296 Paja
704 5270 716 5293 ,
745 5231 980 5298 Gratiam,
1005 5227 1328 5298 Valenttntam
1359 5237 1599 5298 minoris,

402 5282 616 5359 jussibus
629 5282 795 5359 coacta
820 5299 895 5340 est
914 5282 980 5340 ad
1005 5282 1381 5359 compescenda}
1404 5285 1720 5358 Antiocheam
1742 5282 1976 5359 Ecclesia:

408 5343 611 5423 iisiiss;
630 5355 967 5423 faciemus.
994 5343 1328 5423 θρίεέορριῖευρ,
1345 5343 1977 5423 ηειμιίεὶηιξίπξξξὲρειίὲεζ

406 5420 525 5469 bant
544 5407 792 5480 ,Paulini,
829 5407 892 5462 ρι’
913 5407 1276 5480 Ριίινᾷεωὶκίὸἰίί
1290 5407 1444 5471 Epist.
1469 5408 1559 5457 127
1595 5407 1655 5457 ad
1687 5407 1981 5480 Principiam

408 5472 557 5529 num.’
575 5480 653 5530 10.
687 5472 803 5527 cum
825 5482 967 5525 etme
989 5509 1003 5535 ,
1028 5472 1210 5535 inquit,
1249 5478 1443 5535 Romam
1468 5482 1584 5535 pum
1613 5472 1791 5535 sanctis
1818 5472 1977 5517 Panti-

408 5539 578 5613 liaibus
600 5529 800 5592 i’autino
817 5571 832 5597 ,
857 5542 903 5587 et
924 5529 1539 5599 Epiphanio'zcclesiastica
1571 5531 1798 5581 traxisset
1820 5540 1981 5579 neces-

409 5609 559 5736 ’ῗῗῗιὶ
585 5662 754 5736 “esis
775 5651 1490 5736 meammeam-“
1522 5658 1743 5717 νοτεαυι»
1767 5648 1980 5716 σοθπαιει

638 5714 773 5788 παις.
798 5722 984 5785 absque
1004 5714 1172 5783 fratris
1195 5714 1472 5768 vocabuli»-

1686 294 2011 355 EPISTOLA
2045 291 2224 350 CVI";

3490 290 3605 348 882.

2030 412 2130 460 rat.
2164 402 2376 469 Fateor,
2405 401 2548 459 nulla
2578 403 2653 458 sic
2679 402 2879 460 amavit
2906 401 3064 469 ﬁlios,
3091 402 3283 479 quibus
3307 411 3588 475 antequam
3624 456 3635 467 ,

2032 493 2498 565 pruﬁcisccretur:
2571 489 2733 562 695
2807 500 2993 547 cuncta
3011 491 3194 564 largita
3216 493 3597 550 cstzexhacre-

2030 584 2165 639 dans
2192 597 2251 638 se
2273 583 2325 638 in
2350 591 2510 645 terra,
2540 590 2597 637 et
2623 581 2985 639 haereditatem
3007 583 3338 639 inveniretin
3364 584 3526 640 caelo.

2104 676 2158 731 7.
2183 673 2367 729 Delata
2399 671 2469 728 ad
2509 670 2585 745 (ei
2614 671 2839 727 insulam
2868 672 3110 729 Pontiam
3132 717 3148 741 ,
3185 689 3343 746 quam
3368 675 3603 730 clarissi-

2036 780 2138 822 ma:
2161 763 2427 837 quondam
2459 762 2772 819 feminarum
2795 762 2895 819 sub
2921 764 3218 821 Domitiano
3247 766 3488 836 Principc
3507 781 3603 837 pro

2035 855 2370 912 confessione
2393 854 2624 911 nominis
2647 851 2957 922 Christiani,
2974 854 3171 911 Flavia:
3200 857 3480 912 Domitillze
3505 873 3599 921 no‘

2036 947 2264 1003 bilitavit
2297 945 2557 1011 exilium;
2586 945 2876 1015 vidensque
2922 943 3144 1001 cellulas
3182 946 3238 1001 in
3279 946 3472 1017 quibus
3512 949 3603 1003 illa

2038 1039 2253 1109 longum
2278 1036 2592 1107 martyrium
2626 1033 2851 1091 duxerat
2886 1034 3112 1103 sumptis
3142 1034 3262 1090 ﬁdei
3288 1037 3421 1101 alis,
3454 1037 3607 1092 ἄρτο-

2037 1129 2297 1201 solymam
2318 1137 2372 1184 et
2395 1138 2577 1184 sancta
2604 1128 2741 1183 Loca
2769 1126 2947 1182 videre
2973 1125 3239 1197 cupiebat.
3267 1127 3428 1182 Tardi
3456 1138 3608 1183 erant

2037 1218 2198 1285 venti,
2222 1225 2278 1274 et
2296 1217 2469 1274 omnis
2497 1217 2641 1289 pigra
2667 1215 2943 1272 velocitas.
2973 1215 3113 1271 Inter
3138 1214 3369 1288 Scyllam
3395 1227 3447 1273 et
3471 1216 3608 1274 Cha-

2039 1309 2245 1383 rybdim
2276 1309 2637 1364 Adriaticose
2665 1307 2891 1364 credens
2928 1309 3116 1381 pelago
3138 1350 3153 1375 ,
3187 1308 3338 1381 quasi
3372 1324 3468 1381 per
3494 1319 3609 1365 sta-

2037 1414 2198 1469 gnum
2229 1400 2373 1454 veuit
2398 1398 2683 1456 Methonen
2716 1441 2732 1468 ,
2776 1398 2956 1470 ibique
2998 1397 3291 1456 refoeillato
3335 1398 3611 1470 paululum

2039 1486 2378 1561 corpusculo,

2112 1582 2178 1637 Et
2205 1583 2311 1637 sale
2333 1566 2551 1637 tabentes
2583 1592 2724 1638 artus
2750 1583 2802 1638 in
2825 1584 2995 1638 littore
3017 1600 3229 1654 ponens,

2113 1670 2215 1726 Per
2242 1671 2486 1741 Maleam,
2515 1682 2561 1727 et
2589 1672 2880 1744 Cytheram,
2910 1690 3210 1745 sparsasque
3228 1689 3319 1744 per
3335 1687 3511 1743 aequor

2114 1765 2475 1836 Cycladas,....
2505 1774 2550 1819 et
2569 1765 2752 1821 crebris
2778 1768 2908 1835 freta
2932 1765 3130 1821 concita
3158 1769 3324 1829 terris;

2113 1857 2351 1928 (Emam.
2369 1855 2446 1930 l.)

2046 1958 2164 2017 post
2188 1946 2432 2003 Rhodum
2462 1956 2516 2003 et
2543 1947 2759 2020 Lyciam
2779 1989 2795 2014 ,
2828 1946 3043 2004 tandem
3076 1946 3206 2003 vidit
3229 1945 3465 2020 Cyprum
3484 1987 3498 2010 ,
3527 1947 3618 2002 ubi

2045 2040 2211 2093 sancti
2255 2048 2310 2093 et
2345 2038 2668 2094 venerabilis
2709 2038 2990 2110 Epiphanii
3022 2036 3249 2108 pedibus
3287 2037 3567 2108 provoluta
3598 2079 3614 2106 ,

2044 2127 2226 2185 decem
2252 2124 2320 2183 ab
2349 2144 2413 2184 eo
2439 2128 2623 2184 diebus
2648 2138 2851 2185 retenta
2874 2138 2959 2186 est
2983 2146 2995 2186 :
3028 2144 3135 2184 non
3163 2128 3214 2183 in
3244 2127 3614 2197 refectionem,

2048 2231 2104 2275 ut
2126 2220 2214 2277 ille
2234 2220 2612 2287 arbitrabatur,
2642 2221 2735 2277 sed
2762 2222 2812 2276 in
2836 2237 2971 2293 opus
2991 2222 3105 2286 Dei,
3135 2229 3192 2277 ut
3212 2237 3270 2278 re
3297 2223 3617 2292 comproba-

2048 2320 2158 2369 tum
2186 2320 2285 2366 est.
2307 2310 2437 2366 Nam
2461 2311 2639 2367 omnia
2667 2312 2804 2366 illius
2833 2312 3064 2383 regionis
3085 2311 3315 2366 lustrans
3343 2321 3617 2366 monaste-
3644 2371 3648 2376 ,

1988 2466 1992 2469 ,
2048 2405 2200 2473 tcria,
2228 2414 2384 2475 prout
2410 2405 2598 2475 p0tuit,
2623 2404 2898 2477 refrigeria
2928 2413 3232 2474 sumptuum
3257 2402 3505 2458 fratribus
3526 2404 3619 2458 de-
3648 2394 3651 2401 ἱ

2049 2496 2282 2567 reliquit,
2309 2511 2447 2567 quos
2494 2512 2644 2550 amor
2694 2496 2862 2551 sancti
2910 2495 3008 2549 viri
3052 2495 3120 2550 de
3166 2503 3276 2567 toto
3326 2493 3451 2549 illuc
3488 2493 3620 2549 orbe

2048 2587 2393 2643 conduxerat.
2412 2586 2540 2643 lude
2562 2587 2708 2642 brevi
2732 2602 2890 2643 cursu
2915 2583 3272 2641 trausfrctavit
3296 2584 3615 2648 Seleuciam,
3645 2597 3648 2600 '

2048 2679 2115 2734 de
2160 2695 2262 2750 qua
2314 2678 2608 2734 ascendens
2655 2676 3027 2743 Antiochiam,
3080 2676 3250 2731 sancti
3295 2674 3619 2731 confessoris

2051 2770 2253 2826 Paulini
2280 2768 2548 2825 modicum
2577 2768 2799 2824 caritate
2825 2768 3059 2836 detenta,
3089 2768 3261 2823 media
3290 2767 3505 2838 hyeme,
3534 2781 3623 2820 ca-

2049 2862 2191 2916 lente
2213 2859 2401 2914 ardore
2428 2859 2568 2927 ﬁdei,
2593 2859 2784 2915 femina
2802 2859 3017 2926 nubilis,
3041 2874 3158 2929 qua:
3178 2859 3322 2929 prius
3352 2857 3624 2914 eunuchu-

2050 2967 2165 3005 rmn
2188 2951 2432 3006 manibus
2459 2951 2789 3021 portabatur,
2821 2951 2984 3006 asello
3011 2950 3207 3005 sedens
3236 2950 3472 3021 profecta
3517 2959 3619 3004 est.

2121 3043 2173 3099 8.
2215 3042 2414 3098 Omitto
2440 3043 2619 3099 Cocles
2647 3042 2815 3115 Syria:
2836 3086 2850 3110 ,
2883 3054 2935 3099 et
2960 3042 3229 3098 thnicis
3262 3043 3363 3098 iter
3407 3040 3625 3114 (neque

2050 3134 2191 3189 enim
2219 3132 2597 3203 hodmporicon
2621 3133 2735 3203 ejus
2763 3132 2999 3204 disposui
3027 3131 3318 3206 scribere):
3341 3148 3404 3188 ea
3423 3141 3624 3187 tantum

2054 3225 2167 3279 loca
2192 3224 2500 3290 nominabo,
2529 3239 2648 3295 quae
2673 3224 2840 3280 sacris
2863 3223 3231 3280 Voluminibus
3259 3224 3622 3281 continentur.

2053 3313 2248 3387 Beryto
2276 3313 2517 3370 Romana
2551 3315 2782 3380 colonia,
2818 3314 2837 3387 (
2867 3312 2926 3386 ί)
2956 3323 3009 3369 et
3037 3315 3263 3386 antiqua
3278 3316 3410 3370 urbe
3430 3314 3630 3369 Sidone

2053 3406 2305 3463 derelicta
2327 3449 2344 3475 ,
2372 3407 2424 3462 in
2452 3406 2690 3479 Sareptre
2720 3406 2903 3461 littore
2929 3406 3060 3462 Elite
3108 3407 3129 3482 (
3156 3407 3210 3463 5.
3244 3405 3367 3478 Reg.
3400 3407 3465 3462 l7
3494 3404 3514 3479 )
3549 3414 3635 3462 est
3719 3390 3725 3402 ’

2056 3497 2292 3567 ingressa
2326 3497 2654 3562 turriculam,
2681 3497 2732 3551 in
2751 3511 2856 3567 qua
2918 3495 3085 3568 696
3153 3496 3373 3552 adorato
3403 3490 3661 3550 Domiuo‘
3728 3486 3738 3495 ’

2057 3587 2356 3653 Salvatore,
2385 3602 2479 3656 per
2518 3601 2708 3641 arenas
2734 3585 2882 3658 Tyri,
2913 3586 2965 3639 in
3008 3585 3200 3655 quibus
3223 3601 3395 3657 genua
3436 3584 3631 3640 Paulus

2059 3678 2195 3746 ﬁxit,
2227 3677 2470 3747 pervenit
2503 3679 2647 3732 Acco
2674 3677 2755 3749 (g)
2780 3718 2794 3743 ,
2817 3692 2935 3747 quae
2963 3691 3101 3731 nunc
3128 3677 3413 3732 Ptolemais
3437 3676 3633 3732 dicitur

2061 3768 2195 3838 (Act.
2220 3765 2312 3822 21.
2338 3764 2416 3839 5):
2443 3774 2499 3823 et
2520 3782 2612 3838 per
2627 3779 2845 3836 campos
2869 3765 3144 3837 Mageddo,
3163 3766 3323 3822 .losiae
3338 3768 3485 3822 necis
3501 3781 3633 3822 con-

2061 3859 2221 3927 scios,
2251 3859 2473 3914 intravit
2495 3867 2691 3915 terram
2721 3858 3062 3914 Philisthiim.
3083 3858 3270 3915 llirata
3294 3862 3478 3915 ruinas
3505 3860 3631 3924 Dor,

2062 3948 2210 4004 urbis
2234 3949 2502 4019 quondam
2526 3949 2938 4019 potentissima;
2959 3958 3015 4004 et
3031 3964 3185 4005 versa
3204 3951 3341 4017 vice,
3369 3951 3637 4006 Stratonis

2064 4038 2251 4094 turrim
2277 4038 2344 4093 ab
2367 4036 2575 4093 Herode
2596 4052 2721 4108 rege
2746 4037 2766 4111 (
2790 4038 3137 4105 Ascalonita,
3166 4056 3254 4096 seu
3277 4040 3505 4112 magno)
3555 4039 3643 4096 Ju-

2064 4129 2265 4191 (ιωωὶα
2286 4127 2541 4185 honorem
2558 4128 2785 4185 Caesaris
2805 4130 3025 4202 Augusti
3040 4129 3186 4188 Cresa
3195 4145 3338 4185 ream
3369 4142 3640 4197 nuncupa.

2069 4229 2196 4287 tam,
2215 4222 2268 4276 in
2293 4235 2395 4292 qua
2415 4220 2649 4277 Cornelii
2669 4221 2908 4287 domum,
2936 4221 3134 4277 Christi
3158 4221 3290 4277 vidit
3321 4221 3636 4281 Ecclesium.

2066 4325 2116 4370 et
2141 4314 2369 4386 Philippi
2391 4314 2664 4384 aediculas,
2680 4322 2737 4370 et
2758 4314 2842 4388 (lt)
2863 4316 3103 4372 cubicula
3126 4324 3357 4389 quatuor
3379 4315 3640 4387 virginum

2131 4487 2215 4551 (e),
2232 4487 2452 4551 Plurium
2473 4500 2694 4551 numero
2727 4487 2932 4551 Reginae
2970 4488 3093 4540 libet
3127 4489 3194 4540 ad
3230 4489 3413 4541 insulas
3432 4490 3641 4543 Ροηιίηδ.

2070 4547 2381 4600 Recolendus
2401 4550 2451 4598 in
2473 4548 2602 4598 hunc
2623 4547 2780 4598 locum
2807 4547 3078 4607 Eusebius,
3111 4552 3216 4600 sive
3248 4551 3386 4601 Hier.
3420 4552 3470 4601 in
3492 4551 3645 4604 Chro-

2073 4612 2185 4674 nico
2202 4610 2264 4674 ad
2285 4622 2462 4659 annum
2486 4608 2562 4674 16.
2586 4608 2881 4674 Demitiani:
2923 4610 3142 4674 (Scribit
3160 4612 3389 4668 Brutius,
3413 4611 3645 4674 plurimos

2073 4671 2450 4736 Christianorum
2485 4670 2597 4736 sub“
2622 4670 3115 4736 Domitiangfecisse
3156 4670 3434 4736 martyrium
3458 4709 3473 4732 ,
3504 4676 3647 4736 inter

2073 4745 2197 4795 quos
2234 4736 2286 4781 et
2314 4730 2536 4795 Flavians
2561 4729 3031 4795 Domitillam_Flavii
3051 4729 3318 4795 Clementis
3337 4729 3559 4785 Consulis
3581 4750 3646 4786 ex

2074 4790 2250 4862 sorore.
2280 4797 2481 4853 neptem
2520 4792 2570 4840 in
2605 4790 2809 4840 insulam
2844 4791 3064 4842 Pontiam
3101 4794 3402 4857 relegatum,
3440 4796 3554 4858 quia
3591 4811 3646 4847 su

2076 4851 2395 4903 Christianam
2421 4864 2534 4901 esse
2555 4856 2730 4901 testata
2754 4860 2848 4903 est.
2865 4869 2891 4899 ι

2139 4913 2213 5021 gl)
2246 4912 2424 4984 Iisdem
2445 4910 2586 4974 plane
2602 4914 2826 5023 vestigiis
2838 4914 3022 4966 Phocas
3037 4916 3098 4966 ab
3112 4914 3286 4967 Allatio
3305 4917 3483 4978 editus,
3500 4931 3663 4981 quem.

2200 4981 2295 5023 erit
2316 4973 2559 5023 Interdum
2578 4980 2724 5023 contu
2743 4988 2859 5023 isse.
2871 4988 2976 5023 ιιι-αι.
2993 4990 3059 5023 τι..
3081 4985 3231 5023 2.3a..-
3249 4992 3293 5023 τι».
3308 4993 3479 5023 2....u
3495 4996 3651 5023 .xm

2078 4972 2295 5035 proderit
2316 4972 2559 5023 interdum
2578 4972 2859 5035 contulisse,
2871 4988 2976 5028 una
2993 4990 3059 5038 τὴν
3080 4985 3231 5036 ιιδσνι,
3249 4992 3293 5030 τὸ
3307 4972 3479 5044 ιαμῳᾶ
3495 4972 3651 5044 ἀκρον

2077 5046 2157 5099 κηρὶ
2175 5045 2219 5084 τι
2240 5045 2383 5095 κλύσμα
2404 5049 2469 5094 τῆς
2490 5047 2678 5095 θαλάσσης
2698 5048 2949 5099 nhth
2970 5077 2982 5096 ,
3003 5051 3067 5089 ιαι
3085 5052 3172 5098 ναὸς
3191 5042 3372 5103 «manu
3396 5042 3506 5093 ἡλιω
3529 5042 3653 5103 intra

2079 5216 2255 5287 datur,
2278 5216 2335 5287 et
2364 5216 2599 5282 templum
2622 5220 3121 5287 (Ilienturriculam)
3152 5216 3409 5287 Propheta
3448 5225 3566 5275 Elite
3593 5237 3656 5287 _tn

2081 5280 2190 5330 aede
2209 5279 2389 5349 viduae,
2408 5279 2521 5344 qua
2542 5279 2655 5332 eum
2676 5282 2886 5347 hospitio
2918 5279 3185 5349 exceperat
3201 5321 3223 5348 ,
3248 5279 3414 5336 'media
3449 5287 3497 5335 in
3529 5284 3656 5334 urbe
3748 5284 3751 5285 ⁷

2080 5343 2345 5405 mnsit.»

2146 5402 2370 5469 (οἵω.
2635 5407 2788 5457 nostri
2821 5419 2996 5458 omnes
3026 5406 3157 5458 Aelio
3175 5409 3369 5469 ,icujus
3396 5405 3510 5469 loco
3533 5402 3657 5469 Aelim

2085 5463 2277 5514 eratad
2300 5465 2417 5516 coth
2436 5503 2451 5527 ,
2477 5474 2530 5517 et
2550 5466 2854 5518 Martianazus
2872 5480 3007 5527 sero
3039 5463 3346 5525 emendavit,
3376 5474 3434 5527 ut
3464 5466 3658 5516 videtur

2084 5539 2149 5575 ex
2167 5528 2365 5588 ingenio
2381 5568 2394 5585 .
2415 5524 2525 5590 cum
2547 5528 2662 5579 Mss.
2688 5526 2982 5590 exemplaria
3003 5541 3099 5578 non
3133 5524 3351 5576 adducat.
3376 5524 3659 5579 Lectionem

2084 5589 2259 5639 asserit
2282 5596 2334 5638 et
2355 5589 2496 5646 paulo
2516 5599 2629 5640 ante
2648 5589 2865 5640 laudatus
2886 5589 3087 5646 Phocus,
3110 5600 3237 5639 ιιιιοιν
3259 5600 3356 5639 tu»
3376 5599 3400 5646 ἡ
3432 5598 3661 5646 πτολιμαις.

2087 5660 2170 5709 ἦτοι
2184 5662 2228 5701 τὸ
2239 5652 2341 5701 ιω.
2355 5646 2485 5710 'Ejus
2495 5655 2658 5701 autem
2673 5652 2884 5702 civitatis
2894 5648 3079 5699 mentio
3097 5655 3174 5698 est
3187 5660 3382 5710 quoque
3394 5646 3506 5710 Jud.
3522 5648 3631 5710 l._3|
3645 5684 3660 5697 .

2157 5675 2170 5700 ι
2184 5665 2228 5701 τὸ
2239 5665 2341 5701 sui.
2365 5665 2405 5704 ιε.
2425 5665 2658 5701 usautem
2673 5665 3079 5702 etvttausmeuuo
3097 5665 3506 5710 estquoqueauu.
3523 5665 3631 5697 μοι
3645 5684 3660 5697 .

2157 5711 2230 5773 (It)
2263 5711 2372 5762 Duo
2404 5665 2607 5776 begins:
2643 5711 2759 5762 Mss.
2802 5710 2976 5761 minori
3011 5721 3215 5759 numero
3239 5746 3253 5772 ,
3291 5715 3338 5760 et
3386 5706 3671 5763 cubiculum
