4106 6340
329 449 524 522 gaudio
552 446 651 504 lact
664 446 820 519 ymis,
839 444 1156 516 loquebatur
1178 460 1192 499 :
1217 442 1380 499 Salve
1402 441 1682 508 Bethleem,
1711 443 1894 496 domus

331 539 514 612 panis,
542 538 597 595 in
622 553 726 609 qua
755 546 910 592 natus
938 544 1021 593 est
1042 535 1133 592 ille
1161 534 1312 605 panis
1332 575 1348 600 ,
1369 533 1462 604 qui
1503 534 1570 588 de
1613 534 1752 588 coelo
1800 533 1921 605 (Ιε-⁵

329 629 560 688 scendit.
583 629 742 684 Salve
766 627 1020 700 prrata,
1043 627 1192 699 regio
1221 626 1496 693 uberrima,
1523 636 1680 697 atque
1705 649 1900 697 καρπο-

329 731 438 795 γᾶρι
475 718 590 793 [τι.
613 718 922 792 καρποφόρα]
947 760 963 785 ,
991 719 1144 788 cujus
1175 717 1422 773 fertilitas
1447 718 1586 772 Deus
1615 727 1720 771 est.
1753 717 1825 770 De
1851 727 1902 771 te

328 810 598 882 quondam
639 810 890 866 Miclneas
931 810 1244 865 vaticinatus
1283 817 1363 865 est
1388 827 1406 864 :
1435 807 1502 862 Et
1545 818 1598 862 tu
1640 807 1902 862 Bethleem

328 904 508 957 domus
543 901 777 970 Epltrata
795 943 810 965 ,
840 901 917 974 (α)
949 918 1050 956 non
1093 901 1302 954 minima
1327 917 1378 956 es
1406 901 1459 954 in
1487 899 1713 954 millibus
1735 897 1767 952 .l
1775 898 1898 952 uda.

327 992 414 1047 E3
446 1001 494 1047 te
531 994 657 1046 mihi
683 993 966 1062 egredietur
991 1034 1005 1059 ,
1043 992 1131 1062 qui
1164 992 1228 1047 sit
1267 993 1507 1062 princeps
1534 991 1588 1044 in
1612 988 1782 1043 Israel
1805 1005 1824 1044 :
1850 997 1900 1042 et

327 1099 556 1155 egressus
581 1085 694 1154 ejus
719 1084 783 1137 ab
808 1083 958 1137 initio
979 1100 1010 1136 a
1043 1083 1217 1139 diebus
1245 1083 1566 1138 teternitatis.
1621 1079 1900 1151 Propterea

328 1176 472 1230 (labis
497 1191 581 1230 eos
609 1191 763 1246 usque
789 1175 857 1228 ad
877 1188 1070 1246 tempus
1098 1176 1358 1244 parientis.
1383 1173 1575 1236 Pariet,
1605 1184 1650 1227 et
1675 1172 1906 1239 reliquiae

332 1269 546 1337 fratrum
575 1268 687 1336 ejus
715 1275 1066 1320 convertentur
1089 1266 1156 1320 ad
1182 1266 1316 1335 ﬁlios
1343 1264 1512 1319 Israel
1549 1265 1567 1332 (
1574 1265 1627 1318 Μ
1633 1264 1733 1317 icit.
1763 1265 1816 1319 5.
1843 1263 1898 1317 2.

327 1357 361 1412 5
383 1361 422 1425 ).
468 1358 524 1411 lu
555 1365 604 1413 te
627 1359 770 1412 enim
801 1368 956 1412 natus
989 1359 1235 1428 princeps
1262 1400 1277 1425 ,
1321 1357 1411 1428 qui
1441 1366 1568 1412 ante
1594 1356 1898 1412 Luciferum

325 1451 538 1520 genitus
558 1459 641 1504 est
662 1449 832 1520 (Psal.
864 1450 987 1522 109)
1011 1469 1023 1505 :
1049 1451 1199 1520 cujus
1218 1452 1286 1506 de
1305 1451 1464 1506 Patre
1491 1451 1757 1514 nativitas,
1781 1463 1902 1502 om-

327 1559 448 1596 nem
521 1543 687 1614 699
758 1543 1222 1599 exceditmtatcm.
1254 1544 1317 1599 Et
1349 1543 1551 1598 tamdiu
1578 1543 1629 1596 iu
1660 1553 1710 1596 te
1738 1541 1900 1596 Davi-

327 1634 430 1688 dici
459 1637 669 1704 generis
687 1637 838 1706 origo
865 1639 1173 1706 permansit,
1203 1636 1377 1692 donec
1401 1636 1550 1707 virgo
1576 1644 1816 1706 pareret,
1847 1644 1902 1690 et

325 1729 567 1798 reliquia:
594 1730 771 1798 populi
803 1728 1073 1784 credentis
1103 1730 1152 1783 iu
1183 1729 1454 1784 Christum
1476 1770 1490 1794 ,
1517 1738 1901 1784 converteren-

328 1827 415 1870 tur
461 1817 525 1870 ad
579 1818 714 1871 lilios
772 1817 967 1883 Israel,
998 1827 1053 1873 et
1097 1818 1265 1874 libere
1313 1817 1710 1888 praedicarent:
1749 1816 1900 1871 Vobis

327 1909 588 1974 Oportebat
620 1910 838 1976 primum
868 1910 1006 1980 loqui
1031 1909 1233 1965 verbum
1262 1908 1358 1964 Dei
1388 1929 1406 1977 ;
1446 1910 1536 1964 sed
1559 1911 1796 1980 quoniam
1819 1926 1900 1963 reo

328 1998 528 2066 pulistis
559 1999 686 2052 illud
705 2040 720 2066 ,
762 2009 806 2053 et
836 2001 1074 2072 indignos
1099 2017 1186 2056 vos
1205 2003 1477 2071 judicastis
1513 2012 1717 2057 (eterna:
1741 2003 1854 2056 vita:
1879 2042 1896 2067 ,

327 2104 438 2141 ecce
467 2092 798 2145 convertimus
825 2093 893 2145 ad
913 2103 1084 2163 gentes
1108 2093 1243 2166 (Act.
1263 2094 1350 2148 15.
1375 2095 1490 2163 46).
1519 2093 1728 2148 Dixerat
1757 2094 1900 2147 enim

330 2179 470 2235 Deus
493 2179 585 2252 [ιιι.
615 2181 908 2255 Dominus],
943 2183 1065 2239 Non
1112 2186 1223 2239 veni
1267 2186 1366 2240 nisi
1408 2187 1479 2239 ad
1520 2202 1634 2240 oves
1677 2185 1902 2254 perditas

327 2275 504 2326 domus
534 2274 698 2330 Israel
731 2275 751 2347 (
781 2275 968 2330 Matth.
999 2278 1086 2333 15.
1115 2277 1187 2332 24
1207 2277 1250 2345 ).
1272 2277 1338 2332 Et
1372 2294 1438 2333 eo
1466 2287 1704 2348 tempore
1737 2278 1903 2335 Jacob

326 2382 486 2437 super
515 2383 580 2422 eo
608 2368 767 2422 verba
793 2369 1059 2439 completa
1089 2379 1213 2425 sunt
1245 2387 1259 2425 :
1291 2368 1414 2425 Non
1445 2371 1640 2440 deﬁciet
1667 2373 1901 2442 princeps

270 2454 275 2460 ’
324 2473 387 2511 ea:
413 2456 574 2524 Iuda,
603 2469 650 2512 et
678 2459 785 2512 dux
811 2459 875 2513 de
889 2460 1151 2530 femoribus
1176 2462 1307 2532 ejus,
1325 2462 1483 2516 donec
1500 2464 1684 2528 veniat,
1710 2464 1793 2517 cui
1817 2480 1892 2517 re-

325 2551 544 2617 positum
571 2558 664 2615 est,
697 2559 744 2602 et
763 2551 872 2619 ipse
894 2552 988 2605 erit
1007 2553 1312 2621 exspectatio
1331 2554 1554 2625 gentium
1578 2553 1782 2626 (Cenes.
1805 2555 1896 2611 49.

325 2638 395 2692 10
420 2655 436 2700 ;
459 2640 612 2707 juxta
637 2638 840 2711 LXX).
865 2641 1011 2696 Bene
1041 2641 1204 2696 David
1229 2642 1442 2712 jurabat
1463 2685 1476 2702 .
1513 2644 1650 2700 bene
1672 2652 1794 2700 vota
1822 2645 1904 2700 fa-

323 2729 500 2783 ciebat
534 2730 756 2785 dicens:
793 2731 854 2786 Si
899 2733 1139 2786 introiero
1185 2733 1238 2787 in
1283 2733 1666 2790 tabernaculum
1719 2737 1900 2792 domus

322 2835 466 2882 mete,
497 2821 543 2874 si
565 2823 836 2875 ascendere
860 2822 910 2876 in
940 2821 1122 2877 lectum
1144 2824 1291 2877 strati
1320 2825 1415 2878 mei
1448 2839 1468 2878 :
1489 2827 1534 2880 si
1581 2827 1766 2880 dedero
1811 2843 1898 2882 so-

321 2929 495 2966 mnum
523 2913 684 2967 oculis
715 2915 860 2981 meis,
889 2925 934 2969 et
952 2915 1204 2986 palpebris
1236 2918 1360 2971 nteis
1385 2918 1814 2985 dormitationem,
1851 2930 1896 2974 et

321 3005 537 3070 requiem
565 3005 872 3073 temporibus
899 3007 1042 3072 meis,
1065 3007 1223 3061 donec
1247 3010 1498 3062 inveniam
1521 3011 1686 3064 locum
1717 3009 1900 3064 Domi-

323 3112 388 3148 no
411 3137 426 3161 ,
458 3095 832 3150 tabernaculum
859 3096 970 3151 Deo
996 3097 1158 3152 Jacob
1187 3099 1206 3170 (
1241 3099 1330 3155 Ps.
1357 3101 1478 3156 151.
1503 3102 1537 3156 5
1561 3143 1574 3166 ,
1604 3111 1648 3154 et
1669 3119 1803 3172 seqq.
1831 3103 1850 3172 )
1880 3120 1894 3168 ;

323 3196 376 3239 et
399 3187 577 3240 statim
605 3187 729 3256 quid
753 3187 1083 3243 desideraret
1109 3191 1380 3259 exposuit,
1401 3200 1560 3262 atque
1579 3193 1749 3246 oculis
1774 3209 1898 3261 pro-

325 3276 627 3344 phetalibus
656 3317 670 3341 ,
715 3294 871 3348 quem
904 3294 1001 3333 nos
1033 3281 1247 3336 venisse
1288 3281 1400 3351 jam
1441 3283 1710 3338 credimus
1742 3325 1757 3346 ,
1808 3286 1898 3339 illo

323 3379 601 3423 venturum
626 3385 747 3425 esse
767 3365 1042 3428 cernebat.
1077 3371 1211 3427 Ecce
1235 3374 1522 3428 audivimus
1547 3375 1696 3430 illuni
1725 3377 1777 3430 in
1820 3377 1897 3431 Ε-

322 3460 506 3530 pltrata
526 3502 540 3522 ,
573 3463 848 3517 invenimus
876 3481 986 3517 eum
1015 3466 1066 3518 in
1097 3469 1288 3536 campis
1314 3468 1469 3538 sylva:
1510 3469 1671 3541 (Ibid.
1705 3471 1780 3538 ϐ).
1810 3471 1898 3528 ΖΟ

327 3551 400 3621 (b)
428 3553 620 3622 quippe
646 3569 824 3609 sermo
859 3556 1167 3623 llebraicus,
1195 3567 1251 3612 ut
1270 3569 1320 3612 te
1335 3560 1563 3616 docente
1580 3561 1762 3626 didici,
1790 3579 1895 3617 non

323 3642 541 3697 Mariam
571 3656 794 3700 matrem
825 3646 1057 3713 Domini,
1093 3647 1195 3702 hoc
1221 3657 1322 3714 est,
1351 3654 1523 3715 αὐτὴν,
1553 3651 1646 3707 sed
1675 3653 1849 3721 ipsum
1879 3694 1895 3722 ,

323 3733 374 3788 id
398 3745 495 3800 εει,
519 3740 660 3792 αὐτόν
685 3737 967 3807 signiﬁcat.
993 3738 1144 3794 Unde
1171 3739 1404 3811 loquitur
1417 3742 1752 3800 confidenter
1776 3745 1901 3800 ειη-

323 3827 580 3883 troibimus
627 3831 678 3883 in
721 3832 1096 3886 tabernaculum
1147 3834 1295 3904 ejus;
1323 3833 1644 3890 adorabimus
1686 3837 1741 3891 in
1791 3835 1901 3892 loco

321 3919 407 3972 ubi
433 3930 674 3975 steterunt
697 3925 846 3994 pedes
862 3923 991 3992 ejus.
1019 3923 1084 3978 Et
1100 3939 1200 3993 ego
1223 3923 1416 3980 misera
1435 3935 1590 3997 atque
1609 3929 1897 3998 peccatrix,

321 4012 478 4081 digna
502 4027 618 4066 sum
637 4013 868 4082 judicata
893 4014 1190 4070 deosculari
1221 4029 1479 4086 praisopc,
1509 4018 1561 4072 in
1588 4034 1694 4089 quo
1723 4018 1903 4075 Domi-

324 4120 423 4157 nus
450 4106 699 4173 parvulus
730 4106 933 4176 vagiit?
959 4121 1116 4162 orare
1145 4106 1195 4161 in
1223 4107 1504 4177 spelunca,
1534 4109 1588 4164 in
1617 4125 1721 4182 qua
1749 4111 1898 4182 virgo

324 4214 579 4270 puerpera
635 4201 915 4256 Dominum
963 4201 1100 4256 fudit
1141 4202 1453 4257 infantem?
1507 4203 1632 4258 lltcc
1684 4205 1902 4274 requies

325 4306 458 4353 mea,
491 4293 609 4362 quia
644 4291 850 4346 Domini
884 4295 983 4347 mei
1011 4294 1176 4362 patria
1209 4301 1310 4347 est.
1338 4293 1435 4347 llic
1464 4293 1735 4361 habitabo,
1765 4310 1900 4365 quo-

327 4384 464 4439 niam
511 4384 759 4440 Salvator
807 4385 968 4456 elegit
1010 4401 1150 4442 eam.
1199 4386 1387 4442 Paravi
1417 4388 1675 4442 lucernam
1700 4385 1899 4445 Christo

325 4494 432 4531 nico
473 4478 491 4548 (
523 4478 610 4533 Ps.
648 4481 765 4534 157.
797 4479 866 4532 57
896 4481 935 4547 ).
969 4478 1153 4533 Anima
1185 4495 1295 4533 mea
1325 4480 1401 4534 illi
1425 4481 1554 4535 vivet
1582 4522 1597 4546 ,
1644 4490 1692 4535 et
1731 4497 1900 4536 semen

327 4585 488 4624 meum
539 4570 714 4621 serviet
757 4570 858 4638 ipsi
896 4568 1012 4637 (Ps.
1061 4570 1151 4626 91.
1185 4571 1298 4639 51).
1358 4571 1507 4625 Haud
1553 4571 1732 4640 procul
1780 4571 1904 4627 inde

326 4659 597 4712 desecudit
624 4660 689 4712 ad
719 4661 902 4713 turriut
925 4659 1078 4726 Ader,
1096 4659 1145 4714 id
1169 4671 1270 4726 est,
1298 4664 1463 4733 gregis
1491 4661 1646 4733 (Gen.
1674 4665 1764 4720 55.
1789 4665 1900 4736 2|):

391 4812 464 4870 (a)
498 4811 632 4886 Idem
677 4823 827 4886 nonne
867 4809 1078 4886 plurima
1123 4816 1218 4886 etc.
1284 4812 1478 4886 Qonfer.
1527 4817 1796 4886 epist._37.
1843 4819 1903 4886 ad

327 4872 604 4935 Pammach.
633 4886 762 4919 num.
785 4872 831 4919 8.
867 4870 1019 4919 Paulo
1043 4881 1146 4933 post
1170 4886 1256 4934 pro
1288 4874 1424 4923 dabis
1445 4910 1458 4932 ,
1496 4870 1578 4924 alii
1615 4875 1781 4935 dabit;
1815 4892 1852 4927 ε.
1873 4880 1903 4927 d

330 4938 478 4997 variat
517 4933 716 4983 Grzccus
749 4947 944 4997 quoque
981 4941 1118 4991 tam,
1150 4933 1202 4982 et
1231 4941 1370 4993 sset-4.
1416 4935 1542 4992 Vide
1577 4939 1628 4985 in
1657 4933 1905 4989 Michaeam
1942 4980 1962 4988 ..

329 4996 719 5047 Commentarios.

395 5058 464 5119 (b)
500 5057 612 5105 Mss.
641 5059 790 5107 nostri
820 5057 946 5120 Zob,
980 5061 1062 5106 aut
1097 5055 1200 5106 loti
1235 5058 1450 5115 habent,
1493 5056 1574 5108 alii
1599 5072 1755 5120 penes
1776 5059 1904 5110 Mar.

331 5121 557 5170 tiatur-um
584 5127 680 5181 Zop
697 5159 710 5176 ,
735 5120 814 5169 vel
843 5119 939 5168 Zod
960 5157 972 5177 ,
997 5131 1200 5180 quorum
1220 5129 1515 5182 postremum
1535 5119 1657 5169 haud
1679 5120 1907 5183 displice-

332 5197 411 5239 ret
433 5225 462 5259 ,_
481 5189 720 5259 siquidem
755 5203 817 5238 ex
851 5189 1058 5259 Hebraeo
1080 5187 1188 5234 nm
1213 5192 1259 5259 in
1285 5197 1459 5259 neutro
1479 5204 1670 5259 gegeru
1697 5193 1905 5259 exprimi

333 5205 411 5239 ret
433 5225 446 5249 ,
481 5205 522 5239 ει
560 5205 720 5237 niuem
755 5205 817 5238 ex
851 5205 1058 5238 nenrmo
1080 5205 1184 5234 sum
1213 5205 1259 5238 Ill
1285 5205 1459 5239 neutro
1481 5205 1670 5253 genere
1697 5205 1904 5252 exiirtmt

333 5254 504 5314 potuit.
525 5205 617 5299 (Le
642 5251 870 5314 impressa
895 5249 1104 5314 lectione
1133 5250 1285 5314 multa
1313 5253 1512 5303 disserit
1539 5253 1904 5311 Benedictinus,

334 5311 484 5380 quem
507 5314 636 5380 adito
656 5314 714 5361 ad
736 5311 852 5380 libri
867 5311 1049 5380 calcem
1069 5315 1148 5380 Σἐἰ
1170 5313 1345 5380 1ιιὺεῐ.Δ
1361 5314 1460 5364 Nos
1480 5314 1524 5362 id
1549 5327 1698 5380 unum
1724 5316 1905 5380 exinde

335 5372 705 5430 constituimus,
739 5377 786 5424 iu
810 5373 1048 5439 Hebraico
1069 5372 1444 5438 Hieronymiauo
1477 5375 1746 5439 exemplari
1791 5380 1909 5427 scri-

337 5453 470 5508 ptum
491 5444 623 5505 olim,
641 5441 709 5490 n1
730 5438 918 5496 nam
937 5478 952 5503 ,
981 5442 1056 5493 vel
1079 5441 1218 5500 nm.
1247 5445 1326 5495 vel
1347 5440 1392 5492 π
1411 5483 1424 5507 ,
1463 5446 1590 5497 hunc
1628 5438 1706 5496 vel
1740 5447 1904 5510 istud,

335 5516 658 5580 similiterque
681 5522 788 5578 post
809 5515 1011 5564 verbum
1033 5511 1211 5562 nam
1228 5551 1244 5573 ,
1289 5518 1481 5567 tametsi
1504 5517 1647 5566 aliter
1671 5517 1903 5578 legerint,

335 5584 458 5635 LXX
465 5623 477 5635 .
492 5589 799 5650 habeantque
815 5586 1078 5635 etiamnum
1097 5583 1390 5646 exemplaria
1402 5585 1638 5635 Hebraica
1655 5583 1904 5647 nume,

340 5665 392 5711 et
414 5655 636 5720 mum
672 5670 782 5707 cum
803 5655 1023 5720 feminini
1045 5655 1246 5720 generis
1265 5655 1437 5718 afﬁxo,
1472 5657 1742 5720 audivimus
1763 5673 1869 5709 eam
1889 5697 1902 5720 ,

338 5726 385 5786 et
405 5719 672 5786 iyvcnimus
685 5718 953 5786 eam.__Mox
978 5731 1067 5786 pro
1086 5722 1131 5766 te
1153 5717 1349 5786 docente
1365 5753 1380 5781 ,
1404 5717 1591 5772 scilicet
1614 5717 1905 5786 Hieronymo

342 5781 393 5834 in
412 5781 612 5848 Reginae
629 5783 785 5836 altero
807 5781 895 5834 Ms.
919 5779 998 5833 est
1020 5785 1118 5832 uta
1141 5779 1374 5832 docente.
1703 5809 1706 5812 ~

1650 324 1978 382 EPISTULA
2015 320 2196 380 CVIII.

3473 327 3580 386 886

2001 439 2150 510 juxta
2181 453 2335 508 quam
2361 438 2527 494 Jacob
2555 438 2630 510 (ε)
2664 443 2810 512 pavit
2837 459 3023 515 greges
3051 458 3179 500 suos
3199 487 3215 513 ,
3238 453 3289 503 et
3315 453 3564 516 pastores

2009 543 2164 589 nocte
2193 531 2474 602 vigilantes
2497 533 2684 588 audire
2711 547 3053 594 morueruut:
3078 539 3256 596 Gloria
3285 540 3337 594 in
3366 541 3580 597 excelsis

2005 622 2137 689 Deo,
2170 634 2215 678 et
2247 641 2401 693 super
2434 634 2620 679 terram
2670 641 2773 680 una:
2812 629 3094 686 hominibus
3134 630 3279 686 bona:
3307 632 3584 686 uoluntatis

2009 713 2156 784 (Luc.
2186 714 2380 783 2.14).
2419 715 2658 784 Dumque
2699 726 2914 772 servant
2951 735 3078 776 oves
3109 761 3126 786 ,
3157 722 3472 778 invenermit
3510 724 3585 776 A-

2006 822 2166 877 gnum
2241 807 2404 878 700
2477 806 2574 862 Dei
2591 821 2722 875 puro
2737 816 2791 862 et
2813 809 3165 866 mundissimo
3192 812 3408 877 vellere,
3432 812 3577 882 quod

2007 898 2060 953 in
2090 899 2335 954 ariditate
2364 899 2533 952 totius
2565 908 2720 952 terra:
2749 898 2959 954 caelesti
2997 915 3119 954 rore
3143 903 3470 974 compl'stum
3496 911 3583 961 est

2008 989 2203 1059 (Iudic.
2233 989 2285 1044 6.
2317 990 2409 1062 '57)
2448 1007 2462 1044 :
2503 999 2557 1044 ct
2581 990 2731 1058 cujus
2749 989 3090 1060 sanguistulit
3115 1003 3329 1062 peccata
3352 994 3536 1050 mundi
3562 1035 3582 1060 ,

2006 1080 2552 1136 ctexterminatorem
2576 1079 2815 1152 JEgypti,
2841 1080 2966 1136 litus
3007 1081 3064 1137 in
3112 1083 3352 1153 postibus
3380 1084 3578 1156 iugavit

2007 1172 2202 1239 (Exod.
2235 1172 2350 1242 l2).

2078 1263 2165 1317 11.
2196 1261 2494 1332 Statimque
2522 1263 2734 1318 concito
2760 1264 2947 1333 gradu,
2967 1263 3132 1334 erepit
3153 1279 3247 1335 per
3267 1265 3407 1320 viam
3432 1275 3584 1323 vete-

2006 1367 2120 1408 rem
2145 1367 2368 1423 pergere
2391 1393 2408 1420 ,
2431 1369 2550 1424 quae
2571 1353 2718 1409 ducit
2747 1353 2943 1410 Gazam
2965 1395 2981 1420 ,
3007 1355 3074 1410 ad
3104 1356 3379 1428 potentiam
3405 1357 3490 1412 vel
3517 1357 3583 1415 ad

2005 1445 2207 1500 divitias
2237 1445 2370 1508 Dei;
2403 1455 2458 1501 et
2480 1446 2636 1502 tacita
2663 1461 2850 1502 secum
2881 1448 3135 1514 volvere,
3157 1449 3430 1519 quomodo
3457 1449 3572 1505 Eu.

2006 1537 2211 1591 nuchus
2232 1535 2484 1606 [Ethiops
2500 1537 2735 1606 gentium
2760 1537 2984 1608 populos
3013 1539 3387 1610 prmligurans,
3411 1550 3582 1594 muta-

2007 1629 2144 1684 verit
2173 1627 2365 1699 pellem
2391 1643 2542 1684 suam
2571 1647 2588 1695 ;
2616 1638 2671 1685 et
2702 1630 2828 1684 dum
2855 1638 3010 1686 vetus
3038 1633 3228 1702 relegit
3251 1633 3580 1688 instrumen-

2007 1730 2160 1785 tum,
2216 1721 2417 1777 fontem
2471 1723 2675 1792 reperit
2742 1723 3037 1794 Evangelii.
3113 1725 3289 1795 Atque
3345 1726 3468 1782 inde
3519 1727 3585 1780 ad

2005 1812 2276 1868 dexteram
2297 1811 2376 1885 (ι)
2404 1812 2613 1868 transit.
2637 1813 2678 1868 Α
2712 1813 2942 1869 Bethsur
2972 1815 3117 1869 venit
3143 1815 3300 1870 Escol
3330 1857 3347 1882 ,
3377 1832 3497 1887 qua:
3528 1818 3582 1872 itt

2006 1904 2201 1960 botrum
2229 1905 2457 1960 vertitur
2494 1903 2682 1974 (Nam.
2717 1906 2805 1962 15.
2833 1905 2924 1960 24.
2952 1917 2998 1959 et
3025 1904 3138 1979 25).
3172 1907 3327 1963 Unde
3350 1909 3402 1964 in
3429 1910 3581 1966 testi-

2006 1997 2240 2050 monium
2265 2006 2420 2051 terra:
2443 1996 2804 2063 fertilissimtc,
2824 2005 2877 2052 et
2903 1998 2956 2052 in
2980 2005 3161 2070 typum
3185 1999 3302 2069 ejus
3325 2001 3412 2070 qui
3435 2001 3582 2057 dicit:

2005 2085 2258 2142 Torcular
2285 2088 2477 2142 calcavi
2506 2088 2666 2154 solus,
2699 2097 2747 2142 et
2795 2089 2858 2143 de
2883 2091 3112 2160 gentibus
3141 2091 3226 2159 (ά)
3254 2109 3356 2146 non
3394 2103 3467 2148 est
3505 2096 3578 2149 vir

2004 2195 2197 2232 niecum
2221 2177 2373 2250 (lsai.
2406 2180 2493 2236 65.
2520 2180 2596 2246 5).
2629 2180 2998 2249 exploratores
3027 2180 3238 2237 bonum
3273 2183 3427 2238 mirae
3457 2201 3573 2239 ma-

2004 2268 2299 2339 gnitudinis
2328 2277 2674 2339 portaverunt
2709 2269 2897 2339 (Num.
2931 2271 3046 2341 15).
3081 2270 3190 2326 Nec
3221 2281 3341 2342 post
3368 2273 3582 2344 longum

2003 2359 2230 2429 Spatium
2246 2360 2460 2415 intravit
2474 2359 2620 2416 Sara:
2633 2360 3064 2427 cellulas,videns
3082 2363 3397 2418 incunabula
3415 2365 3579 2429 Isaac,

2003 2459 2058 2506 et
2101 2451 2319 2522 vestigia
2362 2466 2592 2521 quercus
2636 2451 2934 2517 Abraham,
2983 2453 3084 2508 sub
3113 2468 3217 2524 qua
3263 2454 3397 2509 vidit
3436 2454 3582 2510 diem

2003 2543 2242 2608 Christi,
2272 2552 2326 2597 et
2388 2543 2598 2598 laetatus
2645 2551 2748 2598 est.
2805 2545 2994 2613 Atque
3036 2543 3160 2600 inde
3213 2559 3579 2618 consurgens,

2002 2635 2243 2691 ascendit
2271 2634 2544 2702 Chebron,
2567 2635 2682 2690 haec
2709 2644 2791 2690 est
2819 2634 3205 2704 CariatIt-arbe,
3226 2637 3277 2692 id
3305 2647 3406 2704 est,
3429 2640 3580 2710 oppi-

2003 2728 2124 2780 dum
2166 2727 2390 2782 uirorum
2414 2735 2655 2794 quatuor,
2671 2725 2944 2782 Abraham
2965 2769 2980 2793 ,
3004 2727 3170 2796 Isaac,
3195 2728 3364 2785 lacob
3382 2771 3399 2798 ,
3423 2739 3476 2786 et
3509 2731 3581 2802 (e)

2003 2816 2170 2870 Adam
2196 2817 2370 2886 magni
2393 2857 2408 2883 ,
2441 2831 2599 2886 quem
2623 2815 2696 2871 ibi
2718 2817 2994 2872 conditum
3015 2859 3032 2885 ,
3051 2817 3201 2888 juxta
3227 2819 3420 2874 librum
3452 2820 3580 2876 Jesu

2001 2907 2146 2962 Nave
2174 2907 2384 2962 llehrmi
2411 2915 2728 2963 autumant:
2763 2908 2888 2964 licet
2918 2909 3159 2982 plerique
3210 2911 3374 2968 Calcb
3417 2930 3580 2982 quar-

2004 3008 2112 3052 tum
2146 3008 2367 3068 putent,
2400 3000 2553 3069 cujus
2605 3016 2674 3055 ex
2717 3000 2885 3058 latere
2916 3003 3178 3057 memoria
3229 3015 3579 3059 monstratur.

2003 3090 2096 3146 llis
2125 3091 2412 3160 inspectis,
2469 3091 2642 3145 noluit
2692 3107 2914 3162 pergere
2943 3092 3009 3146 ad
3041 3091 3252 3147 Cariatlt
3280 3095 3484 3163 sepher,
3522 3097 3572 3148 id

2001 3191 2083 3235 est
2104 3222 2118 3247 ,
2147 3181 2402 3236 vinculum
2448 3182 2729 3236 litterarum
2761 3198 2782 3234 :
2810 3183 2932 3253 quia
2954 3193 3306 3240 contemnens
3332 3187 3584 3242 occiden-

2003 3277 2107 3327 to...
2138 3273 2367 3328 litteram
2387 3315 2400 3338 ,
2429 3282 2702 3344 repererat
2722 3273 2968 3343 spiritum
2988 3274 3368 3331 viviﬁcantem.
3393 3277 3583 3346 Magis-

2001 3382 2104 3436 que
2126 3365 2426 3420 mirabatur
2454 3366 2766 3437 superiores
2812 3373 2868 3421 ct
2897 3366 3179 3424 inferiores
3209 3383 3406 3439 aquas,
3445 3386 3581 3440 quas

2000 3458 2255 3513 0:honiel
2296 3458 2436 3512 illius
2483 3457 2726 3528 Jepltoue
2765 3457 2944 3513 Kenez
2981 3474 3076 3528 pro
3104 3461 3324 3516 australi
3356 3473 3494 3516 terra
3526 3473 3584 3519 et

2001 3544 2147 3598 arida
2177 3544 2520 3613 possessione
2545 3551 2856 3612 susceperat
2902 3541 3098 3612 (Judic.
3133 3545 3208 3612 l),
3239 3555 3294 3600 et
3336 3544 3404 3616 (f)
3447 3563 3582 3616 qua-

2003 3652 2118 3690 rum
2145 3635 2307 3690 ductu
2328 3677 2344 3700 ,
2391 3635 2560 3690 siccos
2586 3635 2786 3705 prioris
2813 3634 3156 3689 lnstrumcnti
3178 3651 3337 3706 agros
3358 3638 3586 3694 faciebat

2005 3725 2264 3795 irriguos;
2288 3733 2346 3778 ut
2371 3724 2792 3793 redemptionem
2820 3735 3060 3779 veterum
3109 3736 3450 3795 peccatorum
3476 3770 3493 3796 ,
3523 3729 3578 3785 in

2003 3817 2152 3885 aquis
2169 3814 2418 3885 baptismi
2441 3815 2722 3884 reperiret.
2735 3813 2914 3868 Altera
2937 3813 3045 3881 die,
3060 3825 3182 3870 orto
3194 3816 3305 3886 jam
3322 3817 3456 3885 sole,
3476 3827 3586 3874 ste-

2005 3909 2066 3962 tit
2089 3908 2140 3962 in
2165 3906 2449 3978 supercilio
2467 3905 2545 3980 (g)
2568 3904 2774 3976 Cap/lar
2793 3904 3055 3972 Barucha,
3077 3905 3129 3962 id
3159 3916 3260 3975 est,
3285 3909 3418 3964 uilla:
3439 3910 3588 3966 bene-

2004 3999 2275 4053 dictionis:
2301 4013 2460 4068 quem
2491 3997 2557 4052 ad
2585 3998 2759 4052 locum
2789 3997 3060 4054 Abraham
3093 3999 3377 4056 Dominum
3409 4016 3589 4074 prose-

2004 4100 2158 4145 cutus
2203 4097 2308 4144 est.
2357 4087 2508 4144 Unde
2536 4087 2695 4142 latam
2755 4086 3057 4158 despiciens
3099 4089 3483 4157 solitudinem,
3523 4106 3588 4148 ac

2007 4192 2206 4238 terram
2262 4181 2530 4252 quondam
2604 4182 2763 4253 701
2837 4181 3086 4237 Sodoma:
3129 4191 3185 4240 et
3239 4182 3584 4252 Gomorrhm,

2005 4275 2224 4330 Adamae
2245 4315 2260 4343 ,
2288 4283 2342 4329 et
2375 4273 2589 4329 Schoim
2612 4313 2628 4341 ,
2655 4272 3014 4344 contemplata
3038 4283 3124 4330 est
3147 4273 3376 4333 balsami
3399 4274 3589 4332 vincas

2069 4494 2138 4603 (ξ)
2168 4494 2223 4544 In
2246 4492 2429 4603 alitp‘tot
2448 4491 2566 4566 Mss.
2589 4489 2772 4577 notarit.
2783 4502 2978 4555 gregem
2999 4503 3157 4540 suum.
3245 4552 3258 4564 ο

2069 4559 2086 4603 ι
2129 4559 2146 4603 i
2179 4555 2290 4603 Duo
2379 4567 2536 4603 cannae
2573 4553 2687 4602 Mss.
2725 4565 2800 4602 νιν
2841 4564 3029 4602 mecum
3063 4564 3157 4602 non
3186 4553 3254 4603 fut

2068 4553 2146 4617 (d)
2179 4555 2290 4604 Duo
2332 4553 2536 4616 Reginae
2573 4553 2687 4602 Mss.
2725 4553 2800 4602 vir
2841 4553 3029 4602 mecum
3063 4564 3157 4602 non
3184 4553 3304 4615 fuit,
3340 4560 3587 4604 renuente

2006 4619 2150 4667 etiam
2176 4618 2331 4666 Graec.
2353 4628 2417 4666 οὓι
2437 4626 2548 4665 ιιι-ειν.

2072 4680 2140 4740 (e)
2173 4679 2494 4746 Heiu-morum
2523 4673 2716 4746 traditio
2734 4678 2848 4746 est,
2875 4673 3584 4746 atieomminiscendtehlocum

2007 4734 2234 4788 fecerunt
2275 4738 2426 4786 Josue
2469 4736 2621 4784 verba
2670 4734 2742 4782 ll.
2790 4734 2868 4784 15.
2926 4735 3079 4784 Adam
3110 4734 3576 4789 maximusibiintet

2007 4799 2202 4849 Enacim
2226 4798 2343 4848 situs
2365 4803 2466 4857 est;
2489 4808 2598 4859 quae
2622 4802 2786 4859 tamen
2803 4807 2904 4859 non
2927 4795 3162 4859 Adauuun
3189 4803 3574 4859 protollereutets

2007 4810 2202 4849 enactm
2226 4810 2343 4848 suus
2365 4810 2466 4857 est;
2489 4810 2598 4905 qpae
2622 4810 2786 4865 tamen
2809 4810 2904 4868 non
2927 4810 3162 4845 manium
3187 4810 3574 4908 protollereutets

2006 4869 2208 4919 notant,
2245 4859 2332 4930 sed
2353 4869 2472 4930 sum;
2542 4868 2754 4930 omtuem
2801 4851 2901 4917 (qut
2932 4855 3085 4930 Adam
3106 4857 3184 4908 He
3221 4871 3352 4930 ratce
3386 4856 3585 4925 dicitur)

2006 4915 2340 4983 praegrandem
2363 4953 2378 4977 ,
2419 4925 2471 4966 et
2491 4915 2899 4983 celeberrimum,
2937 4920 3032 4983 qui
3061 4931 3171 4967 cum
3215 4917 3336 4970 Al'be
3356 4957 3371 4978 ,
3409 4915 3587 4972 nomen

2009 4977 2144 5030 esset
2162 5015 2178 5039 ,
2196 4982 2246 5044 id
2272 4988 2351 5044 est
2379 4985 2581 5040 quatuor
2601 5011 2616 5037 ,
2655 4980 2716 5026 ab
2738 4977 2824 5028 illo
2844 4977 3115 5044 estcivitas
3133 4977 3472 5044 cognominata
3495 5019 3510 5044 ,
3536 4985 3588 5032 in

2009 5056 2168 5104 eaque
2193 5043 2206 5090 i
2227 5055 2295 5091 .se
2318 5039 2439 5091 situs
2461 5048 2567 5102 post
2589 5047 2810 5088 mortem.
2844 5039 2969 5090 Vide
2985 5054 3096 5104 qua).
3113 5039 3395 5092 adnotamus
3413 5039 3505 5093 lib.
3521 5043 3589 5094 de

2009 5103 2148 5152 Locis
2168 5057 2226 5152 ad
2249 5116 2418 5152 vocem
2441 5101 2575 5152 urbe.
2611 5100 2702 5158 Qui
2727 5101 2957 5156 Calebum
2979 5109 3202 5158 quartum
3228 5110 3398 5158 putant
3414 5139 3427 5158 .
3471 5105 3586 5154 inde

2009 5115 2148 5152 Locis
2168 5115 2226 5152 au
2249 5116 2418 5152 vocem
2441 5115 2575 5152 ,troe.
2611 5115 2702 5158 uut
2727 5115 2957 5156 patenum
2979 5115 3202 5164 quartum
3227 5115 3398 5166 putant
3414 5139 3427 5160 .
3471 5115 3586 5154 inde

2009 5172 2424 5238 argumentantur,
2449 5163 2575 5226 quod
2602 5161 2669 5210 illi
2692 5175 2720 5211 c
2738 5163 2863 5212 vitas
2884 5163 3084 5215 Hebrou
3106 5177 3134 5214 a
3155 5165 3308 5215 losue
3332 5166 3380 5214 iu
3399 5175 3588 5227 partem

2007 5229 2442 5357 d_ai7')8|l’.erperam
2465 5286 2589 5349 apud
2611 5285 2797 5357 Erasm.
2825 5291 2876 5336 et
2897 5286 3224 5357 Martianaeum
3246 5323 3261 5348 ,
3285 5292 3330 5357 et
3351 5299 3588 5357 aquarum

2009 5347 2190 5423 ductu,
2215 5347 2304 5412 pro
2333 5347 2566 5412 quorum,
2601 5356 2655 5398 ut
2684 5356 2799 5398 ante
2843 5361 2933 5399 nos
2969 5347 3316 5399 emendaverat
3359 5347 3466 5409 ipse
3499 5347 3584 5397 Vi-

2008 5419 2406 5538 ςιίξὲῗεῄεηιίιιίι
2437 5473 2584 5538 etiam
2619 5469 2673 5520 S.
2711 5469 3014 5538 Epiphanius
3044 5467 3236 5538 capitur
3258 5465 3492 5538 adﬁcite,
3529 5473 3588 5518 ut

2009 5526 2180 5594 vocat,
2222 5533 2309 5583 loci
2340 5541 2421 5597 ter
2454 5526 2837 5597 millepassibus
2874 5526 3224 5597 ab‘llehrotie.
3251 5526 3414 5597 _ldem_
3440 5540 3586 5597 porro

2013 5586 2200 5660 videtur
2222 5634 2234 5655 ,
2269 5595 2351 5660 qui
2375 5594 2422 5644 2.
2457 5586 2666 5658 Paralip.
2691 5607 2736 5642 c.
2760 5592 2840 5642 20.
2864 5605 2912 5640 v.
2936 5590 3014 5640 ΞΒ.
3067 5587 3214 5638 Vallis
3245 5586 3586 5640 benedictionis

2010 5671 2052 5720 ag
2317 5719 2468 5768 verbo
2501 5714 2686 5767 mavult
2721 5713 2925 5767 Gravius
2960 5707 3161 5765 ransita
3199 5708 3312 5774 (pro
3337 5708 3509 5762 transit
3529 5709 3587 5774 ιι)

2010 5781 2240 5845 Βειιιδιιν,
2265 5783 2397 5832 venit
2421 5786 2517 5830 etc.
