4106 6340
428 342 553 413 88$

426 452 633 528 reperit
652 451 1008 541 Salutarem.
1036 453 1210 525 Atque
1240 452 1362 511 inde
1392 452 1687 523 diverteris,
1716 455 1846 513 vidit
1871 457 2008 514 duo-

428 545 605 603 decim
628 544 1060 603 Patriarcharum
1105 546 1389 616 sepulcra:
1424 556 1480 602 et
1504 547 1782 617 Sebastem,
1817 549 1868 604 id
1898 558 2003 618 est,

427 638 765 704 Samariam,
824 654 944 710 qua:
989 639 1042 695 iu
1092 637 1351 694 honorem
1405 641 1624 709 Augusti
1675 642 1742 697 ab
1796 641 2006 699 Ilcrode

431 729 621 786 Graeco
645 745 898 787 sermone
934 731 1160 801 Augusta
1205 738 1289 785 est
1328 731 1618 786 nominata.
1653 732 1726 786 lbi
1752 731 1837 787 siti
1883 741 2007 788 sunt

429 823 656 879 Eliszeus
698 830 754 877 et
792 820 992 878 Abdias
1039 821 1322 890 Prophet.e
1352 838 1367 876 :
1393 831 1446 876 et
1475 819 1625 894 (quo
1653 822 1822 893 major
1867 823 2006 880 inter

427 923 581 968 natos
612 910 894 968 mulierum
924 929 1026 966 non
1052 912 1169 983 fuit)
1194 910 1428 967 Joannes
1454 911 1711 983 Baptista.
1740 912 1841 969 Ubi
1864 914 2004 969 mul-

430 1004 496 1057 tis
534 1002 812 1057 intremuit
851 1012 1189 1057 consternata
1222 1002 1554 1057 mirabilibus
1584 1019 1597 1056 :
1630 1019 1856 1073 namque
1882 1020 2001 1060 cer-

428 1095 589 1149 nebat
636 1093 797 1148 variis
848 1092 1122 1148 diemones
1167 1095 1342 1163 rugire
1387 1094 1732 1158 cruciatibus,
1784 1103 1839 1150 et
1882 1104 2004 1151 ante

424 1184 669 1263 sepulcra
692 1191 1012 1240 sanctorum
1051 1183 1258 1238 ululare
1287 1184 1532 1238 homines
1557 1199 1706 1240 more
1734 1186 2002 1255 luporum,

424 1276 643 1331 vocibus
691 1275 891 1331 latrare
944 1276 1425 1341 cannm,l‘remere
1475 1277 1730 1343 leonum,
1786 1278 2004 1335 sibilare

423 1376 761 1438 serpentum,
793 1365 1001 1437 mugire
1030 1375 1323 1423 taurorum.
1354 1366 1502 1422 Alios
1531 1376 1707 1423 rotare
1730 1378 1885 1438 caput
1906 1411 1919 1434 ,
1949 1375 2006 1423 et

425 1468 546 1529 post
592 1466 802 1528 tergum
858 1466 1055 1513 terram
1103 1459 1302 1514 vertice
1352 1467 1594 1530 tangere,
1620 1462 2002 1531 suspensisque

423 1552 557 1623 pede
589 1549 807 1607 feminis
828 1593 845 1619 ,
878 1549 955 1624 (ιι)
981 1561 1158 1608 vestes
1183 1568 1289 1608 non
1320 1552 1554 1609 defluere
1587 1554 1639 1608 in
1672 1553 1876 1609 faciem.
1904 1554 2001 1610 Mi-

421 1645 698 1701 serebatur
726 1644 990 1711 omnium,
1027 1653 1082 1700 et
1113 1661 1208 1714 per
1234 1646 1475 1715 singulos
1505 1645 1686 1701 effusis
1726 1646 1999 1720 lacryniis,

420 1735 622 1792 Christi
646 1736 987 1792 clementiam
1016 1734 1425 1807 deprecabatur.
1459 1736 1525 1791 Et
1572 1737 1712 1793 sicut
1757 1747 1872 1793 erat
1917 1738 1998 1793 iu-

420 1825 615 1895 valida,
637 1825 881 1882 ascendit
927 1826 1154 1897 pedibus
1199 1835 1467 1891 montem;
1502 1827 1554 1880 in
1599 1827 1751 1897 cujus
1795 1826 2003 1881 duabus

419 1920 713 1991 speluncis,
738 1917 1131 1991 persecutionis
1175 1927 1231 1976 et
1283 1917 1435 1973 famis
1486 1928 1752 1989 tempore,
1803 1917 2002 1973 Abdias

419 2011 680 2082 prapbeta
718 2018 932 2066 centum
984 2009 1277 2081 prophetas
1304 2010 1438 2065 aluit
1465 2025 1602 2080 pane
1627 2018 1682 2065 et
1724 2024 1860 2081 aqua
1899 2008 1997 2083 (5.

422 2103 554 2177 Reg.
588 2105 675 2161 18.
704 2105 741 2162 4
768 2103 808 2177 ).
836 2103 964 2160 Inde
988 2104 1095 2159 cito
1125 2104 1319 2159 itinere
1346 2102 1680 2174 percucurrit
1702 2101 1962 2158 Nazaretlt
1982 2143 1999 2169 ,

425 2198 742 2257 nutriculam
771 2198 1012 2263 Domini;
1037 2196 1181 2253 Cana
1204 2194 1353 2268 [Mss
1378 2192 1661 2267 Chaunum]
1683 2204 1736 2249 et
1757 2194 1826 2249 Ca
1835 2193 2000 2263 phar-

418 2305 604 2357 naum,
636 2290 910 2360 signorum
940 2288 1059 2358 ejus
1090 2287 1380 2342 familiares
1415 2303 1428 2339 :
1464 2286 1635 2340 lacum
1662 2284 2000 2356 Tyberiadis,

415 2378 582 2455 7M
652 2382 937 2450 navigante
990 2378 1218 2433 Domino
1270 2375 1695 2442 sanctificatum;
1753 2375 2002 2431 solitudi-

414 2488 562 2537 nem,
596 2472 649 2526 in
679 2485 783 2543 qua
811 2468 976 2524 multa
1023 2469 1339 2539 populorum
1371 2468 1533 2521 millia
1563 2467 1741 2536 paucis
1766 2475 2000 2521 saturata

415 2573 542 2631 sunt
582 2564 810 2634 panibus
831 2603 848 2628 ,
872 2572 926 2616 et
953 2561 1019 2615 de
1060 2561 1280 2631 reliquis
1306 2560 1636 2615 vescentium
1667 2559 1855 2629 repleti
1877 2568 2000 2613 sunt

414 2655 632 2727 eophini
682 2654 966 2711 duodecim
1010 2654 1244 2708 tribuum
1282 2653 1465 2709 Israel.
1498 2652 1799 2707 Scandebat
1849 2667 2002 2705 mon-

415 2758 522 2807 tem
569 2747 825 2812 Thabor,
887 2746 940 2800 in
987 2761 1092 2815 quo
1142 2745 1547 2814 transfiguratus
1593 2753 1676 2798 est
1720 2743 1995 2797 Dominus.

412 2838 724 2911 Aspiciebat
751 2838 931 2906 procul
962 2844 1170 2890 montes
1201 2834 1435 2889 llermon
1467 2844 1519 2888 ct
1562 2834 1914 2900 llermuuiim,
1945 2842 1999 2888 et

411 2946 633 3000 campos
679 2929 973 2984 latissimos
1038 2928 1318 2993 Galilane,
1368 2927 1419 2982 in
1479 2927 1670 2999 quibus
1721 2926 1899 2981 Sisara
1944 2934 1999 2979 et

412 3022 586 3077 omnis
632 3021 899 3077 exercitus
944 3019 1083 3090 ejus,
1117 3018 1320 3073 Baraclt
1368 3018 1653 3085 vincente,
1702 3027 1997 3087 prodi-atus

412 3123 495 3171 est
524 3111 740 3186 (ludio.
768 3109 843 3185 4)
876 3123 1084 3166 torrens
1114 3110 1299 3176 Cisou,
1328 3110 1416 3181 qui
1450 3110 1679 3164 mediam
1723 3109 1994 3176 planitiem

412 3204 721 3271 dividebat;
753 3214 807 3258 et
857 3204 1114 3273 Oppidum
1152 3202 1303 3273 juxta
1334 3201 1486 3277 _Naim
1514 3245 1529 3269 ,
1561 3202 1613 3256 in
1669 3218 1775 3273 quo
1826 3201 1997 3256 vidua:

412 3299 702 3355 suscitatus
742 3304 826 3351 est
869 3297 1044 3363 filius,
1092 3294 1511 3351 monstrabatur.
1547 3294 1669 3350 Dies
1715 3309 1801 3349 me
1849 3294 1996 3365 prius

413 3403 570 3459 quam
615 3401 795 3443 sermo
836 3386 1069 3449 deficiet,
1096 3387 1139 3440 si
1172 3386 1393 3441 voluero
1438 3391 1629 3441 cuncta
1659 3400 1994 3456 percurrere,

413 3495 533 3550 qua:
566 3479 724 3533 Paula
757 3478 1077 3534 Venerabilis
1105 3478 1207 3533 fide
1239 3478 1538 3533 incredibili
1572 3490 1853 3548 pervagata
1891 3488 1993 3534 esr.

485 3570 575 3626 M.
603 3568 866 3625 Transibo
912 3568 978 3624 ad
1032 3567 1365 3641 Egyptum;
1407 3577 1464 3623 et
1510 3566 1583 3640 (b)
1634 3568 1684 3622 in
1735 3566 1993 3633 Suchmb,

415 3658 732 3731 atque’apud
764 3661 963 3716 fontem
997 3659 1248 3721 Samson,
1274 3673 1431 3726 quem
1463 3659 1530 3712 de
1557 3658 1743 3711 molari
1768 3658 1995 3711 innixillzr.
2048 3654 2057 3665 '

415 3750 576 3806 dente
605 3749 854 3821 produxit
884 3748 1080 3823 (Judic.
1103 3749 1187 3803 l5.
1223 3747 1333 3818 19),
1363 3745 1651 3801 subsisxam
1676 3761 1991 3815 parumper:

416 3828 471 3899 et
494 3844 701 3899 arentia
730 3857 823 3897 ora
854 3841 1104 3907 eulluam,
1140 3850 1200 3895 ut
1227 3839 1549 3895 refocillatus
1578 3836 1783 3891 videam
1819 3838 1995 3891 Mura-

415 3933 600 4001 sthim,
633 3934 938 4003 sepulcrum
967 3932 1235 4002 quondam
1266 3930 1485 3985 Michcm
1517 3930 1790 4000 ντυνιιοιέιι
1810 3970 1825 3992 ,
1854 3944 1996 3983 nunc

417 4026 731 4083 Ecclesium.
765 4026 832 4082 Et
883 4040 948 4081 ex
1001 4024 1168 4079 latere
1210 4022 1577 4091 derelinquam
1621 4020 1908 4087 Chorreos,
1943 4031 1997 4075 et

417 4117 693 4186 Cettheos,
723 4116 948 4182 Maresa,
984 4115 1271 4170 lduma'am
1291 4155 1307 4173 .
1328 4122 1381 4169 et
1411 4111 1634 4179 Laeliis;
1665 4121 1719 4167 et
1745 4128 1839 4182 per
1875 4127 1997 4168 arc-

483 4267 548 4336 (ιι)
587 4268 768 4336 Insigni
784 4268 968 4336 mendo
984 4302 998 4326 ,
1030 4267 1162 4336 quod
1183 4278 1346 4336 neque
1368 4265 1997 4336 hiartigyaeugauimadver-

416 4325 508 4390 tit',
532 4325 657 4402 'erat
678 4325 728 4379 iii
742 4325 999 4402 plerisque
1020 4325 1245 4402 omnibus
1264 4325 1409 4402 editis
1430 4341 1488 4402 ac
1650 4325 1788 4402 libris
1808 4328 1996 4402 alisque

413 4387 627 4456 negandi
651 4387 880 4456 particula
901 4387 1087 4456 ,‘vestes
1110 4387 1322 4453 deﬂuere
1352 4388 1402 4439 in
1434 4387 1624 4451 faciem.
1651 4388 1781 4456 __Nos
1814 4387 1996 4456 Cistero

415 4450 593 4504 ciehsis
617 4450 724 4504 cod.
762 4450 1039 4512 admonuit,
1080 4450 1235 4514 utque
1264 4450 1510 4514 constaret
1549 4450 1756 4514 prodigii
1794 4451 1994 4514 veritas,

416 4523 682 4565 contextus
715 4516 949 4576 orationis
969 4510 1244 4576 persuasit.
1287 4513 1509 4576 Accessit
1527 4510 1584 4559 ad
1609 4510 1833 4576 lectionis
1853 4510 1999 4576 ﬁdem

417 4577 729 4625 asserendam
764 4573 933 4623 Hilarii
968 4572 1101 4622 liicus
1133 4573 1215 4621 lib.
1252 4582 1418 4622 contra
1441 4572 1766 4623 Constantium
1791 4587 1921 4621 num.
1946 4572 1994 4620 8.

417 4648 564 4745 ﬁnem
585 4635 909 4705 Hieronymus
928 4635 1192 4705 heicipeue
1216 4635 1492 4696 exscripsit.
1535 4634 1865 4706 {Veneranda
1887 4646 1998 4684 ossa

469 4704 680 4745 artvrutn
700 4696 919 4745 quotidie
943 4701 1217 4743 testimonio
1253 4702 1366 4743 sunt
1386 4729 1402 4745 .
1422 4695 1534 4743 du.n
1569 4708 1619 4743 m
1655 4696 1729 4744 bis
1750 4696 1998 4745 da‘mones

469 4704 680 4758 artyrutn
700 4695 924 4758 qubtidie
943 4696 1217 4758 testimonio
1253 4702 1366 4758 sunt
1386 4729 1402 4751 ,
1422 4695 1534 4758 dum
1569 4695 1619 4743 in
1655 4696 1729 4758 bis
1746 4696 1998 4758 dwmorres

420 4752 659 4819 mugiunt,
683 4752 795 4803 dum
814 4755 1127 4819 aegritudines
1141 4752 1472 4819 depelluntur,
1497 4753 1609 4801 dum
1632 4756 1998 4804 admirationum

420 4813 572 4879 Ope'ra
594 4813 894 4879 cernuntur}
919 4814 1103 4879 e_l_evari
1124 4813 1234 4861 sine
1259 4814 1448 4875 laqueis
1466 4826 1693 4876 corpora,
1718 4823 1770 4865 et
1790 4829 1998 4878 suspen-

419 4876 638 4941 sispede
674 4876 866 4929 feminis
885 4914 899 4935 ,
919 4876 1134 4941 _V't-;s1‘_ss
1153 4882 1255 4941 Non
1279 4880 1547 4941 υμιυειεε
1569 4882 1618 4924 IN
1639 4880 1828 4941 {acum
1851 4876 1947 4927 etc.
1966 4895 1992 4941 φ

424 4935 661 5004 Sulpitius
683 4939 965 5004 quoquede
989 4938 1023 4987 S
1070 4937 1274 5004 Martino
1294 4935 1471 5004 dialog.
1497 4935 1561 5004 εξ..
1605 4935 2002 5004 ερεξτηθισᾳξριὶ-

422 4996 561 5052 seros
592 4996 783 5063 diverso
801 4996 951 5050 'exitu
988 4999 1275 5063 perurgeri,
1318 4996 1657 5063 hos'sublatis
1692 4997 2001 5063 insulilime

424 5064 667 5133 pedibus,
706 5062 811 5111 NEC
839 5057 1002 5133 tamen
1044 5057 1210 5133 vestes
1245 5060 1470 5111 deﬂuere
1500 5072 1649 5133 super
1688 5057 1900 5133 faciem...
1935 5073 2001 5132 ne
2038 5102 2047 5109 .

423 5120 609 5175 iaceret
630 5120 967 5172 verecundiam
994 5123 1166 5172 nudata
1191 5136 1301 5175 pars
1321 5120 1575 5175 ceruorum
1601 5127 1697 5170 etc.
1719 5137 1742 5165 ι
1813 5120 1935 5170 Vide
1957 5120 1999 5170 si

423 5136 609 5175 taceret
630 5136 967 5172 verecundiam
994 5136 1166 5172 nudata
1222 5136 1301 5172 ars
1321 5136 1404 5171 cor
1424 5136 1575 5172 iurum
1601 5136 1697 5170 etc.
1719 5137 1742 5165 ι
1820 5136 1935 5170 vute
1957 5136 1999 5170 st

423 5186 562 5252 lubet
586 5194 638 5252 et
660 5186 712 5235 S.
729 5184 983 5252 Paulinum
1004 5136 1221 5252 inmaturi.
1245 5184 1369 5252 7._S.
1392 5137 1587 5252 ll‘elicis.
1615 5182 2003 5252 Quibttsaddeu-

423 5248 516 5297 dus
558 5248 682 5297 alter
728 5253 805 5295 est
846 5245 1142 5295 Benedictus
1184 5243 1413 5296 Paulinus
1455 5245 1774 5295 Petrocorius
1804 5247 1853 5294 iu
1892 5245 2002 5295 Vita

424 5308 482 5360 S.
505 5309 702 5360 Martini
725 5306 809 5355 lib.
832 5306 892 5355 ν.

466 5343 482 5359 .
505 5309 702 5360 Martini
726 5309 809 5355 lib.
832 5309 892 5355 V.

581 5376 709 5421 Inter
730 5369 873 5418 inane
894 5379 1005 5417 reus
1022 5368 1234 5429 pendens
1253 5373 1299 5418 et
1319 5368 1371 5418 in
1394 5380 1506 5418 aere
1530 5373 1680 5419 tortor

577 5430 818 5485 Porrertis
837 5427 1032 5492 sursum
1048 5427 1244 5492 pedibus
1265 5468 1278 5487 ,
1305 5429 1560 5492 constricto
1580 5430 1770 5492 rejectis

584 5492 772 5544 Vellera
794 5488 988 5541 vestitus
1009 5488 1144 5540 tectis
1164 5490 1398 5540 umentia
1417 5488 1643 5540 membris
1664 5530 1680 5550 ,

578 5563 647 5607 Ne
665 5553 799 5622 [Iesu
814 5557 1018 5622 curvata
1038 5562 1124 5599 suo
1144 5587 1159 5612 ,
1185 5550 1255 5622 rei
1279 5551 1700 5622 fapsa_retrorsum

578 5617 823 5669 Nudarent
840 5619 1005 5676 turpes
1023 5617 1223 5676 oppetis;
1244 5617 1463 5676 corporis
1481 5620 1635 5676 artus.

490 5678 560 5742 (b)
593 5677 836 5729 Victorius
879 5670 1066 5746 mavult
1089 5670 1149 5723 et
1191 5673 1316 5722 inter
1328 5670 1557 5746 ’.ερσιιοιιι
1580 5712 1594 5734 ,
1639 5680 1781 5750 atque
1826 5676 2003 5790 metu

490 5752 653 5790 mesen
676 5747 771 5790 etc.
816 5735 1017 5787 Intenm
1051 5740 1170 5786 tene
1191 5733 1569 5790 descriptionem
1602 5737 1792 5790 itineris
1971 5748 2001 5789 c

425 5733 653 5806 gantiam
676 5747 771 5806 etc.
816 5735 1017 5806 Interim
1051 5740 1170 5806 tene
1191 5733 1569 5806 descriptionem
1602 5733 1792 5794 itineris
1826 5733 1936 5790 hinc
1971 5748 2001 5789 e

425 5796 800 5861 Bethleemin
819 5796 1114 5853 monasterio
1134 5796 1337 5851 institui.

1802 346 2130 406 BPlSTOLA
2164 349 2346 410 εγω.

3581 362 3689 437 ὃθίι

2064 524 2071 531 ,
2121 478 2216 533 uas
2245 464 2585 523 mollissimas
2634 470 2964 540 pergentium
3004 473 3222 545 vestigia
3274 446 3685 548 subtrahentes,

2109 552 2375 623 latamque
2403 556 2565 611 eremi
2608 561 2905 614 vastitatem
2928 603 2941 627 ,
2972 566 3179 618 veniam
3213 565 3278 620 ad
3325 565 3541 639 )EgypIi
3584 568 3688 625 llu-
3758 566 3761 569 ’

2112 644 2253 700 vium
2293 644 2415 700 Sior
2442 687 2457 712 ,
2485 647 2573 718 qui
2617 648 2999 720 interpretatur
3049 656 3278 712 turbidus
3304 674 3324 711 :
3355 642 3419 712 et.
3452 657 3684 731 qunque

2110 734 2326 809 Λεωνιδιί
2382 749 2651 795 transeam
2702 741 2966 806 civitates.
2995 761 3113 815 qua:
3164 748 3454 818 loquuntur
3507 752 3682 824 lingua

2109 828 2460 887 Cltanauitide
2486 829 2637 903 (luti.
2667 832 2752 887 19.
2780 833 2867 902 18)
2889 850 2903 900 ;
2923 845 2975 891 et
2997 844 3193 894 terram
3218 838 3444 908 Gessen,
3465 852 3519 898 et
3543 858 3687 897 cam-

2109 934 2206 989 pos
2231 918 2463 988 Taneus,
2494 923 2548 977 in
2589 923 2783 993 quibus
2814 924 2941 980 fecit
2983 925 3127 981 Deus
3165 929 3459 985 mirabilia.
3487 928 3556 987 Et
3600 950 3688 988 ur-

2108 1009 2227 1071 bent
2260 1011 2375 1076 No,
2408 1028 2526 1084 quae
2574 1024 2756 1083 postea
2796 1029 2948 1071 versa
2982 1026 3065 1072 est
3094 1018 3145 1071 in
3194 1020 3604 1091 Alexandriam;
3635 1033 3689 1079 et

2108 1102 2357 1170 Oppidum
2388 1103 2596 1159 Domini
2625 1105 2872 1173 Nitriam,
2894 1107 2947 1164 in
2978 1123 3082 1179 quo
3112 1112 3398 1180 purissimo
3430 1114 3687 1179 virtutum
3718 1162 3723 1167 .

2106 1194 2249 1249 nitro
2295 1195 2483 1251 sordes
2536 1197 2783 1252 lavantur
2843 1202 3081 1269 quotidie
3134 1203 3506 1273 plurimormn.
3535 1208 3689 1277 Quod

2106 1301 2226 1340 cum
2258 1287 2512 1351 vidisset,
2544 1302 2867 1346 occurrente
2908 1292 3011 1348 sibi
3060 1306 3248 1350 saneto
3288 1305 3343 1352 et
3395 1300 3692 1354 venerabili

2107 1377 2372 1448 Episc0po
2407 1378 2477 1453 (c)
2511 1381 2716 1437 Isidoro
2741 1383 3083 1447 Confessore.
3104 1395 3161 1442 et
3186 1387 3355 1444 turbis
3381 1387 3696 1445 innumera-

2109 1468 2300 1532 bilibus
2328 1470 2709 1529 lliunacliornm
2735 1515 2749 1539 ,
2779 1492 2842 1530 ex
2875 1476 3071 1548 quibus
3102 1477 3302 1535 multos
3328 1479 3693 1538 Saccrdutalis
3735 1479 3738 1482 ’

2104 1569 2155 1614 et
2187 1560 2456 1615 Leviticus
2504 1564 2829 1619 snblimabat
2876 1568 3109 1638 gradus;
3143 1570 3422 1627 laetabatur
3471 1574 3691 1644 quidem

2104 1650 2171 1704 ad
2198 1651 2420 1721 gloriam
2458 1652 2703 1720 Domini,
2730 1657 2823 1710 scd
2867 1672 2925 1712 se
2976 1659 3244 1730 indignant
3292 1672 3438 1717 tanto
3482 1663 3691 1722 honore

2106 1740 2393 1798 fatebatur.
2441 1744 2577 1811 Quid
2639 1761 2768 1817 ergo
2808 1745 2923 1819 [al.
2968 1748 3110 1824 ego]
3162 1767 3374 1808 narrem
3430 1752 3691 1813 Macarius

2104 1833 2266 1905 705
2323 1833 2403 1905 (ά)
2431 1836 2706 1902 Arseuios,
2725 1836 3069 1908 Serapionas,
3092 1848 3145 1895 et
3175 1840 3375 1912 reliqua
3406 1844 3690 1901 columna-

2106 1943 2225 1983 rum
2270 1928 2467 1983 Christi
2509 1930 2766 1984 nomina?
2793 1929 2959 2000 Cujus
3003 1947 3110 1988 non
3139 1934 3357 1990 intravit
3397 1938 3690 1996 cellulam?

2105 2032 2329 2088 quorum
2386 2017 2611 2088 pedibus
2664 2035 2772 2075 non
2826 2022 3076 2078 advoluta
3126 2026 3253 2081 est?
3300 2027 3402 2083 Per
3448 2030 3691 2102 singulos

2105 2116 2321 2164 sanctus
2350 2109 2622 2164 Christum
2650 2126 2708 2166 se
2737 2111 2919 2169 videre
2945 2114 3233 2182 credebat;
3259 2126 3312 2173 et
3351 2120 3606 2192 quidquid
3636 2125 3688 2179 in
3730 2114 3734 2119 ’

2106 2201 2572 2269 illoscontulerat,
2606 2203 2658 2258 in
2691 2206 2973 2262 Dominum
3023 2224 3082 2264 se
3120 2212 3417 2269 cuntulisse
3464 2216 3691 2272 laetaba-

2107 2299 2214 2348 tur.
2242 2292 2406 2347 Mirus
2433 2294 2611 2359 ardor,
2644 2307 2698 2351 et
2724 2296 2812 2352 vix
2858 2298 2911 2353 in
2967 2298 3162 2355 femina
3206 2302 3482 2361 credibilis
3533 2306 3687 2363 forti-

2106 2383 2254 2438 tudo.
2286 2382 2464 2440 Oblita
2494 2401 2652 2442 sexus
2691 2397 2746 2442 ct
2771 2387 3075 2459 fragilitatis
3109 2406 3411 2462 corporezn,
3448 2396 3587 2452 inter
3612 2407 3690 2454 tot

2105 2476 2270 2531 millia
2302 2475 2681 2533 Monacltorum
2710 2493 2831 2534 cum
2861 2482 3052 2551 puellis
3082 2482 3193 2539 suis
3224 2485 3465 2542 habitare
3503 2489 3688 2559 cupie-

2104 2567 2212 2622 bat.
2246 2567 2313 2621 Et
2343 2567 2563 2623 forsitan
2615 2572 2824 2625 cunctis
2866 2587 2984 2627 eam
3037 2575 3450 2644 suscipientibus
3474 2619 3488 2645 ,
3519 2579 3689 2650 impe-

2106 2667 2337 2723 lrasset,
2371 2659 2423 2712 ni
2466 2658 2637 2728 majus
2688 2670 2997 2716 sanctorum
3051 2664 3313 2723 Locorum
3374 2669 3688 2725 retraxisset

2103 2750 2449 2805 desiderium.
2482 2754 2656 2821 Atque
2683 2763 2900 2823 propter
2949 2754 3371 2813 ferventissimus
3418 2761 3687 2816 mstnsule

2103 2841 2316 2898 Pelusio
2355 2842 2638 2898 Maiumam
2669 2845 3007 2915 navigatione
3045 2849 3383 2918 perveniens,
3420 2860 3564 2907 tanta
3592 2869 3685 2909 ve-

2103 2936 2316 2990 locitate
2370 2951 2585 2991 reversa
2638 2947 2744 3002 est,
2777 2946 2834 2993 ut
2888 2953 3040 2994 avem
3096 2951 3334 3011 putares.
3363 2943 3473 3000 Nec
3517 2945 3686 3000 mulo

2105 3036 2222 3096 post
2254 3026 2305 3080 in
2336 3037 2516 3081 sancta
2548 3027 2822 3083 Bethleem
2863 3044 3114 3084 mansura
3146 3043 3427 3103 perpetuo,
3460 3046 3685 3107 angusto

2103 3118 2506 3187 perlriennium
2559 3120 2759 3174 mansit
2804 3120 3331 3190 bospitiolo,donee
3381 3136 3687 3182 exstrueret

2101 3208 2347 3273 cellulas,
2374 3224 2437 3264 ac
2460 3212 2804 3277 monasteria,
2826 3220 2883 3267 et
2914 3212 3247 3269 diversorum
3277 3215 3682 3287 peregrinorum

2095 3298 2245 3368 juxta
2278 3300 2415 3354 viam
2445 3301 2701 3357 conderet
2741 3304 3083 3371 mansiones,
3114 3303 3191 3376 (Ι)
3225 3306 3275 3359 in
3306 3319 3411 3376 qua
3441 3305 3603 3362 Maria
3631 3317 3688 3364 et

2099 3393 2297 3461 Josepli
2357 3394 2645 3464 hospitium
2698 3412 2805 3450 non
2858 3397 3196 3455 invenerant.
3231 3398 3348 3456 Huc
3386 3415 3554 3471 usque
3585 3401 3686 3455 iter

2100 3484 2217 3555 ejus
2245 3484 2570 3558 descriptum
2598 3487 2704 3554 sit,
2736 3487 2881 3559 quod
2929 3488 3113 3545 multis
3142 3489 3435 3561 virginibus
3478 3500 3534 3546 et
3580 3488 3683 3545 lilia

2099 3577 2297 3631 comite
2318 3619 2331 3641 ,
2361 3578 2684 3648 peragravit.

2122 3738 2127 3741 τ
2174 3667 2261 3722 15.
2303 3666 2453 3720 Nune
2501 3660 2673 3721 virtus
2715 3667 2870 3723 latius
2921 3666 3297 3732 describatur,
3349 3685 3467 3738 qua:
3517 3668 3685 3736 ipsius

2103 3757 2316 3827 propria
2343 3766 2462 3823 est,
2489 3766 2543 3811 et
2591 3757 2644 3810 in
2692 3774 2795 3828 qua
2843 3758 3157 3828 exponenda
3186 3799 3203 3823 ,
3237 3759 3348 3815 Deo
3398 3759 3580 3829 judice
3622 3776 3686 3816 ac

2102 3861 2259 3914 teste,
2292 3852 2548 3921 profiteor
2576 3866 2662 3905 me
2693 3850 2821 3904 nihil
2866 3850 3088 3918 addere,
3122 3851 3255 3905 nihil
3302 3852 3353 3906 in
3392 3851 3567 3922 majus
3597 3861 3681 3906 at-

2101 3939 2310 4004 tollere,
2358 3954 2508 3994 more
2556 3939 2921 4008 laudantium;
2954 3940 3048 3996 sed
3092 3957 3159 3997 ne
3202 3957 3383 3997 rerum
3425 3942 3681 3997 excedam

2100 4029 2257 4086 fidem
2288 4028 2380 4102 [aL
2414 4028 2622 4102 ﬁnem],
2657 4030 2823 4084 multa
2876 4029 3200 4097 detrahere;
3235 4039 3291 4086 et
3328 4046 3398 4088 ue
3424 4030 3564 4101 apud
3591 4033 3686 4086 de-

2100 4129 2381 4189 tracturus,
2413 4131 2467 4175 et
2490 4120 2566 4192 (ιι)
2599 4122 2833 4191 genuino
2861 4137 2945 4177 me
2971 4137 3186 4192 semper
3209 4122 3371 4181 dente
3410 4123 3683 4187 rodentes,

2099 4211 2305 4285 fingere
2359 4222 2536 4283 puter,
2567 4221 2620 4268 et
2644 4214 2914 4270 cornicem
2944 4213 3135 4286 Αἰδορὶ
3181 4216 3371 4273 alienis
3418 4216 3687 4272 coloribus

2162 4324 2237 4398 (c).
2265 4324 2318 4398 S.
2343 4324 2559 4398 Isidorus
2580 4325 2831 4398 I’elusiota
2853 4327 2960 4378 sive
2982 4325 3171 4379 Pelusii
3214 4330 3497 4397 episcopus,
3522 4328 3607 4392 qui
3632 4333 3686 4378 et

2098 4384 2333 4437 Damiatte
2355 4389 2510 4437 dictus
2532 4395 2626 4438 est.

2162 4447 2238 4511 (ά)
2270 4448 2532 4513 Bollandus
2564 4454 2757 4513 Arsuras
2781 4450 2939 4513 legit;
2968 4449 3138 4501 uallet
3168 4464 3286 4501 vero
3318 4450 3551 4503 Arsisium
3569 4486 3585 4512 ,
3618 4450 3685 4502 de

2099 4510 2231 4573 quo,
2243 4518 2294 4573 et
2315 4511 2583 4573 Scrapione
2595 4510 2795 4573 Palladii
2822 4510 3150 4573 testimonium
3171 4513 3346 4563 recitat
3371 4526 3432 4561 ex
3447 4510 3681 4563 Lausiaca

2100 4572 2205 4633 cap.
2223 4572 2271 4620 7.
2298 4572 2383 4621 ubi
2408 4572 2509 4621 tuto
2529 4584 2655 4621 anno
2676 4585 2731 4621 se
2753 4572 2870 4621 dicit
2886 4572 3010 4635 apud
3022 4573 3224 4622 Sanctus
3241 4573 3429 4632 Patres,
3454 4587 3679 4637 maguum

2100 4634 2334 4682 Arsisium
2350 4669 2364 4685 .
2389 4639 2443 4681 et
2464 4634 2840 4685 Putapbastum.
2868 4640 2920 4681 et
2940 4633 3210 4685 Hatrionem
3226 4668 3239 4685 .
3276 4645 3327 4685 et
3350 4636 3601 4685 Cronium.
3629 4644 3679 4685 et

2221 4648 2334 4682 ilum
2350 4669 2364 4693 ,
2389 4648 2443 4681 ει
2466 4648 2840 4693 rutapuaswm,
2868 4648 2920 4681 ΘΙ.
2940 4648 3210 4693 nagtonetn
3226 4668 3239 4689 ς
3276 4648 3327 4685 ει
3350 4648 3574 4685 ωοιιιυω
3588 4675 3601 4693 ,

2101 4644 2334 4682 Arsrstum
2350 4669 2364 4693 ,
2389 4644 2443 4681 et
2466 4644 2840 4694 rutapuastum,
2868 4644 2920 4681 et
2940 4644 3210 4695 nagtonem
3226 4668 3239 4689 ,
3276 4645 3327 4685 et
3350 4644 3601 4693 Cronium,
3629 4644 3685 4687 et

2101 4693 2419 4756 Serapionem
2440 4694 2488 4741 iu
2510 4693 2664 4756 Nitria
2685 4699 2868 4756 monte
2883 4693 3178 4756 habitasse._
3200 4694 3391 4744 Revera
3424 4697 3679 4747 Arsenium

2100 4756 2140 4804 si
2164 4753 2400 4813 retineas,
2425 4766 2519 4801 non
2532 4754 2656 4802 alius
2670 4766 2813 4815 posse
2826 4753 3021 4804 videtur
3043 4754 3269 4818 intelligi,
3295 4770 3437 4820 quam
3453 4758 3681 4808 celeber-

2101 4817 2254 4865 rimus
2293 4814 2377 4864 ille
2420 4815 2609 4864 Arcadii
2647 4815 2888 4869 quondam
2925 4825 3223 4869 enecentur:
3268 4820 3355 4868 sed
3407 4828 3680 4869 temporqu

2504 4829 2609 4864 :30"
2647 4829 2888 4869 quondam
2925 4829 3223 4869 praeceptor:
3268 4829 3355 4868 sed
3407 4829 3661 4869 temuomu

2102 4829 2254 4865 rimus
2293 4829 2377 4864 nte
2420 4829 2609 4864 arcauu
2647 4829 2888 4877 quondam
2925 4829 3223 4887 praeceptor;
3268 4829 3355 4868 sed
3407 4829 3680 4882 temperum

2102 4877 2226 4926 ratio
2250 4877 2418 4941 obstat
2433 4910 2448 4934 ,
2490 4874 2615 4938 quod
2637 4875 2962 4941 ωειλ-Μειρπή
2987 4877 3265 4941 εοᾲεοωιιίο
3286 4880 3522 4941 desierint
3545 4916 3559 4941 ,
3601 4881 3680 4931 hic

2102 4938 2307 5003 coeperit
2329 4935 2670 5003 inclarescere.
2695 4935 3016 5003 Nihilominus
3037 4935 3263 5003 socrates
3284 4940 3369 4990 lib.
3395 4943 3440 4991 1.
3466 4935 3571 5003 cap.
3596 4944 3674 4992 27.

2104 4997 2354 5048 nimium
2369 5032 2384 5056 ,
2418 4997 2580 5063 ‘Grzec.
2614 5011 2801 5062 Α’ρσήιων
2818 5001 2908 5063 _de_
2952 5002 3148 5050 nomine
3195 5011 3331 5053 vocat
3374 4997 3680 5063 monachum,

2102 5072 2250 5135 quem
2400 5059 2685 5135 Amtnone‘n'i
2704 5096 2719 5121 ,
2746 5068 2796 5135 et
2818 5059 3201 5135 Didxtnumeum
3226 5063 3412 5135 Isidoro
3430 5098 3450 5135 ,_
3476 5063 3660 5115 Pambo

2105 5102 2689 5194 st'n'ssars'ag'c'agger;
2704 5102 2806 5194 3:."
2818 5102 3412 5194 aiatl"a“ti;iagii"si_tjf“5a
3430 5102 3680 5174 ῑιέεεέῑιῖίί

2104 5183 2663 5257 tempora_pertinuisse.
2677 5183 2808 5257 “Sed
2829 5197 3037 5257 vereor,
3061 5188 3180 5257 quin
3203 5187 3376 5256 vitiose
3399 5199 3572 5257 Αὀφιίνος
3593 5199 3682 5257 pro

2102 5257 2289 5308 Α’ρςίσιος
2311 5247 2377 5293 ibi
2398 5247 2629 5306 scriptum
2648 5247 2712 5295 sit
2736 5260 2751 5307 ;
2776 5247 3098 5309 oporteatque
3121 5248 3356 5298 Orsiesius
3382 5282 3396 5305 ,
3436 5247 3543 5296 sive
3567 5281 3581 5305 ,
3596 5247 3607 5248 “
3629 5254 3684 5297 ut

2104 5305 2260 5380 Graeci
2283 5304 2607 5380 loquiﬂamau't2
2635 5306 3064 5380 Arsesiysomuiuo
3087 5308 3311 5380 intelligi,
3337 5320 3446 5356 nam
3466 5314 3517 5355 et
3540 5305 3687 5380 $020-

2103 5378 2278 5444 ιηοιιιιε
2301 5366 2385 5444 “1?:
2396 5368 2532 5444 sti-,9:
2542 5368 2626 5444 ³ο-
2636 5369 3039 5444 respersum.
3058 5378 3111 5444 ει
3120 5366 3432 5444 Erebeae:
3446 5379 3684 5444 Pusae—

2104 5441 2302 5492 Αέρσισιον,
2324 5430 2715 5492 Ανεὶοἰῳηνεὶὶθ
2745 5430 3019 5490 Orsesium,
3053 5443 3165 5481 cum
3206 5430 3501 5488 Putahasto,
3533 5430 3683 5479 Sera-

2104 5488 2439 5559 ji'onegtque
2459 5488 2563 5559 al_ii_s
2584 5490 2725 5541 locat.
2744 5552 2813 5559 __
2850 5550 2881 5559 __
2965 5551 2976 5559 .
3008 5488 3014 5490 ’
3389 5552 3401 5559 Δ
3555 5547 3566 5559 _

2166 5552 2255 5620 (c),
2273 5550 2475 5611 Quidam
2497 5552 2611 5620 Mss.
2635 5552 2759 5616 apud
2774 5550 3080 5620 Boilandum,
3106 5560 3310 5620 quorum:
3330 5552 3401 5599 est
3420 5550 3683 5620 ρςηιίὶηυηι

2329 5624 2518 5725 ξιξ-’ἔρον
2541 5610 2683 5665 αθηιέ
2702 5614 2905 5680 superbo
2925 5610 3100 5662 rodere
3120 5644 3137 5671 ,
3176 5624 3241 5661 ex
3264 5610 3474 5671 imperid
3497 5610 3684 5673 glossa-

2183 5688 2225 5725 is
2246 5689 2327 5725 me
2444 5711 2456 5724 .

2329 5687 2456 5724 8M.

2171 5687 2543 5807 ὥᾛῗιρὲῃάἱ
2567 5749 2717 5807 sensu
2741 5734 2886 5788 Grav.
2925 5730 2976 5784 iu
2998 5744 3091 5797 quo
3114 5741 3270 5786 illam
3297 5736 3343 5784 et
3384 5730 3562 5795 Ioseph
3600 5731 3691 5784 lio-

2108 5802 2305 5859 spitt‘um
2323 5802 2603 5849 invenirent.
2670 5806 2681 5813 ‘
