4106 6340
430 379 526 437 891

429 491 714 548 adamare.
738 486 866 555 Quae
894 486 1062 557 prima
1087 481 1511 538 Christianorum
1536 475 1701 532 virtus
1731 482 1831 541 est,
1863 479 2008 526 tanta

431 598 492 639 so
546 581 842 636 humilitate
879 575 1095 646 dejecit,
1125 573 1296 643 utqui
1349 585 1467 627 eam
1518 582 1626 624 non
1669 565 1929 627 vidisset,
1955 568 2012 616 et

438 689 536 746 pro
564 671 876 728 celebritate
915 666 1149 723 nominis
1180 664 1362 722 videre
1391 661 1662 733 gestisset,
1691 658 1860 726 ipsam
1890 667 2010 707 esse

433 781 544 822 non
586 764 871 831 crederet,
918 758 1013 816 scd
1057 757 1432 814 ancillularum
1478 752 1743 807 ultimam.
1774 748 1840 802 Et
1887 758 2008 799 cum

431 853 803 927 frequentibus
831 852 1013 908 choris
1035 849 1300 920 virginum
1341 845 1650 914 cingeretur
1667 879 1684 906 ,
1707 847 1761 894 et
1781 843 1932 892 veste
1958 841 2012 888 et

433 963 568 1004 voce
613 955 667 1003 et
719 945 920 1011 habitu,
951 952 1007 999 et
1058 943 1270 998 incessu
1317 938 1537 994 minima
1583 932 1823 990 omnium
1873 936 2010 984 erat.

434 1039 717 1108 Nunquam
767 1046 885 1107 post
924 1034 1023 1089 viri
1067 1041 1294 1088 mortem
1322 1043 1488 1099 usque
1525 1025 1594 1081 ad
1639 1023 1780 1079 diem
1805 1018 2012 1076 dormi-

438 1130 600 1186 tionis
624 1143 735 1183 sum
759 1142 878 1182 cum
911 1126 1019 1180 ullo
1044 1122 1279 1180 comedit
1303 1121 1440 1186 viro,
1469 1117 1713 1188 quamvis
1739 1129 1860 1169 eum
1892 1127 2015 1167 san-

435 1230 581 1274 cttun
611 1227 664 1273 et
705 1218 758 1272 in
798 1216 1086 1288 pontilicali
1135 1213 1300 1269 sciret
1349 1211 1586 1266 culmine
1639 1203 2011 1261 constitutum.

441 1310 691 1374 Balneas,
725 1308 825 1363 nisi
857 1307 1183 1378 periclitans,
1206 1319 1312 1360 non
1339 1302 1490 1357 adiit.
1516 1299 1708 1363 Mollia,
1785 1293 1948 1368 Ἰώ

440 1401 602 1454 etiam
634 1399 684 1452 in
713 1398 1026 1469 gravissima
1055 1396 1224 1459 febre,
1256 1393 1435 1449 lectuli
1475 1400 1640 1446 strata
1671 1401 1776 1442 non
1807 1383 2015 1448 habuit,

440 1489 538 1545 sed
588 1503 749 1560 super
812 1488 1150 1542 durissitnam
1216 1485 1480 1549 humum,
1527 1480 1709 1535 stratis
1772 1475 2018 1532 ciliciolis

439 1579 770 1650 quiescebat,
798 1579 842 1634 si
874 1587 1050 1633 tamen
1080 1577 1166 1630 illa
1193 1576 1346 1646 quies
1388 1571 1613 1627 dicenda
1640 1577 1722 1624 est
1746 1610 1761 1630 ,
1790 1583 1908 1637 quze
1933 1565 2020 1632 ju-

441 1670 598 1740 gibus
621 1685 756 1740 pene
781 1669 1112 1723 orationibus
1143 1667 1255 1722 dies
1293 1674 1584 1734 noctesque
1609 1659 1864 1731 iungebat
1895 1655 2014 1728 (Ms.

435 1758 818 1832 jungebatur];
850 1759 978 1814 illttd
1010 1760 1238 1828 itnplcns
1265 1756 1332 1811 de
1365 1753 1624 1810 Psaltcrio
1651 1768 1665 1804 :
1698 1749 1901 1803 Lavabo
1931 1761 2024 1815 per

440 1853 672 1924 singulas
710 1866 880 1908 noctes
906 1852 1089 1907 lectum
1134 1867 1334 1914 utrum,
1363 1846 1601 1917 lacrymis
1638 1844 1760 1897 meis
1806 1849 2022 1895 stratum

441 1963 609 2000 meum
635 1947 809 2018 rigabo
838 1945 1011 2019 (Psal.
1045 1946 1098 1999 6.
1129 1945 1208 2015 7).
1237 1943 1314 2015 (a)
1350 1942 1406 1996 In
1437 1956 1538 2010 qua
1571 1937 1744 1992 fontes
1769 1933 2024 1990 crederes

442 2035 837 2108 lacrymarum,
868 2037 939 2090 ita
989 2036 1124 2090 levia
1172 2043 1392 2105 peccato
1437 2029 1738 2100 plangebat,
1770 2033 1829 2080 ut
1876 2023 2023 2077 illam

440 2127 877 2197 gravissimorum
923 2128 1206 2183 criminum
1258 2124 1509 2180 crederes
1561 2135 1729 2175 ream.
1775 2118 2021 2186 Cumque

446 2234 480 2275 a
504 2220 660 2276 nobis
686 2220 930 2276 crebrius
979 2229 1325 2283 moneretur,
1357 2225 1415 2270 ut
1444 2222 1688 2286 parceret
1732 2210 1903 2264 oculis
1924 2249 1938 2272 ,
1971 2215 2026 2260 et

445 2327 542 2370 eos
570 2322 811 2368 servaret
838 2311 1174 2382 Evangelica:
1198 2309 1416 2365 lectioni
1442 2349 1458 2375 ,
1485 2307 1664 2362 aiebat
1693 2322 1708 2356 :
1739 2300 2024 2372 Turpanda

445 2413 531 2460 est
555 2403 754 2472 facies,
784 2421 942 2476 quam
985 2412 1168 2458 contra
1215 2403 1306 2457 Dei
1351 2409 1674 2471 praeceptum
1714 2395 2027 2466 purpurisso

449 2503 507 2552 et
531 2512 750 2553 cerussa
781 2507 835 2552 et
859 2497 1020 2550 stibio
1065 2510 1209 2565 smpe
1248 2493 1484 2564 depinxi.
1521 2489 1873 2562 Afﬂigendum
1903 2501 2025 2541 car-

449 2603 570 2659 pus,
599 2589 740 2659 quod
778 2589 958 2642 multis
995 2590 1198 2641 vacavit
1225 2587 1450 2641 deliciis.
1471 2583 1684 2654 Longas
1715 2587 1874 2647 risus,
1905 2594 2030 2648 pcr-

453 2679 564 2750 peti
588 2680 1015 2751 compensandus
1042 2689 1124 2735 est
1144 2679 1289 2734 lletu.
1318 2679 1489 2732 Mollia
1518 2676 1823 2730 linteamina
1859 2681 1910 2728 et
1941 2686 2034 2726 se-

451 2772 564 2828 rica
614 2772 1044 2843 pretiosissima,
1092 2773 1378 2841 asperitate
1431 2771 1592 2825 cilicii
1631 2765 2028 2824 commutanda.

453 2864 584 2932 Quae
613 2867 728 2921 viro
777 2876 831 2922 et
873 2867 1078 2921 ‘smeulo
1129 2867 1300 2936 placui
1337 2907 1352 2931 ,
1383 2879 1523 2919 nunc
1563 2862 1775 2915 Christo
1825 2861 2036 2930 placere

453 2959 720 3015 desidero.
746 2960 800 3015 Si
830 2961 967 3014 inter
994 2961 1126 3014 tales
1157 2969 1435 3029 tantasque
1481 2959 1704 3012 virtutes
1735 2956 2033 3010 castitatem

454 3049 509 3104 in
541 3051 627 3104 illa
654 3051 877 3106 voluero
903 3051 1198 3120 prmdicare
1222 3092 1236 3118 ,
1265 3048 1570 3120 superﬂuus
1601 3047 1781 3101 videar
1806 3064 1820 3099 :
1853 3045 1905 3099 in
1933 3059 2036 3115 qua

455 3140 616 3196 etiam
640 3157 759 3196 cum
788 3143 1058 3197 saecularis
1084 3151 1226 3198 esset
1251 3183 1266 3208 ,
1296 3141 1533 3197 omnium
1561 3140 1746 3195 Romae
1773 3147 2038 3192 matrona-

458 3247 579 3287 rum
609 3234 911 3302 exemplum
962 3233 1058 3287 fuit
1083 3251 1099 3288 :
1127 3249 1246 3304 quae
1273 3234 1342 3288 ita
1371 3248 1431 3288 se
1457 3233 1656 3303 gessit,
1682 3241 1737 3285 ut
1769 3245 2038 3301 nunquam

461 3324 532 3379 de
559 3324 648 3378 illa
691 3326 851 3377 etiam
883 3325 1266 3378 maledicorum
1303 3326 1595 3396 quidquam
1637 3324 1859 3380 auderet
1900 3324 2037 3380 fatua

461 3414 791 3483 contingere.
816 3413 956 3467 Nihil
1000 3415 1178 3468 animo
1204 3414 1320 3483 ejus
1361 3415 1678 3470 clementius
1703 3455 1719 3481 ,
1753 3415 1883 3470 nihil
1913 3430 2038 3487 erga

459 3503 690 3559 humiles
717 3504 964 3559 blandius
993 3504 1109 3559 fuit.
1144 3505 1257 3560 Non
1309 3507 1591 3577 appetebat
1621 3507 1760 3580 [ΜΞ.
1805 3508 2040 3578 appella-

459 3597 572 3671 bat]
599 3608 841 3666 potentes
872 3617 886 3654 :
917 3615 1015 3654 nec
1042 3611 1218 3655 tamen
1240 3602 1503 3669 superbos
1523 3609 1575 3655 et
1594 3602 1870 3670 gloriolam
1895 3618 2040 3672 qua:-

457 3705 659 3755 rentes,
687 3690 900 3745 fastidio
923 3691 1270 3762 deSpiciebat.
1299 3692 1354 3748 Si
1385 3708 1667 3762 pauperem
1702 3693 1932 3760 videbat,
1951 3710 2041 3750 su-

457 3783 754 3848 stentabat;
784 3782 828 3837 si
855 3781 1095 3849 divitem,
1130 3783 1196 3838 ad
1227 3784 1664 3839 benefaciendum
1697 3784 2035 3842 hortabatur.

457 3875 777 3931 Liberalitas
797 3878 906 3930 sola
921 3875 1214 3931 excedebat
1231 3876 1545 3931 modum.Et
1565 3893 1754 3934 usuras
1774 3879 2036 3946 tribuens,

456 3968 534 4041 (ὁ)
567 3983 839 4024 versuram
869 3984 1079 4040 quoque
1104 3970 1302 4038 saepius
1326 3969 1574 4036 faciebat,
1599 3980 1654 4025 ut
1687 3972 1813 4026 nulli
1842 3973 2036 4042 stipem

457 4065 762 4134 rogantium
807 4064 1119 4134 denegaret.
1151 4064 1349 4120 Fateor
1377 4081 1617 4120 errorem
1663 4081 1838 4120 meum
1871 4083 1883 4118 :
1916 4082 2036 4120 cum

457 4153 571 4229 [al.
603 4156 726 4230 cur]
767 4157 818 4212 in
867 4157 1141 4229 largiendo
1189 4166 1334 4213 esset
1381 4156 1671 4228 profusior,
1725 4158 2035 4228 arguebam,

458 4247 590 4303 illud
618 4249 896 4317 proferens
934 4250 1002 4304 de
1037 4250 1298 4318 Apostolo
1328 4267 1341 4301 :
1369 4248 1491 4302 Non
1521 4260 1573 4302 ut
1601 4251 1715 4302 aliis
1740 4251 1803 4302 sit
1830 4249 2038 4319 refrige-

456 4341 621 4405 rium,
653 4341 791 4394 vobis
823 4339 915 4414 [al.
946 4340 1110 4413 nobis]
1137 4352 1307 4394 autem
1335 4341 1594 4394 tribulatio
1618 4356 1636 4394 :
1664 4343 1752 4394 sed
1777 4359 1838 4395 ex
1867 4358 2038 4410 a’qaa-

460 4430 602 4486 litate
627 4432 682 4486 in
712 4432 808 4486 hoc
839 4441 1082 4503 tempore,
1116 4441 1170 4485 ut
1209 4442 1374 4486 uestra
1403 4432 1717 4485 abundantia
1741 4433 1806 4485 sit
1832 4432 1898 4484 ad
1924 4433 2040 4484 illo-

457 4541 573 4578 rum
621 4525 868 4594 inopiam,
902 4534 948 4578 et
977 4524 1184 4578 illorum
1233 4523 1550 4577 abundantia
1595 4524 1660 4576 sit
1713 4523 1782 4576 ad
1828 4531 2040 4576 vestram

458 4617 682 4686 itwpiam
710 4617 798 4690 (‘2.
833 4617 951 4672 Cor.
985 4618 1039 4672 8.
1074 4617 1140 4672 15
1163 4618 1200 4688 ).
1235 4617 1297 4671 Ει
1327 4617 1426 4671 hoc
1449 4617 1513 4670 de
1541 4617 1827 4686 Evangelia
1858 4616 2043 4670 Salva-

461 4708 593 4762 toris
623 4725 636 4759 :
670 4709 768 4775 Qui
814 4710 958 4763 habet
1003 4709 1133 4763 duas
1175 4711 1370 4763 tunicas
1394 4751 1407 4771 ,
1442 4709 1523 4762 det
1555 4711 1766 4762 alterum
1809 4725 1909 4761 non
1951 4708 2041 4759 Ita-

461 4799 595 4851 ὁσηίί
622 4798 640 4867 (
670 4798 793 4850 Luc.
825 4800 877 4860 5,
911 4801 965 4852 ll
1002 4802 1041 4867 ).
1075 4800 1141 4853 Et
1190 4800 1576 4868 providendum
1648 4800 1805 4870 707
1880 4814 2000 4852 e--se
2024 4839 2038 4862 ,

463 4903 530 4940 ne
557 4887 697 4954 quod
729 4889 960 4943 libenter
986 4889 1210 4956 faceret,
1239 4907 1451 4960 semper
1482 4890 1659 4944 facere
1689 4907 1792 4943 non
1826 4898 2037 4958 posset:

465 4978 737 5046 nmltaque
780 4979 1170 5046 hujuscemodi,
1203 4997 1324 5051 qua:
1369 4982 1458 5036 illa
1502 4982 1634 5034 mira
1681 4981 1997 5035 verecundia
2024 5021 2040 5045 ,

461 5080 516 5126 et
542 5064 793 5126 sermone
817 5071 1128 5139 parcissiuto
1167 5073 1494 5129 dissolvebat
1521 5091 1539 5129 :
1568 5084 1756 5129 testem
1791 5057 2044 5130 invocans

462 5161 653 5226 Deum,
683 5176 742 5215 se
772 5176 869 5230 pro
891 5162 1034 5215 illius
1056 5165 1268 5218 nomine
1295 5174 1483 5218 cuncta
1513 5163 1720 5228 facere;
1756 5164 1924 5220 hocet
1947 5164 2044 5218 ha-

465 5253 593 5310 bere
622 5255 768 5319 voti,
805 5263 859 5307 ut
898 5253 1209 5308 mendicans
1250 5254 1362 5322 ipsa
1409 5265 1708 5309 moreretur
1741 5271 1754 5308 :
1787 5266 1842 5309 ut
1879 5271 2041 5309 unum

465 5361 738 5399 nummum
798 5344 918 5398 lilia:
969 5359 1072 5397 non
1117 5343 1454 5410 dimitteret,
1501 5354 1555 5398 et
1605 5346 1656 5398 iu
1712 5345 1898 5401 funere
1945 5362 2043 5401 suo

463 5437 638 5491 aliena
667 5435 893 5491 sindone
919 5435 1301 5489 involveretur.
1328 5435 1407 5489 Ad
1436 5445 1734 5490 extremum
1765 5438 2040 5494 inferebat:

463 5529 577 5601 Ego
605 5531 647 5584 si
675 5530 916 5601 petiero,
959 5529 1156 5584 multos
1198 5530 1464 5583 inveniam
1498 5529 1587 5598 qui
1617 5531 1743 5584 mihi
1768 5532 2042 5587 tribuant:

518 5661 592 5724 (a)
629 5664 869 5714 Victorius
904 5665 953 5715 in
990 5663 1180 5715 duobus
1213 5660 1328 5712 Mss.
1370 5661 1662 5711 invenerat:
1704 5669 1758 5713 In
1795 5676 1889 5728 quo
1918 5665 2045 5728 fatue

456 5720 785 5770 lacrumarum
798 5761 812 5770 .
835 5733 930 5770 etc.

528 5734 579 5768 τη
918 5763 930 5775 ,

528 5733 963 5845 (binm’egigae
985 5785 1121 5845 codd.
1151 5788 1356 5845 ιςξριηιιηΔ
1381 5778 1558 5845 iterum
1599 5796 1684 5845 pro
1719 5799 1917 5836 versura
1953 5786 2042 5835 ob.

459 5836 676 5894 Initium.
701 5846 823 5898 Vide
838 5836 1085 5899 bonarum
1104 5843 1155 5890 in
1174 5836 1398 5889 Tereum
1419 5836 1700 5896 Phormion.
1725 5849 1772 5900 5.
1797 5849 1842 5900 9..
1862 5850 1911 5899 in
1927 5846 2043 5899 ﬁnc.

1713 353 1952 416 SANCTl
1991 340 2384 409 HIERONYMI'

3581 360 3697 424 επ

2115 466 2218 522 iste
2247 468 2558 525 mendicans
2582 469 2628 526 si
2655 485 2685 527 a
2714 486 2800 529 me
2836 486 2942 530 non
2970 475 3270 547 acceperit,
3302 491 3424 550 quae
3463 479 3513 536 ei
3559 496 3692 552 pos-

2117 576 2237 615 sum
2267 561 2428 616 ctiam
2452 562 2521 618 de
2538 565 2714 620 alieno
2740 566 3000 636 tribuere,
3019 570 3089 641 (ε)
3107 580 3162 626 et
3187 580 3430 627 mortuus
3454 572 3635 643 fuerit,
3657 593 3689 631 ε

2117 669 2222 725 quo
2251 655 2365 724 ejus
2394 657 2567 711 anima
2599 659 2943 729 requiretur?
2982 662 3092 732 Ego
3119 663 3411 719 cautiorem
3438 665 3491 720 in
3521 682 3582 722 re
3612 667 3691 723 ta-

2117 746 2309 800 miliari
2349 762 2469 804 esse
2502 749 2813 818 cupiebam;
2848 752 2942 807 sed
2982 753 3072 808 illa
3113 755 3384 810 ardentior
3429 755 3554 822 ﬁde,
3585 766 3694 813 toto

2120 836 2384 892 Salvatori
2417 839 2959 912 animojnngt-batur,
2990 855 3042 900 et
3071 860 3358 915 pauperem
3391 847 3694 915 Dominum,

2120 945 2322 1000 pauper
2345 933 2535 1001 spiritu
2564 936 2907 1006 sequebatur,
2936 937 3170 994 reddens
3193 941 3241 996 ei
3286 941 3428 1011 quod
3471 957 3695 1012 accepe-

2121 1031 2223 1085 rat,
2255 1037 2455 1091 pauper
2487 1040 2582 1093 pro
2605 1027 2722 1095 ipso
2751 1026 2961 1082 all‘ceta.
2994 1029 3231 1099 Denique
3279 1044 3568 1088 consecuta
3617 1045 3699 1090 est

2120 1113 2263 1181 quod
2290 1116 2528 1184 optabat,
2551 1127 2607 1172 et.
2651 1119 2702 1172 in
2729 1121 2914 1189 grandi
2955 1137 3062 1175 :rrc
3106 1122 3284 1177 alieno
3315 1123 3476 1176 tiliam
3508 1125 3698 1180 dereli-

2121 1207 2256 1273 quit,
2289 1208 2428 1276 quod
2464 1208 2566 1262 huc
2617 1225 2786 1280 usque
2815 1211 3018 1267 debeas
3049 1228 3154 1268 non
3201 1215 3312 1269 suis
3355 1215 3579 1280 viribus,
3607 1217 3696 1277 sed

2121 1295 2319 1352 Christi
2349 1315 2408 1354 se
2434 1300 2648 1355 conlidit
2678 1303 3040 1357 misericordia
3073 1304 3421 1359 reddituram.

2197 1391 2284 1444 16.
2331 1391 2406 1459 (d)
2439 1392 2623 1445 Solent
2665 1392 2931 1463 pleneque
2961 1406 3320 1450 matronarum
3352 1397 3677 1452 buccinatori

2125 1478 2224 1532 bus
2252 1479 2363 1534 suis
2389 1481 2526 1534 dona
2554 1483 2800 1536 conferre
2821 1524 2834 1543 ,
2868 1494 2920 1536 ct
2951 1484 3002 1536 in
3052 1500 3247 1552 paucos
3283 1485 3526 1554 largitate
3574 1502 3700 1557 pro-

2125 1569 2266 1636 fusa,
2311 1587 2526 1625 manum
2569 1590 2596 1627 a
2639 1575 2849 1628 ea-teris
2878 1575 3152 1631 retrahere
3186 1596 3198 1629 :
3231 1594 3336 1644 quo
3367 1579 3453 1632 illa
3485 1594 3700 1633 OIIJIIII')

2125 1663 2343 1718 carebat
2371 1665 2533 1729 vitio;
2563 1667 2629 1718 ita
2659 1667 2799 1720 enim
2828 1670 3049 1737 singulis
3076 1684 3224 1722 suam
3257 1672 3539 1740 pecuniam
3569 1671 3678 1724 divi

2126 1755 2287 1810 debat
2311 1797 2328 1822 ,
2358 1767 2416 1810 ut
2463 1757 2686 1826 singulis
2735 1761 3093 1813 necessarium
3137 1771 3285 1819 crat,
3315 1776 3420 1814 non
3455 1760 3521 1814 ad
3555 1763 3708 1816 luxu-

2128 1847 2284 1916 riam,
2314 1850 2406 1903 sed
2433 1849 2496 1902 ad
2527 1851 2920 1904 necessitatem.
2947 1850 3016 1923 (ρ)
3039 1851 3202 1906 Nemo
3229 1852 3297 1907 ab
3324 1869 3385 1907 ea
3415 1868 3706 1923 pauperum

2129 1952 2328 1992 vacuus
2353 1954 2600 1994 reversus
2628 1951 2730 1995 est.
2766 1941 2917 2009 Quod
2947 1943 3238 2009 obtinebat,
3274 1959 3378 1997 non
3403 1945 3708 1999 divitiarum

2129 2031 2518 2103 magnitudine,
2560 2033 2653 2086 sed
2687 2033 2965 2103 prudentia
2993 2035 3332 2105 dispensandi
3364 2053 3378 2090 :
3411 2035 3538 2090 illud
3567 2051 3708 2091 sem--

2132 2137 2227 2192 per
2256 2122 2542 2191 replicans,
2575 2122 2721 2177 Beati
2750 2126 3120 2191 misericordes,
3148 2128 3382 2190 quoniam
3413 2129 3513 2199 ipsi
3543 2129 3720 2182 mise—

2131 2215 2404 2268 rieordiant
2434 2227 2800 2283 consequentur
2831 2217 3038 2286 (Matth.
3066 2221 3120 2274 5.
3150 2221 3229 2290 7).
3263 2221 3327 2274 Et
3355 2237 3370 2276 :
3403 2221 3548 2276 Sicut
3579 2239 3712 2292 aqua

2133 2309 2377 2378 extinguit
2409 2311 2574 2382 ignem
2600 2354 2614 2376 ,
2651 2315 2726 2366 ita
2782 2318 3097 2387 elocutos-yria
3149 2318 3395 2388 extinguit
3452 2328 3716 2384 peccatum

2138 2401 2323 2474 (Eccli.
2354 2404 2437 2459 16.
2471 2404 2547 2476 9).
2580 2406 2644 2459 Ει
2672 2423 2684 2458 :
2723 2405 2896 2461 Facite
2919 2409 3052 2461 vobis
3079 2410 3268 2464 amicos
3293 2409 3358 2463 de
3388 2410 3560 2479 iniquo
3599 2426 3713 2463 nta-

2135 2511 2306 2561 mona,
2332 2496 2420 2563 qui
2463 2513 2546 2550 ros
2585 2499 2829 2567 recipiant
2870 2499 2920 2551 in
2959 2509 3148 2553 a'tertta
3175 2499 3549 2570 tabernacula(
3583 2499 3708 2556 Lua.

2137 2585 2223 2641 16.
2253 2586 2332 2655 9).
2365 2587 2431 2640 Ει
2475 2603 2487 2639 :
2526 2585 2658 2642 Date
2684 2589 3070 2661 elecmosynam,
3101 2600 3149 2645 et
3175 2607 3288 2646 ecce
3315 2593 3483 2646 omnia
3523 2592 3728 2647 muttdtr

2136 2685 2251 2730 sunt
2278 2678 2411 2731 vobis
2439 2677 2601 2749 (Ibid.
2633 2680 2740 2752 12).
2771 2682 2832 2734 Et
2877 2682 3035 2736 verba
3075 2682 3303 2737 Danielis
3323 2723 3340 2749 ,
3370 2697 3550 2754 regem
3599 2682 3712 2738 Na-

2138 2767 2551 2826 buchodonosor
2595 2772 2902 2846 monentis[
2931 2774 3002 2828 al.
3025 2792 3252 2830 serntone
3295 2776 3540 2830 monentis
3562 2772 3586 2848 ]
3609 2815 3625 2839 ,
3651 2783 3714 2830 ut

2139 2860 2494 2933 elcemosynis
2521 2865 2805 2919 redimeret
2833 2876 3046 2935 peccata
3077 2883 3170 2922 sua
3195 2866 3358 2940 (Dan.
3390 2869 3463 2938 4).
3489 2867 3717 2924 Nolebat

2141 2953 2193 3008 in
2225 2954 2306 3007 his
2338 2955 2601 3024 lapidibus
2634 2959 2908 3025 pecuniam
2955 2958 3250 3025 ell‘ttudere,
3281 2961 3374 3030 qui
3407 2975 3528 3016 cum
3576 2969 3718 3017 terra

2142 3054 2196 3102 et
2221 3045 2419 3100 sxcculo
2447 3049 2719 3102 transituri
2748 3059 2865 3103 sont
2895 3091 2910 3114 ,
2939 3050 3032 3104 sed
3063 3051 3114 3104 in
3146 3051 3278 3105 vivis
3303 3050 3587 3122 lapidibus,
3617 3053 3711 3124 qui

2140 3137 2427 3191 volvuntur
2452 3152 2610 3208 super
2635 3148 2828 3194 terram
2857 3139 3038 3212 (Zach.
3063 3141 3116 3196 9.
3148 3141 3236 3196 56.
3253 3143 3407 3213 juxta
3432 3141 3625 3215 LXX),
3651 3144 3730 3200 de

2142 3228 2335 3298 quibus
2362 3230 2415 3284 in
2446 3232 2764 3303 Apocalypsi
2809 3233 3028 3288 Joannis
3057 3232 3075 3304 (
3105 3233 3234 3304 Cap.
3263 3234 3352 3289 16.
3382 3235 3474 3290 21.
3503 3244 3549 3290 et
3576 3235 3648 3289 22
3673 3235 3716 3307 ),

2143 3318 2330 3372 civitas
2385 3321 2560 3390 magni
2612 3321 2754 3392 regis
2794 3322 3132 3376 exstruitur:
3165 3338 3300 3393 quos
3338 3325 3392 3378 itt
3443 3324 3729 3395 sapbirum

2144 3418 2198 3464 et
2239 3411 2578 3481 smaragdum
2606 3422 2658 3467 et
2679 3412 2961 3482 jaSpidem,
2989 3424 3040 3467 et
3067 3423 3288 3469 crateras
3329 3429 3573 3485 gemmas
3600 3429 3734 3472 esse

2143 3503 2455 3570 vertendos,
2488 3505 2761 3576 Scriptura
2791 3516 3196 3562 commemorat.

2218 3598 2302 3651 17.
2353 3597 2548 3653 Verum
2592 3599 2706 3653 haec
2734 3609 2954 3669 possunt
2982 3583 3112 3656 esse
3144 3601 3446 3656 communia
3495 3605 3625 3656 cum
3648 3600 3725 3674 (ί)

2146 3691 2364 3762 paucis;
2389 3702 2442 3746 et
2467 3692 2567 3746 scit
2597 3692 2846 3747 diabolus
2872 3709 2976 3747 non
3005 3694 3055 3747 in
3090 3708 3300 3748 summo
3326 3694 3581 3749 virtutum
3603 3695 3717 3748 cul-

2148 3784 2292 3838 mine
2324 3785 2516 3854 posita.
2592 3785 2755 3856 708
2832 3784 2985 3840 Unde
3028 3785 3264 3853 loquitur
3305 3785 3372 3839 ad
3421 3785 3728 3855 Dominum,

2147 3885 2267 3944 post
2291 3877 2540 3929 amissam
2558 3875 2658 3929 Job
2683 3876 3055 3937 substantiam,
3078 3885 3194 3942 post
3218 3891 3458 3931 eversam
3479 3878 3725 3943 domum,

2148 3977 2269 4037 post
2314 3967 2511 4022 liberos
2557 3968 2885 4032 interiectos,
2919 3967 3123 4020 Corium
3172 3984 3262 4036 pro
3289 3969 3426 4022 corio
3445 4010 3460 4032 ,
3485 3979 3530 4021 et
3557 3971 3732 4022 omnia

2147 4077 2261 4130 quas
2287 4060 2514 4113 [tabuerit
2543 4061 2712 4120 homo,
2743 4060 2881 4112 dabit
2909 4077 3001 4126 pro
3028 4061 3198 4113 anima
3227 4077 3336 4113 sua.
3374 4060 3480 4120 Sed
3517 4062 3734 4114 extende

2146 4171 2354 4207 manum
2383 4165 2518 4207 tuam
2541 4196 2554 4216 ,
2590 4165 2634 4206 et
2665 4165 2814 4224 tange
2841 4172 2954 4208 ossa
2993 4157 3102 4219 eius
3131 4165 3176 4208 et
3205 4172 3402 4217 carnes,
3428 4157 3525 4209 nisi
3567 4157 3620 4208 in
3646 4159 3730 4225 fa-

2147 4247 2272 4298 ciem
2294 4246 2597 4298 benedixerit
2627 4247 2714 4299 tibi
2742 4248 2883 4316 (Job.
2908 4246 2962 4298 '2.
2991 4245 3066 4316 4).
3101 4246 3309 4300 Scimus
3333 4249 3612 4316 plerosque
3634 4249 3729 4298 de-

2148 4337 2289 4391 disse
2319 4337 2718 4408 eleentmynam
2751 4379 2765 4403 ,
2797 4338 2887 4391 sed
2937 4338 3003 4390 de
3053 4339 3268 4407 proprio
3316 4354 3543 4408 corpore
3596 4339 3728 4391 nihil

2147 4427 2360 4482 dedisse
2394 4446 2406 4480 :
2441 4428 2745 4496 porrexisse
2793 4430 3074 4498 egentibus
3122 4445 3373 4495 manum,
3412 4429 3503 4483 sed
3552 4432 3732 4482 carnis

2148 4522 2420 4590 voluptate
2450 4531 2726 4590 superatos
2751 4563 2765 4586 ,
2799 4522 3076 4577 dealbasse
3119 4537 3180 4576 ca
3226 4538 3344 4591 qua:
3385 4522 3510 4576 loris
3538 4532 3728 4587 erant,

2149 4624 2204 4668 et
2241 4615 2385 4668 intus
2428 4613 2618 4682 plenos
2662 4617 2825 4670 fuisse
2873 4615 3086 4668 ossibus
3131 4626 3485 4669 mortuorum.
3515 4616 3582 4668 At
3625 4631 3730 4669 ron

2151 4706 2310 4760 Paula
2343 4707 2484 4768 talis,
2517 4721 2635 4774 qnze
2666 4715 2825 4759 lztttlzc
2869 4707 3214 4759 comit-tentia:
3269 4706 3364 4758 fuit
3394 4747 3407 4769 ,
3460 4717 3514 4759 ιιι
3567 4722 3734 4776 prope

2151 4813 2454 4852 mensuram
2503 4797 2806 4860 excederet,
2837 4807 2890 4851 et
2917 4797 3243 4850 debilitatem
3276 4798 3520 4866 corporis
3556 4799 3734 4849 llilitlls

2145 4892 2364 4962 jejuniis
2402 4905 2463 4945 ac
2495 4890 2677 4945 labore
2707 4890 3070 4943 contraheret.
3104 4890 3231 4956 Qum
3261 4891 3501 4956 exceptis
3543 4889 3736 4944 diebus

2152 4983 2322 5047 festis,
2351 4983 2434 5037 vix
2488 4982 2664 5036 oleum
2713 4983 2764 5034 in
2822 4982 2942 5034 cibo
2996 4989 3232 5049 Caperet,
3266 4988 3321 5033 ut
3375 4996 3441 5034 ex
3491 4979 3591 5033 hoc
3630 4996 3734 5042 uno

2151 5076 2467 5141 aestimetur,
2509 5074 2633 5144 quid
2673 5075 2741 5128 de
2773 5075 2894 5126 \iuo
2925 5081 2978 5127 et
3018 5072 3342 5143 liquamine,
3379 5080 3434 5125 ct
3475 5073 3733 5142 piscibus,

2213 5233 2281 5295 (ε)
2319 5231 2674 5295 υηυενῐὶρεὶηω
2693 5232 2782 5280 Ms.
2807 5235 2852 5281 et
2874 5229 2917 5280 si
2939 5235 3150 5280 martuus
3172 5227 3336 5292 fuerit.
3384 5226 3497 5277 Mox
3521 5227 3622 5288 alii,
3648 5228 3738 5279 sed

2213 5245 2281 5295 te)
2321 5245 2545 5281 unusne
2585 5245 2655 5279 ma

2149 5293 2234 5356 illa
2257 5293 2520 5356 ardentiori
2539 5245 2655 5356 fide.

2218 5354 2380 5465 (dlbln
2399 5349 2601 5416 Regium
2625 5353 2800 5412 altero,
2823 5353 2975 5403 solent
2998 5351 3213 5417 plerique
3231 5361 3548 5403 Romanorum
3571 5349 3736 5401 bucci-

2229 5431 2304 5465 οη
2337 5431 2410 5465 us.

2147 5425 2410 5468 notorious.

2215 5479 2284 5542 (e)
2319 5479 2632 5542 HaecLNemo
2653 5473 2713 5542 ab
2724 5489 2791 5542 _ea
2813 5487 3079 5542 pauperum
3103 5488 3278 5542 uacuus
3311 5486 3534 5542 reuersus
3555 5479 3650 5542 est,
3686 5475 3733 5523 in

2150 5535 2404 5589 velu'stiori
2447 5538 2654 5598 Reginae
2697 5537 2785 5586 Ms.
2814 5535 2930 5586 non
2972 5538 3300 5587 inveniuntur.
3380 5535 3531 5585 Forte
3579 5537 3726 5584 etiam

2151 5601 2632 5665 vitiosa_t_rajectione_
2640 5607 2864 5665 peccant.
2917 5660 2925 5665 _
3205 5656 3225 5665 _
3640 5655 3652 5665 _
3679 5654 3691 5665 O

2214 5662 2284 5724 (Γ)
2319 5655 2790 5724 MallemusVictorii
2815 5659 3076 5708 lectionem
3102 5656 3333 5724 pra-ferre
3358 5690 3373 5715 ,
3418 5668 3530 5724 cum
3549 5655 3736 5724 inultis,

2151 5716 2245 5774 nisi
2265 5716 2563 5784 cumpaucis
2585 5723 2826 5784 haberent
2848 5727 3084 5784 quotquot
3102 5716 3417 5784 inspeximus
3444 5717 3566 5784 Mss.
3604 5716 3736 5766 libri.

2149 5795 2269 5834 cum
2290 5777 2668 5848 nudiis_quoqtt_e
2689 5777 2949 5848 Bollandus
2971 5777 3091 5840 l'egit
3105 5777 3343 5848 notatque
3358 5777 3420 5828 ad
3442 5780 3590 5830 imum
3612 5791 3739 5830 mar-

2151 5848 2318 5911 ginem
2342 5858 2405 5898 ex
2429 5843 2518 5897 us.
2541 5843 2599 5897 S.
2622 5843 2819 5896 Maximi
2841 5854 2950 5894 cum
2970 5843 3153 5908 paucis.
