4106 6340
417 338 531 405 893

415 467 472 517 et
493 456 574 532 (Ï„.)
599 455 756 523 lacte,
782 461 834 510 et
859 450 1034 518 melle,
1065 457 1120 505 et
1145 447 1280 512 ovis,
1316 453 1371 502 et
1398 443 1640 514 reliquis,
1667 457 1784 514 qute
1807 441 1986 512 gustui

419 550 599 606 suavia
622 545 1056 616 sunt,judicarit.
1078 543 1134 598 ln
1165 540 1359 612 quibus
1389 536 1663 593 sumendis
1694 535 1905 605 quidam
1933 548 1993 590 se

418 637 900 694 abstinentissimos
925 643 1148 703 putant;
1172 630 1293 685 etsi
1323 628 1404 683 his
1439 635 1680 684 ventrem
1705 624 1993 696 ingurgita-

417 727 610 790 verint,
635 734 799 780 tutam
829 722 1132 793 pudicitiam
1170 719 1526 789 suspicantur.

487 818 576 874 18.
615 817 840 886 Semper
863 813 1074 885 quidem
1104 812 1327 867 virtutes
1367 809 1608 880 sequitur
1649 805 1846 862 invidia
1870 845 1884 868 ,
1913 807 1988 876 fe.

418 911 651 980 riuntque
676 923 898 962 summos
925 903 1159 975 Fulgura
1201 910 1392 954 montes
1421 901 1440 972 (
1470 915 1530 953 ea:
1565 897 1783 951 Horatio
1808 895 1846 967 ).
1882 894 1992 949 Nec

414 1000 608 1056 mirum
635 997 680 1051 si
711 997 813 1050 hoc
849 995 916 1050 de
960 992 1265 1048 hominibus
1307 991 1512 1060 loquar,
1549 1003 1668 1043 cum
1699 987 1858 1042 etiam
1890 985 1992 1039 Do-

413 1093 590 1156 minus
630 1100 816 1145 noster
864 1085 1256 1142 Pharismorum
1308 1084 1428 1139 zelo
1470 1081 1540 1136 sit
1584 1079 1904 1142 crucifixus,
1937 1088 1990 1131 et

412 1196 600 1238 omnes
622 1179 794 1236 sancti
822 1178 1045 1233 aemulos
1068 1175 1350 1231 habuerint
1384 1190 1398 1227 :
1429 1171 1481 1225 in
1508 1170 1754 1241 paradiso
1779 1182 1989 1237 quoque

412 1287 632 1343 serpens
663 1271 842 1336 fuerit,
875 1269 1025 1338 cujus
1056 1267 1250 1321 invidia
1281 1278 1425 1318 mors
1457 1263 1696 1317 introivit
1727 1261 1777 1313 in
1802 1260 1986 1313 orbem

409 1377 672 1424 terrarum
724 1361 908 1435 (Sep.
934 1359 992 1414 2.
1019 1358 1091 1413 24
1119 1357 1163 1427 ).
1215 1355 1578 1412 Suscitaverat
1631 1352 1678 1406 ei
1733 1351 1986 1404 Dominus

408 1455 560 1513 Adad
588 1454 882 1508 ldumreum
910 1492 926 1515 ,
957 1449 1048 1520 qui
1077 1464 1195 1503 eam
1223 1446 1602 1515 colapbizaret,
1634 1458 1700 1496 ne
1733 1457 1790 1496 se
1816 1438 1987 1494 extol-

407 1545 584 1617 leret(
613 1547 666 1601 3.
699 1545 828 1615 Reg.
877 1544 964 1598 11.
1012 1540 1244 1613 H):ct
1285 1539 1435 1608 quasi
1483 1535 1713 1606 quodam
1769 1532 1985 1588 stimulo

405 1639 581 1694 carnis
610 1637 806 1707 saepius
834 1633 1153 1690 admonebat
1179 1631 1268 1704 (2.
1298 1631 1416 1684 Cor.
1447 1629 1534 1685 l2.
1565 1627 1649 1698 7);
1678 1625 1750 1699 (b)
1781 1642 1848 1681 ne
1874 1639 1989 1679 ma-

403 1729 627 1803 gnitudo
655 1729 909 1785 virtutum
934 1726 1091 1781 altius
1123 1733 1357 1795 raperet,
1396 1731 1452 1779 et
1479 1722 1702 1776 aliarum
1733 1719 1876 1774 vitiis
1909 1717 1985 1774 fe-

404 1825 689 1887 minarum,
721 1835 780 1876 se
822 1821 876 1875 in
922 1818 1138 1875 excelso
1191 1815 1437 1872 crederet
1481 1813 1845 1870 constitutam.
1871 1811 1983 1897 ligo

403 1915 611 1970 aiebam
635 1955 652 1981 ,
683 1911 838 1967 livori
885 1924 1006 1966 esse
1049 1907 1372 1971 cedendum,
1402 1915 1455 1962 et
1497 1904 1728 1960 dandum
1762 1902 1982 1958 insaniat

401 2005 576 2060 locum
609 2018 624 2056 :
655 2001 794 2074 quod
820 2000 1034 2056 fecisset
1075 1997 1240 2054 Jacob
1285 1997 1338 2052 in
1391 1995 1554 2051 fratre
1602 2009 1700 2048 suo
1744 1993 1902 2054 Esau.
1928 2002 1983 2048 et

402 2097 568 2152 David
597 2098 666 2151 in
711 2093 1140 2167 pertinacissimo
1187 2091 1524 2146 inimicorum
1554 2088 1683 2144 Saul
1716 2103 1978 2158 :quorum

398 2190 537 2243 alter
564 2189 618 2242 in
651 2183 1086 2256 MesOpotamiam
1131 2183 1360 2253 fugerit;
1392 2182 1530 2238 alter
1573 2196 1634 2237 se
1680 2179 1980 2251 Allopbylis

396 2277 698 2343 tradiderit,
729 2277 933 2331 malens
959 2274 1224 2340 hostibus,
1253 2287 1413 2344 quam
1443 2271 1638 2326 invidis
1677 2271 1978 2340 subjacere.

400 2370 469 2424 At
498 2369 586 2424 illa
625 2366 983 2438 respondebat
1012 2381 1027 2419 :
1056 2364 1207 2420 Juste
1239 2365 1355 2420 lucc
1383 2363 1590 2418 diceres
1613 2404 1628 2430 ,
1659 2363 1701 2417 si
1732 2362 1979 2418 diabolus

391 2471 583 2517 contra
607 2474 792 2514 servos
815 2460 930 2525 Dei,
959 2465 1014 2512 et
1033 2456 1276 2522 ancillas,
1311 2470 1414 2510 non
1446 2455 1641 2524 ubique
1681 2464 1974 2525 pugnaret,

393 2561 456 2607 et
482 2551 549 2605 ad
575 2552 754 2605 omnia
782 2550 896 2604 loca
942 2548 1206 2618 fugientes
1249 2561 1357 2601 non
1389 2545 1748 2616 praecederet;
1781 2547 1825 2600 si
1873 2561 1976 2599 non

394 2651 706 2697 sanctorum
739 2640 999 2694 Locorum
1042 2651 1228 2693 amore
1276 2639 1563 2702 retinerer,
1607 2645 1661 2691 et
1702 2635 1976 2690 Bethleem

396 2750 572 2790 meam
611 2734 665 2788 in
705 2734 807 2788 alia
848 2733 1086 2802 reperire
1131 2745 1341 2801 possem
1374 2738 1520 2798 parte
1561 2737 1842 2784 terrarum.
1871 2729 1978 2782 Cur

397 2828 542 2880 enim
573 2841 682 2879 non
709 2823 959 2893 patientia
990 2822 1212 2876 livorem
1239 2821 1526 2890 superem?
1550 2835 1646 2874 cur
1674 2835 1778 2874 non
1811 2819 1978 2874 humi-

402 2915 550 2969 litate
586 2915 821 2984 frangam
851 2913 1153 2983 superbiam
1179 2927 1194 2976 ;
1223 2921 1277 2966 et
1308 2911 1620 2981 percutienti
1662 2912 1930 2965 maxillam
1958 2952 1974 2976 ,

394 3005 616 3060 offeram
645 3004 904 3060 alteram?
941 3003 1160 3058 Dicente
1232 3003 1394 3074 709
1467 3002 1724 3072 Apostolo
1767 3002 1978 3057 Paulo?

405 3097 600 3152 Vincite
618 3099 669 3150 in
700 3097 827 3150 bona
856 3095 1044 3149 malum
1069 3097 1088 3165 (
1117 3095 1268 3148 Rom.
1303 3095 1390 3149 l2.
1416 3092 1480 3148 2i
1517 3093 1555 3165 ).
1584 3094 1775 3148 Nonne
1825 3095 1973 3164 Apo-

396 3190 518 3244 stoli
560 3187 945 3259 gloriabantur,
976 3184 1188 3256 quando
1235 3199 1333 3254 pro
1373 3185 1602 3239 Domino
1657 3193 1782 3239 sunt
1832 3185 1975 3254 passi

397 3279 813 3336 contumeliam?
853 3278 1042 3332 Nonne
1091 3277 1205 3347 ipse
1253 3276 1498 3331 Salvator
1550 3274 1852 3330 bnmiliavit
1891 3288 1972 3338 se,

397 3371 619 3426 formam
646 3371 785 3426 servi
813 3370 1098 3440 accipiens,
1131 3377 1186 3424 et
1236 3367 1405 3423 factus
1437 3378 1520 3424 est
1549 3369 1806 3423 obedieus
1833 3367 1974 3423 Patri

391 3475 565 3532 usque
591 3460 659 3515 ad
690 3469 936 3523 mortem,
968 3469 1023 3514 et
1047 3471 1270 3514 mortem
1298 3460 1472 3514 crucis
1503 3460 1522 3532 (
1551 3459 1690 3513 Pltit.
1717 3459 1770 3512 2.
1802 3461 1833 3513 7
1852 3458 1891 3532 ),
1921 3470 1978 3515 ut

401 3569 496 3608 nos
524 3569 618 3608 sua
649 3553 896 3624 passione
941 3552 1212 3607 salvaret?
1241 3551 1343 3607 Job
1375 3552 1474 3606 nisi
1503 3561 1783 3618 certasset,
1811 3561 1864 3607 et
1895 3553 1965 3606 vi-

397 3643 560 3699 cisset
599 3644 651 3698 in
698 3643 900 3713 prwlio,
932 3659 1038 3696 non
1083 3641 1380 3712 accepisset
1432 3657 1687 3697 coronam
1734 3643 1973 3711 iustitiae,

398 3749 498 3790 nec
542 3735 780 3792 audisset
821 3749 852 3789 a
897 3734 1126 3789 Domino
1171 3751 1185 3787 :
1237 3733 1400 3788 Putas
1443 3750 1522 3785 me
1561 3734 1714 3786 aliter
1756 3735 1974 3786 locutum

399 3829 506 3896 tibi,
533 3845 683 3901 quam
713 3839 767 3882 ut
795 3838 1067 3898 appareres
1079 3827 1252 3896 justus
1278 3825 1416 3896 (Job.
1445 3826 1499 3880 4.
1527 3825 1582 3880 2.
1595 3827 1736 3895 juxt.
1763 3824 1978 3894 LXX)?

398 3917 552 3976 Beati
600 3919 848 3975 dicuntur
899 3919 951 3973 in
997 3917 1326 3987 Evangelio,
1391 3917 1479 3984 qui
1554 3918 1977 3986 persecutionem

401 4011 670 4082 patiuntur
704 4019 926 4082 prapter
961 4008 1221 4080 justitiam
1253 4009 1274 4078 (
1302 4007 1490 4062 Matth.
1518 4008 1572 4063 5.
1607 4007 1673 4062 10
1699 4007 1741 4078 ).
1769 4008 1977 4064 Secum

401 4116 515 4158 scrr
538 4101 687 4176 [Ï„Î¿Î¹-Î¹.
716 4101 804 4174 sit]
827 4102 1176 4166 conscientia,
1205 4102 1346 4170 quod
1389 4115 1492 4155 non
1520 4110 1736 4171 propter
1762 4109 1976 4172 peccata

404 4197 694 4263 patiamur;
723 4203 776 4248 et
810 4193 1028 4248 afï¬‚ictio
1052 4194 1104 4246 in
1135 4192 1353 4258 smeulo,
1385 4195 1607 4247 materia
1638 4193 1976 4262 praemiorum

401 4295 503 4342 est.
531 4283 585 4341 Si.
609 4283 822 4355 quando
851 4284 1126 4354 procacior
1147 4281 1336 4338 fuisset
1361 4283 1626 4345 inimicus,
1645 4292 1698 4337 et
1719 4297 1886 4352 usque
1913 4281 1977 4336 ad

401 4377 682 4433 verborum
727 4377 897 4448 jurgia
923 4376 1240 4446 prosilisset,
1271 4375 1402 4431 illud
1432 4376 1674 4432 Psalterii
1721 4375 1978 4432 decanta-

401 4470 528 4525 bat:
559 4466 688 4526 Cum
713 4474 1007 4525 consisteret
1037 4470 1307 4524 aduersum
1337 4486 1416 4523 me
1459 4479 1694 4539 peccator
1712 4510 1728 4532 ,
1755 4470 1980 4523 obmutui

401 4572 449 4616 et
473 4563 591 4617 silui
629 4579 662 4615 Î±
690 4561 874 4634 bonis(
901 4561 1049 4616 Psal.
1082 4562 1170 4618 58.
1201 4560 1279 4631 2).
1313 4561 1379 4616 Et
1409 4575 1598 4617 rursus
1630 4579 1643 4616 :
1673 4559 1784 4631 Ego
1813 4570 1979 4614 autem

400 4655 546 4723 quasi
588 4653 774 4707 surdus
815 4670 916 4707 non
943 4654 1225 4716 audiebam,
1257 4662 1305 4706 et
1327 4654 1472 4722 quasi
1503 4662 1671 4706 mutus
1714 4671 1815 4706 non
1853 4669 1977 4722 ape-

402 4745 536 4797 riens
554 4759 611 4797 os
631 4759 801 4797 suum.
827 4743 919 4809 Et;
939 4742 1130 4796 Factus
1159 4759 1272 4796 sum
1296 4744 1424 4796 sicut
1451 4745 1598 4796 homo
1620 4761 1718 4798 non
1747 4745 1977 4809 audiens,

414 4844 450 4886 tt
478 4849 577 4886 non
603 4831 787 4887 habens
806 4835 858 4886 in
875 4848 961 4886 ore
988 4847 1078 4885 suo
1095 4832 1459 4899 increpationes
1481 4831 1650 4902 (Psal.
1681 4835 1766 4887 57.
1795 4834 1901 4904 ll).
1927 4836 1979 4887 lu

409 4922 786 4978 tentatiouibus
810 4964 825 4988 ,
854 4921 1254 4976 Deuteronomii
1284 4922 1445 4976 vetâ€™oa
1475 4923 1722 4976 volvebat
1755 4941 1767 4977 :
1800 4924 1982 4978 Tentat

408 5029 491 5069 ros
513 5013 764 5067 Dominus
794 5012 929 5068 Deus
956 5024 1132 5075 uester,
1163 5021 1215 5064 ut
1239 5012 1365 5066 sciat
1389 5013 1433 5067 si
1458 5013 1682 5082 diligatis
1712 5012 1981 5066 Dominum

407 5105 571 5160 Deum
589 5113 805 5158 vestrum
833 5104 898 5159 de
937 5111 1040 5158 toto
1083 5103 1234 5158 corde
1257 5113 1437 5168 vestro,
1468 5113 1515 5157 et
1555 5105 1618 5157 de
1663 5114 1766 5157 tota
1814 5105 1984 5157 anima

405 5207 572 5252 vestra
597 5195 774 5267 (Deut.
801 5197 888 5252 l3.
919 5195 996 5267 5).
1030 5195 1087 5250 In
1133 5195 1562 5252 lribulatiooibus
1601 5205 1656 5251 et
1703 5199 1980 5266 angustiis,

407 5287 558 5344 Isaiae
605 5286 894 5357 replicabat
939 5285 1146 5356 eloquia
1177 5302 1190 5339 :
1227 5286 1329 5354 Qui
1359 5287 1598 5342 ablactati
1627 5290 1742 5342 estis
1773 5305 1802 5340 a
1833 5287 1981 5354 lacte,

406 5380 495 5452 qui
516 5378 753 5434 abstracti
789 5380 853 5434 ab
882 5377 1032 5432 ubere
1053 5417 1072 5446 ,
1102 5377 1472 5433 tribulationem
1514 5395 1664 5449 super
1703 5377 1982 5433 tribulatio-

471 5515 547 5578 (a)
576 5513 802 5572 Voculae,
824 5518 870 5564 et
893 5513 1034 5578 laete,
1056 5523 1179 5576 quas
1192 5509 1300 5578 fere
1321 5524 1494 5562 omnes
1515 5512 1628 5562 Mss.
1646 5519 1794 5578 atque
1813 5515 1982 5563 excusi

411 5573 777 5635 libri'retineut,
802 5583 910 5636 post.
930 5573 1178 5624 Erasnium
1201 5573 1430 5636 omiserat
1451 5587 1646 5636 quoque
1659 5573 1982 5624 martianzeus.

475 5638 548 5710 (Ï)
572 5638 636 5710 lin
654 5635 900 5710 plerisque
927 5636 1040 5710 mss:
1060 5642 1214 5710 atque;
1229 5635 1495 5710 impressis
1517 5635 1786 5710 codicibus,
1801 5650 1859 5686 ne
1881 5651 1985 5686 ma-

414 5695 667 5762 gnitudine
695 5695 918 5762 virtutum
950 5695 1094 5746 altius
1118 5695 1334 5762 luperci.
1381 5695 1499 5762 llaec
1536 5709 1653 5762 vero
1676 5695 1822 5748 lectio
1843 5713 1986 5762 quam

415 5756 699 5814 ietinu'unus
722 5795 737 5824 ,
760 5759 896 5811 Pauli
917 5756 1176 5810 sententia:
1187 5756 1420 5819 congruit
1439 5759 1612 5820 magis.

1773 325 2102 386 EPISTOLA
2137 319 2318 381 CVlll.

3568 334 3676 393 894

2103 454 2217 492 nem
2265 443 2581 507 exspectate,
2610 453 2749 508 spem
2797 455 2950 510 super
2990 457 3171 510 spem;
3214 443 3382 500 adhuc
3431 449 3674 518 pusillum

2098 537 2303 598 prapter
2331 528 2574 582 malitiam
2611 529 2860 586 labiorum
2885 574 2900 600 ,
2934 531 3004 606 (Îµ)
3033 544 3235 606 propter
3262 537 3488 610 linguam
3518 542 3673 598 ntali-

2096 637 2262 718 gnam.
2280 618 2434 718 (Isai.
2464 619 2556 718 28.
2583 620 2617 676 9
2645 630 2692 675 et
2730 638 2863 692 seqq.
2884 625 3026 694 juxt.
3051 625 3202 680 LXX
3223 627 3263 699 ).
3291 629 3356 684 Et
3382 631 3674 701 Scriptura:

2099 711 2461 766 testimonium
2507 711 2560 766 in
2605 713 3026 769 consolationem
3071 730 3220 772 suam
3275 720 3604 777 edi~serebat
3651 738 3666 775 :

2096 803 2477 856 ablactatorum
2497 817 2832 869 esse,corum
2866 806 3189 878 scilicet,qui
3215 809 3280 864 ad
3299 811 3506 866 Vll'llClll
3536 821 3635 866 tcta
3651 841 3670 852 -

2097 899 2202 947 tem
2230 895 2622 962 pervenissent,
2655 894 3048 950 tribulationem
3080 914 3242 968 super
3273 901 3670 957 tribulationem

2095 983 2378 1048 sustinere,
2412 992 2470 1037 ut
2494 999 2641 1053 spem
2689 999 2851 1054 super
2879 1000 3028 1055 spem
3061 1001 3366 1043 mereantur
3405 993 3668 1062 accipere.

2096 1075 2321 1130 Srientcs
2351 1076 2590 1144 quoniam
2639 1077 2896 1132 tribulatio
2946 1080 3239 1149 patientiam
3288 1093 3546 1151 aperatur,
3578 1102 3672 1154 pa-

2094 1167 2266 1220 tientia
2317 1179 2486 1221 autem
2527 1170 2891 1237 probationem,
2941 1172 3168 1240 probutlo
3214 1189 3326 1226 reto
3366 1191 3524 1242 spem,
3557 1193 3671 1245 spes

2092 1267 2256 1310 autem
2294 1273 2393 1310 non
2438 1258 2704 1328 confundit
2733 1259 2752 1328 (
2779 1258 2931 1314 Rom.
2964 1261 3018 1314 5.
3052 1262 3104 1316 5.
3129 1263 3158 1316 Îµá½·
3181 1262 3224 1332 ).
3278 1263 3359 1326 Et,
3386 1264 3531 1327 Quod
3554 1267 3595 1318 si
3627 1266 3671 1319 is

2090 1344 2175 1412 qui
2206 1338 2331 1415 foris
2355 1356 2427 1399 est
2467 1347 2617 1400 homo
2663 1359 2850 1413 noster,
2881 1361 3254 1420 corrumpatur,
3288 1352 3377 1405 ille
3404 1355 3489 1422 qui
3536 1355 3672 1408 intus

2089 1447 2182 1504 est,
2209 1439 2471 1492 inuovetur
2491 1457 2511 1493 :
2544 1438 2628 1504 Et,
2669 1438 2734 1493 In
2763 1443 3146 1511 prtesentiarutu
3179 1443 3282 1499 leve
3312 1455 3356 1498 et
3387 1455 3668 1500 momenta-

2089 1545 2238 1582 neum
2281 1531 2621 1585 tribulationis
2667 1530 2744 1603 (á½±)
2796 1543 2997 1597 nostrw,
3026 1546 3228 1589 caterua:
3254 1535 3671 1610 [al.wternum]

2088 1618 2268 1690 gloria:
2289 1621 2486 1690 pondus
2517 1632 2755 1690 operatur
2780 1623 2833 1676 in
2859 1624 3021 1690 nobis,
3055 1641 3156 1680 non
3180 1627 3535 1694 aspicientibus
3559 1643 3674 1698 qua:

2088 1712 2339 1777 ridentur,
2385 1713 2472 1766 sed
2514 1730 2626 1784 qua
2665 1731 2765 1769 non
2809 1716 3060 1772 videntur.
3093 1718 3220 1784 Qua:
3259 1719 3388 1773 enim
3416 1721 3666 1786 videntur,

2089 1805 2386 1874 temporalia
2414 1813 2548 1871 sunt,
2577 1821 2692 1874 (Î¼á½·Î±Ï‚
2719 1816 2885 1859 autem
2929 1823 3030 1860 non
3076 1809 3328 1875 uidentur,
3351 1822 3541 1866 (eterna
3571 1810 3668 1885 (2.

2087 1894 2207 1949 Cor.
2235 1897 2288 1950 4.
2320 1897 2406 1952 16.
2431 1908 2477 1950 et
2505 1900 2689 1968 seqq.).
2722 1897 2831 1953 Nec
2863 1899 3077 1970 longum
3104 1899 3218 1955 fore
3250 1911 3479 1972 tempus,
3509 1905 3668 1959 etiam

2085 1989 2131 2040 si
2174 1985 2418 2042 humana:
2472 1988 2816 2058 inquitientize
2867 1990 3079 2044 tardum
3112 1991 3353 2046 videatur
3376 2035 3391 2058 ,
3416 1995 3544 2064 quin
3576 1995 3670 2051 Dei

2086 2079 2263 2132 statim
2296 2078 2365 2150 (e)
2395 2091 2648 2150 sequatur
2685 2083 2940 2136 auxilium
2987 2082 3213 2138 dicentis
3243 2102 3256 2139 :
3281 2084 3532 2156 Tempore
3569 2105 3670 2158 op-

2085 2181 2301 2240 portuno
2330 2173 2566 2226 exaudiri
2591 2183 2667 2236 te,
2712 2185 2758 2228 et
2788 2176 2840 2227 in
2881 2176 2962 2230 die
2997 2177 3178 2231 salutis
3231 2179 3508 2233 auxiliatus
3555 2197 3667 2234 sum

2084 2263 2172 2314 tibi
2201 2262 2354 2333 (Istti.
2385 2264 2472 2318 49.
2505 2265 2583 2334 8).
2609 2265 2720 2321 Nec
2745 2266 2927 2320 dolosa
2955 2267 3114 2334 labia,
3146 2277 3200 2323 et
3223 2268 3431 2340 linguas
3505 2273 3669 2344 710

2085 2352 2384 2422 iniquorum
2429 2370 2548 2409 esse
2597 2357 2932 2419 metuendus,
2979 2373 3098 2414 cum
3148 2359 3375 2415 Domino
3422 2363 3668 2432 adiutore

2085 2444 2348 2511 Letemur,
2377 2456 2429 2500 et
2457 2447 2626 2516 ipsmn
2669 2447 2957 2504 debeamus
2995 2451 3182 2506 audire
3221 2467 3316 2522 per
3342 2453 3662 2524 Propltetam

2084 2548 2389 2590 mouentem
2440 2536 2664 2592 :Nolite
2715 2541 2888 2594 timere
2940 2541 3215 2610 opprobria
3263 2543 3562 2610 hominum,
3615 2556 3663 2600 et

2081 2625 2420 2696 blasphemias
2450 2645 2621 2682 eorum
2649 2647 2712 2684 ne
2739 2634 3030 2694 metueritis,
3075 2633 3204 2686 sicut
3230 2635 3364 2687 enim
3397 2637 3664 2690 vestimen-

2081 2725 2206 2784 tum,
2231 2723 2302 2772 sic
2332 2721 2542 2772 comedit
2588 2737 2670 2774 eos
2697 2723 2912 2790 vermis;
2941 2734 2986 2776 et
3028 2724 3156 2777 sicut
3183 2724 3375 2792 lauant,
3412 2727 3483 2779 sic
3510 2728 3662 2782 deco-

2081 2814 2207 2864 ravit
2225 2829 2308 2867 eos
2335 2815 2468 2867 tinea
2495 2813 2648 2882 (Isai.
2671 2819 2760 2872 51.
2789 2818 2841 2871 7.
2867 2820 2899 2872 8
2923 2819 2966 2889 ).
2994 2819 3060 2874 Î•Î¹
3084 2835 3098 2872 :
3129 2820 3234 2876 Per
3256 2825 3550 2891 patientiam
3581 2840 3662 2880 tte-

2079 2915 2238 2958 stram
2281 2909 2600 2974 possidebitis
2628 2911 2825 2964 animus
2854 2923 3042 2966 vestras
3067 2912 3235 2984 (Luc.
3261 2914 3351 2970 2|.
3381 2915 3446 2970 19
3477 2921 3515 2980 ).
3543 2918 3609 2972 Î•Î¹
3641 2934 3656 2972 :

2081 2997 2204 3053 Non
2235 3010 2352 3053 sunt
2381 3001 2648 3073 condigna:
2673 3004 2930 3073 passiones
2968 3005 3122 3070 huius
3166 3009 3406 3075 temporis
3435 3009 3504 3061 ad
3529 3011 3662 3080 futu-

2079 3108 2190 3146 ram
2214 3091 2452 3164 gloriam,
2485 3111 2596 3158 qua:
2621 3095 2924 3151 revelabitur
2961 3099 3014 3152 in
3042 3097 3223 3172 nobis(
3246 3100 3397 3155 Rom.
3424 3102 3477 3157 8.
3507 3103 3614 3175 18)
3642 3121 3658 3160 :

2082 3185 2148 3239 Et
2187 3185 2311 3239 alibi
2341 3203 2356 3240 :
2392 3185 2782 3241 Tribulationem
2826 3205 2977 3256 super
3003 3190 3375 3245 tribulationem
3416 3194 3664 3249 sustinere

2082 3275 2298 3348 (Ep/tes.
2328 3278 2381 3348 â€˜5)
2408 3295 2420 3330 :
2454 3289 2503 3330 nt
2537 3279 2796 3346 patienter
2821 3295 3043 3349 agamus
3069 3281 3119 3336 in
3148 3283 3396 3338 omnibus
3421 3301 3540 3354 quze
3565 3299 3661 3340 ac-

2079 3369 2260 3425 cidunt
2292 3370 2466 3424 nobis.
2504 3369 2711 3424 Patiens
2757 3371 2888 3424 enim
2927 3372 3002 3424 rir
3047 3371 3113 3442 (á½·)
3139 3373 3350 3427 multum
3392 3376 3612 3445 prudens
3640 3393 3661 3433 :

2079 3464 2166 3534 qui
2228 3473 2393 3516 autem
2451 3463 2790 3531 pusillanimis
2846 3473 2921 3518 est
2943 3505 2960 3532 ,
3034 3465 3347 3521 uehementer
3420 3467 3663 3538 insipiens

2079 3554 2263 3623 (Prov.
2296 3555 2380 3609 14.
2411 3553 2526 3626 29).

2153 3647 2239 3700 18.
2283 3646 2336 3699 Î™Î¹Î¹
2377 3646 2720 3715 languoribus
2759 3653 2814 3702 et
2849 3645 3038 3701 crebra
3072 3646 3378 3702 infirmitate
3405 3647 3658 3706 dicebat:

2087 3738 2300 3802 Quando
2327 3737 2534 3804 inï¬rma
2564 3753 2692 3798 sum,
2721 3746 2841 3789 tunc
2867 3736 3013 3805 fortis
3038 3753 3148 3790 sum
3186 3739 3258 3805 (2
3284 3738 3400 3792 Cor.
3429 3739 3512 3793 Î·.
3545 3742 3659 3810 10).

2086 3826 2342 3880 IIabcntus
2370 3827 2656 3880 thesaurum
2687 3828 2836 3880 istum
2877 3828 2928 3880 in
2956 3828 3086 3880 uasis
3115 3829 3350 3896 ï¬ctilibus
3395 3829 3414 3901 (
3437 3831 3571 3886 Ibid.
3599 3836 3658 3890 4.

2082 3919 2158 3989 7),
2188 3921 2344 3973 donec
2375 3919 2587 3973 mortale
2610 3919 2704 3972 hoc
2733 3919 2908 3973 induat
2937 3921 3366 3974 immortalitatem
3391 3962 3408 3988 ,
3452 3932 3498 3976 et
3544 3938 3662 3979 car-

2081 4012 2335 4078 ruptiuum
2364 4010 2456 4063 hoc
2483 4011 2722 4064 vestiatur
2753 4012 3130 4080 incorruptione
3159 4013 3236 4085 (Î™.
3261 4012 3380 4068 Cor.
3417 4016 3504 4070 15.
3534 4017 3659 4086 55).
3679 3997 3698 4008 â€˜

2084 4101 2148 4155 Et
2193 4104 2424 4156 iterum:
2455 4101 2604 4156 Sicut
2638 4101 3052 4173 superabundant
3095 4106 3356 4173 passiones
3396 4105 3583 4161 Christi
3609 4109 3661 4161 in

2083 4193 2242 4260 nobis,
2273 4204 2320 4250 et
2349 4211 2441 4264 per
2469 4195 2724 4250 Christum
2750 4197 3024 4251 abundavit
3054 4209 3097 4251 et
3124 4199 3400 4255 consolatio
3431 4200 3509 4271 (2.
3540 4201 3658 4258 Cor.

2085 4289 2134 4344 1.
2161 4289 2238 4358 5).
2267 4291 2341 4344 Ac
2366 4288 2560 4344 deinde
2588 4306 2601 4344 :
2634 4289 2699 4344 Ut
2726 4291 2849 4343 socii
2881 4291 3173 4359 passionum
3193 4293 3330 4359 estis,
3356 4294 3428 4347 sic
3455 4295 3592 4347 eritis
3616 4304 3663 4348 et

2081 4380 2439 4434 consolationis
2469 4379 2632 4452 (Ibid.
2662 4398 2709 4435 Ï….
2741 4381 2817 4452 7).
2852 4382 2908 4436 lu
2936 4397 3168 4438 tuan-ore
3192 4384 3472 4438 cantabat:
3493 4383 3664 4448 Quare

2083 4476 2237 4528 tristis
2263 4492 2316 4529 es
2342 4475 2510 4528 anima
2539 4491 2680 4539 mea,
2708 4484 2754 4528 et
2784 4491 2940 4544 quare
2967 4476 3235 4528 conturbas
3259 4476 3374 4530 me?
3402 4474 3568 4544 Spera
3607 4479 3659 4530 in

2087 4563 2213 4627 Deo,
2237 4565 2471 4634 quoniam
2499 4563 2664 4616 adhuc
2693 4563 2963 4630 conï¬tebor
2983 4565 3081 4628 illi,
3108 4564 3330 4619 salutare
3354 4565 3522 4618 vultus
3543 4567 3659 4631 mei,

2086 4665 2133 4708 et
2166 4655 2298 4708 Deus
2323 4670 2460 4706 mens
2486 4653 2654 4723 (Psul.
2684 4654 2772 4707 41.
2806 4654 2917 4716 l2).
2945 4653 2998 4706 In
3031 4655 3282 4722 periculis
3314 4654 3660 4724 loquebatur:

2088 4744 2188 4809 Qui
2218 4744 2317 4796 vult
2343 4743 2506 4794 venire
2540 4752 2648 4809 post
2679 4758 2756 4793 me
2778 4781 2792 4801 ,
2825 4742 3031 4811 abneget
3061 4745 3378 4811 semetipsum
3403 4787 3417 4809 ,
3445 4756 3490 4798 et
3517 4745 3663 4799 tollat

2085 4851 2279 4887 trucem
2305 4850 2470 4893 snant,
2497 4844 2540 4884 et
2568 4845 2808 4895 sequatur
2835 4849 2910 4884 me
2940 4832 3087 4902 (Luc.
3120 4834 3170 4887 9.
3198 4835 3313 4904 25).
3339 4835 3403 4888 Et
3427 4851 3658 4902 rursum,

2089 4925 2187 4989 Qui
2232 4925 2335 4976 vult
2383 4923 2603 4974 animum
2648 4939 2790 4974 suam
2839 4923 3032 4976 salt-am
3079 4928 3283 4993 facere,
3333 4926 3503 4995 perdet
3530 4943 3661 4980 eam.

2088 5012 2177 5076 Et,
2227 5013 2327 5076 Qui
2372 5011 2642 5080 perdiderit
2690 5013 2911 5064 animum
2954 5030 3098 5066 suum
3139 5025 3308 5081 proter
3334 5031 3440 5080 me,
3472 5017 3665 5070 salvam

2087 5119 2196 5156 eam
2227 5105 2376 5174 faciet
2407 5101 2566 5173 (Ibid.
2592 5101 2706 5174 2i).
2734 5104 2954 5172 Quando
2975 5105 3249 5174 diependia
3278 5107 3353 5162 rei
3382 5109 3654 5162 familiaris

2087 5205 2138 5248 ct
2169 5194 2373 5247 eversio
2403 5195 2562 5248 totius
2590 5195 2888 5263 patrimonii
2919 5196 3279 5263 nuntiabatur,
3303 5198 3506 5252 aiebat:
3527 5197 3663 5262 Quid

2149 5327 2220 5388 (Î¿)
2253 5325 2364 5374 Duo
2395 5338 2550 5396 penes
2582 5326 2865 5375 Bollandum
2905 5327 3021 5377 Mss.
3053 5333 3250 5392 propter
3290 5326 3504 5390 linguam
3538 5325 3660 5376 alie-

2089 5402 2201 5438 nam
2229 5401 2245 5438 :
2269 5388 2488 5451 pressius
2511 5388 2698 5451 Graeco.
2725 5397 2787 5439 sui
2817 5401 2978 5451 1mm
3003 5388 3144 5451 au...

2154 5452 2231 5512 (tt)
2267 5449 2576 5512 Anteauerat
2613 5449 2929 5499 tribulationis
2982 5449 3180 5506 vestrm,
3207 5453 3260 5496 et
3303 5457 3665 5509 consequenter

2091 5510 2219 5562 vobis
2241 5521 2405 5559 contra
2431 5510 2545 5558 Mss.
2571 5519 2622 5559 et
2653 5514 2772 5559 sacri
2798 5520 2965 5560 textus
2987 5522 3294 5558 consensum.
3743 5555 3750 5561 ,

2158 5571 2218 5646 (e)
2256 5572 2338 5646 Sic
2521 5585 2607 5634 pro
2629 5586 2727 5636 quo
2763 5574 2810 5620 in
2835 5572 2982 5621 editis
3015 5571 3284 5624 obtinebat,
3304 5566 3544 5628 uideatur,
3568 5581 3665 5622 non

2091 5641 2209 5685 satis
2232 5641 2388 5682 recte.

2153 5698 2226 5766 (fr).
2262 5695 2464 5766 Rectius
2481 5729 2493 5749 ,
2519 5700 2574 5742 ut
2601 5693 2812 5749 videtur,
2849 5705 2976 5766 unus
2996 5691 3202 5755 Regium
3225 5690 3316 5741 Ms.
3341 5689 3519 5741 multus
3543 5704 3661 5754 pru-

2092 5755 2276 5818 á½±Îµá¿†Î¹á½¶Î±,
2305 5769 2366 5805 ex
2396 5755 2563 5805 Glâ€˜iï¬CO
2587 5767 2694 5811 Ï€Î¿Î»á½¶Ï‚
2719 5765 2956 5815 humideâ€œ.
