4088 6336
462 372 466 376 ·
540 351 644 409 898

539 469 669 521 enim
699 465 899 536 prodest
929 463 1138 530 homini,
1166 481 1208 518 st
1240 473 1398 517 totum
1429 465 1669 518 mundum
1704 467 2032 535 lucrifccerit,
2061 477 2110 521 et

539 561 720 613 anima:
757 573 864 612 sua:
905 558 1145 610 danmum
1194 555 1462 608 habuerit?
1489 566 1574 608 aut
1613 573 1765 624 quant
1791 558 1929 610 dabit
1959 557 2110 611 homo

537 648 972 704 commutationem
1001 662 1091 716 pro
1115 646 1288 698 anima
1313 662 1406 699 sua
1452 645 1664 716 (.llatth.
1705 645 1790 700 16.
1820 645 1968 716 25)?
2011 647 2107 711 Et,

539 740 724 793 Nudus
763 739 892 792 exivi
929 737 991 790 de
1036 750 1176 790 utero
1216 737 1393 791 matris
1431 753 1582 804 mete,
1611 737 1776 791 nudus
1801 746 1846 790 ct
1883 738 2106 792 redeam.

537 832 681 884 Sicut
713 829 926 882 Domino
958 829 1144 897 placuit
1170 870 1185 894 ,
1217 830 1288 881 ita
1316 832 1504 899 factum
1531 838 1636 894 est,
1671 829 1750 884 Sit
1779 846 1958 883 nomen
1999 828 2107 883 Do-

531 921 655 974 mini
681 920 992 973 benedictum
1023 920 1039 988 (
1063 917 1224 974 Job.l
1256 920 1319 974 9-1
1341 921 1382 989 ).
1415 919 1480 974 Et
1503 919 1631 974 illud
1657 937 1670 973 :
1700 919 1876 974 Nolite
1899 922 2108 991 diligere

530 1011 792 1075 mundum,
821 1026 978 1078 neque
997 1026 1056 1063 ea
1081 1026 1192 1081 qua:
1216 1020 1331 1064 sunt
1353 1011 1406 1063 iu
1428 1010 1636 1064 mundo.
1663 1010 1916 1076 Quoniam
1937 1029 2103 1078 omne,

531 1101 668 1172 quod
696 1102 746 1154 in
776 1102 964 1154 mundo
989 1111 1080 1166 est,
1122 1101 1426 1154 desiderium
1455 1101 1623 1160 carnis
1649 1112 1722 1155 est
1741 1142 1756 1168 ,
1787 1111 1834 1156 et
1861 1105 2105 1174 concupi-

526 1194 716 1248 scentia
744 1193 1036 1260 oculorum,
1070 1201 1117 1247 et
1152 1192 1386 1262 superbia
1411 1193 1527 1246 vita:
1552 1193 1703 1264 hujus
1725 1208 1744 1247 :
1765 1210 1876 1262 qua
1902 1211 2001 1246 non
2030 1202 2103 1246 est

465 1303 468 1307 '
527 1305 589 1342 ea:
619 1287 792 1351 Patre,
825 1286 912 1339 sed
936 1301 999 1340 ex
1025 1287 1234 1340 mundo.
1266 1283 1334 1338 Et
1360 1285 1577 1338 mundus
1608 1287 1808 1350 transit,
1837 1295 1884 1339 et
1911 1303 2101 1339 concu-

527 1381 767 1452 piscentia
793 1380 901 1450 ejus
931 1379 1022 1448 (1.
1047 1377 1204 1432 Joan.
1233 1377 1288 1431 2.
1322 1377 1408 1432 15.
1439 1378 1524 1432 16.
1559 1378 1668 1446 17).
1703 1377 1828 1433 Scio
1874 1377 1923 1432 ei
1968 1377 2103 1432 scri-

526 1481 645 1541 ptas
693 1470 1023 1524 inﬁrmitates
1056 1468 1398 1538 gravissimas
1444 1466 1733 1521 liberorum
1775 1476 1830 1522 et
1872 1466 2102 1521 maxime

525 1563 737 1618 Toxotii
761 1561 862 1626 sui,
881 1573 1035 1629 quem
1059 1557 1312 1628 diligebat
1351 1556 1656 1626 plurimum.
1683 1555 1924 1626 Cumque
1971 1557 2098 1610 illud

526 1656 719 1708 virtute
748 1652 1088 1720 complesset,
1124 1648 1322 1702 turbata
1370 1665 1513 1712 sum,
1552 1658 1598 1701 et
1641 1665 1741 1701 non
1782 1663 1892 1701 sum
1934 1649 2100 1701 locuta

471 1759 476 1762 '
525 1746 640 1816 (Ps.
668 1745 781 1816 78),
813 1744 866 1798 in
894 1743 1009 1797 bare
1035 1741 1196 1796 verba
1225 1741 1500 1810 prorupit:
1529 1740 1629 1804 Qui
1659 1750 1793 1794 amat
1820 1740 1985 1808 ﬁlium
2007 1749 2094 1791 aut

523 1810 845 1907 tiliam‘plus
888 1851 1037 1904 quam
1076 1850 1154 1887 me
1176 1875 1190 1898 ,
1225 1849 1325 1886 non
1351 1843 1421 1887 est
1447 1847 1526 1885 me
1552 1831 1736 1902 dignus
1767 1830 1975 1904 (Matth.
2006 1831 2092 1885 l0.

521 1930 634 1999 57).
680 1928 749 1982 Et
825 1928 986 1998 711
1060 1939 1219 1978 orans
1266 1922 1332 1978 ad
1379 1922 1692 1988 Dominum,
1738 1923 2091 1993 loquebatur;

526 2019 738 2074 Posside
765 2017 982 2071 Domine
1011 2015 1142 2085 ﬁlios
1172 2015 1588 2082 mortiﬁcatorum
1615 2014 1634 2084 (
1656 2013 1802 2069 Psal.
1833 2014 1923 2070 78.
1951 2017 2011 2070 11
2035 2024 2052 2085 )
2075 2057 2090 2082 ,

518 2112 608 2181 qui
659 2124 753 2179 pro
803 2119 854 2162 te
895 2106 1131 2178 quotidie
1161 2104 1485 2159 mortificant
1529 2120 1752 2175 corpora
1795 2120 1912 2161 sua.
1959 2107 2092 2161 Novi

514 2215 862 2258 susurronetu
885 2197 1166 2268 quemdam
1189 2195 1350 2267 (quod
1376 2211 1544 2266 genus
1573 2195 1848 2252 hominum
1867 2199 1947 2254 vel
1972 2216 2092 2269 per-

518 2290 932 2346 niciosissimum
962 2288 1063 2359 est)
1091 2287 1240 2357 quasi
1271 2287 1590 2341 benevolum
1623 2288 1916 2353 nuntiasse,
1946 2293 2085 2360 quod

432 2370 435 2371 ⁷
515 2398 611 2454 pro
639 2383 805 2436 nimio
831 2380 1038 2435 fervore
1065 2379 1315 2433 virtutum
1343 2378 1661 2448 quibusdam
1696 2379 1965 2434 videretur
1997 2383 2085 2436 iu-

513 2488 641 2528 sana
664 2514 680 2539 ,
709 2481 762 2526 et
790 2470 1068 2525 cerebrum
1095 2469 1240 2523 illius
1262 2467 1507 2523 dicerent
1530 2467 1942 2524 confovendum.
1993 2471 2087 2526 Cui

513 2564 605 2618 illa
631 2561 909 2631 respondit
932 2578 945 2614 :
977 2559 1245 2613 Theatrum
1272 2559 1393 2630 facti
1418 2575 1590 2612 sumus
1616 2559 1826 2627 mundo,
1847 2571 1894 2614 et
1924 2563 2090 2633 Ange-

511 2655 598 2720 lis,
624 2663 670 2707 et
698 2653 980 2707 hominibus
1012 2653 1083 2721 (1.
1114 2652 1230 2704 Cor.
1254 2651 1306 2705 4.
1337 2651 1394 2720 9)
1420 2671 1432 2704 :
1458 2651 1526 2704 Et
1551 2671 1563 2706 :
1590 2651 1701 2705 Nos
1720 2654 1860 2707 stulti
1885 2666 2088 2723 promer

513 2745 804 2808 Christum;
833 2742 927 2798 sed
972 2743 1182 2796 stultum
1226 2743 1322 2794 Dei
1365 2743 1642 2810 sapientius
1687 2753 1757 2797 est
1805 2744 2088 2800 hominibus

511 2835 672 2908 (Ibid.
705 2838 756 2891 1.
782 2833 878 2906 25)
905 2851 919 2888 :
949 2833 1103 2889 Unde
1128 2843 1181 2887 et
1211 2833 1456 2889 Salvator
1481 2833 1718 2902 loquitur
1745 2834 1812 2889 ad
1840 2835 2082 2890 Patrem:

511 2930 589 2985 Tu
613 2930 710 2984 scis
735 2927 1076 2998 insipientiam
1101 2941 1264 2980 meam
1292 2925 1464 2996 (Psal.
1495 2926 1584 2981 68.
1617 2926 1694 2998 6).
1742 2926 1811 2981 Et
1852 2928 2040 2983 iterum
2069 2949 2083 2984 :

508 3020 778 3090 Tanquam
825 3017 1111 3090 prodigium
1133 3017 1298 3086 factus
1327 3035 1438 3072 sum
1469 3017 1637 3071 multis
1658 3058 1674 3081 ,
1702 3025 1750 3072 et
1783 3027 1837 3071 tu
1877 3019 2085 3089 adjutor

509 3113 654 3183 fortis
682 3110 853 3182 (Psal.
879 3109 968 3164 70.
1001 3109 1085 3179 7),
1123 3107 1166 3163 1]
1174 3120 1193 3160 t
1210 3111 1500 3178 jumentum
1526 3109 1690 3178 factus
1714 3125 1824 3164 sum
1853 3113 1989 3180 apud
2014 3120 2080 3178 te,

507 3214 556 3258 et
581 3219 670 3274 ego
695 3217 890 3271 semper
917 3210 1096 3255 tecum.
1123 3199 1291 3265 Quem
1323 3201 1374 3254 in
1407 3199 1697 3271 Evangelio
1723 3210 1775 3256 et
1797 3202 2081 3272 prOpiuqui

505 3293 657 3365 quasi
687 3292 882 3347 mentis
910 3291 1162 3359 impotem
1192 3290 1357 3360 ligare
1378 3291 1666 3360 cupiebant
1687 3291 1866 3360 (Joan.
1896 3293 2007 3362 10),
2028 3303 2083 3348 et

506 3383 796 3440 adversarii
822 3381 1192 3452 suggillabaut,
1221 3381 1480 3445 dicentes,
1507 3381 1824 3435 Dazmouium
1847 3383 2013 3448 habet,
2033 3395 2080 3438 et

507 3475 864 3531 Samaritanus
889 3482 961 3525 est
990 3469 1148 3543 (Ibid.
1178 3471 1231 3526 8.
1262 3470 1377 3542 48).
1406 3472 1490 3538 Ει,
1517 3470 1584 3525 1η
1624 3471 1898 3527 Beelzebub
1937 3477 2080 3546 prin-

503 3569 615 3635 cipe
637 3567 1002 3620 dwmoniorum
1025 3565 1160 3635 ejicit
1190 3564 1442 3618 dwmonia
1469 3563 1679 3636 (Matth.
1707 3565 1794 3619 η.
1819 3565 1944 3636 24).
1975 3567 2079 3623 Sed

504 3674 603 3715 nos
625 3659 901 3714 audiamus
925 3657 1238 3727 Apostolum
1261 3655 1650 3713 cohortantem.
1671 3657 1798 3713 (Iam
1815 3670 1886 3714 est
1912 3659 2078 3732 gloria

504 3760 710 3816 nostra,
741 3749 1081 3802 testimonium
1126 3747 1442 3802 conscientiae
1489 3758 1706 3815 nosti-te;
1746 3753 1983 3820 quoniam
2021 3754 2073 3806 iu

510 3842 775 3896 sanctitate
802 3850 848 3894 et
875 3841 1186 3905 sinceritate,
1216 3850 1262 3893 et
1291 3841 1343 3894 in
1372 3840 1534 3911 gratia
1562 3842 1657 3895 Dei
1680 3845 1958 3897 conversati
1985 3861 2075 3896 su-

449 3989 456 3992 _
509 3950 621 3988 mus
645 3933 698 3986 in
725 3932 910 3987 mundo
941 3932 1019 4001 (1.
1049 3931 1166 3987 Cor.
1193 3935 1242 3987 1.
1273 3931 1385 4002 l2).
1413 3933 1479 3988 Et
1506 3934 1785 3989 Dominum
1811 3936 2076 3993 dicentem

506 4024 574 4080 ad
603 4024 886 4094 Apostolus
915 4040 927 4076 :
957 4021 1085 4077 Ideo
1131 4023 1352 4077 mundus
1399 4023 1504 4077 odit
1549 4041 1664 4090 vos,
1694 4027 1930 4096 quoniam
1976 4045 2076 4082 non

507 4117 628 4170 estis
658 4115 720 4168 de
744 4114 952 4168 mundo.
988 4114 1048 4168 Si
1077 4114 1208 4167 enim
1237 4115 1406 4168 essetis
1430 4115 1494 4168 de
1521 4115 1730 4182 mundo,
1761 4127 1951 4170 amaret
1980 4117 2078 4170 uti-

503 4222 602 4274 que
627 4208 842 4258 mundus
869 4206 1004 4274 quod
1031 4221 1178 4260 suum
1217 4215 1323 4258 erat
1367 4204 1556 4275 (Joan.
1600 4208 1690 4263 15.
1733 4207 1863 4281 19).
1910 4210 1975 4264 Ει
2009 4210 2075 4264 ad

507 4297 680 4366 ipsum
710 4296 992 4350 Dominum
1021 4297 1180 4350 verba
1205 4297 1447 4350 vertebat
1479 4315 1491 4349 :
1521 4297 1596 4350 Tu
1635 4300 1766 4353 nosti
1795 4302 1961 4355 cordis
1988 4303 2076 4356 ab-

504 4385 755 4440 scondita.
788 4385 874 4453 Et,
905 4384 1032 4440 Hau:
1059 4387 1228 4439 omnia
1256 4397 1493 4440 venerunt
1525 4404 1679 4458 super
1710 4406 1801 4443 nos
1823 4431 1839 4456 ,
1875 4409 1964 4446 uec
1991 4410 2077 4446 su-

497 4495 610 4532 mus
653 4477 796 4532 obliti
842 4478 944 4541 tui,
983 4493 1074 4530 nec
1113 4477 1281 4547 inique
1323 4480 1516 4548 egimus
1547 4480 1598 4533 in
1627 4489 1920 4536 testamento
1966 4494 2070 4548 tuo,

500 4585 588 4621 nec
615 4584 842 4622 aversum
886 4576 957 4622 est
999 4579 1274 4623 retrorsum
1306 4585 1395 4622 cor
1429 4580 1657 4624 nostrum
1685 4570 1858 4641 (Psal.
1886 4575 1974 4629 43.
2012 4578 2074 4631 18

499 4671 544 4714 et
570 4661 677 4730 19).
697 4661 782 4727 Et,
806 4659 1021 4731 Propter
1043 4670 1089 4715 te
1107 4662 1394 4731 mortiﬁcati
1418 4681 1590 4718 sumus
1613 4674 1717 4718 tota
1739 4665 1838 4732 die,
1855 4671 2075 4738 reputati

496 4767 669 4804 sumus
698 4759 750 4802 ut
780 4766 892 4804 oves
921 4752 1185 4806 occisionis
1222 4754 1241 4822 (
1271 4751 1424 4809 Rom.
1449 4754 1504 4810 8.
1539 4755 1652 4823 56).
1695 4755 1799 4812 Sed
1825 4757 2075 4816 Dominus

497 4841 772 4894 auxiliator
812 4857 984 4906 meus,
1019 4859 1119 4895 non
1164 4843 1342 4896 timebo
1385 4845 1508 4913 quid
1553 4845 1709 4915 faciat
1754 4849 1877 4901 ntihi
1907 4852 2072 4906 homo

497 4933 670 5005 (Psal.
696 4933 817 4987 117.
836 4934 912 5004 6).
943 4934 1020 5006 (1)
1044 4936 1196 5006 Legit
1217 4938 1360 4992 enim
1386 4956 1398 4990 :
1425 4938 1530 4993 Fili
1555 4941 1749 4996 honora
1776 4943 2068 5008 Dominum,

495 5035 542 5077 et
589 5024 973 5094 confortaberis,
1009 5035 1056 5079 et
1097 5037 1239 5080 extra
1285 5025 1562 5083 Dominunt
1603 5033 1800 5086 nullum
1846 5035 2071 5087 timueris

497 5113 679 5186 (Prov.
705 5115 755 5167 7.
792 5115 842 5168 1.
873 5117 1012 5186 juxt.
1038 5115 1251 5188 LXX).
1299 5119 1391 5174 llis
1421 5129 1477 5175 et
1503 5122 1698 5177 talibus
1723 5126 2069 5189 testimoniis,

495 5207 646 5276 quasi
675 5215 942 5260 armatura
972 5207 1084 5272 Dei,
1112 5216 1167 5260 et
1191 5209 1448 5264 adversus
1472 5213 1648 5266 omnia
1676 5213 1892 5282 quidem
1921 5217 2067 5282 vitia,

497 5297 590 5352 sed
623 5298 890 5368 praecipue
919 5297 1218 5353 instruebat
1248 5315 1308 5356 sc
1333 5310 1520 5359 contra
1560 5303 1811 5359 invidiam
1839 5307 2069 5360 smvicu-

495 5399 634 5456 tem;
666 5400 721 5445 et
744 5389 1016 5460 patiendo
1061 5390 1320 5460 injurias,
1355 5393 1588 5448 furorem
1631 5396 1798 5451 rabidi
1839 5397 2069 5468 pectoris

496 5481 790 5551 mitigabat.
814 5482 1051 5552 Denique
1075 5497 1241 5552 usque
1267 5481 1334 5536 ad
1355 5483 1495 5538 diem
1522 5487 1726 5550 mortis,
1753 5496 1808 5540 et
1880 5490 2039 5559 712

493 5571 653 5640 lmjus
697 5576 986 5645 patientia,
1017 5585 1068 5631 et
1115 5575 1340 5631 aliorum
1387 5577 1530 5632 zelus
1568 5579 1814 5634 omnibus
1855 5591 2064 5651 patuit:

554 5723 625 5800 tl)
660 5727 813 5800 {Antea
840 5730 1105 5800 eratnlegi,
1143 5733 1300 5784 minus
1338 5733 1486 5784 bene.
1514 5732 1643 5789 Mox.
1663 5742 1804 5792 extra
1836 5749 1943 5788 eum
1978 5749 2069 5800 pro

488 5791 631 5833 castra
660 5790 924 5837 Donu’num.
951 5789 1171 5843 Gravius.

1830 349 2070 408 SANCTI
2099 311 2484 411 'nusnonvut

2219 468 2310 538 qui
2353 483 2506 526 suum
2539 473 2693 530 rodit
2734 491 3042 552 auctorem,
3073 495 3124 540 et
3150 487 3274 546 dum
3313 494 3564 552 tumulum
3595 497 3790 560 laedere

2219 559 2424 626 nititur,
2461 564 2512 618 in
2539 571 2887 641 semetipsum
2917 579 3134 648 preprio
3162 580 3340 640 furore
3371 586 3690 648 bacchatur.

2288 649 2377 705 19.
2420 652 2598 711 Dicam
2621 659 2760 714 etde
2781 663 2970 722 ordine
2991 674 3318 739 monasterii,
3349 681 3620 745 quomodo
3665 683 3795 740 San-

2215 749 2422 797 ctorum
2448 749 2830 810 continentiam
2861 757 2912 810 in
2942 772 3095 815 suum
3123 767 3346 820 verterit
3369 768 3598 826 lucrum.
3617 773 3788 830 Semi-

2217 834 2376 938 nabat
2404 843 2669 909 carnalia,
2701 855 2759 900 ut
2800 859 3024 908 meteret
3065 857 3356 925 Spirirualia
3396 862 3473 934 (1.
3519 864 3639 921 Cor.
3683 869 3786 938 9):

2214 924 2376 980 dabat
2402 938 2610 987 terrena
2633 976 2648 999 ,
2678 948 2735 991 ut
2761 939 2999 997 etulestia
3026 924 3239 1004 tolleret
3264 969 3278 1004 :
3309 924 3495 1009 brevia
3524 924 3788 1016 concede-

2215 1017 2321 1083 bat,
2353 1029 2409 1074 ut
2437 1038 2534 1092 pro
2561 1023 2643 1082 bis
2670 1040 2869 1086 :cterna
2897 1045 3146 1094 mutaret.
3187 1041 3315 1097 Post
3337 1046 3579 1103 virorum
3606 1067 3790 1116 mona-

2213 1109 2457 1209 sterium,
2488 1117 2628 1186 quod
2658 1120 2786 1177 viris
2814 1126 3107 1183 tradiderat
3133 1133 3575 1208 gubernandum,
3610 1113 3790 1213 plures

2213 1199 2446 1272 virgines
2465 1221 2600 1276 quas
2628 1225 2659 1265 e
2688 1210 2919 1271 diversis
2950 1221 3238 1287 provinciis
3264 1199 3652 1301 congregarat:
3683 1247 3784 1292 tam

2215 1291 2436 1360 nobiles,
2466 1312 2622 1364 quam
2652 1302 2834 1370 medii,
2865 1315 2920 1361 et
2966 1309 3132 1365 intimi
3171 1291 3424 1386 generis,
3450 1291 3509 1376 in
3559 1291 3651 1395 (α),
3681 1335 3786 1383 tres

2213 1395 2412 1444 turmas
2436 1434 2450 1457 ,
2482 1399 2911 1470 monasteriaque
2937 1402 3117 1460 divisit
3147 1408 3259 1463 :ita
3313 1411 3613 1484 duntaxat,
3647 1427 3705 1474 ut
3732 1423 3782 1475 in

2212 1493 2372 1548 opere
2401 1491 2455 1536 et
2482 1485 2533 1538 in
2562 1487 2685 1542 cibo
2713 1502 2992 1561 separatae,
3028 1499 3342 1565 psalmodiis
3367 1512 3423 1559 et
3451 1509 3784 1567 orationibus

2205 1570 2579 1642 jungcrentur.
2610 1579 2737 1636 Post
2764 1600 3020 1643 ALLELUIA
3052 1601 3324 1650 cantatum
3359 1596 3488 1669 (quo
3521 1601 3594 1672 (b)
3631 1607 3781 1674 signa

2209 1666 2536 1722 vocabantur
2557 1670 2620 1724 ad
2649 1669 2965 1748 Collectam)
2993 1682 3123 1736 nulli
3154 1666 3622 1749 residere—licitum
3644 1666 3778 1752 erat.

2206 1754 2308 1808 Sed
2336 1760 2522 1825 prima,
2547 1775 2641 1816 seu
2669 1763 2806 1820 inter
2828 1769 3026 1836 primas
3047 1776 3288 1845 veniens,
3310 1790 3626 1840 cmterarum
3653 1803 3779 1858 ope-

2205 1846 2443 1902 riebatur
2470 1853 2754 1908 adventum
2779 1897 2795 1923 ,
2827 1859 3031 1928 pudore
3061 1874 3114 1919 et
3141 1871 3394 1940 exemplo
3427 1874 3495 1928 ad
3539 1846 3775 1934 laborem

2205 1953 2297 1993 eas
2325 1956 2640 2011 provocans,
2667 1963 2772 2002 non
2801 1959 3027 2008 terrore.
3059 1954 3230 2025 Mane,
3263 1959 3398 2016 hora
3423 1962 3621 2033 Tertia,
3645 1967 3779 2024 Ses-

2206 2040 2286 2094 ta,
2319 2032 2500 2099 Nona,
2522 2035 2783 2107 Vespere,
2819 2045 2992 2099 noctis
3033 2049 3244 2116 medio,
3275 2068 3375 2123 per
3415 2056 3485 2127 (c)
3532 2032 3775 2118 ordinem

2204 2122 2517 2180 Psalterium
2543 2131 2847 2188 cantabant.
2896 2135 3005 2192 Nec
3036 2139 3230 2196 licebat
3253 2122 3501 2216 cuiquam
3526 2166 3772 2209 sororum

2203 2215 2446 2286 ignorare
2473 2218 2734 2287 Psalmos,
2763 2234 2817 2280 et
2844 2241 2948 2281 non
2978 2228 3045 2284 de
3069 2215 3580 2302 Scripturissanctis
3604 2245 3774 2312 quoti-

2200 2307 2284 2362 die
2310 2307 2509 2379 aliquid
2539 2311 2769 2369 discere.
2822 2317 2914 2372 Die
2941 2327 3144 2375 tantum
3172 2323 3450 2382 Dominico
3474 2330 3542 2383 ad
3569 2307 3771 2389 Eccle-

2198 2396 2328 2451 siatn
2358 2400 2732 2468 procedebant,
2763 2420 2828 2460 ex
2857 2407 2937 2476 (ά)
2966 2409 3118 2478 cujus
3145 2411 3456 2472 habitabant
3485 2419 3676 2476 latere.
3704 2422 3769 2478 Et

2199 2490 2611 2561 umtmquodque
2637 2509 2826 2564 agmen
2857 2509 3082 2566 matrem
3115 2506 3384 2574 propriam
3411 2508 3769 2579 sequebatur:

2196 2587 2354 2649 atque
2381 2581 2502 2637 inde
2529 2584 2726 2652 pariter
2748 2597 3098 2658 revertentes,
3131 2593 3404 2653 instabant
3420 2602 3570 2670 operi
3590 2604 3768 2668 distri-

2195 2671 2343 2740 buto,
2368 2684 2422 2730 et
2452 2677 2534 2730 vel
2563 2677 2685 2743 sibi,
2710 2680 2789 2734 vel
2820 2684 3033 2738 caeteris
3064 2686 3372 2745 indumenta
3400 2692 3680 2753 faciebant.
3707 2699 3764 2755 Si

2194 2779 2295 2833 qua
2326 2778 2442 2820 erat
2471 2769 2685 2837 nobilis,
2708 2787 2813 2826 non
2845 2776 3248 2842 permittebatur
3268 2782 3338 2839 de
3367 2785 3526 2843 domo
3545 2803 3642 2844 sua
3673 2791 3767 2846 ba-

2195 2853 2320 2911 bere
2343 2861 2592 2915 comitem
2616 2901 2630 2924 .
2659 2879 2726 2918 ne
2753 2875 2994 2922 veterum
3025 2881 3242 2926 actuum
3269 2889 3496 2945 memor,
3521 2890 3577 2936 et
3602 2882 3764 2940 lasci-

2192 2950 2385 3006 vientis
2415 2953 2650 3010 infantia:
2673 2972 2910 3014 errorem
2940 2960 3213 3020 refricaret
3239 2969 3535 3040 antiquum,
3565 2984 3623 3030 et
3649 2991 3766 3033 cre-

2190 3041 2286 3096 bra
2311 3043 2738 3102 confabulatione
2759 3061 3059 3107 renovaret.
3095 3053 3242 3110 Unus
3267 3061 3503 3117 omnium
3531 3063 3759 3122 habitus.

2189 3134 2523 3192 Linteamine
2555 3139 2619 3193 ad
2653 3141 2934 3210 tergendas
2961 3146 3133 3200 solum
3167 3165 3356 3206 manus
3387 3152 3686 3212 utebantur.
3716 3161 3764 3215 Δ

2191 3228 2318 3283 viris
2360 3239 2500 3284 tanta
2546 3234 2845 3301 separatio,
2875 3245 2931 3288 ut
2973 3251 3003 3290 a
3049 3240 3376 3307 Spadouibus
3416 3260 3627 3317 quoque
3669 3265 3761 3306 eas

2189 3320 2511 3392 sejungerct,
2540 3339 2607 3380 ne
2640 3324 2796 3380 ullam
2820 3325 2974 3382 daret
2997 3331 3336 3388 occasionem
3366 3335 3557 3406 linguae
3581 3340 3752 3398 male-

2189 3411 2341 3479 diem,
2362 3425 2710 3484 quasanctos
2728 3433 2949 3488 carpere
2967 3420 3123 3476 solita
3144 3433 3226 3478 est
3249 3425 3302 3480 in
3320 3427 3566 3485 solatium
3584 3431 3759 3490 deliu-

2249 3590 2321 3653 (a)
2355 3591 2816 3670 Yetustioryregina:
2852 3597 2942 3670 bis:
2973 3605 3070 3670 tres
3100 3601 3316 3670 vocatam
3352 3618 3448 3670 non
3469 3619 3712 3670 agnoscit
3737 3627 3754 3662 ;

2187 3658 2239 3731 et
2255 3666 2344 3731 pro
2363 3654 2742 3731 monasteriaque
2760 3671 2889 3729 unus
2911 3658 2963 3708 S.
2989 3660 3184 3731 maximi
3202 3703 3214 3724 ,
3243 3661 3376 3731 teste
3397 3654 3756 3731 Bolla'iidotbva;

2186 3713 2274 3783 bet
2292 3727 2378 3778 per
2397 3713 2687 3783 rnorursteria
2714 3731 2731 3767 :
2758 3719 2862 3783 ipse
2882 3713 3222 3773 monasterium
3240 3713 3645 3781 [nidoriﬁiiiié'rb'
3660 3713 3758 3783 .32.

2183 3773 2397 3847 luisSet;
2431 3778 2579 3847 ‘modo
2610 3782 2740 3828 enim
2778 3773 3104 3847 Hieronymus
3131 3773 3758 3847 dicturtnu—se—de-ovrdi-t‘ie

2183 3839 2474 3909 monasterii.
2503 3852 2597 3888 non
2620 3839 3031 3903 monasteriorum,
3059 3859 3394 3909 praposuerat.
3416 3839 3480 3901 Et
3500 3839 3756 3905 numerum

2183 3898 2381 3968 quidem
2404 3903 2546 3949 trium
2572 3909 2846 3968 turmarum
2881 3898 3112 3968 pet-quain
3147 3898 3757 3967 'vemsimile'estwab'al‘i'is

2187 3962 2514 4038 excogitatum
2539 3976 2601 4013 ex
2629 3977 2684 4013 ea
2697 3978 2819 4038 qua:
2836 3962 2958 4038 beic.
2969 3962 3066 4038 est,
3089 3969 3257 4038 nobilis
3275 4007 3288 4031 ,
3314 3973 3463 4025 medii
3480 3962 3754 4038 modo;

2184 4021 2290 4084 ﬁmi
2312 4021 2500 4101 generis
2517 4021 2805 4098 recensione
2833 4041 2847 4085 ;
2874 4029 3012 4101 facile
3039 4021 3165 4101 enim
3188 4036 3232 4101 in
3256 4021 3756 4101 gnrnjsga'ui'ﬁﬁcié-

2183 4096 2288 4156 res,
2309 4091 2394 4132 aut
2419 4085 2850 4161 plures...virgines
2874 4089 2979 4161 illas
3002 4093 3233 4161 tribuerit
3256 4094 3421 4161 Paula,
3448 4085 3543 4147 non
3565 4085 3754 4161 Ei’gé-

2183 4147 2319 4221 n'eris
2333 4155 2484 4221 sorte,
2506 4149 2592 4197 sed
2610 4149 2774 4198 habito
2788 4150 2845 4197 ad
2866 4158 3076 4221 aetatqn,
3091 4157 3264 4214 studia,
3283 4147 3509 4220 indidem,
3529 4147 3751 4221 virtui’es,

2184 4204 2373 4272 aliique
2409 4204 2672 4270 id’geuus,
2706 4218 2968 4271 respectu.-
2989 4204 3073 4262 De'
3091 4204 3755 4272 monasterioDan—tbtirmiuus

2182 4267 2375 4318 solliciti
2392 4267 2575 4346 sumus,
2592 4267 2804 4320 unumne
2818 4273 3094 4346 dicentium,
3116 4290 3173 4326 an
3195 4267 3752 4346 pl_ttra,quaudoquid‘em

2181 4337 2368 4407 eoirstat
2389 4331 2563 4404 eodem
2596 4345 2766 4407 omnes
2783 4341 2926 4407 septo
2949 4331 3098 4386 fuisse
3122 4331 3400 4407 conclusas:
3434 4331 3544 4407 quae
3573 4331 3750 4407 sapius

2184 4391 2237 4456 in
2255 4391 2675 4456 diehconvenirent
2700 4391 2992 4456 potissimum
3010 4402 3249 4450 canonicis
3269 4391 3401 4451 boris
3420 4391 3746 4456 decantandi;

2182 4450 2308 4522 illud
2329 4453 2644 4522 Quargsmius
2666 4450 2972 4522 P'eregrinat.
2997 4461 3044 4507 2.
3072 4473 3176 4522 cap.
3205 4464 3281 4511 tl.
3307 4476 3369 4511 ex
3387 4450 3750 4516 ruderibus—an;

2183 4513 2348 4584 liquis,
2375 4513 2874 4590 etnPaultehnomitie,
2914 4534 3012 4583 quo
3045 4513 3579 4590 insigniebatur,putat
3595 4513 3746 4578 me.

2180 4576 2672 4633 nisse,acdescribit.
2768 4591 2773 4596 ·
2862 4576 2869 4578 ’
2930 4576 2944 4583 ’
3089 4589 3091 4592 ‘

2243 4637 2333 4701 (b)
2353 4637 2503 4699 Epist.
2527 4639 2605 4701 38.
2630 4639 2688 4688 ad
2711 4639 2986 4691 Marcellam
3010 4657 3060 4693 η.
3082 4646 3129 4694 4.
3154 4646 3217 4696 de
3239 4646 3450 4698 Blzesilla
3475 4664 3488 4698 :
3515 4659 3648 4699 Nunc
3678 4651 3746 4701 att

2179 4698 2416 4768 orandum
2432 4700 2609 4774 festina
2632 4705 2892 4774 consurgit,
2917 4712 2960 4774 et
2978 4708 3162 4756 tinnula
3185 4722 3314 4774 race,
3335 4698 3525 4762 ueteris
3544 4698 3747 4763 Αιιέιυῶ

2179 4758 2481 4827 prtpripiens,
2506 4761 2639 4815 prior
2661 4758 2828 4827 incipit
2845 4758 3046 4816 laudare
3071 4758 3320 4818 Dominum
3341 4758 3496 4820 suum;

2243 4820 2313 4884 (c)
2349 4821 2466 4890 llaec
2493 4836 2678 4890 nempe
2717 4820 2821 4874 erat
2845 4831 3156 4890 (consuetudo
3180 4832 3227 4877 in
3252 4830 3435 4890 multis,
3461 4841 3513 4882 et
3535 4836 3744 4884 maxime

2180 4881 2372 4951 Egypti
2395 4881 2628 4951 Ecclesiis
2656 4899 2714 4951 ac
2744 4889 2950 4951 canibus
2973 4889 3311 4940 Monacborum
3335 4929 3348 4951 ,
3376 4881 3744 4948 ut'Psaltui—non

2180 4952 2233 4992 ut
2252 4944 2401 5014 β
2421 4944 2501 5014 ﬁt,_
2510 4945 2712 5014 alternis
2727 4949 2978 4998 versiculis
2995 4951 3056 5014 ab
3077 4954 3299 5001 omnibus
3315 4944 3474 5014 simul,
3495 4957 3582 5004 sed
3605 4970 3633 5006 a
3651 4944 3746 5005 Sin;

2178 5005 2309 5078 gulis
2343 5007 2518 5075 singuli
2555 5008 2970 5078 demittarentur;
2996 5012 3143 5078 idque
3168 5021 3245 5063 est
3264 5016 3394 5078 quod
3418 5005 3505 5078 per
3527 5005 3745 5078 ordinem

2177 5065 2465 5139 insultet-ium
2487 5081 2676 5139 canere,
2699 5071 2902 5139 Hieron.
2927 5065 3038 5122 h'eic
3059 5065 3208 5139 atque
3231 5065 3362 5135 alibi,
3392 5065 3492 5126 tum
3515 5065 3740 5139 aliiejus.

2181 5135 2232 5176 et
2254 5129 2496 5198 sequioris
2518 5130 2614 5198 aevi
2635 5132 2906 5198 Setjptores
2934 5129 3361 5198 vocantflnsiguis
3380 5139 3589 5188 Cassiani
3616 5129 3744 5187 locus

2180 5196 2257 5251 est
2281 5189 2363 5236 lib.
2383 5189 2428 5236 2.
2455 5202 2558 5251 cap.
2583 5191 2631 5238 5.
2663 5207 2685 5236 ε
2703 5189 3013 5248 Quotidianos
3035 5189 3302 5246 oraliouuin
3327 5201 3450 5248 ritus
3473 5199 3744 5249 volentibus

2177 5247 2432 5322 celebrare
2450 5288 2462 5307 ,
2488 5247 2613 5320 unus
2631 5247 2866 5322 mmedio
2889 5255 3097 5317 psalmos
3117 5268 3396 5309 cantaturus
3419 5247 3636 5322 sigurgit,
3657 5247 3742 5310 se-

2177 5310 2403 5384 dentibus
2423 5313 2608 5384 cunctis
2626 5312 2870 5384 (utmoris
2889 5310 2964 5366 est
2987 5332 3114 5384 nunc
3137 5333 3331 5384 quoque
3354 5324 3401 5369 iu
3427 5310 3744 5384 Egy‘pti'par-

2177 5371 2327 5432 tibus)
2353 5378 2402 5418 et
2423 5373 2468 5419 in
2495 5372 2742 5431 psallentis
2763 5378 2912 5426 verba
2928 5380 3053 5426 omni
3078 5371 3235 5428 cor'dis
3251 5371 3540 5431 intentioni;
3550 5371 3677 5432 deti):
3687 5383 3739 5432 is.

2176 5430 2238 5479 Et
2262 5430 2314 5478 c.’
2331 5431 2407 5501 20.
2431 5430 2634 5481 Tantum
2660 5450 2685 5482 a
2711 5441 2894 5501 cunctis
2925 5440 3170 5488 silentium
3196 5441 3459 5501 prtebetur,
3486 5430 3541 5492 ut
3558 5430 3669 5493 cum
3695 5430 3742 5493 in

2176 5505 2318 5566 unum
2353 5500 2453 5564 tam.
2478 5507 2733 5546 numerosa
2768 5497 2966 5566 fratrum
2989 5497 3242 5566 multitudo
3266 5497 3539 5566 conveniat,
3566 5512 3742 5566 prater

2177 5553 2309 5625 illum
2326 5588 2338 5609 ,
2374 5555 2456 5614 qui
2481 5569 2783 5625 consurgens
2813 5560 3046 5625 psalmum
3064 5564 3290 5625 decantat
3313 5565 3358 5611 in
3384 5553 3743 5625 medidinullus

2175 5615 2426 5676 hominum
2447 5628 2644 5674 prorsus
2662 5615 2839 5669 adesse
2861 5623 3100 5672 credatur.
3125 5639 3146 5671 ι
3173 5623 3283 5673 Vid.
3309 5625 3419 5674 infr.
3447 5639 3495 5674 n.
3520 5615 3600 5676 59.
3624 5635 3674 5676 et
3699 5629 3743 5676 in

2177 5675 2320 5739 epist.
2354 5674 2456 5739 L25.
2481 5677 2542 5739 ad
2564 5677 2830 5729 Rusticum.

2242 5735 2318 5810 (tl)
2353 5735 2464 5810 lit-at
2489 5738 2555 5810 ad
2585 5740 2787 5810 {antrum
2819 5743 3094 5794 Nativitatis
3116 5745 3312 5809 Christi,
3339 5759 3482 5810 quam
3507 5749 3741 5800 Constan-

2176 5798 2319 5856 tinus,
2341 5805 2487 5860 alque
2513 5799 2701 5849 Helena
2722 5814 3076 5856 exstruxerant.
