4088 6336
414 425 629 498 quendi.
679 424 738 482 Si
833 422 991 496 713
1029 491 1032 495 λ
1089 434 1194 491 qua
1238 415 1322 474 vel
1371 417 1571 474 t‘ardior
1619 417 1863 474 veniebat
1909 416 1974 470 ad

409 517 674 581 ‘Psalmos,
704 515 788 572 vel
815 523 931 570 erat
958 515 1011 567 in
1035 526 1198 582 opere
1227 511 1444 580 pigrior,
1476 510 1636 564 variis
1667 523 1783 563 eam
1811 506 1982 560 modis

416 609 831 681 aggrediebatur.
862 606 919 660 Si
938 614 1052 659 erat
1072 601 1344 665 iracunda,
1365 601 1656 666 blanditiis,
1681 599 1724 654 si
1756 598 1982 668 patiens,

402 699 784 769 correptione;
818 694 951 750 illud
996 693 1239 763 Apostoli
1274 693 1526 746 imitans:
1553 689 1688 757 Quid
1732 689 1880 742 vultis
1919 685 1985 740 In

416 793 557 862 virga
583 791 776 843 veniam
799 788 866 841 ad
896 786 1018 852 vos,
1047 803 1113 839 an
1138 785 1189 839 in
1217 784 1397 853 spiritu
1423 783 1648 837 lenitatis
1675 791 1721 834 et
1752 796 1986 833 ntatisue-

419 880 641 934 tudinis?
689 879 924 947 Excepto
973 876 1114 931 victu
1165 884 1219 930 et
1261 875 1493 940 vestitu,
1540 873 1738 927 nullam
1789 871 1986 925 habere

417 971 699 1042 quidquam
724 970 1035 1040 patiebatur,
1061 968 1274 1022 dicente
1299 967 1460 1021 Paulo
1484 983 1497 1018 :
1526 965 1779 1018 Habentes
1801 966 1986 1022 victum

418 1072 464 1116 et
489 1050 734 1126 vestitum,
765 1060 842 1114 his
877 1059 1093 1113 contenti
1132 1074 1308 1110 sumus
1347 1056 1422 1125 (l.
1455 1053 1674 1108 Timoth.
1705 1053 1758 1108 6.
1787 1053 1876 1122 8);
1907 1051 1982 1125 (tt)

419 1170 486 1209 ne
510 1152 892 1208 consuetudine
921 1150 1038 1220 plus
1070 1149 1336 1214 habendi,
1360 1148 1626 1218 prmbcret
1656 1146 1833 1200 locum
1863 1159 1987 1198 ava-

419 1246 573 1309 ritiae,
599 1258 716 1312 quae
746 1242 904 1296 uultis
931 1241 1179 1309 expletur
1201 1239 1391 1310 Opibus
1421 1255 1434 1292 :
1465 1247 1518 1292 et
1541 1247 1740 1306 quanto
1759 1235 1987 1305 amplius

409 1334 681 1399 habuerit,
710 1333 825 1403 plus
852 1333 1101 1402 requirit;
1128 1340 1381 1414 et_neque
1408 1331 1580 1398 copia,
1611 1343 1782 1398 neque
1808 1325 1986 1394 inopia

420 1425 694 1480 minuitur.
725 1423 1011 1493 Jurgantcs
1041 1422 1179 1476 inter
1207 1435 1286 1486 se,
1315 1433 1561 1474 sermone
1591 1418 1862 1472 lenissimo
1891 1415 1991 1470 fm-

420 1518 659 1572 derabat.
681 1516 1065 1570 Lascivientem
1088 1511 1604 1568 adolescentularum
1630 1523 1845 1563 carnem
1872 1522 1990 1562 cre-

411 1609 529 1663 bris
555 1617 602 1662 et
635 1607 918 1675 duplicatis
945 1604 1224 1675 frangebat
1245 1603 1464 1674 jejuuiis
1484 1643 1499 1668 ,
1525 1601 1732 1655 malens
1763 1599 1842 1653 eis
1871 1606 1987 1653 sto-

421 1698 665 1752 machum
693 1697 871 1756 dolere
889 1735 906 1762 ,
934 1710 1092 1765 quam
1121 1702 1376 1749 mentem.
1422 1692 1478 1748 Si
1505 1691 1722 1746 vidisset
1749 1689 1984 1759 aliquam

411 1794 768 1860 comptiorem
792 1830 806 1854 ,
831 1787 1202 1844 contractione
1232 1784 1422 1840 frontis
1444 1826 1458 1850 ,
1485 1791 1540 1838 et
1568 1783 1744 1836 vultus
1777 1779 1988 1835 tristitia

423 1882 673 1952 arguebat
713 1891 978 1936 errantem
1001 1921 1016 1945 ,
1043 1879 1227 1933 dicens
1260 1895 1274 1932 :
1308 1875 1618 1931 Munditiam
1648 1872 1887 1943 corporis
1912 1881 1992 1926 at-

423 1991 524 2040 que
543 1973 786 2037 vestitus,
812 1972 1002 2026 anima:
1022 1983 1141 2025 esse
1163 1967 1569 2022 immunditiam.
1599 1965 1668 2020 Et
1693 1974 1848 2034 turpe
1871 1979 1993 2018 ver-

424 2061 546 2116 bum
577 2071 734 2131 atque
765 2061 1017 2114 lascivum
1041 2100 1054 2125 ,
1086 2073 1356 2127 nunquam
1385 2056 1452 2110 de
1479 2070 1573 2110 ore
1600 2054 1838 2123 virgineo
1864 2067 1989 2122 pro-

425 2152 736 2206 ferendum:
765 2151 954 2220 quibus
982 2149 1147 2218 signis
1197 2147 1510 2201 libidinosus
1555 2145 1763 2198 animus
1805 2151 1990 2198 osten-

422 2243 600 2297 ditur:
625 2255 676 2298 et
699 2258 791 2312 per
811 2241 1131 2296 exteriorem
1153 2239 1448 2303 hominem,
1473 2237 1740 2290 interioris
1762 2233 1992 2288 hominis

424 2334 555 2386 vitia
587 2333 1039 2387 demonstrantur.
1069 2329 1236 2395 Quam
1267 2327 1584 2396 linguosam,
1616 2323 1900 2394 garrulam,
1933 2337 1995 2376 ac

423 2438 727 2492 procacem,
759 2421 838 2491 (l)
870 2421 1102 2486 rixiSque
1131 2425 1478 2487 perspexerat
1501 2415 1774 2480 delectari,
1805 2423 1860 2468 et
1887 2429 1988 2468 sa:-

429 2516 546 2582 pius
589 2511 966 2567 commonitam
1012 2509 1156 2563 nolle
1203 2507 1471 2569 converti,
1503 2505 1642 2560 inter
1684 2505 1896 2558 ultimas
1943 2514 1996 2558 et

420 2613 578 2659 extra
622 2610 938 2656 conventum
990 2614 1254 2661 sororum,
1281 2598 1345 2652 ad
1393 2596 1536 2650 fores
1587 2595 1798 2651 triclinii
1842 2608 1996 2648 orare

428 2693 675 2755 faciebat,
701 2701 753 2746 et
776 2690 1059 2759 separatim
1091 2689 1264 2743 cibum
1292 2703 1482 2757 capere
1511 2705 1522 2739 :
1548 2695 1606 2740 ut
1636 2702 1792 2756 quam
1819 2685 1997 2755 objur-

428 2782 568 2850 gatio
586 2795 690 2835 non
712 2789 1037 2844 correxerat,
1061 2777 1367 2831 emendaret
1390 2775 1577 2846 pudor.
1602 2774 1820 2830 Furtum
1845 2775 1994 2844 quasi

428 2871 764 2941 sacrilegium
787 2868 1167 2923 detestabatur.
1196 2868 1262 2921 Et
1289 2865 1426 2936 quod
1457 2867 1593 2920 inter
1620 2865 1799 2920 smculi
1828 2864 1996 2918 homi-

427 2977 526 3016 nes
546 3003 559 3026 ,
591 2961 672 3014 vel
716 2959 831 3014 leve
877 2968 1106 3028 putatur,
1139 2957 1220 3012 vel
1250 2958 1412 3024 nihil,
1444 2958 1542 3012 boc
1574 2957 1624 3010 in
1654 2956 1994 3010 monasteriis

429 3052 796 3123 gravissimum
836 3049 1046 3105 dicebat
1075 3064 1192 3104 esse
1217 3048 1487 3103 delictum.
1536 3047 1674 3116 Quid
1701 3062 1997 3102 memorem

431 3144 764 3199 clementiam
790 3151 844 3196 et
869 3141 1201 3195 sedulitatem
1229 3141 1280 3194 in
1308 3149 1630 3210 aegrotantes
1654 3181 1667 3204 ,
1692 3156 1821 3210 quas
1850 3140 1999 3194 miris

432 3235 736 3306 obsequiis,
763 3242 817 3288 et
863 3231 1172 3287 ministeriis
1220 3231 1570 3287 confovebat?
1598 3232 1836 3302 Cumque
1881 3233 2000 3286 aliis

434 3324 822 3394 languentibus,
855 3323 997 3392 large
1023 3322 1285 3393 praeberet
1313 3324 1512 3386 omnia,
1541 3332 1596 3376 et
1619 3337 2001 3392 esumquoque

430 3415 708 3468 exhiberet
749 3413 1023 3478 carnium;
1069 3416 1112 3466 si
1143 3413 1356 3482 quando
1386 3415 1496 3483 ipsa
1525 3423 1867 3483 argrotassct,
1901 3413 2000 3467 sibi

439 3521 540 3560 non
585 3505 925 3575 indulgebat,
965 3515 1018 3559 et
1043 3505 1094 3558 in
1121 3519 1186 3559 eo
1213 3505 1489 3574 iumqualis
1517 3505 1793 3560 videbatur
1817 3547 1832 3570 ,
1862 3506 2001 3575 qucd

439 3597 490 3650 iu
520 3595 639 3650 aliis
663 3596 1023 3662 clementiam,
1052 3595 1105 3648 in
1136 3609 1194 3648 se
1219 3594 1463 3648 duritiam
1490 3595 1870 3649 commutabat.

505 3685 596 3742 ‘20.
637 3685 788 3740 Nulla
815 3685 1072 3756 juvenum
1104 3683 1396 3754 puellarum
1429 3699 1558 3738 sano
1588 3695 1638 3740 et
1669 3697 1856 3755 vegeto
1883 3702 2004 3741 cor-

439 3791 601 3846 pore,
635 3784 796 3831 tanta:
845 3792 902 3831 se
947 3775 1170 3830 dederat
1215 3777 1594 3838 continentiae,
1639 3787 1849 3847 quanta:
1896 3780 2004 3846 ipsa

441 3872 604 3926 fracto
632 3880 684 3924 et
711 3869 864 3924 senili
888 3867 1271 3938 debilitatoque
1313 3868 1647 3937 corpusculo.
1694 3868 1919 3934 Fateor,
1954 3871 2004 3923 in

442 3962 540 4018 hac
562 3977 619 4018 re
645 3961 960 4030 pertinacior
988 3960 1104 4026 fuit,
1137 3969 1200 4014 ut
1226 3959 1326 4014 sibi
1353 3975 1456 4014 non
1487 3969 1746 4029 parceret,
1821 3961 1984 4034 714

442 4062 497 4107 et
525 4053 651 4108 nulli
676 4053 888 4108 cederet
931 4051 1256 4106 admonenti.
1294 4051 1541 4106 Referam
1583 4051 1720 4121 quod
1761 4065 2009 4120 apertus

443 4164 580 4204 sum.
605 4149 784 4204 Mense
812 4147 952 4202 Julio
974 4145 1377 4200 ferventissimis
1399 4145 1614 4200 testibus
1643 4145 1824 4200 incidit
1850 4147 1900 4199 in
1928 4162 2010 4200 ar-

443 4239 626 4293 dorem
655 4237 836 4302 febris,
863 4244 916 4291 et
944 4244 1061 4305 post
1088 4234 1515 4304 desperationem
1535 4276 1550 4299 ,
1579 4249 1699 4288 cum
1735 4235 1823 4289 Dei
1852 4236 2012 4290 mise-

444 4329 667 4383 ricordia
704 4327 1055 4396 respirasset,
1086 4334 1141 4380 et
1179 4323 1371 4380 medici
1414 4324 1799 4393 persuaderent
1825 4325 1894 4378 ob
1921 4341 2009 4380 re.

444 4418 726 4472 fectionem
751 4415 988 4486 corporis
1015 4414 1139 4470 vino
1169 4429 1300 4486 Opus
1325 4429 1444 4468 esse
1472 4415 1611 4469 tenui
1638 4422 1692 4470 et
1720 4429 1878 4484 parco
1900 4456 1914 4480 ,
1946 4431 2013 4470 ne

445 4523 634 4578 aquam
665 4509 849 4563 bibens
875 4509 927 4560 in
959 4506 1253 4577 hydropem
1285 4515 1617 4570 verteretur;
1646 4515 1698 4560 et
1735 4520 1833 4576 ego
1873 4507 2009 4560 clam

448 4599 659 4653 beatum
689 4599 882 4665 Papam
910 4597 1262 4666 Epiphaniam
1293 4611 1536 4666 rogarem
1557 4637 1572 4661 ,
1606 4605 1662 4651 ut
1685 4611 1802 4651 eam
1827 4612 2013 4651 moue-

449 4696 568 4751 ret,
617 4687 723 4739 imo
763 4686 1105 4752 compelleret
1159 4683 1341 4736 vinum
1402 4685 1620 4749 bibere,
1667 4686 1755 4739 illa
1800 4695 1857 4739 ut
1901 4695 2017 4742 erat

451 4776 686 4846 prudens
714 4785 766 4831 et
793 4775 1002 4830 solertis
1032 4774 1249 4843 ingenii,
1277 4775 1454 4827 statim
1485 4776 1653 4829 sensit
1682 4777 1927 4842 insidias;
1960 4786 2013 4832 et

450 4867 752 4931 subridens,
781 4881 954 4921 meum
995 4878 1116 4919 esse
1161 4863 1302 4932 quod
1350 4864 1440 4918 ille
1477 4864 1695 4928 diceret,
1732 4867 2012 4921 intimavit.

448 4956 586 5023 Quid
630 4957 817 5026 plura?
845 4971 964 5010 cum
1003 4955 1188 5010 beatus
1234 4953 1474 5019 Pontifex
1509 4963 1626 5022 post
1650 4956 1811 5009 multa
1840 4956 2017 5012 horta-

451 5061 626 5106 menta
654 5051 849 5104 exisset
874 5049 1017 5103 foras
1036 5090 1049 5114 ,
1076 5047 1333 5118 quaerenti
1365 5046 1492 5101 mihi
1521 5046 1644 5116 quid
1672 5047 1899 5117 egisset,
1927 5065 2018 5104 re-

453 5142 666 5212 spondit
694 5159 706 5195 :
735 5140 960 5196 Tantum
990 5139 1223 5208 profeci,
1253 5147 1312 5194 ut
1339 5139 1454 5194 seni
1487 5138 1686 5194 homini
1724 5154 1862 5208 perte
1897 5155 2018 5208 per-

454 5232 700 5298 suaserit,
727 5245 794 5286 ne
837 5229 1017 5284 vinum
1065 5227 1263 5284 bibam.
1314 5228 1440 5284 limo
1487 5227 1695 5295 refero,
1728 5243 1833 5282 non
1878 5226 2018 5298 quod

517 5405 757 5472 (a)_§libi
792 5401 1172 5472 ne_consue_t_udo
1203 5404 1252 5452 in
1285 5411 1438 5455 recto.
1461 5405 1724 5472 Sallustius
1747 5405 2019 5472 in_C_atili_na

456 5463 668 5536 cap.'XI.
695 5479 844 5536 quem
867 5465 1022 5536 lucum
1041 5463 1366 5536 gierongmus
1387 5470 1618 5517 exscribit
1636 5467 1886 5536 ,_.waritia
1903 5502 1938 5536 η
1954 5468 2022 5516 in-

455 5525 576 5595 quit,
605 5525 790 5595 ξεηψεν
823 5525 1031 5595 ίέτῦῖιίιᾼιτ
1063 5525 1366 5595 “subtilis.
1385 5540 1539 5595 μείνω
1561 5528 1718 5595 seria.
1744 5527 2021 5595 nequem-

453 5585 535 5651 ῥία
557 5585 804 5655 minuitur.
837 5585 946 5655 Vidn.
971 5585 1224 5655 Theophili
1261 5585 1544 5655 Paschalem
1577 5589 1664 5638 III.
1691 5585 1826 5640 num:
1866 5591 1941 5640 15.
1970 5597 2023 5641 et.

457 5647 706 5714 epistolam
727 5651 804 5702 55.
826 5649 883 5714 ad
906 5647 1159 5696 Paulinum
1184 5661 1314 5697 num.
1340 5649 1413 5714 l0.

523 5713 587 5782 (1)
609 5714 826 5773 Atticum
840 5709 983 5766 Grav.
1005 5717 1289 5773 praeportant
1303 5708 1424 5772 risu,
1443 5711 1514 5761 sic
1530 5710 1650 5771 risu,
1664 5710 1897 5772 rarisque.
1920 5718 2013 5762 etc.

1767 298 2105 363 EPISTULA
2145 299 2331 360 CVM.

3473 277 3490 291 ’
3547 308 3651 374 sas

2092 415 2568 482 inci'nlsidet‘anter,
2588 428 2642 472 et
2665 419 2798 474 ultra
2822 421 2960 478 vires
2984 431 3193 495 sumpta
3215 439 3376 482 onera
3401 427 3646 496 probem,

2087 519 2340 562 mouente
2381 507 2650 576 Scriptura
2691 527 2704 561 :
2736 511 2902 580 Super
2931 525 2977 568 te
3001 531 3130 570 onus
3155 533 3218 570 ne
3246 517 3516 585 levaveris;
3555 520 3649 574 sed

2088 598 2230 667 quod
2260 597 2450 653 mentis
2479 598 2594 668 ejus
2622 598 2889 666 ardorem,
2911 613 2965 658 et
2989 604 3306 662 desiderium
3336 608 3505 664 fidelis
3530 611 3645 665 aui-

2089 704 2213 758 mt'e,
2243 705 2307 745 ex
2353 690 2452 746 hac
2491 706 2702 761 quoque
2744 694 2968 759 probare
3008 698 3164 752 velim
3215 704 3646 770 perseverantia,

2088 783 2418 838 decantantis
2443 800 2456 837 :
2483 784 2649 838 Sitivit
2673 784 2844 836 anima
2868 801 2976 839 mea
2997 788 3050 840 in
3083 798 3147 853 te,
3169 807 3318 858 quant
3349 794 3648 861 multiplici-

2091 881 2165 926 ter
2193 873 2280 926 tibi
2309 889 2426 926 caro
2455 888 2565 927 mea
2593 871 2777 944 (Psat.
2807 871 2895 927 6'2.
2927 873 3018 945 2).
3054 876 3271 934 Dilticile
3312 889 3393 934 est
3436 884 3648 938 modum

2092 970 2273 1018 tenere
2320 963 2373 1017 in
2417 962 2682 1017 omnibus.
2733 963 2800 1017 Et
2843 978 2967 1017 vere
3007 964 3154 1033 juxta
3206 967 3652 1042 Philosophorum

2091 1053 2430 1118 sententiam,
2459 1061 2656 1119 μεσότης
2685 1061 2714 1114 ἠ
2741 1056 2886 1124 ἀριτή
2908 1095 2922 1121 ,
2953 1061 3192 1127 ὑπερβολὴ
3219 1071 3362 1114 κακία
3386 1063 3462 1133 (b)
3494 1079 3653 1133 repu‘

2092 1150 2272 1196 tantur
2297 1163 2310 1196 :
2335 1142 2484 1210 Quod
2514 1159 2610 1198 uos
2636 1159 2736 1198 una
2764 1153 2818 1200 et
2845 1144 2991 1200 brevi
3017 1151 3329 1206 sententiola
3356 1156 3653 1222 exprimere

2091 1245 2372 1300 possumus
2397 1251 2408 1286 :
2435 1231 2518 1285 Ne
2539 1233 2662 1302 quid
2688 1235 2838 1289 nimis
2866 1235 3090 1303 (Terent.
3114 1239 3249 1292 And.
3283 1240 3394 1294 Act.
3424 1242 3496 1315 i).
3525 1245 3656 1311 Qua:

2093 1321 2144 1375 in
2171 1331 2477 1391 contemptu
2506 1325 2746 1378 ciborum
2779 1333 2979 1380 tantam
3008 1326 3234 1384 habebat
3263 1333 3606 1400 pertinaciam
3635 1354 3647 1389 :

2092 1414 2145 1470 in
2172 1413 2313 1470 luctu
2340 1415 2482 1468 mitis
2511 1425 2648 1481 erat,
2679 1425 2732 1470 et
2757 1432 2974 1472 suorum
3006 1421 3266 1475 mortibus
3295 1421 3652 1491 frangebatur,

2091 1505 2321 1560 maxime
2350 1505 2658 1561 liberorum.
2681 1507 2812 1562 Nam
2837 1517 2891 1564 et
2918 1509 2971 1563 in
2999 1510 3098 1565 viri
3120 1519 3175 1566 et
3200 1513 3429 1568 filiarum
3449 1513 3656 1570 dormi-

2093 1597 2237 1652 tione
2261 1610 2474 1665 semper
2503 1598 2791 1666 periclitata
2821 1608 2924 1654 est.
2956 1601 3020 1654 Et
3049 1616 3168 1656 cum
3201 1618 3263 1658 os
3296 1607 3659 1661 stomachum-

2093 1702 2196 1758 que
2224 1688 2477 1757 signaret,
2506 1698 2560 1742 et
2589 1691 2770 1744 matris
2799 1689 2925 1760 (Ms.
2954 1691 3194 1765 metricis]
3223 1694 3462 1750 dulnrem
3488 1698 3662 1755 crucis

2093 1779 2352 1834 niteretur
2378 1780 2728 1850 impressione
2757 1781 2956 1846 lenire;
2985 1785 3333 1851 superabatur
3361 1787 3577 1856 affectu,
3606 1800 3665 1846 et

2092 1869 2360 1926 credulam
2390 1880 2622 1926 mentem
2643 1872 2925 1941 ,sparentis
2967 1874 3167 1930 viscera
3211 1879 3660 1947 consternabant,

2093 1961 2377 2028 animoque
2424 1961 2665 2028 vincens,
2700 1962 2982 2030 fragilitate
3025 1967 3267 2034 corporis
3309 1969 3656 2026 vincebatur:

2094 2066 2250 2121 quam
2280 2051 2446 2106 semel
2475 2052 2696 2120 languor
2721 2053 3002 2121 arripiens,
3038 2054 3196 2125 longo
3224 2065 3464 2127 tempore
3491 2063 3660 2130 possi-

2095 2143 2282 2224 debat;
2311 2151 2368 2198 ut
2393 2154 2444 2198 et
2472 2144 2624 2198 nobis
2654 2143 3097 2213 inquietudinem,
3123 2157 3176 2202 et
3213 2149 3314 2204 sibi
3473 2153 3664 2207 discri-

2095 2248 2216 2288 men
2263 2233 2494 2288 afferret.
2537 2233 2590 2286 ln
2639 2249 2743 2302 quo
2785 2233 2874 2288 illa
2919 2235 3352 2308 laetabatur,vper
3400 2253 3664 2297 momenta

2096 2339 2521 2380 commemorans
2555 2342 2570 2384 :
2604 2324 2760 2379 Miser
2787 2343 2878 2396 ego
2906 2326 3076 2393 homo,
3104 2330 3216 2395 quis
3245 2347 3322 2383 me
3350 2332 3580 2387 liberabit
3605 2336 3669 2388 de

2098 2433 2308 2486 corpore
2353 2418 2530 2472 mortis
2573 2418 2726 2487 hujus
2771 2420 2788 2479 (
2803 2419 2952 2474 Itoni.
2977 2421 3029 2474 7.
3061 2421 3190 2492 24)?
3237 2423 3387 2478 Dicat
3435 2426 3666 2494 prudens

2100 2507 2302 2572 lector,
2349 2523 2444 2576 pro
2493 2508 2735 2562 laudibus
2782 2525 2868 2564 me
2915 2511 3358 2580 vituperationem
3409 2516 3664 2572 scribere.

2098 2597 2288 2653 Testor
2310 2597 2508 2663 Jesmn,
2537 2601 2620 2654 cui
2652 2599 2738 2653 illa
2766 2601 3021 2666 servivit,
3054 2610 3108 2656 et
3135 2617 3234 2673 ego
3260 2605 3461 2659 servire
3485 2607 3661 2675 cupio,

2098 2705 2184 2744 tne
2209 2697 2483 2759 utramque
2513 2691 2563 2744 in
2595 2699 2794 2758 partem
2821 2691 2948 2746 nihil
2977 2693 3196 2762 fingere,
3217 2695 3307 2749 Sed
3331 2697 3478 2765 quasi
3505 2697 3663 2752 Chri-

2100 2780 2325 2836 stianum
2371 2781 2438 2836 de
2532 2783 2692 2855 715
2787 2783 3121 2852 Christiana,
3167 2803 3284 2856 quae
3329 2798 3453 2843 sunt
3499 2800 3622 2845 vera
3650 2833 3666 2858 ,

2102 2869 2339 2940 proferre
2360 2913 2375 2934 ,
2413 2871 2461 2926 id
2491 2883 2604 2937 est,
2638 2871 2912 2927 historiam
2943 2875 3216 2941 scribere,
3249 2892 3352 2931 non
3385 2881 3668 2950 panegyri-

2099 2977 2219 3017 cum
2241 3001 2258 3029 ,
2285 2972 2338 3016 ct
2369 2963 2508 3018 illius
2535 2963 2660 3018 vitia
2683 3004 2698 3029 ,
2729 2963 2953 3018 aliorum
2985 2980 3105 3020 esse
3131 2968 3375 3022 virtutes.
3409 2969 3543 3025 Vitia
3585 2971 3670 3025 lo-

2101 3069 2254 3125 quor,
2283 3055 2570 3110 secundum
2597 3057 2830 3112 animum
2859 3071 3056 3120 meum,
3081 3067 3135 3113 et
3164 3061 3398 3114 omnium
3425 3076 3668 3118 sororum

2102 3159 2164 3198 ac
2193 3145 2409 3200 fratrum
2439 3146 2785 3213 desiderium,
2809 3149 2902 3218 qui
2933 3147 3077 3204 illam
3099 3148 3387 3220 diligimus,
3411 3163 3462 3208 et
3479 3153 3672 3210 absen-

2105 3243 2207 3288 tem
2236 3237 2541 3304 quau-imus.
3388 3254 3393 3264 '

2173 3326 2261 3382 21.
2303 3328 2564 3384 Caeterum
2608 3329 2694 3383 illa
2735 3330 2974 3399 implevit
3010 3346 3225 3388 cursum
3265 3348 3453 3401 suum,
3483 3336 3673 3393 fidem-

2105 3432 2210 3487 que
2234 3420 2490 3484 servavit,
2510 3427 2564 3474 et
2583 3436 2722 3476 nunc
2750 3420 2941 3478 fruitur
2966 3438 3162 3478 corona
3188 3424 3410 3493 iustitia:
3439 3426 3514 3496 (2.
3542 3427 3673 3484 Tim.

2105 3508 2160 3561 4.
2191 3509 2243 3577 7)
2271 3528 2284 3562 :
2308 3511 2651 3580 sequiturque
2679 3513 2886 3582 Aguum
2933 3528 3270 3585 quocumque
3316 3518 3460 3572 vadit
3490 3517 3672 3588 (Apoc.

2108 3597 2218 3666 Η).
2255 3597 2555 3662 Saturatur,
2583 3601 2701 3668 quia
2723 3603 2965 3666 esurivit,
2999 3614 3053 3658 et
3081 3605 3199 3657 lteta
3223 3603 3476 3659 decantat
3494 3607 3674 3661 :Sieut

2108 3686 2412 3754 audivimus,
2443 3690 2515 3740 ita
2545 3698 2590 3741 et
2617 3689 2852 3753 uidimus,
2873 3691 2923 3743 in
2955 3691 3152 3746 civitate
3179 3691 3384 3747 Domini
3415 3698 3674 3764 virtutum,

2107 3774 2162 3829 in
2190 3778 2386 3830 civitate
2419 3777 2508 3831 Dei
2536 3780 2695 3832 nostri
2739 3779 2911 3849 (l’sal.
2957 3782 3044 3834 d7.
3092 3781 3170 3851 9;.
3219 3783 3263 3836 Ο
3305 3784 3453 3838 beata
3503 3803 3678 3842 rerum

2109 3869 2452 3921 commutatio
2477 3885 2490 3920 :
2517 3869 2679 3932 licvit,
2701 3879 2755 3922 ut
2777 3885 2990 3938 semper
3012 3870 3233 3926 rideret.
3258 3874 3506 3944 Despein
3533 3875 3680 3931 lacus

2112 3957 2368 4012 contritos
2389 3998 2403 4020 ,
2434 3967 2494 4018 ut
2522 3957 2720 4013 fontem
2753 3959 3034 4014 Dominum
3065 3962 3345 4030 reperiret.
3376 3963 3576 4019 Vestita
3603 3968 3682 4020 ci-

2112 4048 2236 4104 licio
2260 4057 2362 4115 est,
2392 4057 2449 4102 ut
2475 4064 2614 4102 nunc
2642 4049 2780 4103 albis
2804 4051 3136 4106 vestimentis
3167 4062 3426 4118 uteretur,
3461 4064 3513 4107 et
3537 4054 3685 4109 dice-

2112 4148 2196 4194 ret
2223 4157 2236 4193 :
2266 4140 2476 4196 Scidiin
2495 4157 2697 4195 saccum
2719 4158 2904 4207 meum,
2924 4152 2969 4196 et
2991 4143 3201 4198 induisti
3220 4160 3298 4198 me
3318 4145 3494 4200 laetitia
3516 4144 3686 4213 (Psal.

2113 4229 2204 4286 29.
2233 4231 2344 4300 12).
2375 4232 2619 4286 Cinerem
2645 4233 2782 4288 sicut
2812 4248 3000 4303 panem
3033 4235 3409 4302 manducabat,
3439 4245 3492 4291 et
3523 4239 3690 4304 potie-

2117 4337 2235 4376 nem
2254 4337 2401 4376 suam
2427 4338 2544 4376 cum
2568 4322 2694 4377 ﬂetu
2719 4322 3166 4394 miscebatU’sat.
3193 4325 3314 4380 lOl.
3341 4327 3452 4396 10),
3477 4327 3688 4381 dicens:

2116 4409 2344 4466 Fuerunt
2376 4414 2498 4466 mihi
2525 4413 2764 4484 lacrymaz
2791 4430 2918 4468 mea:
2947 4431 3102 4484 panes
3129 4417 3210 4469 die
3238 4432 3298 4469 ac
3328 4426 3471 4470 nocte
3499 4419 3516 4486 (
3543 4415 3666 4469 Psul

2116 4505 2204 4559 41.
2233 4505 2299 4573 4)
2326 4547 2339 4570 ,
2386 4513 2441 4558 ut
2472 4506 2520 4558 in
2554 4515 2810 4558 internum
2847 4520 2980 4573 pane
3009 4507 3334 4573 Angelorum
3374 4515 3682 4560 vcsccrctur

2117 4607 2171 4652 et
2198 4605 2414 4650 caneret
2437 4613 2451 4647 :
2480 4596 2688 4649 Gustate
2712 4605 2758 4648 et
2783 4596 2946 4649 videte
2967 4637 2982 4661 ,
3005 4599 3246 4666 quoniam
3285 4597 3455 4650 suavis
3481 4605 3553 4651 est
3584 4597 3694 4650 Do-

2119 4689 2284 4741 minus
2314 4686 2481 4757 (Psal.
2505 4689 2591 4742 55.
2624 4686 2702 4754 9).
2738 4685 2822 4749 Et,
2859 4683 3118 4740 Eructavit
3157 4702 3243 4741 eor
3283 4705 3449 4743 meum
3492 4679 3692 4746 verbum

2119 4777 2478 4832 bonum:dico
2521 4796 2612 4847 ego
2651 4793 2808 4846 opera
2853 4794 2963 4831 mea
3002 4778 3128 4851 Regi
3154 4779 3338 4851 (Psal.
3381 4785 3469 4840 44.
3521 4787 3593 4856 i).
3627 4788 3690 4842 Et

2122 4867 2268 4920 Isaia:
2291 4908 2305 4930 ,
2337 4866 2442 4918 imo
2476 4865 2683 4918 Domini
2715 4882 2809 4934 per
2832 4865 3019 4921 Isaiam
3062 4869 3112 4923 in
3155 4885 3213 4925 se
3253 4886 3497 4929 cerneret
3525 4877 3684 4932 verba

2122 4958 2397 5025 compleri.
2447 4955 2579 5010 Ecce
2607 4958 2693 5026 qui
2721 4959 2941 5011 serviunt
2969 4961 3093 5014 milii
3113 5002 3129 5027 ,
3160 4965 3568 5033 manducabunt,
3601 4984 3687 5023 vos

2123 5059 2287 5100 autem
2317 5047 2557 5101 esurietis.
2585 5045 2716 5100 Ecce
2744 5049 2828 5117 qui
2850 5050 3068 5104 sentiunt
3089 5052 3232 5121 mihi,
3262 5055 3443 5124 bibent,
3468 5071 3572 5124 vos,
3597 5075 3690 5111 au-

2187 5219 2259 5293 (b)
2291 5217 2505 5293 Veteres
2542 5220 2659 5293 editi
2682 5233 2830 5272 τιλιτιι
2848 5221 3055 5293 verbum
3089 5224 3374 5293 addunt_,et
3406 5227 3690 5293 totiussen-

2125 5281 2292 5344 tentia:
2329 5281 2777 5344 interpretationem
2796 5316 2811 5341 ,
2843 5281 2896 5332 id
2933 5289 3003 5332 est
3033 5286 3204 5334 modus
3227 5281 3374 5336 virtus
3396 5292 3489 5344 est,
3529 5287 3690 5337 ritum

2123 5343 2342 5406 mmietas
2375 5343 2623 5406 reputatur
2649 5355 2665 5401 ;
2688 5355 2799 5406 qum
2834 5355 2927 5391 nec
2962 5344 3073 5393 Mss.
3112 5347 3322 5402 habent,
3350 5359 3442 5400 nec
3463 5343 3489 5394 a
3513 5348 3691 5396 Hiero-

2126 5403 2454 5471 nymicaLamO
2476 5404 2684 5471 profecta
2706 5403 2836 5471 sunt.
2862 5406 2997 5464 Quod
3022 5411 3181 5471 autem
3206 5418 3315 5471 ne}
3339 5408 3385 5455 iu
3411 5415 3544 5471 recto
3569 5406 3692 5471 legi-

2127 5466 2248 5524 mus,
2265 5466 2310 5514 in
2329 5466 2646 5515 Benedictina
2662 5466 2778 5514 edit.
2800 5473 2906 5514 erat
2922 5479 3064 5522 ιιιιὶαν,
3075 5469 3264 5515 vitiose.
3279 5468 3428 5516 Porro
3446 5466 3692 5518 Aristot'eIi

2125 5528 2371 5590 sententia
2397 5527 2500 5576 haec
2519 5527 2832 5590 adscribitur,
2856 5539 2998 5590 quam
3022 5529 3071 5575 in
3096 5529 3297 5590 epistola
3328 5529 3386 5578 ad
3415 5529 3692 5580 Demetria-

2125 5590 2237 5638 dem
2266 5589 2468 5650 plurium
2489 5602 2693 5650 numero
2714 5587 2956 5650 edisserit.

2190 5647 2276 5712 (ο)
2297 5649 2452 5712 Aliter
2475 5647 2794 5712 discriminty
2819 5648 2907 5694 sed
2931 5647 3055 5698 male
3077 5649 3325 5701 Erasmum
3348 5659 3545 5702 secutus
3571 5651 3683 5700 Mar-

2134 5708 2349 5775 tiauz'eus,
2375 5711 2566 5773 offerret
2589 5723 2676 5773 pro
2697 5708 2908 5770 afferret.
3675 5738 3682 5743 .
