4088 6336
493 459 598 505 tein
637 447 834 504 sitietis.
886 443 1017 500 Ecce
1057 444 1144 515 qui
1189 442 1412 499 serviunt
1441 443 1602 511 mihi,
1631 442 1964 506 lwtalntntur,
1995 458 2082 496 vos

491 552 668 596 autem
694 539 1089 611 confundentini.
1114 537 1242 590 Ecce
1257 536 1344 603 qui
1368 535 1590 590 seruiunt
1614 535 1758 599 milii,
1777 532 2072 589 exultabant

498 631 576 705 (α)
606 634 658 688 in
687 633 896 704 gaudio,
921 647 1007 686 vos
1032 639 1205 684 autem
1233 628 1518 682 clamabitis
1543 629 1605 682 ob
1629 628 1855 682 dolorem
1881 626 2070 692 cordis,

497 731 546 775 et
575 733 779 793 propter
806 721 1159 775 contritione»:
1184 718 1394 788 spiritus
1419 718 1678 772 ululabilis
1710 716 1860 788 (lsai.
1877 715 1968 772 65.
1985 718 2070 771 l3.

497 814 609 884 N).
643 815 907 881 Dixeram,
940 812 1085 868 lacus
1104 826 1220 866 eam
1249 824 1461 879 semper
1484 808 1687 878 fugisse
1713 809 1994 874 contritos,
2017 816 2075 861 ut

493 906 698 966 fontem
726 905 1004 960 Dominum
1037 905 1314 973 reperiret,
1341 911 1399 956 ut
1431 911 1610 971 posset
1658 901 1777 955 laeta
1816 910 2069 954 cantare:

489 995 642 1051 Sicut
667 1012 842 1051 cervus
871 995 1124 1049 desiderat
1150 993 1217 1046 ad
1244 998 1405 1063 fontes
1425 1008 1694 1061 aquarum,
1723 993 1794 1044 ita
1818 991 2070 1044 desiderat

489 1088 664 1141 anima
709 1103 820 1141 mea
858 1087 926 1140 ad
969 1096 1019 1140 te
1067 1086 1222 1140 Deus.
1268 1085 1486 1152 Quando
1514 1087 1708 1139 veniant
1737 1093 1784 1138 et
1811 1084 2068 1154 apparebo

483 1190 610 1234 aute
636 1180 819 1250 {aciem
852 1178 944 1234 Dei
973 1179 1144 1252 (Psal.
1170 1179 1260 1233 41.
1293 1177 1388 1248 l)?

556 1271 650 1324 22.
691 1269 926 1341 'l‘angani
955 1285 1082 1340 ergo
1121 1269 1351 1325 breviter
1378 1268 1646 1339 quomodo
1686 1268 2058 1323 haereticorum

489 1375 738 1416 caenosos
785 1360 1099 1416 devitaverit
1142 1361 1327 1426 lacus,
1370 1369 1426 1414 et
1471 1374 1565 1415 eos
1616 1361 1782 1415 instar
1821 1361 2067 1415 habuerit

489 1450 863 1506 Ethnicoruin.
889 1450 1112 1520 Quidam
1141 1451 1213 1522 (li)
1239 1458 1506 1505 veterator
1525 1451 1769 1515 callidus,
1795 1461 1974 1521 atque,
2009 1460 2068 1504 ut

480 1542 588 1596 sibi
685 1543 846 1614 716
942 1543 1248 1607 videbatur,
1278 1543 1468 1597 doctus
1495 1551 1548 1596 et
1586 1543 1782 1597 aetolus
1803 1583 1819 1607 ,
1850 1557 1936 1598 me
1966 1557 2063 1598 ne-

477 1635 693 1691 sciente
738 1635 899 1704 coepit
925 1635 974 1690 ei
1026 1649 1323 1705 proponere
1360 1635 1713 1706 quaestiones,
1746 1645 1800 1689 et
1837 1635 2060 1690 dicere:

481 1725 622 1792 Quid
663 1725 902 1793 peccavit
945 1722 1152 1788 iulans,
1187 1733 1299 1778 uta
1334 1724 1578 1779 daemone
1602 1725 1962 1794 corripiatur?
2003 1725 2060 1778 In

477 1831 588 1888 qua
627 1825 784 1872 aetate
820 1816 1175 1873 resurrecturi
1201 1817 1418 1872 sumus?
1451 1816 1507 1872 Si
1538 1817 1590 1870 in
1621 1815 1733 1886 ipsa
1765 1832 1867 1887 qua
1899 1817 2063 1872 mori-

483 1924 603 1966 mur
629 1927 644 1963 :
673 1923 803 1980 ergo
830 1909 1124 1965 nutricibus
1149 1917 1274 1979 post
1301 1909 1750 1965 resurrectionem
1777 1924 1912 1980 opus
1936 1911 2055 1964 erit.

483 2004 560 2071 (e)
588 2001 681 2058 Sin
710 2001 886 2069 aliter,
923 2015 1256 2072 nequaquam
1304 2002 1406 2057 erit
1451 2002 1773 2056 resurrccuo
1816 2011 2058 2057 mortuo-

481 2107 633 2157 rum;
663 2091 758 2147 sed
801 2090 1200 2146 transformatio
1247 2091 1299 2145 in
1343 2091 1497 2146 alios.
1524 2091 1818 2146 Diversitas
1845 2108 2059 2162 quoque

476 2197 640 2238 sexus
685 2182 848 2236 maris
887 2197 950 2237 ac
986 2181 1202 2236 femina:
1245 2183 1365 2244 erit,
1400 2190 1490 2236 aut
1533 2197 1636 2236 non
1675 2182 1809 2236 erit?
1836 2181 1889 2236 Si
1919 2185 2054 2248 erit,

475 2282 768 2342 sequentur
787 2282 846 2328 et
872 2272 1088 2342 nuptias,
1111 2281 1164 2327 et
1191 2271 1529 2337 concubitus,
1559 2273 1651 2327 sed
1677 2282 1730 2327 et
1751 2275 2049 2342 generatio.

476 2363 536 2418 Si
566 2377 670 2417 non
697 2363 822 2427 erit,
851 2362 1057 2418 sublata
1082 2362 1390 2417 diversitate
1416 2377 1597 2428 sexus,
1620 2363 1807 2417 eadem
1829 2378 2054 2434 corpora

478 2470 585 2509 non
611 2461 889 2524 resurgent
912 2471 926 2509 :
954 2454 1210 2524 Aggravat
1239 2455 1374 2507 enim
1401 2465 1599 2508 terrena
1623 2455 1922 2509 iuhabitatio
1940 2472 2056 2510 sen-

471 2564 589 2602 sum
617 2549 776 2601 multa
799 2547 1104 2618 cogitantem
1135 2546 1288 2619 (Sap.
1313 2546 1369 2604 9.
1395 2548 1519 2618 l5);
1563 2548 1656 2604 sed
1687 2549 1862 2602 tenuia
1892 2556 2053 2603 erunt

474 2648 534 2695 et
577 2639 902 2710 spiritualia,
933 2639 1144 2694 dicente
1191 2640 1448 2710 Apostolo
1479 2657 1492 2692 :
1519 2641 1817 2696 Seminatur
1864 2657 2052 2710 corpus

473 2729 728 2794 animale,
757 2739 981 2799 resurget
1029 2745 1210 2798 corpus
1251 2731 1519 2798 spirituale
1559 2730 1635 2802 (l.
1663 2729 1782 2785 Cor.
1813 2731 1903 2786 15.
1935 2732 2049 2800 Η).

481 2819 560 2874 Ex
610 2819 804 2890 quibus
853 2818 1100 2874 omnibus
1151 2819 1381 2889 probare
1435 2821 1717 2890 cupiebat,
1761 2823 2051 2878 rationales

469 2921 750 2969 creaturas
794 2911 866 2966 ob
909 2911 1152 2982 quadam
1179 2912 1338 2978 vitia,
1381 2922 1435 2968 et
1478 2915 1694 2984 antiqua
1741 2925 1956 2984 peccata
1997 2915 2050 2971 iu

469 3019 699 3076 corpora
728 3017 850 3060 esse
875 3003 1161 3073 delapsas:
1189 3013 1244 3060 et
1282 3018 1380 3074 pro
1416 3004 1725 3060 diversitate
1757 3015 1812 3061 et
1847 3007 2052 3061 meritis

473 3107 817 3167 peccatorum
861 3095 955 3151 tali
997 3097 1080 3152 vel
1121 3096 1210 3152 tali
1235 3096 1544 3152 conditione
1570 3099 1812 3168 generari
1833 3138 1849 3165 ,
1876 3109 1934 3154 ut
1965 3101 2047 3156 vel

466 3202 760 3258 corporum
787 3187 1014 3242 sanitate
1037 3186 1351 3258 gauderent,
1369 3197 1424 3243 et
1452 3198 1731 3258 parentum
1762 3189 1959 3244 divitiis
1983 3205 2048 3246 ac

472 3276 771 3342 nobilitate,
798 3276 881 3332 vel
909 3278 961 3331 in
989 3275 1262 3330 tnorbidas
1287 3291 1498 3344 carnes,
1529 3287 1584 3332 et
1608 3277 1798 3334 domos
1825 3280 2044 3349 in0punt

472 3368 773 3429 venientes,
803 3381 987 3436 pmuas
1017 3367 1363 3435 pristinorum
1390 3367 1597 3422 luerent
1621 3367 1964 3438 delictorum,
1993 3382 2047 3428 et

472 3460 722 3532 prmseuti
743 3459 939 3514 saeculo
959 3469 1117 3528 atque
1137 3458 1473 3528 corporibus,
1495 3460 1643 3530 quasi
1666 3475 1882 3518 carcere
1903 3463 2049 3517 clau-

469 3551 744 3608 derentur.
777 3551 928 3618 Quod
957 3565 1078 3606 cum
1109 3551 1380 3618 audisset,
1412 3561 1467 3607 et
1503 3552 1569 3607 ad
1612 3569 1698 3608 me
1736 3555 2004 3610 retulisset
2025 3597 2041 3622 ,

470 3643 712 3700 indicans
755 3642 1060 3710 hominem,
1094 3641 1329 3713 mihique
1374 3643 1702 3700 incubuisset
1750 3647 2043 3703 necessitas

518 3778 602 3889 ﬁt}
635 3775 758 3828 Illud
795 3775 846 3826 in
873 3773 1053 3840 gaudio
1083 3774 1417 3885 supplevimus
1449 3789 1510 3826 ex
1534 3774 1740 3840 Reginae
1776 3777 2039 3843 codicibus,

619 3846 672 3888 et
695 3837 837 3889 LXX.
872 3851 906 3888 ιν
929 3850 1120 3889 sitm
1159 3839 1380 3889 labeant.
1408 3851 1502 3888 nec
1522 3839 1678 3888 Hebr.
1703 3839 1916 3889 abludat.

464 3837 595 3904 quod
619 3846 680 3904 e_t_
695 3837 837 3904 LXX,
871 3837 906 3904 ξγ
1140 3837 1380 3904 habeant,
1408 3851 1502 3904 nec
1522 3837 1678 3888 Hebr.
1703 3839 1916 3904 ahludat.

528 3901 604 3964 (ρ)
637 3900 777 3952 Hunc
799 3898 1063 3964 Palladium
1086 3898 1235 3948 fuisse
1258 3898 1495 3950 Duronius
1519 3907 1672 3963 putat,
1705 3902 1831 3964 quod
1859 3901 1960 3964 ille,
1985 3911 2040 3955 ut

471 3962 786 4012 ex’L'ausiam
811 3963 956 4024 c.A77.
982 3968 1283 4024 compertum
1309 3969 1413 4020 est,
1439 3962 1536 4010 uno
1557 3976 1682 4013 anno
1704 3962 1750 4012 in
1774 3963 2040 4015 Bethleem

467 4025 832 4086 vixerittatque
846 4022 1234 4086 Origenistarum
1253 4025 1502 4072 erroribus
1513 4024 1730 4074 addictus
1745 4037 1854 4073 cum
1875 4027 2041 4086 primis

464 4085 633 4134 fuerit.
661 4082 796 4134 Unus
817 4084 907 4134 Ms.
933 4082 1020 4143 pro
1041 4082 1230 4142 sciolus,
1256 4097 1407 4143 novo,
1445 4097 1501 4133 ac
1521 4087 1638 4134 satis
1673 4082 2040 4137 barbaro'voca-

466 4145 601 4205 hulo,
627 4145 900 4196 sanctiolus.
927 4145 1072 4195 Grav.
1097 4151 1330 4194 veterator
1352 4152 1397 4195 et
1420 4145 1642 4196 callidus.

528 4207 599 4277 (ε)
631 4206 913 4277 Przeferunt
939 4206 1039 4277 alii_
1056 4205 1173 4277 editi
1189 4206 1284 4277 _,_si
1301 4206 1355 4277 in
1378 4206 1546 4277 alterm
1573 4207 1673 4256 Sed
1697 4215 1750 4277 et
1782 4215 2038 4277 anteapro

463 4265 717 4328 morimur,
737 4265 998 4328 legendum
1017 4265 1141 4328 forte
1156 4267 1393 4328 videatur,
1411 4267 1671 4328 nascimur,
1692 4276 1746 4317 ut
1769 4265 2038 4322 nutricibus

463 4341 587 4390 Opus
623 4327 704 4377 sit.
738 4326 978 4390 Caeterum
1001 4326 1270 4390 huiusmodi
1291 4327 1479 4390 cavillis
1509 4326 1920 4390 resurrectionem
1945 4334 2036 4382 im-

463 4387 668 4453 pugnari
689 4387 1366 4453 splitamtatquejrrideriab
1397 4389 1607 4453 ethnicis
1628 4389 1782 4453 refert
1797 4389 2035 4453 Augusti-

463 4447 556 4500 im;
588 4450 672 4500 lib.
695 4450 777 4512 22.
801 4450 868 4500 de
889 4447 1030 4500 Civil.
1063 4447 1157 4512 Dei
1194 4462 1238 4498 c.
1274 4450 1351 4498 12.
1389 4461 1419 4498 a
1449 4451 1627 4512 quibus
1646 4451 1764 4512 ipse
1788 4447 2036 4512 Origenes

463 4512 586 4561 haud
610 4511 814 4561 multum
844 4511 1069 4560 recessit.
1095 4507 1446 4562 Commentario
1467 4507 1526 4560 ἰιι
1549 4507 1728 4560 Psalm.
1757 4512 1801 4561 1.
1829 4507 1957 4562 vers.
1983 4517 2031 4565 5.

463 4587 613 4634 quem
637 4573 792 4623 locum
815 4586 878 4623 ex
893 4572 1084 4634 Petavii
1105 4571 1508 4634 interpretatione
1533 4573 1642 4622 heie
1663 4572 1931 4624 adnectere
1956 4583 2034 4626 est

463 4631 627 4705 operae
644 4637 872 4696 pretium.
897 4651 921 4680 ι
943 4633 1109 4705 igitur,
1133 4631 1304 4696 inquit.
1327 4637 1367 4685 si
1393 4637 1754 4705 interrogemus
1785 4637 2032 4698 cuiusnam

462 4694 528 4742 sit
549 4694 707 4758 futura
729 4695 1024 4758 resurrectio
1037 4694 1062 4743 ?
1093 4694 1364 4758 corporum,
1385 4694 1686 4758 respondent,
1709 4709 1819 4758 qua:
1840 4694 1929 4747 nos
1944 4705 2034 4748 eir-

462 4755 704 4817 cumdant.
729 4753 1021 4805 [astantibus
1042 4753 1198 4814 nobis,
1223 4753 1369 4806 totius
1391 4753 1581 4806 illorum
1611 4753 1911 4817 substantias,
1936 4773 2032 4810 nec

461 4828 528 4880 ne
550 4815 706 4866 futura
726 4820 811 4880 sit,
820 4825 1076 4880 antequam
1096 4817 1362 4880 diligenter
1379 4819 1503 4880 istud
1520 4820 1862 4880 eXpenderint,
1885 4815 2031 4873 totius

462 4828 528 4864 ne
550 4825 706 4866 futura
726 4825 805 4873 sit,
820 4829 880 4864 an
969 4830 1076 4865 uani
1096 4825 1362 4878 diligenter
1381 4825 1503 4867 istud
1520 4825 1862 4880 eXpenderint,
1885 4825 2031 4873 totius

462 4877 567 4926 fore
593 4825 1079 4943 pronuntianiﬁuod
1103 4878 1144 4943 si
1169 4888 1257 4926 nos
1277 4879 1334 4927 ad
1357 4879 1549 4943 illorum
1571 4880 1931 4943 simplicitatem
1953 4897 2031 4934 ac-

462 4939 824 4986 commodantes
838 4952 1038 5001 ,__neque
1062 4939 1316 5001 quicquam
1339 4941 1402 4988 de
1425 4940 1553 4988 ﬂuxa
1573 4975 1588 4999 ,
1611 4939 1903 4992 sic-mutabili
1925 4958 2030 4994 cor-

462 5011 630 5061 porum
649 5004 816 5047 natura
834 4998 1150 5067 dispuiantes,
1158 4998 1423 5067 dubitando
1442 4998 1632 5067 rursum
1652 5005 2026 5067 interrogemus,

461 5059 576 5108 itum
600 5072 704 5124 una
717 5059 1021 5124 sanguis—ille
1042 5060 1198 5109 omnis
1222 5068 1463 5124 resurgat,
1497 5064 1579 5124 qui
1601 5070 1736 5112 secta
1760 5059 2028 5117 ideittidetn

460 5133 586 5170 vena
608 5120 874 5185 deﬂuxerit
891 5155 904 5178 ,
928 5134 1022 5168 nec
1045 5133 1137 5185 non
1171 5128 1223 5185 ei
1245 5120 1335 5185 pili
1353 5120 1540 5180 omnes,
1564 5125 1645 5185 qui
1671 5137 1874 5185 unquam
1897 5131 2024 5178 enati

458 5186 590 5239 sunt,
621 5194 682 5231 an
703 5181 738 5229 ii
757 5180 1018 5243 dumtaxat,
1042 5181 1127 5243 qui
1149 5180 1444 5231 sub'obitum
1465 5180 1679 5233 nostrum
1696 5180 2025 5240 eﬂloruerint:

457 5254 798 5310 nonnunquam
829 5241 890 5290 ad
915 5254 1022 5310 eam
1044 5241 1631 5310 questionemoll‘eudunt
1652 5279 1669 5304 ,
1700 5259 1765 5310 ac
1786 5247 1894 5298 Deo
1917 5263 2028 5310 per.

457 5301 747 5354 mittendum
773 5315 884 5352 esse
904 5301 1086 5364 dicunt,
1108 5309 1162 5352 ut
1181 5303 1414 5364 quidquid
1433 5301 1663 5364 voluerit,
1682 5306 1747 5356 de
1771 5321 1831 5357 ea
1853 5301 2026 5362 consti-

456 5339 1756 5428 ἱίἱὲἱῗίἵιέἑᾲιιῖῖἔὲἴὲξῐιιῖὶὲδριιιέιρίἶάὸῖὲῖῆὸὲἶῖιῖοέ
1771 5339 2026 5422 ῖιῖιῖἓὲῖῖὶι

454 5425 817 5488 resurrecturos
852 5439 966 5476 esse
1001 5425 1122 5487 pilos
1158 5433 1382 5488 asserunt
1401 5462 1414 5484 ,
1438 5440 1561 5488 quos
1591 5431 1683 5476 sub
1705 5431 1815 5478 vitae
1837 5434 2026 5484 exitum

453 5487 784 5538 habuerimus.
818 5487 882 5538 At
903 5487 988 5550 qui
1004 5485 1166 5550 magis
1187 5487 1314 5535 inter
1339 5485 1447 5550 illos
1458 5485 1652 5536 strenui
1676 5498 1804 5548 sunt,
1832 5506 1895 5540 ne
1917 5506 2028 5543 san-

451 5551 612 5612 guinis
625 5551 808 5612 capiam
829 5549 1040 5616 nionem,
1059 5549 1142 5613 qui
1161 5562 1224 5598 ex
1243 5549 1524 5610 corporibus
1544 5552 1722 5599 nostris
1737 5551 2025 5616 plerumque

450 5611 774 5662 Secretusest
791 5647 807 5673 ,
833 5611 1099 5673 itidemque
1120 5623 1317 5673 carnem
1341 5622 1536 5659 omnem
1554 5645 1569 5668 ,
1593 5624 1702 5673 quae
1726 5611 1812 5673 per
1833 5611 2026 5667 morbos

451 5675 502 5722 in
538 5673 790 5735 sudorem,
813 5680 898 5722 aut
925 5672 1065 5723 aliain
1090 5672 1324 5735 ejusmodi
1349 5673 1595 5735 materiam
1619 5672 1754 5731 abiit,
1792 5675 1840 5722 in
1876 5688 2024 5726 unum

449 5731 673 5782 conferre
696 5731 782 5783 sua
815 5736 1030 5783 oratione
1061 5731 1310 5797 cogantur,
1335 5733 1494 5797 qualia
1525 5734 1617 5782 sub
1641 5741 1846 5786 mortem
1870 5739 2023 5789 exsti-

452 5800 617 5854 terint,
641 5808 905 5859 resurgere
929 5795 1311 5859 corpora'nostra
1334 5795 1608 5858 praedicant.
1634 5811 1656 5841 ι

1803 327 2040 386 SANCTI
2079 326 2456 390 lliEROt‘lYMl

2190 447 2530 548 nequissimae
2570 451 2766 523 vipera:
2801 470 2864 512 ac
2912 461 3200 520 mortiferae
3227 464 3414 526 bestia:
3439 473 3761 548 resistendi,

2183 537 2252 590 de
2277 541 2469 609 quibus
2493 543 2770 602 Psalmista
2788 565 3197 623 commemorat,
3225 559 3411 618 dicens
3441 582 3454 618 ε
3482 563 3565 622 Ne
3591 537 3763 628 tracta;

2181 628 2352 730 bestiis
2389 634 2586 730 animos
2630 641 2975 707 confitentium
3025 649 3114 702 tibi
3140 650 3160 721 (
3190 649 3332 708 Psol.
3360 655 3579 730 75.19)
3610 678 3625 714 :
3658 661 3725 716 Et
3745 705 3760 727 ,

2182 717 2402 821 Increpn
2450 723 2665 781 Domine
2706 731 2890 786 bestias
2936 737 3123 791 calami
3149 717 3334 811 '(l‘sal.
3361 745 3448 799 67.
3494 717 3589 817 31')
3615 791 3630 811 .
3672 717 3760 821 qui

2181 814 2475 871 scribentes
2506 817 2836 889 iniquitatem
2859 866 2874 890 ,
2905 825 3194 897 loquuntur
3237 848 3422 889 contra
3474 814 3754 895 Dominum

2179 905 2534 970 mendacium,
2559 919 2613 964 et
2628 911 2845 967 elevant
2870 915 2921 968 in
2943 921 3211 976 excelsum
3233 938 3294 978 os
3320 941 3472 980 suum
3492 943 3508 993 ;
3531 933 3754 986 conveni

2179 993 2468 1058 hominem.
2493 1009 2547 1054 et.
2571 1003 2900 1059 orationibus
2928 1008 3064 1078 ejus,
3089 1029 3242 1081 quam
3266 1016 3520 1086 decipere
3551 1022 3756 1076 niteba-

2180 1095 2284 1152 tur,
2311 1087 2455 1144 brevi
2484 1091 2898 1161 interrogatione
2927 1104 3167 1158 conclusi
3195 1123 3208 1159 :
3237 1107 3319 1178 (ά)
3349 1109 3539 1166 Utrum
3567 1116 3756 1169 crede-

2174 1186 2256 1231 ret
2285 1177 2512 1235 futurani
2541 1188 2990 1245 resurrectionem
3015 1177 3368 1264 mortuorum,
3393 1215 3460 1254 an
3487 1205 3632 1258 non?
3652 1205 3752 1272 Qui

2171 1283 2296 1324 cum
2323 1286 2383 1326 se
2411 1275 2632 1330 credere
2660 1280 3056 1350 respondisset;
3090 1286 3240 1344 intuli
3276 1308 3289 1345 :
3323 1291 3522 1350 Eadem
3568 1313 3750 1354 resur-

2172 1372 2297 1431 gent
2325 1379 2571 1434 corpora,
2599 1383 2664 1423 an
2689 1372 2898 1426 altera?
2923 1373 3055 1429 Cum
3082 1378 3325 1449 dixisset,
3399 1386 3563 1459 717
3657 1407 3751 1445 cz:-

2170 1455 2325 1521 dem;
2353 1459 2655 1517 sciscitatus
2681 1477 2798 1517 sum
2827 1481 2843 1520 :
2873 1464 2928 1520 ln
2957 1467 3144 1524 eodem
3175 1486 3304 1526 sexu
3327 1517 3340 1538 ,
3370 1455 3437 1530 an
3463 1455 3752 1537 ui—altero?

2171 1547 2252 1602 Ad
2281 1549 2602 1622 interrogata
2633 1555 2873 1612 reticenti
2898 1599 2914 1623 ,
2942 1569 2995 1612 et
3027 1560 3193 1615 instar
3217 1565 3422 1621 colubri
3455 1569 3557 1624 huc
3588 1581 3750 1643 atque

2169 1638 2295 1695 illuc
2320 1641 2658 1700 transferenti
2685 1656 2864 1718 caput,
2896 1665 2963 1704 ne
2991 1648 3272 1720 feriretur;
3303 1657 3426 1726 quia
3447 1697 3463 1724 ,
3493 1638 3709 1731 inquain
3730 1704 3746 1731 ,

2169 1739 2346 1799 taces,
2375 1749 2476 1806 ego
2505 1735 2632 1791 mihi
2668 1753 2766 1808 pro
2796 1747 2847 1795 te
2879 1745 3247 1813 respondebo,
3277 1758 3330 1802 et
3358 1759 3747 1823 consequentia

2167 1823 2413 1880 inferam.
2460 1826 2516 1882 Si
2568 1845 2673 1884 non
2721 1843 2963 1903 resurget
3007 1838 3216 1905 mulier,
3250 1850 3306 1895 ut
3331 1844 3542 1911 mulier,
3575 1864 3748 1919 neque

2164 1920 2453 1987 masculus,
2483 1929 2538 1976 ut
2563 1925 2857 1992 masculus,
2884 1943 2988 1982 non
3011 1929 3112 1984 erit
3138 1937 3461 1992 resurrectio
3495 1938 3570 2010 (1)
3602 1956 3747 1996 mor-

2165 2017 2408 2077 tuorum;
2438 2014 2558 2083 quia
2599 2029 2758 2070 sexus
2799 2019 3035 2074 membra
3076 2022 3269 2089 habet,
3293 2030 3532 2084 membra
3565 2043 3744 2090 autem

2165 2110 2332 2156 totum
2380 2119 2574 2176 corpus
2616 2106 2878 2163 efﬁciunt.
2931 2110 2985 2166 Si
3024 2122 3201 2169 autem
3231 2133 3390 2174 sexus
3419 2129 3475 2176 et
3502 2125 3744 2181 membra

2161 2206 2271 2248 non
2300 2195 2516 2262 fuerint,
2551 2197 2637 2252 ubi
2663 2201 2766 2254 crit
2796 2206 3120 2260 resurrectio
3145 2222 3453 2278 corporum,
3481 2231 3604 2283 qua:
3630 2219 3744 2273 sine

2162 2301 2291 2341 sexu
2320 2303 2424 2343 non
2455 2300 2705 2346 constant
2727 2301 2783 2348 et
2807 2296 3102 2352 membris?
3152 2300 3320 2356 l-‘orro
3364 2305 3408 2358 si
3454 2320 3740 2376 corporum

2161 2399 2266 2438 non
2311 2383 2470 2442 fuerit
2513 2392 2856 2455 resurrectio,
2885 2408 3220 2464 nequaquam
3268 2399 3370 2453 erit
3414 2408 3740 2458 resurrectio

2161 2486 2513 2534 mortuorum.
2549 2481 2654 2536 Sed
2683 2493 2736 2537 et
2763 2483 2888 2538 illud
2919 2485 3060 2555 quod
3088 2487 3156 2543 de
3185 2492 3386 2559 nuptiis
3415 2493 3607 2562 objicis
3637 2513 3650 2549 :
3681 2496 3738 2552 Si

2159 2568 2344 2624 eadem
2394 2572 2631 2627 membra
2673 2573 2902 2639 fuerint,
2929 2578 3079 2647 sequi
3111 2581 3354 2650 nuptias;
3384 2598 3412 2636 a
3453 2585 3738 2644 Salvatore

2159 2658 2470 2717 dissolvitur
2497 2663 2709 2720 dicente
2732 2681 2747 2718 :
2769 2663 2972 2722 Erratis
2995 2670 3270 2726 nescientes
3300 2673 3626 2744 Scripturas,
3649 2697 3737 2735 nec

2158 2769 2252 2821 que
2296 2755 2523 2810 virtutem
2565 2757 2660 2812 Dei
2681 2763 2772 2814 εἰη
2803 2764 3170 2819 resurrectione
3209 2768 3346 2820 enim
3384 2779 3736 2840 mortuorum,

2157 2859 2257 2896 non
2285 2845 2492 2911 nubent,
2523 2865 2680 2918 neque
2707 2850 2976 2917 uubeutur,
3007 2854 3096 2908 sed
3123 2867 3272 2911 erunt
3300 2860 3492 2916 similes
3516 2863 3738 2935 Angelo-

2156 2950 2270 2988 rum
2319 2935 2533 3006 (Matth.
2574 2939 2666 2994 22.
2693 2940 2924 3017 29.50).
2950 2943 3050 3001 Ubi
3093 2945 3309 3017 dicitur,
3353 2967 3460 3008 non
3507 2956 3734 3022 nubent,

2158 3041 2330 3097 neque
2375 3028 2662 3096 uubeutur,
2709 3047 2932 3090 sexuum
2981 3036 3263 3096 diversitas
3311 3042 3732 3102 demonstratur.

2155 3117 2323 3174 Nemo
2347 3121 2488 3176 enim
2516 3121 2584 3178 de
2611 3124 2787 3194 lapide
2813 3135 2869 3181 et
2896 3127 3040 3199 ligno
3069 3128 3231 3197 dicit,
3259 3147 3363 3188 non
3397 3136 3603 3193 nubent
3637 3154 3736 3194 ne-

2155 3224 2258 3278 que
2289 3210 2572 3277 uubeutur,
2602 3230 2720 3284 qua:
2770 3226 3008 3273 naturam
3054 3221 3288 3278 nubendi
3336 3240 3445 3281 non
3490 3225 3731 3284 habent:

2155 3299 2248 3355 sed
2275 3301 2342 3356 de
2371 3303 2453 3358 his
2480 3305 2569 3374 qui
2617 3308 2822 3376 possint
2858 3309 3092 3379 nubere,
3123 3322 3177 3368 et
3220 3315 3389 3384 gratia
3431 3319 3630 3375 Christi
3669 3336 3734 3377 ac

2152 3393 2350 3449 virtute
2380 3410 2484 3451 non
2526 3397 2745 3452 nubant.
2793 3399 2944 3466 Quod
2991 3403 3034 3456 si
3077 3407 3429 3476 apposueris,
3461 3411 3734 3480 quomodo

2150 3496 2278 3552 ergo
2303 3485 2502 3540 erimus
2533 3486 2608 3557 (e)
2639 3487 2842 3545 similes
2866 3491 3210 3561 Angelorum,
3239 3510 3361 3552 cum
3390 3497 3530 3554 inter
3555 3501 3735 3572 Ange-

2151 3573 2261 3640 los,
2291 3591 2394 3631 non
2424 3577 2493 3632 sit
2521 3580 2789 3635 masculus
2818 3592 2872 3638 et
2902 3582 3137 3638 femina?
3165 3585 3405 3644 Breviter
3452 3593 3728 3647 ausculta:

2149 3665 2264 3722 Non
2297 3670 2643 3728 substantiam
2677 3673 2832 3730 nobis
2863 3677 3210 3748 Angelorum,
3242 3681 3336 3737 sed
3365 3687 3735 3740 conversatio-

2149 3775 2293 3827 nem,
2315 3771 2370 3817 et
2395 3761 2777 3822 beatitudinem
2801 3767 3056 3824 Dominus
3081 3773 3424 3840 repromittit.
3447 3773 3731 3842 Quomodo

2147 3861 2201 3907 et
2229 3853 2460 3910 Joannes
2494 3857 2724 3927 Baptista
2754 3869 3038 3931 antequam
3069 3863 3456 3931 decollaretur,
3487 3868 3728 3938 Angelus

2145 3946 2442 4014 appellatus
2469 3959 2551 4003 est
2580 3948 2742 4020 (Luc.
2767 3953 2820 4008 7.
2844 3951 2912 4006 27
2932 3959 2981 4024 );
3010 3961 3066 4008 et
3090 3969 3279 4010 omnes
3309 3955 3488 4012 Sancti
3515 3973 3580 4014 ac
3604 3959 3728 4014 \‘ir-

2145 4037 2295 4107 gines
2326 4039 2449 4104 Dei,
2478 4041 2639 4096 etiam
2693 4042 2748 4096 in
2789 4043 2893 4097 isto
2936 4044 3134 4100 sarculo
3169 4047 3328 4102 vitam
3359 4048 3412 4103 in
3451 4064 3510 4104 se
3538 4053 3726 4122 expri-

2144 4137 2299 4184 munt
2325 4132 2673 4202 Augelorum.
2706 4133 2930 4202 Quando
2953 4137 3097 4192 enim
3125 4138 3317 4195 dicitur
3342 4159 3356 4195 :
3390 4140 3552 4197 Eritis
3580 4143 3728 4198 simi-

2143 4223 2214 4276 les
2254 4225 2596 4295 Angelorunt,
2623 4228 2920 4284 similitudo
2968 4230 3333 4302 promittitur,
3377 4248 3485 4290 non
3529 4244 3725 4294 natura

2142 4323 2394 4370 mutatur.

2211 4404 2301 4460 25.
2345 4407 2616 4478 Simulque
2643 4411 2912 4481 responde
2942 4430 2956 4468 :
2984 4415 3253 4485 quomodo
3280 4415 3410 4472 illud
3449 4417 3717 4490 interpre-

2142 4497 2291 4561 taris,
2307 4498 2448 4568 quod
2471 4499 2706 4555 Thomas
2729 4503 2935 4560 Domini
2973 4510 3300 4576 resurgentis
3327 4507 3394 4581 (0
3421 4510 3719 4580 palpavcrit

2137 4656 2150 4707 ~_
2178 4632 2278 4707 7(d‘)
2310 4633 2552 4685 Victorius
2591 4635 2803 4686 conclusi
2820 4637 3031 4707 dicens,
3071 4644 3262 4707 atrurn,
3301 4646 3397 4692 etc.
3423 4642 3576 4707 Nobis
3604 4658 3716 4707 pro-

2136 4693 2336 4805 iiarqtur
2358 4708 2577 4758 querens
2595 4732 2610 4758 ,
2632 4706 2716 4748 aut
2747 4699 2862 4762 quid
2894 4693 3053 4750 simile
3077 4714 3092 4760 ;
3117 4703 3205 4752 sed
3237 4693 3465 4753 neutrum
3486 4693 3713 4756 11⁵8.ὐὰ-

2171 4771 2232 4804 «ΞΠ
2262 4791 2272 4802 .

2171 4771 2272 4804 ent.

2201 4820 2271 4878 (e)
2305 4817 2531 4887 Feminas
2563 4819 2767 4887 Angeiis
2798 4821 2985 4887 similes
3026 4822 3213 4874 futuras
3244 4829 3352 4887 post
3385 4831 3716 4877 resurrectio-

2135 4891 2249 4946 nem
2273 4893 2337 4946 e_x
2359 4879 2440 4946 il_|o
2463 4879 2675 4932 Mattliaii
2699 4881 3020 4946 looo_0rigeni
3047 4887 3200 4934 visum
3217 4879 3311 4946 e'st,
3337 4897 3390 4939 et
3411 4888 3450 4937 Τ
3454 4889 3717 4939 ertulliano

2229 4941 2359 4991 cultu
2375 4941 2658 5011 [culinarum
2675 4957 2779 5011 cap.
2801 4943 2869 5003 2.,
2889 4937 2946 5011 εἶ.
2962 4955 3128 5011 sancto
3145 4937 3328 4997 Hilario
3346 4937 3394 4998 in
3410 4937 3714 5011 Matthzeuni,

2134 5000 2340 5068 aliisque
2375 5004 2616 5068 Patribus,
2641 5000 2811 5068 qui'in
2852 5000 3076 5056 muliebri
3119 5024 3243 5058 sexu
3279 5018 3584 5060 surrecturas
3615 5000 3712 5062 non

2135 5064 2489 5134 existimarunt.
2515 5064 2943 5134 liancjopinipoeni
2966 5072 3110 5134 etiam
3131 5071 3425 5134 Hieronymo
3449 5075 3714 5134 exiirobrat

2132 5121 2351 5204 sane
2367 5140 2438 5204 εις
2464 5128 2616 5204 usus
2637 5121 2830 5204 dicina
2851 5129 2915 5204 a-
2941 5143 2985 5179 ο-
3094 5132 3141 5204 in
3165 5121 3336 5204 Eua?
3356 5133 3414 5204 εει
3449 5121 3709 5204 sese;

2133 5184 2310 5256 Noster
2331 5184 2528 5256 seseab
2553 5202 2612 5256 ea
2634 5199 2824 5256 purgat,
2840 5189 3072 5239 calumnia
3088 5184 3256 5256 tumin
3280 5184 3528 5256 Apologia:
3553 5194 3636 5244 lib.
3666 5198 3706 5246 ι.

2132 5253 2236 5355 ium
2259 5262 2374 5298 vero
2399 5251 2547 5299 etiam
2568 5251 2661 5301 hoc
2686 5251 2818 5311 lotio,
2843 5265 2992 5313 quem
3020 5251 3372 5305 animadvertis
3391 5251 3592 5314 sedulo,
3619 5271 3709 5308 ve-

2153 5322 2233 5355 Im.

2153 5322 2233 5357 Im.

2194 5371 2266 5433 (f)
2289 5372 2594 5439 Mariianmus
2615 5373 2834 5439 tetigerit.
2858 5374 2968 5423 Mss.
2995 5377 3146 5439 nostri
3169 5390 3358 5439 omnes,
3377 5383 3430 5426 et
3444 5376 3705 5436 Victorius,

2130 5439 2187 5502 ut
2210 5435 2535 5502 reposuimus,
2555 5435 2730 5498 quibus
2753 5445 2979 5502 consonat
3001 5436 3250 5500 Evangelii
3274 5446 3463 5495 textus,
3490 5447 3542 5488 et
3573 5435 3704 5502 quod

2130 5495 2288 5569 statim
2311 5495 2449 5569 infert
2476 5495 2851 5569 liieronLcujus
2866 5497 3075 5569 pulpon
3095 5495 3201 5549 sunt
3222 5512 3408 5569 manus,
3434 5509 3534 5569 etch.

2192 5555 2264 5616 (1)
2298 5557 2643 5623 Ambrosianus
2666 5555 3020 5623 Msfantiquiis,
3045 5574 3143 5623 quo
3165 5568 3304 5610 vetus
3323 5555 3476 5610 altera
3501 5561 3556 5610 S.
3581 5561 3705 5610 Hie.

2130 5621 2315 5680 ronymi
2338 5620 2449 5680 Vita
2487 5621 2780 5675 continetur,
2816 5620 2942 5669 hunc
2964 5620 3120 5671 locum
3155 5624 3226 5671 sic
3248 5624 3454 5671 recitat:
3486 5631 3584 5671 Non
3609 5623 3704 5673 erit

2133 5679 2420 5744 resurrectio
2441 5693 2723 5744 corporum,
2748 5681 2861 5743 quia
2881 5681 2984 5732 sine
3005 5697 3124 5735 sexu
3149 5697 3241 5733 non
3275 5691 3456 5734 constat
3479 5690 3524 5733 et
3548 5697 3703 5733 mem-

2132 5740 2233 5813 bris
2261 5751 2278 5789 :
2300 5753 2446 5804 porro
2522 5740 2796 5813 corporum
2818 5756 2910 5793 non
2927 5746 3020 5796 erit
3044 5746 3359 5808 resurrectio,
3391 5757 3701 5813 nequaquam

2131 5808 2226 5854 erit
2249 5808 2534 5854 resurrectio
2555 5812 2863 5854 mortuorum.
