4088 6336
343 336 436 401 Q0!
1676 335 2000 394 EPISTOLA
2038 335 2218 393 CVIII.

353 464 552 516 nanus,
567 459 622 506 et
640 451 830 508 viderit
852 452 1033 508 lancea
1059 453 1198 508 latus
1221 451 1338 523 ejus
1369 451 1698 522 perforatum
1725 456 1906 525 (Joan.

352 539 468 611 £0)?
511 542 575 595 Et
603 541 790 596 Petrus
817 543 866 595 in
896 543 1069 597 littore
1097 551 1324 597 stantem
1353 542 1547 597 viderit
1591 544 1872 597 Dominum
1893 584 1910 609 ,

345 644 394 687 et
441 639 640 700 partem
686 632 792 685 assi
839 633 1017 702 piscis,
1049 647 1112 686 ac
1137 631 1312 686 favum
1340 633 1511 687 mellis
1535 633 1911 688 comedentem

342 722 493 788 (Luc.
515 721 646 791 24)?
672 722 770 790 Qui
814 722 1006 786 stabat,
1037 722 1273 792 profecto
1321 722 1552 778 habebat
1594 723 1780 792 pedes,
1814 726 1912 790 Qui

343 815 656 868 monstravit
705 814 840 867 latus
883 813 1216 868 vulneratum
1242 854 1256 876 ,
1310 813 1490 884 utique
1533 824 1587 868 et
1632 826 1910 882 ventrem,

339 905 501 976 718
571 913 624 957 et
679 913 861 972 pectus
917 903 1120 967 habuit,
1172 904 1287 958 sine
1316 905 1509 972 quibus
1541 918 1643 956 non
1678 914 1802 958 sunt
1835 905 1912 959 la-

341 1006 448 1049 tera
481 995 651 1048 ventri
683 1004 736 1048 et
763 995 961 1063 pectori
992 995 1337 1049 cohicreutia.
1388 996 1486 1062 Qui
1537 996 1744 1049 locutus
1789 1003 1908 1059 est,

341 1085 514 1154 lingua
542 1093 595 1138 et
628 1084 802 1160 palato
827 1100 890 1137 ac
920 1085 1171 1140 dentibus
1203 1085 1535 1154 loquebatur.
1579 1087 1727 1140 Sicut
1768 1088 1910 1140 enim

342 1174 597 1240 plectrum
622 1173 858 1239 chordis,
890 1174 957 1227 ita
987 1175 1162 1244 lingua
1193 1175 1415 1229 illiditur
1440 1174 1708 1240 dentibus,
1733 1183 1788 1229 et
1813 1191 1906 1229 vo-

338 1263 502 1318 calem
546 1263 721 1318 reddit
767 1277 976 1318 sonum.
1026 1265 1187 1333 Cujus
1233 1265 1460 1334 palpata:
1509 1276 1633 1318 sunt
1680 1280 1906 1328 manus,

336 1364 728 1423 consequenter
771 1363 828 1409 et
861 1356 1084 1412 brachia
1133 1357 1335 1412 habuit.
1383 1356 1512 1410 Cum
1545 1357 1702 1426 igitur
1729 1356 1907 1410 omnia

338 1445 571 1500 membra
609 1444 858 1500 habuisse
884 1445 1110 1509 dicatur,
1144 1461 1361 1501 necesse
1391 1457 1491 1508 est,
1516 1456 1573 1500 ut
1596 1456 1760 1500 totum
1789 1461 1910 1500 cur.

338 1549 434 1603 pus
454 1535 718 1600 habuerit,
736 1536 873 1604 quod
897 1537 1175 1591 coniicitur
1197 1553 1262 1592 ex
1286 1538 1569 1591 membris:
1592 1553 1697 1591 non
1727 1538 1908 1606 utique

335 1625 618 1682 femineum
637 1667 654 1691 ,
682 1626 776 1682 sed
804 1627 974 1690 virile,
1005 1626 1056 1680 id
1087 1637 1190 1692 est,
1222 1627 1464 1696 ejusdem
1495 1642 1681 1693 sexus,
1717 1628 1770 1680 in
1800 1641 1907 1697 quo

337 1725 571 1771 mortuus
599 1729 702 1772 est.
749 1718 901 1788 Quod
948 1720 990 1772 si
1030 1719 1342 1775 obtenderis
1373 1735 1386 1773 :
1419 1734 1548 1788 ergo
1575 1728 1630 1773 et
1659 1735 1760 1774 nos
1789 1729 1906 1790 post

335 1807 773 1863 resurrectionem
825 1807 1208 1863 comedemus?
1262 1809 1326 1862 Et
1379 1809 1652 1878 quomodo
1710 1810 1906 1863 clausis

331 1901 602 1968 ingressus
644 1909 727 1953 est
767 1898 943 1968 januis
965 1940 980 1964 ,
1019 1909 1205 1953 contra
1238 1904 1480 1954 naturam
1511 1901 1821 1970 pinguium,
1853 1908 1940 1958 et.

331 1988 620 2044 solidorum
665 1989 991 2058 corporum?
1034 1990 1234 2045 Audies
1263 2007 1277 2044 :
1307 1989 1422 2044 Noli
1455 2001 1672 2060 prepter
1700 1990 1902 2054 cibum,

333 2079 737 2135 resurrectionis
781 2079 940 2135 fidem
974 2080 1024 2134 iu
1053 2081 1373 2135 calumniam
1407 2082 1643 2135 trahere.
1691 2079 1821 2134 Nam
1852 2089 1906 2136 et

331 2169 744 2242 Arcbisynagogi
799 2171 922 2224 lilixe
975 2174 1301 2226 resuscitatre
1351 2172 1514 2240 jussit
1562 2173 1738 2226 cibum
1791 2171 1903 2228 dari

330 2259 522 2328 (Marc.
559 2261 612 2317 5.
652 2261 783 2323 45).
816 2261 881 2314 Et
923 2259 1154 2314 Lazarus
1200 2261 1589 2330 quatriduauus
1639 2271 1901 2328 mortuus,

329 2366 448 2406 eum
477 2352 592 2420 ipso
616 2351 868 2404 scribitur
895 2352 1058 2405 inisse
1079 2352 1383 2406 convivium
1411 2350 1588 2425 (Joan.
1618 2353 1702 2408 12.
1729 2354 1810 2424 2),
1837 2370 1904 2410 ne

328 2441 648 2494 resurrectio
675 2454 862 2493 eorum
893 2445 1205 2510 phantasma
1253 2451 1549 2510 putaretur.
1598 2444 1690 2498 Siti
1721 2455 1900 2499 autem

325 2533 521 2586 clausis
558 2532 830 2602 ingressus
870 2544 952 2586 est
991 2532 1192 2602 januis,
1226 2542 1282 2588 et
1313 2534 1512 2589 idcirco
1543 2537 1819 2604 spirituale
1849 2548 1903 2593 et

324 2639 543 2679 aereum
572 2639 766 2692 corpus
792 2625 981 2679 niteris
1011 2625 1346 2695 approbare:
1375 2642 1506 2696 ergo
1533 2637 1587 2682 et
1614 2641 1900 2698 antequam

328 2723 617 2782 pateretur,
649 2716 772 2786 quia
799 2726 983 2770 contra
1011 2727 1253 2770 naturam
1283 2721 1585 2788 graviorum
1612 2735 1898 2789 corporum

322 2821 486 2874 super
516 2820 662 2860 mare
701 2807 1023 2871 ambulavit,
1059 2809 1334 2875 spirituale
1363 2825 1561 2880 corpus
1592 2811 1795 2868 habuit.
1835 2812 1902 2866 Et

323 2897 612 2964 Apostolus
659 2897 849 2952 Petrus
871 2940 884 2961 ,
909 2900 995 2967 qui
1026 2909 1077 2954 et
1111 2901 1223 2968 ipse
1264 2917 1426 2970 super
1459 2919 1624 2973 aquas
1665 2905 1898 2974 pendulo

324 2988 540 3041 incessit
563 2987 761 3058 gradu,
789 2990 1066 3057 spirituale
1091 3006 1285 3061 corpus
1318 2994 1569 3049 habuisse
1593 2996 1895 3052 credendus

320 3087 438 3147 est,
466 3093 587 3136 cum
625 3079 858 3153 putentia
891 3083 1059 3154 magis
1107 3092 1160 3141 et
1206 3083 1373 3141 virtus
1415 3086 1732 3145 ostendatur
1763 3087 1895 3159 Dei,

319 3173 533 3243 quando
566 3173 622 3227 lit
659 3174 855 3243 aliquid
901 3186 1086 3230 contra
1131 3188 1396 3234 naturam.
1442 3180 1507 3236 Et
1555 3191 1610 3234 ut
1658 3183 1799 3236 scias
1845 3185 1895 3238 in

320 3265 590 3332 signorum
621 3265 1002 3334 magnitudine,
1032 3283 1137 3321 non
1167 3277 1370 3322 naturae
1392 3273 1768 3336 mutationem,
1801 3275 1896 3328 sed

325 3355 414 3409 Dei
435 3358 872 3426 omnipotentiam
896 3358 1249 3413 demonstrari
1275 3378 1288 3414 :
1316 3360 1412 3429 Qui
1435 3362 1744 3416 ambulabat
1771 3365 1891 3430 fide,

320 3448 482 3515 coepit
501 3444 808 3501 infidelitate
830 3449 1017 3518 mergi,
1044 3449 1144 3503 nisi
1169 3466 1290 3503 eum
1322 3466 1511 3505 manus
1534 3452 1741 3507 Domini
1770 3457 1898 3507 sub.

321 3536 588 3601 levasset,
640 3538 865 3593 dicentis
915 3557 928 3594 :
976 3539 1194 3593 Modica:
1244 3541 1402 3607 fidei,
1452 3560 1608 3612 quare
1657 3544 1899 3599 dubitasti

322 3627 532 3693 (Matth.
563 3629 802 3698 H.5l)?
834 3630 994 3682 Miror
1037 3639 1215 3683 autem
1265 3641 1316 3684 te
1360 3631 1624 3688 obdurare
1667 3633 1895 3688 frontem

321 3717 568 3786 loquente
595 3717 855 3771 Domino:
884 3717 1028 3785 Infer
1069 3719 1284 3789 digitum
1327 3730 1469 3774 tuum
1510 3722 1608 3775 huc
1630 3763 1644 3785 ,
1676 3734 1720 3776 et
1749 3733 1900 3793 tange

323 3823 502 3862 manus
528 3824 661 3862 meas
685 3825 704 3862 :
725 3817 769 3861 et
795 3809 998 3879 porrige
1023 3826 1232 3862 manuni
1261 3821 1421 3872 tuam,
1454 3822 1500 3864 et
1524 3813 1665 3866 mitte
1683 3813 1734 3866 in
1764 3814 1898 3867 latus

324 3915 485 3951 meum
507 3942 521 3961 ,
553 3911 600 3953 et
625 3902 730 3953 noli
754 3917 860 3953 esse
889 3901 1209 3968 incredulus,
1237 3902 1326 3954 sed
1365 3902 1537 3971 ﬁdelis
1566 3904 1760 3975 (Joan.
1799 3905 1892 3960 20.

321 3989 434 4058 27),
467 3990 531 4048 Et
558 3991 678 4045 alibi
705 4006 718 4042 :
755 3989 926 4044 Videte
954 4008 1133 4045 manus
1164 4009 1318 4052 meas,
1342 4002 1387 4044 et
1417 3993 1572 4062 pedes
1597 4011 1753 4058 meos,
1777 3997 1898 4066 quia

321 4083 428 4148 ipse
453 4098 542 4152 ego
566 4099 695 4138 sum.
731 4080 951 4152 Palpate
973 4092 1019 4136 et
1045 4084 1223 4147 videte,
1247 4085 1365 4152 quia
1391 4087 1597 4153 spiritus
1619 4105 1822 4141 carnem
1851 4099 1898 4142 et

321 4187 434 4224 ossa
461 4190 558 4224 non
585 4174 764 4235 habet,
804 4175 934 4227 sicut
975 4190 1053 4227 me
1097 4175 1274 4228 videtis
1315 4175 1518 4231 habere.
1564 4177 1770 4232 Etcum
1802 4180 1897 4232 hoc

321 4263 547 4326 dixisset,
578 4265 790 4317 ostendit
821 4265 890 4317 eis
918 4264 990 4335 (a)
1019 4283 1198 4319 manus
1223 4275 1270 4319 et
1301 4268 1450 4336 pedes
1483 4268 1632 4333 (Luc.
1672 4271 1763 4326 24.
1803 4273 1892 4327 54.

321 4366 366 4405 et
392 4354 502 4422 40).
532 4356 661 4410 Ossa
693 4356 846 4411 audis
865 4398 880 4422 ,
908 4368 960 4410 et
985 4373 1203 4414 carnem
1223 4401 1238 4425 ,
1267 4370 1318 4413 et
1347 4362 1546 4430 pedes,
1579 4374 1634 4418 et
1660 4381 1891 4433 manus;

320 4454 375 4496 et
422 4446 607 4514 globos
662 4447 788 4500 mihi
839 4449 1176 4514 Stoicorum,
1279 4453 1440 4525 719
1535 4466 1694 4526 atque
1752 4460 1896 4515 aeria

319 4537 557 4602 quaedam
588 4538 936 4592 deliramenta
958 4543 1238 4611 contingis.

389 4628 479 4684 24.
523 4629 688 4682 Porro
718 4630 761 4681 si
788 4632 1016 4698 qurcris,
1047 4647 1145 4686 cur
1173 4635 1346 4689 iulans
1375 4653 1404 4689 a
1433 4638 1680 4696 daemone
1718 4645 1896 4698 corri-

322 4716 514 4782 piatur,
545 4718 636 4784 qui
671 4727 885 4784 peccata
917 4734 1020 4772 non
1053 4722 1234 4778 habuit
1261 4741 1272 4776 ε
1303 4735 1395 4777 aut
1421 4727 1474 4783 in
1501 4747 1602 4798 qua
1631 4743 1788 4787 aetate
1811 4751 1898 4791 re-

321 4807 610 4860 surrecturi
642 4808 808 4860 simus
829 4847 842 4872 ,
876 4823 997 4866 cum
1035 4809 1247 4864 diversa
1278 4825 1435 4869 :etate
1464 4822 1776 4883 moriamur.
1809 4825 1893 4880 in-

326 4898 489 4966 gratis
531 4897 787 4962 suscipies
830 4897 922 4970 [aL
962 4899 1223 4972 suspicies]
1251 4920 1264 4960 ;
1290 4902 1499 4958 Iudicia
1543 4907 1636 4963 Dei
1683 4911 1895 4981 abyssus

320 4987 482 5043 multa
512 4985 630 5054 (Ps.
657 4986 743 5040 55.
779 4988 856 5056 7).
889 4987 991 5042 Et:
1021 4990 1093 5061 (ὁ)
1125 4988 1169 5044 0
1211 4992 1426 5047 altitudo
1474 4996 1764 5054 divitiarum
1806 5019 1894 5055 sa-

319 5077 521 5146 pientia:
545 5085 596 5130 et
625 5076 846 5130 scientia:
872 5077 987 5145 Dei,
1014 5095 1164 5150 quam
1188 5081 1534 5139 iuserutabilia
1563 5099 1678 5142 sunt
1691 5090 1894 5159 judicia

379 5211 454 5272 (a)
485 5209 687 5269 Quidam
710 5209 824 5280 Mss.
849 5223 1043 5280 ruamus,
1067 5221 1114 5280 et
1147 5215 1296 5280 lotus.
1322 5231 1409 5278 pro
1430 5223 1592 5280 pedes,
1617 5231 1671 5273 ut
1697 5223 1896 5279 Graecus

314 5271 608 5348 quemneng
618 5286 702 5348 ego;
724 5279 855 5348 fessi.
878 5271 1050 5348 Qﬂfer
1145 5271 1637 5348 ‘Stoicorum'globi's,
1649 5271 1894 5348 quossi;

317 5335 997 5412 (immemorabep'i‘stLléb’.
1023 5335 1478 5412 adgC‘tesipliontem'
1496 5361 1551 5412 n._
1577 5335 1624 5396 δῖ
1648 5335 1731 5412 tibi
1755 5335 1892 5412 ἀψὶέςέις

324 5395 534 5444 Platonis
559 5393 744 5460 irridet.
769 5393 1100 5460 'l‘ertullianus
1121 5398 1185 5447 de
1207 5393 1364 5450 anima
1393 5413 1445 5453 In
1468 5393 1894 5460 (ιῖὶΙιέι-ὲᾶὀνῦἷὶξῖδ

317 5463 480 5533 nostra
510 5456 874 5533 cum‘fllatoae,
905 5464 994 5533 usit.
1021 5457 1154 5533 circa
1178 5469 1357 5533 Lunata
1391 5479 1498 5518 cum
1521 5456 1894 5533 andi/itionibus

317 5517 598 5566 stoicorum.
626 5516 749 5566 Vide
774 5517 920 5566 etiam
937 5517 1228 5571 Ciceronem
1248 5523 1292 5574 1,
1319 5524 1462 5576 Tusc.

381 5577 582 5660 eme
596 5577 1434 5660 Aeneadae".uocem
1459 5603 1569 5652 quae
1593 5594 1719 5660 prior
1743 5593 1893 5660 lectio

317 5636 619 5717 frequentior
643 5636 937 5717 Hieronymo
957 5649 1052 5717 est.
1081 5636 1158 5689 De
1177 5651 1412 5717 sequenti
1422 5636 1892 5717 '_vbc'_é_tiiésii§5ii‘l

317 5697 494 5810 {stupro
514 5697 918 5768 ininvestigal/iles
938 5701 1152 5752 diximus
1177 5705 1223 5751 in
1246 5697 1342 5756 line
1367 5697 1612 5770 epist.'7'8'.
1621 5697 1889 5776 ’ἀξινὲἷίᾜό-

712 5847 774 5911 S.
821 5849 1190 5916 HIERONYMI
1236 5853 1283 5915 l.

2019 453 2147 517 eius,
2173 462 2219 506 et
2242 453 2608 524 investigabiles
2629 458 2722 512 via:
2741 461 2868 530 ejus.
2904 461 3028 527 Quis
3055 464 3187 518 enim
3209 467 3440 536 cognovit
3465 485 3593 534 seno,

2017 558 2129 594 sum
2160 541 2364 597 Domini
2388 554 2514 598 :aut
2538 547 2650 616 quis
2678 551 3000 607 consiliarius
3025 555 3134 622 ejus
3162 557 3260 625 fuit
3291 557 3466 626 (Rom.
3499 561 3558 616 Η
3577 600 3591 614 .

2018 632 2088 687 55
2111 642 2160 687 et
2182 634 2310 704 34)?
2336 633 2578 690 ditatum
2606 647 2782 692 autem
2811 641 3098 698 diversitas
3141 661 3246 700 non
3279 657 3448 704 mutat
3468 665 3598 713 cor-_

2020 738 2206 791 porum
2237 725 2536 782 veritatem.
2565 727 2700 782 Cum
2725 730 2866 784 enim
2893 746 3114 802 corpora
3141 739 3376 805 quotidie
3404 751 3587 797 nostra

2017 812 2203 874 fluant.
2233 823 2288 869 et
2309 825 2400 870 aut
2426 827 2702 881 crescant,
2728 830 2819 873 aut
2845 820 3196 880 decrescant:
3221 843 3351 898 ergo
3378 839 3457 885 tot
3484 833 3594 886 eri-

2018 920 2135 960 mus
2162 904 2436 972 bomines,
2461 918 2589 978 quot
2620 911 2855 978 quotidie
2881 922 3305 973 commutamur?
3333 933 3426 977 aut
3453 924 3592 980 alius

2016 993 2123 1059 fui,
2153 1011 2274 1052 cum
2305 997 2488 1052 decem
2518 1014 2782 1055 annorum
2814 1018 3010 1067 essem,
3036 1007 3172 1062 alius
3198 1023 3318 1063 eum
3347 987 3589 1082 triginta,

2015 1084 2151 1138 alius
2177 1099 2297 1139 cum
2330 1088 2730 1156 quinquaginta,
2755 1089 2890 1143 alius
2914 1105 3036 1144 cum
3059 1092 3171 1162 jam
3203 1105 3314 1154 toto
3341 1113 3476 1154 cano
3500 1118 3593 1156 ca-

2015 1175 2122 1242 pite
2152 1176 2305 1228 sum?
2339 1176 2500 1245 Igitur
2539 1176 2688 1244 juxta
2734 1179 3094 1234 Ecclesiarum
3143 1185 3495 1252 traditiones.
3535 1201 3590 1246 et

2015 1263 2324 1332 Apostolum
2369 1265 2610 1328 Paulum,
2635 1267 2764 1322 illud
2813 1277 2896 1323 est
2945 1272 3375 1340 respondendum
3406 1298 3419 1335 :
3446 1279 3593 1348 quod

2013 1353 2064 1407 in
2091 1354 2259 1408 virum
2287 1355 2579 1424 perfectum
2606 1397 2622 1422 ,
2654 1368 2706 1411 et
2739 1359 2790 1412 in
2821 1375 3127 1418 mensuram
3153 1365 3324 1421 artatis
3352 1367 3591 1436 plenitu-

2011 1445 2151 1499 dinis
2187 1445 2384 1502 Christi
2433 1451 2790 1504 resurrecturi
2819 1467 3004 1510 sumus
3036 1454 3252 1525 (Ep/tes.
3275 1459 3309 1516 4
3330 1460 3370 1528 ),
3405 1461 3455 1514 in
3483 1477 3589 1534 qua
3654 1454 3656 1456 ’

2011 1543 2066 1589 et
2087 1536 2258 1590 Adam
2283 1537 2450 1593 Junaii
2479 1539 2552 1610 (c)
2579 1541 2854 1596 conditum
2888 1555 3198 1601 autumant:
3219 1557 3273 1603 et
3302 1550 3586 1624 Dominum

2010 1626 2334 1683 Salvatorem
2375 1629 2599 1699 legimus
2635 1633 2936 1688 surrexisse
2957 1676 2974 1699 ,
3013 1644 3070 1690 et
3099 1639 3261 1696 multa
3301 1621 3400 1696 alia
3423 1683 3440 1708 ,
3470 1621 3588 1713 qum.

2009 1720 2078 1776 de
2126 1729 2352 1793 utroque
2396 1721 2741 1779 Testamento
2789 1725 2842 1782 in
2893 1725 3296 1802 sullocationem
3348 1733 3588 1796 haeretici

2011 1811 2226 1880 protuli.
2357 1813 2366 1822 ’

2077 1901 2168 1957 25.
2212 1903 2285 1958 Ex
2316 1917 2422 1974 quo
2463 1903 2550 1960 die
2596 1903 2665 1960 ita
2702 1907 2869 1977 cmpit
2911 1907 3182 1968 hominem
3213 1913 3503 1982 detestari.
3536 1931 3592 1981 et

2009 2007 2197 2050 omnes
2225 1995 2313 2065 qui
2344 1996 2585 2062 ejusdem
2614 1997 2880 2068 dogmatis
2907 2013 3098 2070 erant,
3122 2015 3178 2059 ut
3207 2021 3303 2062 eos
3327 2024 3460 2066 voce
3492 1989 3591 2082 pus

2010 2083 2144 2139 bleca
2166 2125 2181 2148 ,
2211 2083 2394 2139 hostes
2423 2087 2634 2141 Domini
2663 2089 3036 2155 proclamaret.
3071 2094 3135 2148 Et
3161 2097 3274 2152 hazc
3299 2097 3408 2156 dixi
3433 2143 3448 2166 ,
3482 2119 3588 2162 non

2009 2182 2064 2224 ut
2091 2172 2324 2228 breviter
2349 2173 2597 2229 lia-resim
2629 2175 2964 2234 confutarem
2987 2221 3000 2242 .
3030 2183 3114 2236 cui
3147 2186 3327 2241 multis
3357 2191 3588 2249 volumi-

2009 2261 2165 2316 nibus
2212 2263 2642 2332 respondcndum
2687 2276 2772 2322 est
2809 2265 2912 2339 (al.
2941 2270 3136 2343 esset],
3184 2275 3279 2330 sed
3325 2275 3587 2338 ut‘fidcm

2010 2361 2169 2407 tanta:
2212 2353 2423 2409 femina:
2452 2357 2828 2424 ostenderem,
2873 2374 2991 2426 ova:
3037 2378 3236 2425 ιιΑωιτ
3283 2369 3589 2429 inimicitias

2011 2441 2281 2498 hominum
2302 2445 2480 2500 subire
2512 2457 2814 2518 perpetuas,
2858 2466 3013 2522 quam
3041 2454 3130 2510 Dei
3153 2457 3431 2526 offensam,
3454 2465 3590 2520 amt-

2005 2535 2145 2590 ciliis
2175 2536 2349 2590 noxiis
2377 2552 2690 2606 provocare.

2075 2628 2165 2683 26.
2209 2629 2386 2682 Dicam
2431 2645 2561 2700 ergo
2603 2642 2658 2685 ut
2701 2648 3007 2703 coeperam,
3049 2637 3180 2692 nihil
3227 2639 3440 2711 ingenio
3469 2645 3587 2714 ejus

2006 2716 2236 2772 docilius
2265 2717 2382 2772 fuit.
2409 2719 2584 2773 Tarda
2612 2731 2727 2775 erat
2754 2723 2818 2776 ad
2845 2723 3192 2795 loquendum,
3219 2731 3372 2785 velox
3398 2732 3464 2789 ad
3493 2749 3589 2788 au-

2003 2809 2255 2866 diendum
2293 2809 2431 2881 (Jac.
2459 2813 2510 2866 l.
2537 2813 2605 2867 19
2629 2815 2648 2880 )
2675 2831 2687 2867 :
2713 2829 2923 2871 memor
2953 2817 3094 2872 illius
3122 2824 3370 2891 praecepti
3404 2840 3418 2878 :
3451 2825 3588 2880 Audi

2003 2901 2191 2966 Israel,
2219 2913 2265 2955 et
2293 2913 2401 2956 tace
2427 2903 2654 2973 (Denter.
2679 2905 2771 2961 27.
2800 2907 2857 2964 9.
2888 2910 3097 2963 secund.
3123 2911 3319 2984 LXX).
3341 2914 3585 2990 Scripm-

2004 3008 2095 3047 ras
2122 3002 2335 3048 sanctas
2364 2996 2577 3050 tenebat
2603 3001 2944 3068 memoriter;
2972 3014 3026 3059 et
3048 3019 3168 3061 cum
3187 3019 3395 3066 amaret
3423 3013 3589 3073 histo-

2002 3084 2136 3142 riam
2156 3125 2171 3151 ,
2199 3095 2252 3143 et
2284 3086 2384 3144 hoc
2413 3087 2655 3145 veritatis
2697 3092 2901 3148 diceret
2945 3094 3383 3167 fundamentum;
3417 3106 3586 3173 magis

2003 3187 2180 3236 tamen
2207 3183 2534 3251 sequebatur
2563 3184 2968 3256 intelligentiam
3001 3190 3335 3258 spiritualem
3363 3211 3376 3246 :
3400 3203 3456 3249 et
3485 3197 3588 3257 hoe

2002 3271 2232 3326 culmine
2263 3272 2676 3328 :edificationeni
2723 3276 2913 3330 animze
2962 3281 3294 3350 protegebat.
3343 3283 3587 3355 Denique

2001 3364 2164 3433 720
2233 3363 2490 3431 Compulit
2546 3375 2759 3419 me:ut
2815 3377 2968 3421 vetus
3020 3378 3075 3424 et
3114 3386 3309 3426 novum
3370 3373 3580 3431 lustru-

2002 3464 2268 3514 mentum,
2295 3468 2415 3506 cum
2451 3453 2575 3517 tilia,
2607 3470 2690 3510 me
2721 3455 3049 3521 disserente,
3073 3461 3400 3533 perlegeret.
3433 3466 3588 3534 Quod

2003 3555 2221 3612 propter
2266 3546 2644 3599 verecundiam
2689 3563 2891 3617 negans
2913 3591 2928 3615 ,
2959 3563 3180 3620 propter
3214 3555 3584 3616 assiduitatem

2004 3646 2182 3691 tamen
2213 3647 2268 3691 et
2293 3637 2509 3691 crebras
2536 3641 2924 3705 postulationes
2959 3643 3074 3712 ejus
3106 3648 3328 3714 prmstiti
3350 3689 3365 3714 ,
3397 3658 3454 3706 ut
3479 3651 3582 3706 do-

2002 3743 2180 3784 cerem
2205 3728 2348 3798 quod
2374 3728 2667 3782 didiceram
2705 3748 2716 3784 :
2752 3747 2858 3787 non
2885 3748 2915 3786 a
2945 3735 3172 3806 meipso,
3205 3737 3254 3790 id
3283 3746 3365 3792 est
3390 3755 3416 3790 a
3445 3756 3587 3809 prm-

2003 3819 2303 3888 snuiptiouc
2327 3857 2344 3882 ,
2387 3818 2624 3886 pessimo
2671 3831 3036 3889 prmceptore,
3070 3824 3162 3879 sed
3193 3825 3260 3876 ab
3290 3826 3586 3886 illustribus

2004 3907 2257 3964 Ecclesia:
2286 3908 2433 3962 viris.
2464 3906 2552 3961 Sic
2582 3907 2668 3961 tibi
2704 3909 3039 3978 hmsitabam,
3068 3923 3120 3966 et
3151 3916 3358 3971 nescire
3389 3934 3474 3972 me
3504 3921 3586 3975 in-

2002 4013 2172 4068 genue
2201 3997 2519 4059 ceuﬁtebar,
2545 4012 2876 4067 nequaquam
2901 4001 3026 4055 mihi
3056 4003 3221 4058 voluit
3247 4003 3341 4076 [:il.
3360 4009 3581 4082 volebat]

2002 4089 2378 4158 acquiescere:
2426 4087 2518 4141 sed
2560 4088 2671 4158 jugi
2713 4089 3132 4163 interrogatione
3176 4099 3435 4166 cogebat,
3468 4113 3525 4156 ut
3553 4118 3584 4158 c

2004 4179 2182 4232 multis
2213 4177 2483 4246 variisque
2509 4181 2824 4246 sententiis,
2853 4198 2971 4252 qua:
3000 4185 3128 4241 mihi
3156 4187 3430 4244 videretur
3462 4207 3583 4259 pro»

2002 4266 2250 4333 habilior,
2285 4267 2598 4322 indicarem.
2654 4269 2868 4339 Loquar
2889 4284 2938 4328 et
2972 4275 3152 4341 aliud,
3181 4280 3322 4345 quod
3357 4280 3576 4338 forsitan

2001 4359 2210 4413 aemulis
2227 4358 2472 4413 videatur
2492 4358 2823 4417 incredibile.
2843 4365 3119 4423 l'lebrzeam
3143 4369 3398 4440 linguam,
3419 4390 3577 4443 quam

2007 4465 2108 4521 ego
2136 4451 2202 4504 ab
2233 4450 2594 4506 adolescentia
2623 4455 2791 4506 multo
2823 4455 3005 4512 labore
3030 4474 3092 4512 ac
3117 4460 3312 4515 sudore
3335 4478 3400 4516 ex
3432 4475 3584 4532 parte

2003 4540 2188 4602 didici,
2213 4548 2267 4594 et
2300 4540 2610 4610 infatigabili
2636 4543 2983 4600 meditatione
3009 4564 3115 4601 non
3144 4549 3357 4614 desero,
3379 4567 3444 4606 ne
3468 4553 3583 4623 ipse

2001 4632 2069 4686 ab
2095 4647 2157 4685 ea
2183 4630 2422 4696 deserar,
2450 4632 2660 4688 discere
2684 4634 2854 4690 volttit
2874 4676 2888 4698 ,
2919 4645 2975 4690 et
3020 4651 3306 4695 consecuta
3355 4653 3475 4700 est:
3506 4647 3575 4705 ita

2002 4734 2058 4781 ut
2086 4723 2330 4777 Psalmos
2368 4721 2620 4777 hebraice
2643 4733 2890 4786 caneret.
2932 4727 3010 4799 (ά)
3040 4739 3094 4785 et
3119 4745 3424 4791 sermonem
3456 4739 3580 4794 abs.

2002 4830 2106 4885 que
2134 4815 2240 4867 ulla
2268 4814 2459 4870 latinae
2487 4813 2680 4882 linguae
2708 4818 3032 4887 proprietate
3058 4836 3392 4892 personaret.
3418 4829 3570 4898 Quod

2001 4903 2214 4974 quidem
2260 4917 2429 4973 usque
2474 4902 2634 4959 hodie
2677 4906 2728 4960 in
2775 4919 2957 4963 sancta
2995 4910 3100 4967 filia
3131 4913 3246 4984 ejus
3287 4915 3579 4976 Eustochio

2069 5055 2140 5129 (ς)
2172 5055 2434 5129 γίἀριιάυε
2458 5057 2641 5129 ydros
2668 5061 2900 5129 Theillint,
2925 5065 3053 5118 Psal.
3076 5068 3220 5121 XCII.
3245 5079 3298 5121 et
3319 5070 3467 5125 Liber
3489 5087 3578 5129 (o-

1999 5117 2302 5190 sriéparte‘l.
2324 5131 2436 5190 cap:
2460 5118 2763 5190 XCV.atque
2783 5117 2987 5190 alii,'qui
3010 5117 3581 5189 tame'nde'ilda'mi'eon-

1999 5179 2184 5228 dltione
2207 5177 2471 5251 fabulis'de
2503 5177 2985 5251 mqrejneptissimis
3014 5177 3582 5251 sééiéiii‘ciiﬁiéi-‘éiiiiié

2000 5252 2199 5311 quoque
2222 5241 2521 5311 Augustinus
2552 5244 2617 5311 de
2640 5241 2823 5311 Genés.
2845 5250 2919 5311 (ad
2943 5241 3220 5304 litteramc.
3252 5241 3363 5309 illi
3370 5241 3393 5304 ί
3399 5241 3578 5311 b.1133

1999 5303 2589 5382 queiui.b_us._l_‘i_am‘l’.auli
2613 5307 2942 5382 testimonium
2961 5313 3104 5382 alteri
3127 5303 3576 5382 aliterfe'splieant;

2002 5363 2613 5444 ἐξὲξριιιξρξξιέξμίίιξξάεφλ
2630 5375 2723 5444 Nec
2743 5371 2870 5444 enim
2889 5407 2904 5429 ,
2932 5363 3102 5444 inquit;
3104 5363 3388 5444 perﬁdia
3396 5363 3577 5433 113225.;

2000 5424 2454 5500 t‘iritiii,‘teniporali
2473 5424 2953 5500 (erumna-mensura
2967 5424 3222 5500 significat:

2063 5484 2139 5560 (ᾳ)
2172 5484 2349 5535 Nescio
2369 5499 2430 5560 a_n
2455 5489 2617 5538 verius
2641 5490 2820 5542 habent
2839 5484 3032 5555 quidam
3055 5484 3350 5560 Nisibenos
3389 5501 3578 5553 Bollan-

1999 5544 2352 5618 dum'guoque.
2373 5555 2693 5618 ﬁrmumque
2714 5544 2977 5606 sermo'nem
2993 5594 3006 5616 ,
3036 5544 3577 5613 eiEJDB'u‘EereBSii.

2001 5614 2102 5681 tem
2140 5607 2848 5681 ideni_rnulto_antea;testatus
2871 5627 2976 5665 erat
2995 5607 3366 5680 'epist.759.wad—
3379 5607 3577 5681 Paulam

1998 5667 2123 5742 hanc
2148 5671 2494 5742 eamdfintubi
2517 5671 2582 5720 de
2602 5667 2828 5742 Blaesilla,
2850 5683 2939 5742 Ita,
2965 5667 3578 5742 ίηίιῖινίίζηέῦνᾶέὼ-ιῖἡῇὖὶξ

1999 5699 2123 5717 ..αι-υ
2148 5699 2386 5728 can-um",
2413 5699 2494 5720 υυι
2517 5699 2582 5720 uo
2604 5699 2828 5731 Ducat-lu,
2850 5699 2936 5732 Ita,
2965 5699 3138 5741 ιιιψιιι,
3164 5699 3378 5733 ΙιϐυΓιΡω
3400 5699 3465 5733 tm
3501 5700 3577 5740 um

1999 5727 2178 5779 vicerat
2213 5729 2514 5804 ᾴίηἳρέιιῑτᾳᾳς
2528 5768 2540 5791 ,
2579 5739 2630 5804 ut
2659 5732 2720 5804 in.
2741 5734 2981 5804 discendis
3017 5742 3342 5804 canendisque
3379 5699 3577 5804 rauim}

2001 5802 2109 5840 cum
2128 5792 2285 5842 matre
2305 5792 2496 5854 (Paula)
2519 5796 2837 5845 contenderet.
3139 5793 3147 5804 ⁸

2684 5875 3119 5962 (ι’ρήσῑ--ηριιῙ
3141 5907 3156 5963 ;
