4088 6336
381 370 486 424 905

379 485 523 555 plutn
553 483 837 549 Dorcadis,
869 494 1042 538 vestes
1079 483 1146 538 ab
1190 500 1252 539 ea
1296 484 1548 555 praebitas
1593 488 1951 544 ostendebant

377 576 511 643 (Act.
540 574 594 629 9.
625 575 738 644 59).
778 573 961 630 Omnis
1031 575 1191 648 723
1268 577 1483 645 inopum
1516 578 1798 632 multitudo
1828 593 1949 634 ma.

381 676 536 728 trem,
555 676 610 719 et
638 665 909 719 nutritiam
930 665 1079 737 (Mss.
1099 665 1429 738 nutriculam]
1451 682 1508 721 se
1530 668 1825 735 perdidisse
1845 668 1954 721 cla-

376 754 579 811 mabat.
610 754 872 825 Quodque
900 758 1088 809 mirum
1120 760 1222 821 sit,
1262 757 1390 810 nihil
1437 758 1607 827 pallor
1656 768 1953 813 mutaverat

377 845 590 911 faciem,
617 846 710 901 sed
733 846 803 899 ita
826 846 1052 916 dignitas
1076 847 1338 915 quaedam,
1364 858 1418 902 et
1438 850 1669 917 gravitas
1690 864 1783 903 ora
1804 865 1954 903 com-

375 938 630 1004 pleverat,
656 947 711 990 ut
733 951 849 990 eam
880 946 1093 1003 putares
1117 953 1220 990 non
1250 950 1535 1003 mortuam,
1563 938 1657 993 sed
1679 939 1951 994 dormien-

376 1038 500 1079 tem.
536 1025 606 1095 (a)
633 1023 843 1090 Graeco,
867 1025 1078 1093 Latino,
1108 1026 1350 1098 Syroque
1380 1041 1631 1083 sermone
1657 1028 1854 1083 Psalmi
1878 1030 1948 1098 (b)

374 1118 425 1170 itt
472 1118 658 1172 ordine
707 1118 1060 1187 personabant
1095 1134 1248 1174 anon
1297 1118 1470 1173 solum
1519 1119 1728 1182 triduo,
1778 1120 1948 1174 donec

370 1207 558 1262 subter
586 1207 903 1272 Ecclesiam,
933 1217 988 1264 et
1011 1208 1158 1276 juxta
1186 1223 1404 1277 specum
1432 1209 1642 1263 Domini
1686 1198 1946 1264 condere-

373 1310 489 1365 tur;
517 1300 611 1355 sed
635 1315 729 1369 per
749 1315 964 1355 omnem
998 1300 1407 1365 hebdomadam,
1436 1301 1645 1355 cunctis
1670 1300 1758 1370 qui
1787 1316 1948 1355 vene-

371 1402 506 1456 rant,
536 1406 688 1447 suum
715 1393 982 1471 lunuspet
1008 1390 1251 1462 proprias
1277 1391 1623 1446 credentibus
1654 1391 1941 1462 lacrymas.

372 1483 701 1538 Venerabilis
728 1483 875 1551 virgo
902 1482 1008 1536 ﬁlia
1049 1483 1167 1553 ejus
1202 1482 1550 1539 Eustochium
1574 1526 1590 1550 ,
1619 1485 1770 1552 quasi
1799 1484 1945 1538 abla-

367 1581 509 1628 ctata
555 1589 716 1644 super
759 1585 983 1629 matrem
1028 1589 1177 1629 suam
1203 1616 1216 1639 ,
1251 1575 1489 1630 abstrahi
1517 1591 1547 1630 a
1579 1585 1798 1645 parente
1834 1592 1942 1631 non

370 1675 613 1734 poterat:
641 1664 945 1719 deosculari
994 1665 1215 1732 oculos,
1267 1665 1473 1721 haerere
1519 1667 1727 1731 vultui,
1773 1676 1940 1722 totum

367 1770 562 1824 corpus
589 1755 907 1825 amplexari,
937 1768 991 1811 et
1019 1771 1079 1811 se
1108 1771 1231 1810 cum
1262 1767 1436 1812 matre
1464 1757 1602 1811 velle
1627 1757 1869 1827 sepeliri.

438 1846 527 1901 50.
569 1845 743 1902 Testis
770 1856 854 1902 est
877 1845 1068 1914 Jesus,
1093 1862 1162 1902 ne
1199 1862 1360 1902 unum
1406 1848 1621 1918 quidem
1662 1864 1939 1904 nummum

365 1938 434 1991 ab
456 1954 521 1994 ea
548 1938 669 1993 ﬁliae
694 1939 1030 2004 derelictum,
1062 1940 1176 2003 sed,
1206 1950 1264 1994 ut
1289 1948 1415 1996 ante
1439 1940 1550 2011 jam
1574 1940 1719 2004 dixi,
1747 1941 1942 1997 dereli-

362 2039 509 2082 ctum
557 2045 806 2099 magnum
853 2046 928 2085 aes
972 2031 1352 2098 alienumaet,
1379 2031 1525 2101 quod
1562 2031 1647 2086 bis
1671 2031 1940 2087 difﬁcilius

363 2129 483 2187 est,
516 2119 739 2176 fratrum
778 2131 833 2177 et
874 2137 1120 2178 sororum
1164 2123 1481 2177 immensam
1523 2124 1936 2191 multitudinem,

362 2226 496 2279 quos
546 2222 849 2266 sustentare
895 2212 1153 2275 arduum,
1196 2222 1251 2266 et
1291 2212 1526 2281 abjicere
1566 2213 1787 2282 impium
1833 2223 1936 2268 est.

359 2301 496 2368 Quid
545 2303 645 2357 hac
693 2304 887 2356 virtute
926 2301 1256 2365 mirabilius,
1289 2301 1543 2356 feminam
1590 2302 1935 2357 nobilissimae

360 2391 595 2457 familiae,
625 2392 830 2461 magnis
858 2391 1125 2461 quondam
1182 2391 1373 2460 opibus
1394 2432 1409 2457 ,
1438 2399 1581 2446 tanta
1615 2392 1716 2447 ﬁde
1759 2390 1935 2449 omnia

358 2481 656 2549 dilargitam
681 2522 695 2543 ,
725 2488 784 2534 ut
820 2480 887 2534 ad
927 2489 1218 2550 egestatem
1248 2496 1384 2550 pene
1415 2480 1656 2535 ultimam
1689 2484 1933 2551 perveni-

360 2568 477 2623 ret?
505 2569 713 2623 lactent
741 2570 829 2623 alii
858 2571 1141 2639 pecunias,
1169 2580 1224 2624 et
1261 2571 1314 2623 iit
1354 2573 1646 2625 corbonam
1694 2573 1786 2626 Dei
1826 2589 1933 2629 att-ra

358 2669 613 2727 congesta
632 2698 648 2724 ,
674 2659 1042 2730 l’unalibusque
1067 2662 1244 2715 aureis
1269 2660 1408 2714 dona
1442 2661 1747 2730 pendentia.
1778 2662 1942 2718 Ncuo‘

358 2749 479 2818 plus
501 2749 649 2803 dedit
676 2750 996 2821 pauperibus
1017 2790 1032 2815 ,
1062 2765 1225 2820 qnattt
1255 2766 1375 2820 quae
1404 2751 1503 2805 sibi
1532 2752 1664 2805 nihil
1692 2767 1934 2807 reservat-

355 2840 451 2894 vit.
496 2837 647 2894 Nunc
674 2839 764 2894 illa
793 2839 991 2895 divitiis
1022 2840 1240 2907 fruitur,
1278 2851 1332 2895 ct
1361 2841 1445 2896 his
1471 2841 1658 2907 bonis,
1689 2859 1804 2912 quae
1842 2861 1932 2898 nec

356 2931 535 2984 oculus
577 2929 738 2996 vidit,
782 2946 872 2983 nec
917 2930 1058 2983 auris
1084 2931 1308 2997 audivit,
1343 2948 1434 2985 nec
1481 2932 1534 2985 in
1579 2949 1667 2987 cor
1711 2932 1931 2988 hominis

353 3022 686 3076 ascenderunt
717 3021 793 3091 (Ξ.
817 3004 1022 3077 σοιξὲ.
1045 3021 1118 3091 9).
1157 3022 1404 3078 Nostram
1450 3024 1618 3079 vicem
1662 3024 1925 3089 dolemus,

353 3122 408 3165 ct
433 3112 671 3165 invidere
702 3111 880 3181 potius
903 3111 1090 3181 gloria:
1116 3110 1231 3181 ejus
1258 3112 1591 3179 videbimur,
1620 3113 1663 3167 si
1694 3112 1931 3168 volneri-

355 3217 473 3255 mus
497 3203 695 3256 diutius
719 3201 850 3256 ﬁere
875 3210 1208 3272 regnantem.

422 3297 512 3351 5i.
555 3297 752 3350 Secura
779 3306 897 3349 esto
917 3336 931 3359 ,
964 3294 1346 3360 Eustochium,
1378 3309 1567 3364 magna
1612 3294 1927 3351 haereditate

352 3385 517 3440 ditata
546 3400 626 3441 es.
653 3385 784 3439 Pars
809 3397 897 3439 tua
927 3385 1183 3439 Dominus
1208 3401 1222 3438 ε
1251 3394 1306 3440 et
1334 3400 1441 3454 quo
1471 3384 1637 3453 magis
1665 3385 1923 3454 gaudeas,

351 3488 528 3530 mater
575 3488 669 3531 tua.
707 3475 866 3546 longo
904 3477 1162 3547 martyrio
1187 3487 1441 3529 coronata
1471 3484 1573 3530 est.
1605 3475 1720 3529 Non
1750 3477 1924 3530 solum

350 3567 493 3621 enim
523 3564 714 3619 elfnsio
741 3564 1014 3633 sanguinis
1042 3566 1096 3618 itt
1123 3564 1463 3619 confessione
1482 3573 1795 3633 reputatur;
1827 3579 1925 3618 seu

352 3671 577 3712 aevom:
606 3670 813 3726 quoque
856 3655 1054 3708 mentis
1096 3655 1326 3708 servitus
1370 3654 1708 3707 immaculata
1748 3654 1927 3721 quoti‘

350 3749 564 3803 diauum
596 3747 907 3819 martyrium
937 3754 1039 3801 est.
1074 3746 1167 3798 llla
1196 3760 1395 3800 corona
1426 3746 1494 3799 de
1523 3746 1660 3800 rosis
1688 3753 1742 3798 et
1770 3745 1924 3798 violis

353 3839 596 3907 plcetitur
624 3835 745 3908 [Ms.
775 3836 832 3891 S.
862 3835 1000 3890 Max.
1028 3834 1259 3908 texitur],
1293 3835 1391 3888 ista
1418 3834 1486 3889 de
1513 3834 1658 3888 liliis.
1693 3834 1844 3890 Unde
1870 3842 1922 3888 et

350 3931 404 3985 in
447 3929 668 3984 Cantico
716 3926 967 3983 scribitur
1011 3923 1352 3981 Canticorum
1402 3942 1416 3978 :
1458 3924 1746 3980 Fratruelis
1785 3941 1924 3980 meus

349 4020 598 4073 candidus
626 4028 673 4073 et
698 4017 1005 4072 rubicundus
1036 4014 1207 4089 (Cant.
1231 4017 1286 4072 5.
1316 4014 1439 4089 40);
1461 4016 1591 4070 etin
1621 4030 1769 4084 pace,
1793 4029 1847 4070 et
1869 4015 1924 4070 in

352 4110 493 4165 bello
533 4111 718 4165 eadem
793 4107 958 4182 724
1028 4110 1245 4178 pra-mia
1275 4107 1611 4161 vincentibus
1656 4106 1919 4163 tribuens.

347 4202 516 4258 Mater
542 4204 756 4274 inquam
788 4210 876 4256 tua
896 4199 1097 4254 audivit
1114 4214 1236 4255 cum
1258 4200 1525 4253 Abraham
1551 4216 1565 4254 :
1589 4197 1692 4254 Exi
1710 4198 1772 4253 de
1787 4208 1925 4252 terra

351 4304 457 4358 tua,
485 4304 531 4346 et
555 4293 618 4347 de
639 4292 938 4363 cognatione
957 4300 1062 4355 tua,
1082 4299 1127 4344 et
1147 4289 1258 4344 ueni
1281 4290 1335 4344 in
1364 4300 1571 4355 terram,
1588 4304 1737 4359 quant
1758 4299 1925 4345 osten-

341 4377 468 4439 dam
493 4386 581 4439 tibi
610 4384 775 4454 (Gen.
807 4382 895 4437 i2.
920 4384 1006 4452 Α).
1055 4382 1122 4437 Et
1163 4397 1257 4452 per
1302 4381 1591 4437 Jeremiam
1639 4381 1920 4435 Dominum

351 4476 745 4545 pr.rcipientem
772 4494 786 4530 :
823 4470 1010 4543 Fugite
1036 4474 1100 4526 de
1125 4472 1289 4526 medio
1316 4471 1596 4543 Babylonis
1615 4513 1630 4535 ,
1658 4481 1704 4525 et
1732 4470 1924 4526 saluata

346 4569 543 4621 animus
571 4578 759 4620 vestras
789 4563 1004 4634 (Jerem.
1038 4564 1127 4619 48.
1154 4564 1225 4635 6).
1281 4566 1351 4635 (c)
1392 4564 1459 4618 Et
1487 4578 1655 4634 usque
1683 4564 1750 4619 ad
1778 4563 1919 4619 diem

349 4660 537 4713 mortis
562 4673 673 4713 suae
698 4672 808 4711 non
834 4664 916 4711 est
942 4671 1155 4711 reversa
1184 4657 1237 4710 in
1265 4656 1609 4720 Chaldaicam;
1638 4671 1739 4711 nec
1785 4656 1921 4709 ollas

350 4746 602 4816 Egypti,
634 4756 692 4800 et
732 4744 1042 4797 virulentias
1079 4745 1320 4798 carnium
1362 4744 1685 4799 desideravit
1712 4736 1918 4814 (Exod.

351 4839 439 4892 16.
467 4838 542 4905 3),
574 4834 668 4890 sed
694 4832 873 4889 choris
897 4832 1150 4887 comitata
1179 4833 1454 4902 virgineis,
1476 4834 1613 4887 civis
1642 4844 1722 4888 est
1747 4834 1923 4889 Salva-

410 4990 482 5052 (tt)
516 4986 855 5052 Expuuximus
879 4996 1049 5052 vocem
1074 4982 1293 5045 Hebrato,
1328 4995 1471 5045 quam
1493 4988 1637 5032 antea
1670 4982 1791 5052 editi
1812 4982 1924 5052 licio

347 5043 719 5114 praeponebant,
740 5054 791 5096 et
812 5047 1200 5114 Martianaeusex
1225 5043 1793 5114 una,‘eaque.marginali
1817 5044 1925 5114 Clu-

349 5104 593 5160 itiac'eusis
615 5104 714 5159 Ms.
732 5116 840 5157 nota
871 5108 1096 5157 asseruit.
1116 5106 1354 5159 Casterum
1377 5104 1569 5154 ab'aliis
1592 5104 1705 5154 uss.
1732 5107 1921 5161 aberat,

350 5187 443 5222 nec
469 5175 517 5221 in
551 5170 648 5220 ullo
670 5182 885 5238 unquam
913 5182 1001 5238 nos
1032 5171 1320 5238 invenimus.
1346 5167 1619 5238 Praeterea,
1633 5165 1923 5238 quodnttota-

350 5242 501 5282 tatum
520 5240 597 5299 est
618 5227 769 5299 etiam
782 5228 1031 5299 Bollando,
1046 5230 1286 5299 Syriacum
1299 5235 1405 5299 erat
1419 5227 1550 5299 vulgi
1567 5227 1708 5276 isthic
1730 5227 1919 5299 idiom},

349 5303 403 5356 et
427 5295 704 5356 raucisattc
730 5297 843 5340 tunc
866 5290 1058 5356 fuerint,
1081 5287 1163 5356 qui
1186 5290 1471 5356 Hebraicam
1495 5287 1709 5356 linguam
1732 5289 1798 5337 ita
1823 5287 1922 5356 cal-

348 5350 528 5405 ler'eut.
563 5352 716 5405 Paulo
741 5360 851 5415 post
873 5350 1073 5412 Reginae
1096 5350 1238 5410 liber,
1262 5363 1354 5401 non
1375 5351 1528 5401 solum
1547 5351 1730 5412 triduo,
1753 5356 1799 5401 et
1835 5352 1923 5399 do-

347 5430 453 5468 nec.
480 5425 577 5466 etc.

423 5451 628 5540 ὦὶυῖἶίιι.
653 5487 798 5540 supra
812 5473 1060 5540 pugio;
1082 5479 1243 5522 notam
1266 5486 1310 5521 ε.

423 5481 483 5540 lt)
516 5481 628 5528 Vid.
653 5487 798 5537 supra
822 5486 932 5535 pag.
953 5481 1060 5522 705.
1082 5481 1243 5522 notam
1266 5486 1310 5521 ε.

409 5481 480 5603 ἒς)
514 5540 660 5591 Addit
681 5536 917 5603 Reatinus
939 5533 1221 5603 Episcoltus,
1248 5542 1363 5603 utet:
1383 5539 1542 5603 mitem
1563 5533 1683 5584 exiit
1704 5532 1767 5585 de
1786 5539 1925 5603 terra

348 5593 685 5665 stui,'quorutn
705 5601 755 5648 in
778 5593 1140 5665 exemplaribus
1157 5596 1335 5644 uestris
1346 5597 1609 5665 vestigium
1625 5603 1703 5646 est
1718 5593 1922 5665 nullum.

349 5655 513 5727 Patilo'
526 5673 634 5726 post
643 5655 941 5727 glirttleutitu'
964 5660 1253 5727 promiscue,
1277 5670 1362 5717 iro
1388 5655 1927 5727 virulentiam-occurrit

351 5725 402 5787 in
422 5716 541 5774 Mss:
566 5732 625 5787 et
643 5716 977 5787 fRosuveidus'
1000 5719 1149 5779 legit,
1176 5719 1253 5787 cui
1275 5716 1554 5787 asserenda
1591 5716 1790 5769 lectioni
1814 5718 1926 5768 facit

353 5785 471 5837 illud
493 5786 621 5841 Celsi
645 5785 678 5836 ι.
708 5786 780 5835 ll.
808 5796 853 5835 c.
877 5781 955 5832 27.
981 5778 1104 5832 Caro
1125 5778 1276 5830 omnis
1286 5778 1557 5842 jurulenta.

1745 370 2071 429 EPISTOLA
2109 370 2248 431 CIX.

3524 387 3630 463 atto

2061 489 2192 543 toris
2215 488 2401 544 eﬁ'ecta
2424 533 2438 558 ,
2469 499 2524 546 et
2547 493 2614 547 de
2641 498 2860 563 parvula
2892 470 3163 558 Bethleem
3191 506 3435 563 ctelestia
3464 523 3625 577 regna

2056 580 2418 634 conscendens
2438 621 2454 647 ,
2481 582 2614 661 dicit
2638 584 2703 638 ad
2728 600 2907 642 veram
2950 580 3134 647 Noemi
3152 604 3180 647 ':
3216 592 3446 664 Populus
3472 608 3590 652 tuus
3609 640 3624 663 ,

2058 669 2277 736 papulas
2302 686 2460 734 meus,
2494 684 2541 724 et
2566 671 2707 727 Deus
2730 682 2865 739 tuus,
2894 676 3033 734 Deus
3062 698 3200 736 metu
3224 668 3403 751 (Ruth.
3435 686 3506 755 1).

2127 760 2216 814 52.
2259 760 2407 816 llunc
2454 762 2549 817 tibi
2596 764 2788 819 librum
2832 767 2897 820 ad
2933 770 3065 825 duas
3102 773 3624 842 lucubratiunculas,

2055 850 2249 905 eodem
2271 866 2429 920 quem
2458 861 2510 906 ιιι
2536 855 2772 910 sustines
2794 855 2982 912 dolore
3003 900 3017 923 ,
3049 861 3265 919 dictavi.
3311 866 3443 921 Nam
3487 883 3636 937 quo-‘

2056 940 2385 1012 tiescumqne
2410 944 2603 1014 stylum
2634 946 2792 1014 ﬁgere
2815 949 2977 1014 volui,
3006 960 3061 1003 et
3086 967 3223 1021 opus
3241 970 3464 1012 exarare
3501 974 3631 1029 pro-

2054 1032 2274 1085 tnissum
2297 1073 2311 1097 ,
2343 1035 2501 1088 toties
2545 1035 2892 1105 obriguertmt
2935 1040 3121 1109 digiti,
3150 1045 3344 1099 cecidit
3387 1062 3581 1103 manus
3610 1092 3623 1113 ,

2053 1136 2244 1177 sensus
2270 1125 2526 1194 elanguit.
2558 1127 2711 1183 Unde
2736 1139 2791 1184 et
2821 1131 3018 1185 inculta
3044 1134 3217 1188 oratio
3235 1177 3250 1200 ,
3278 1146 3460 1193 votum
3488 1142 3626 1195 scri-

2054 1212 2228 1267 bentis
2261 1214 2463 1283 absque
2504 1218 2607 1272 ulla
2643 1218 2908 1290 elegantia
2943 1232 2999 1277 et
3024 1224 3309 1281 verborum
3332 1228 3518 1298 lepore
3546 1240 3628 1287 te-

2050 1312 2237 1357 Swlur.
3618 1338 3621 1341 '

2120 1393 2208 1449 33.
2255 1396 2417 1464 Vale,
2448 1413 2481 1453 ο
2524 1400 2685 1455 Paula
2711 1442 2724 1465 ,
2755 1411 2809 1457 et
2837 1405 3060 1461 cultoris
3087 1407 3158 1462 tui
3187 1408 3427 1465 ultimam
3468 1427 3625 1470 sene—

2047 1494 2268 1552 ctutem,
2297 1491 2625 1547 orationibus
2654 1494 2803 1562 juva.
2839 1494 2998 1551 Fides
3023 1507 3077 1553 et
3103 1515 3267 1569 opera
3294 1511 3381 1557 tua
3408 1504 3626 1562 Christo

2049 1585 2101 1669 te
2125 1580 2330 1635 sociant
2349 1622 2364 1648 ,
2399 1598 2636 1651 prarsens
2661 1586 2867 1643 facilius
2893 1592 3033 1659 quod
3069 1595 3306 1662 postulas
3325 1639 3338 1657 ,
3366 1599 3624 1669 impetra-

2046 1666 2147 1723 bis.
2198 1670 2360 1743 Eacegi
2405 1689 2782 1733 monumentum
2823 1697 2924 1734 cere
2966 1687 3235 1750 perennius
3279 1666 3497 1757 (Horat.
3532 1695 3619 1748 od.

2045 1759 2208 1815 ultim.
2256 1764 2345 1817 lib.
2389 1766 2441 1820 3.
2491 1766 2736 1837 Carm.),
2771 1772 2913 1842 quod
2954 1777 3096 1829 nulla
3142 1777 3420 1838 destruere
3452 1789 3621 1853 possit

2045 1860 2301 1907 vetustas.
2339 1854 2501 1910 Incidi
2530 1859 2757 1929 elogium
2786 1863 3032 1930 sepulcro
3065 1875 3172 1931 tuo,
3201 1871 3341 1939 quod
3375 1873 3497 1930 huic
3521 1891 3613 1932 vo-

2042 1940 2228 1997 lumini
2261 1945 2470 2000 subdidi
2499 1989 2516 2015 ,
2547 1959 2604 2004 ut
2647 1966 2986 2023 quocumque
3011 1966 3193 2014 uoster
3216 1975 3395 2019 sermo
3422 1981 3615 2035 perve-

2044 2035 2201 2100 nerit,
2225 2045 2284 2098 te
2311 2036 2611 2103 laudatam,
2646 2051 2698 2096 te
2741 2043 2794 2096 in
2839 2044 3117 2102 Bethleem
3148 2051 3420 2110 conditam
3450 2055 3622 2114 lector

2041 2135 2311 2194 agnoscat.
3616 2156 3619 2161 ·

2115 2214 2194 2285 (d)
2231 2217 2483 2285 Sequitur
2503 2219 2686 2275 titulus
2706 2223 2999 2290 sepulchri.

2041 2304 2219 2375 Scipio
2243 2325 2393 2375 quant
2422 2313 2615 2380 genuit,
2648 2311 2800 2368 Pauli
2827 2317 3004 2385 fudere
3032 2331 3277 2389 parentes,

2040 2394 2353 2452 Graecorum
2381 2402 2594 2464 soboles.
2625 2404 3016 2474 Agamemnonis
3041 2410 3236 2481 inclyta
3258 2416 3449 2484 proles,

2042 2484 2155 2539 Hoc
2172 2489 2312 2557 jacet
2337 2490 2389 2543 in
2415 2494 2611 2546 tumulo
2635 2510 2654 2547 :
2685 2493 2905 2550 Paulam
2932 2498 3107 2553 dixere
3129 2504 3344 2571 priores,

2037 2577 2304 2634 Eustachii
2329 2585 2548 2652 genitria‘;
2567 2627 2580 2647 ,
2612 2587 2832 2641 Romani
2861 2591 3026 2658 prima
3056 2593 3308 2650 Senatus:

2036 2669 2344 2739 Pauperiem
2371 2673 2591 2742 Christi,
2619 2688 2664 2730 et
2691 2679 2772 2747 (ε)
2800 2678 3153 2737 Bethlemitici:
3181 2702 3302 2740 rura
3325 2701 3497 2744 secuta
3516 2700 3614 2748 est.

2109 2760 2175 2831 (Ῑ)
2214 2761 2268 2816 ltt
2294 2765 2463 2818 fronte
2489 2769 2774 2835 speluncae.

2036 2851 2236 2921 Aspicis
2261 2866 2551 2925 angustum,
2587 2861 2798 2926 prwcisa
2826 2861 2879 2914 in
2907 2878 3035 2931 rupe
3062 2868 3389 2936 sepulcrum?

2039 2943 2330 3013 Hospitium
2358 2944 2543 3002 Paula:
2567 2959 2661 3015 est,
2688 2953 2908 3006 calestia
2934 2971 3092 3026 regna
3116 2962 3346 3015 tenentis.

2034 3033 2290 3098 Fratrem,
2321 3048 2576 3106 cognatos,
2605 3039 2843 3107 Romam,
2873 3046 3190 3118 patriamque
3218 3046 3513 3121 relinquens

2033 3125 2193 3198 725
2265 3126 2503 3191 Diuitias,
2535 3129 2777 3196 sobolem,
2806 3132 3095 3190 Bethlemiti
3120 3138 3357 3195 conditur
3378 3154 3549 3199 antro.

2033 3214 2135 3305 llic
2155 3231 2379 3286 prtesepe
2402 3227 2566 3286 tuum,
2592 3218 2811 3287 Christe,
2835 3233 2986 3292 atque
3011 3225 3094 3279 ltic
3118 3235 3330 3297 mystica
3353 3234 3490 3305 magi

2032 3304 2250 3361 Munera
2280 3318 2558 3378 portantes,
2591 3311 2901 3382 hominique,
2940 3313 3149 3388 Deoque
3171 3321 3371 3376 dedere.

2101 3399 2189 3453 54.
2233 3400 2488 3455 Dormivit
2513 3414 2698 3457 sancta
2730 3411 2786 3459 et
2821 3405 2973 3460 beata
3014 3404 3212 3477 Paula,
3245 3414 3472 3482 septimo
3496 3415 3606 3471 Ka-

2028 3487 2213 3544 lendas
2238 3489 2574 3556 Fehruarias,
2598 3494 2747 3547 tertiat
2768 3495 2975 3551 subbati
2996 3508 3113 3567 post
3135 3501 3264 3556 solis
3283 3505 3603 3563 occnhitutn.

2027 3579 2243 3648 Sepulta
2287 3591 2373 3635 est
2415 3583 2602 3650 quinto
2643 3582 2864 3639 Kalend.
2906 3588 3234 3644 earumdem.
3267 3592 3343 3662 (g)
3368 3592 3608 3651 Honorio

2028 3668 2268 3738 Augusto
2303 3672 2478 3725 sexies
2502 3711 2516 3736 ,
2553 3682 2607 3725 et
2645 3673 2964 3728 Aristaeneto
3001 3676 3338 3735 Consulibus.
3367 3681 3510 3738 Vixit
3549 3685 3603 3740 in

2028 3759 2227 3814 Sancto
2254 3762 2524 3829 proposito
2548 3801 2562 3825 ,
2593 3762 2775 3816 Romae
2808 3779 2977 3819 annos
3016 3768 3247 3838 quinque
3270 3811 3285 3837 ,
3332 3772 3603 3834 Bethleem

2028 3863 2197 3906 annos
2242 3850 2445 3918 viginti.
2492 3851 2664 3906 Omne
2708 3853 2829 3906 vitae
2876 3864 3082 3926 tempus
3126 3858 3402 3930 implevit,
3446 3881 3603 3924 anuis

2027 3942 2405 4012 quinquaginta
2445 3954 2539 3996 sex
2560 3980 2576 4006 ,
2611 3944 2886 3999 mensibus
2912 3956 3035 4002 octo
3057 3987 3073 4015 ,
3106 3948 3297 4007 diebus
3329 3954 3512 4025 viginti
3547 3968 3605 4016 et

2027 4043 2157 4084 uno.

2518 4139 2846 4198 EPISTOLA
2879 4143 3103 4231 ClX(g).

2371 4268 2441 4307 se
2478 4266 2725 4307 ιιιιιΑιιιυιι
2760 4244 3127 4312 ruesnv'rsauu
3154 4256 3253 4333 (It).

2025 4363 2326 4418 Admonitus
2356 4362 2558 4433 Riparii
2591 4362 2873 4435 Presbyteri
2900 4364 3095 4431 litteris,
3126 4371 3264 4441 quod
3302 4372 3601 4444 Vigilantius

2096 4454 2294 4509 doceret
2316 4494 2332 4518 ,
2368 4453 2654 4524 Martyrum
2686 4470 2786 4508 non
2815 4471 2919 4510 esse
2942 4459 3177 4513 colendos
3224 4462 3414 4518 cineres
3433 4505 3451 4533 ,
3504 4469 3601 4522 da-

2096 4556 2386 4616 mnaretque
2400 4545 2642 4597 solemnes
2669 4543 3067 4599 Christianorum
3094 4548 3163 4600 ad
3178 4565 3351 4604 eorum
3366 4557 3601 4622 sepulcra

2095 4635 2291 4706 uigilias
2310 4675 2325 4699 ,
2355 4634 2450 4687 hac
2476 4633 2689 4703 epistola
2720 4634 2866 4703 quasi
2889 4635 3118 4688 velitatur
3135 4679 3150 4702 ,
3177 4655 3239 4692 ac
3265 4644 3504 4704 praeludit
3531 4650 3600 4703 ad

2097 4743 2338 4799 pugnant,
2366 4724 2631 4779 ostendens
2656 4740 2709 4778 se
2735 4735 2965 4792 paratum
2990 4727 3059 4780 ad
3081 4729 3410 4797 refellendum
3437 4737 3602 4794 ltomi-

2096 4820 2173 4874 nis
2203 4832 2443 4882 errorem,
2474 4816 2520 4869 si
2546 4814 2697 4869 libros
2724 4813 2862 4869 illius
2887 4817 2955 4869 ad
2981 4834 3033 4871 se
3060 4820 3240 4875 mittat.

2098 4931 2151 4985 ‘l.
2192 4926 2439 4996 Acceptis
2468 4926 2693 4998 primum
2724 4926 2914 4983 litteris
2945 4929 3066 4990 tuis.
3101 4948 3201 4984 non
3232 4938 3598 5007 respondere,

2089 5040 2168 5113 (τι)
2188 5033 2723 5113 uetitum
2742 5037 2970 5099 κνυιοήν
2995 5039 3109 5090 κει
3133 5033 3447 5109 ευιιειίιυιιειι,
3487 5049 3602 5113 spa-

2023 5097 2240 5166 tajihiunt
2261 5097 2428 5166 Paulle
2448 5097 2624 5166 viduae,
2645 5158 2656 5166 Α
2767 5157 2779 5166 _
2796 5097 2815 5166 '_
2955 5097 2961 5099 ⁷
3097 5127 3105 5133 -

2090 5157 3426 5242 SQ-.¥3¥£“9§29.§£W%3§armeme“,
3448 5178 3598 5242 ιιίιυρ

2026 5219 2111 5289 alii
2127 5219 2323 5287 quoque
2352 5219 2752 5289 acthlcltemitica,
2777 5230 2837 5289 et
3222 5229 3350 5289 quod
3373 5219 3601 5282 carminis-

2025 5279 2159 5334 ratio'
2172 5279 2268 5350 non
2290 5282 2488 5350 patitur,
2507 5284 2749 5346 siquidem
2768 5279 2951 5346 syllaba
2973 5287 3125 5349 prima
3146 5279 3402 5350 corripitur
3417 5291 3483 5339 ob
3496 5279 3602 5341 ωιλξ

2027 5355 2133 5408 ωιιι
2147 5342 2445 5408 tetigimus“!!!
2464 5342 2799 5408 ίαεθῖῐιιθυῑβὲέ

2089 5403 2739 5518 ξωῖζιιῖέέίὲιῗωῖενυά
2755 5403 3063 5468 mundum»
3085 5414 3140 5459 ει
3161 5407 3213 5459 in
3230 5407 3415 5470 foribus
3434 5410 3599 5473 serut-

2026 5482 2101 5520 ενι
2123 5478 2227 5518 ΙΙωο
2248 5478 2409 5525 ηαοεε,
2434 5478 2530 5516 etc.

2113 5530 2166 5592 g)
2198 5528 2703 5592 Anaumidenuntiant
2724 5526 2831 5579 404.
2855 5524 3284 5592 egfnnsularibus
3304 5526 3480 5583 Fastis.

2198 5543 2387 5577 A0000]
2417 5543 2703 5578 αθηιιιιιιωι.
2724 5543 2831 5579 θυοδ.
2855 5543 2920 5577 8!
2943 5543 3284 5579 ωηευιπωιιε
3304 5543 3480 5583 rasus.

2208 5588 2333 5639 Alias
2352 5589 2432 5638 55.
2457 5589 2645 5640 scripta
2665 5587 2759 5639 hac
2777 5600 2857 5637 an.
2881 5588 2993 5638 ωι.
3484 5624 3501 5633 ,η
3548 5634 3551 5637 .

2112 5646 2162 5716 i)'
2185 5650 2494 5716 Martiangeus
2513 5646 2648 5700 addit
2673 5658 3073 5699 Tarraconensem
3095 5661 3157 5716 ex
3181 5646 3485 5716 geniaeensi
3504 5649 3597 5702 Ms.

2018 5708 2263 5774 ‘nec'sange
2280 5710 2781 5774 intelligimugquam
2805 5722 2943 5767 vero,
2967 5722 3076 5774 nam
3098 5710 3171 5774 eis
3190 5708 3450 5774 Pyrenaeos
3466 5724 3597 5774 niam.

2035 5787 2115 5830 tes
2135 5778 2188 5827 in
2208 5771 2362 5825 Gallia
2382 5768 2779 5831 exiitisse'illum,
2797 5769 3198 5834 quemadmodum
3215 5768 3268 5821 et
3283 5768 3596 5826 Desideriutn
