4088 6336
342 476 451 533 909

337 602 582 650 nostrum
623 587 869 661 gaudium
907 581 1240 640 verteretur?
1276 577 1408 634 Nam
1447 573 1585 646 quod
1630 571 1762 628 dicis
1799 580 1920 621 eum

343 683 547 753 vigilias
567 679 828 738 execrati.
853 677 977 731 facit
996 683 1052 729 et
1075 673 1178 728 hoc
1200 680 1382 725 contra
1403 665 1716 721 vocabulum
1739 675 1917 724 suum,

343 784 403 828 ut
423 768 550 830 velit
574 771 808 828 dormire
830 768 1160 839 Vigilantius,
1185 773 1238 818 et
1262 777 1366 817 non
1389 759 1568 814 audiat
1590 757 1918 812 Salvatnrem

345 866 606 921 dicentem
639 880 652 917 :
681 863 770 917 Sic
796 877 895 914 non
922 857 1152 929 potuistis
1180 871 1284 908 una
1311 855 1438 905 liora
1459 850 1664 920 vigilare
1689 844 1922 900 mecum?

355 956 572 1025 Vigilate
591 963 635 1006 et
654 963 793 1006 orate
810 992 824 1016 ,
847 961 901 1004 ut
921 965 1022 1003 non
1040 947 1234 1000 intretis
1255 947 1308 998 in
1332 944 1668 997 tentationem.
1695 938 1920 1008 Spiritus

346 1057 610 1119 promptus
631 1055 728 1107 est,
752 1044 840 1098 sed
861 1059 979 1096 caro
1002 1041 1207 1107 inﬁrma
1227 1036 1435 1109 (Matth.
1457 1033 1547 1088 26.
1571 1032 1659 1087 40.
1682 1042 1727 1084 et
1753 1029 1917 1083 Marc.

347 1138 433 1192 14.
455 1137 568 1208 ‘57).
600 1135 666 1190 Et
692 1136 742 1188 in
768 1134 871 1190 alio
896 1133 1012 1187 loco
1041 1131 1301 1199 Propheta
1328 1127 1572 1181 decantat
1595 1141 1608 1176 :
1636 1122 1806 1176 Media
1827 1136 1918 1173 no-

344 1239 430 1282 cte.
452 1229 746 1296 surgebam,
777 1235 830 1278 ut
856 1225 1118 1290 conﬁterer
1143 1211 1232 1274 tibi
1255 1262 1269 1285 ,
1297 1234 1447 1288 super
1474 1217 1674 1286 judicia
1707 1213 1923 1280 iustitia:

347 1331 445 1374 tuae
470 1319 488 1390 (
515 1317 657 1372 Psal.
689 1317 810 1372 118.
844 1315 912 1370 62
934 1315 971 1386 ).
1007 1313 1286 1368 Dominum
1315 1322 1525 1380 quoque
1554 1307 1605 1361 in
1638 1303 1918 1372 Evangelia

347 1413 569 1484 legimus
616 1420 952 1480 pernoctasse
975 1449 990 1473 ,
1038 1417 1093 1463 et
1132 1405 1416 1475 Apostolus
1453 1403 1663 1457 clausos
1703 1411 1919 1453 carcere

347 1515 454 1558 tota
484 1511 638 1557 nocte
665 1502 931 1570 vigilasse,
961 1507 1018 1552 ut
1043 1498 1143 1551 illis
1174 1490 1604 1565 psallentibus(a)
1624 1499 1760 1543 terra
1784 1502 1918 1556 qua-

347 1604 545 1650 teretur
567 1635 582 1660 ,
610 1603 790 1648 custos
821 1591 1048 1646 carceris
1074 1589 1352 1650 crederet,
1396 1584 1732 1652 magistratus
1757 1591 1809 1634 et
1835 1578 1918 1632 ci—

345 1686 484 1740 vitas
510 1692 855 1739 terrerentur.
887 1678 1144 1750 Loquitur
1170 1677 1359 1731 Paulus
1383 1691 1396 1726 :
1422 1672 1653 1727 Orationi
1681 1670 1915 1733 insistite,

345 1777 608 1847 vigilantes
633 1776 689 1828 in
716 1791 773 1828 ea
794 1772 1010 1846 (Coloss.
1034 1772 1086 1825 4.
1113 1768 1190 1839 2).
1218 1769 1283 1822 Et
1307 1768 1358 1820 in
1389 1766 1494 1837 alio
1520 1765 1636 1818 loco
1660 1781 1673 1817 :
1703 1761 1766 1816 In
1794 1761 1922 1830 vigi-

347 1869 428 1921 liis
453 1869 735 1938 frequenter
756 1864 775 1937 (
795 1865 850 1918 9..
880 1863 998 1918 Cor.
1031 1863 1116 1916 ll.
1146 1860 1215 1914 27
1305 1859 1541 1914 Dormiat
1569 1856 1746 1923 itaque
1773 1851 1918 1920 Vigi-

347 1957 537 2010 lantins
560 1996 575 2021 ,
605 1965 658 2012 et
694 1956 762 2010 ab
798 1954 1209 2009 exterminatore
1244 1948 1460 2020 Egypti
1495 1962 1614 2001 cum
1656 1943 1920 2014 Egyptiis

344 2047 615 2101 dormiens
653 2045 956 2101 suffocetnr.
989 2043 1096 2098 Nos
1125 2042 1364 2096 dicamus
1397 2053 1517 2093 cum
1559 2034 1724 2092 David
1753 2053 1766 2089 :
1799 2031 1921 2087 Non

346 2138 658 2204 dormitabit,
685 2153 843 2206 neque
866 2135 1101 2197 dormiet,
1125 2133 1208 2202 qui
1229 2130 1445 2185 custodit
1470 2127 1633 2182 Israel
1649 2125 1765 2197 (l’s.
1796 2123 1918 2178 120.

344 2229 434 2301 4);
465 2238 521 2282 ιιι
543 2229 718 2282 veniat
744 2227 811 2280 ad
841 2241 938 2280 nos
966 2232 1200 2287 sanctus,
1223 2230 1277 2276 et
1300 2237 1408 2284 Αιιι,
1429 2219 1518 2288 qui
1545 2218 1923 2284 interpretatur

344 2324 466 2393 vigil
484 2321 643 2394 (Dan.
663 2321 721 2375 4.
750 2318 856 2390 l0).
883 2318 950 2371 Et
969 2317 1014 2370 si
1035 2314 1244 2385 quando
1265 2321 1480 2382 propter
1503 2319 1713 2380 peccata
1741 2317 1920 2362 nostra

343 2412 649 2475 dormierit,
675 2410 912 2464 dicamus
939 2406 1004 2460 ad
1036 2421 1156 2460 eum
1188 2423 1201 2458 :
1231 2403 1469 2473 Exurge,
1496 2402 1616 2470 quid
1643 2400 1883 2454 dormitas
1902 2439 1918 2464 ,

345 2503 564 2556 Domine
589 2501 800 2570 (Matth.
831 2499 885 2553 8.
911 2496 1037 2567 25)?
1062 2495 1457 2562 excitemusque
1487 2493 1660 2556 illum,
1694 2499 1746 2544 et
1777 2490 1923 2542 navi-

344 2597 463 2650 cula
488 2595 792 2657 ﬂuctuante,
823 2590 1114 2646 clamemus
1143 2605 1158 2641 :
1188 2586 1450 2657 Magister,
1483 2583 1653 2639 salvos
1679 2599 1770 2636 nos
1796 2585 1878 2652 [ac
1901 2621 1918 2648 ,

347 2687 589 2755 perimus.

417 2778 472 2832 4.
513 2776 670 2830 Plura
695 2774 897 2829 dictare
923 2772 1218 2838 volueram,
1247 2770 1292 2824 si
1321 2784 1426 2825 non
1457 2767 1769 2839 Epistolarts
1796 2766 1920 2820 bre-

344 2870 480 2924 vitas
527 2867 778 2936 pudorem
820 2865 974 2920 nobis
1002 2863 1207 2918 tacendi
1237 2863 1534 2929 imponeret
1563 2880 1578 2915 :
1607 2871 1661 2914 et
1692 2860 1735 2914 si
1768 2867 1822 2911 tu
1853 2857 1919 2910 li-

344 2960 560 3012 brorum
590 2957 756 3026 ipsius
781 2955 844 3009 ad
873 2970 968 3009 nos
993 2955 1253 3008 voluisses
1285 2952 1494 3006 mittere
1515 2949 1837 3013 cantilenas,
1866 2957 1924 3000 nt

344 3051 481 3105 scire
512 3062 788 3117 possemus
827 3045 894 3100 ad
924 3061 1042 3113 quae
1067 3044 1162 3118 [aL
1191 3061 1252 3099 ea
1276 3041 1408 3116 qua]
1437 3043 1728 3096 rescribere
1751 3039 1920 3094 debe-

346 3157 543 3196 remus.
575 3140 721 3194 Nunc
750 3147 927 3192 autem
956 3152 1135 3191 aerem
1169 3134 1582 3194 verberavimus,
1600 3141 1654 3188 et
1681 3147 1785 3185 non
1813 3139 1922 3184 tam

347 3233 486 3286 illius
510 3230 894 3292 inﬁdelitatem,
918 3243 1035 3298 qua:
1056 3227 1300 3281 onmibus
1323 3233 1486 3294 patet,
1509 3239 1666 3292 quam
1687 3232 1921 3276 nostratn

348 3323 503 3377 ﬁdem
523 3322 844 3391 aperuimus.
870 3318 1131 3373 Craterum
1159 3317 1202 3370 si
1233 3315 1482 3378 Vulneris,
1508 3314 1800 3382 longiorem
1824 3326 1924 3366 nos

347 3414 626 3468 adversum
654 3428 774 3466 eum
805 3411 995 3464 librum
1021 3408 1272 3470 scribere,
1304 3407 1452 3459 mitte
1479 3405 1676 3458 menius
1704 3402 1845 3456 illius
1869 3411 1924 3456 et.

350 3507 589 3576 ineptias,
617 3515 670 3558 ut
698 3505 958 3559 Joannem
986 3501 1276 3569 Baptistam
1301 3498 1480 3551 aniliat
1501 3496 1878 3566 praedicantem
1906 3511 1920 3547 :

348 3596 467 3648 Jam
491 3597 676 3650 securis
697 3595 763 3648 ad
787 3595 981 3647 radices
1008 3593 1241 3645 arborum
1263 3591 1430 3660 posita
1445 3599 1536 3644 est.
1560 3588 1736 3643 Omnis
1751 3586 1922 3651 arbor,

348 3707 461 3760 qua:
487 3708 586 3743 non
615 3679 733 3758 [irrit
763 3691 979 3759 fructum
996 3683 1070 3757 (b)
1089 3685 1290 3748 bonum,
1318 3681 1591 3748 excidetur,
1613 3689 1659 3734 et
1683 3680 1735 3733 in
1760 3680 1926 3748 ignem

352 3783 567 3834 mittetur
594 3779 752 3852 (Ibid.
783 3780 835 3833 3.
868 3775 978 3848 10).

699 3891 862 3963 729
935 3885 1266 3944 EPISTULA
1304 3883 1398 3940 cx
1418 3882 1520 3952 (cl.

750 3994 1024 4036 AUGUSTlNl
1061 3993 1129 4032 ΑΒ
1166 3989 1530 4030 ΠΙΕΒΟΝἹΙυΙο

358 4097 721 4166 Hieronymum
755 4093 930 4148 litteris
961 4091 1067 4146 suis
1096 4088 1330 4143 nonnihil
1358 4085 1608 4154 o/fensum
1646 4084 1931 4139 demulcere

423 4190 588 4243 studet
619 4189 952 4259 Augustinus.
986 4183 1286 4254 Apologiant
1310 4181 1450 4235 illius
1475 4190 1651 4234 contra
1674 4178 1930 4248 Ruﬁnum

424 4284 678 4350 accepisse
728 4297 780 4335 se
820 4289 1047 4343 testatur,
1101 4275 1375 4346 deplorans
1419 4283 1584 4328 tantos
1626 4272 1756 4324 inter
1798 4271 1931 4324 uiros

424 4377 678 4442 quondam
716 4373 1046 4427 amicissimos
1089 4381 1192 4424 tam
1229 4369 1599 4424 amarulentam
1625 4365 1930 4420 discordium

428 4471 678 4523 incidisse.

431 4579 656 4633 Domino
685 4575 1007 4640 venarando,
1031 4583 1085 4628 et
1108 4571 1562 4628 desideratissimo
1603 4568 1752 4624 fratri
1787 4583 1935 4622 com-

357 4670 672 4738 presbytero
689 4666 1015 4724 “IERONYIO,
1035 4664 1361 4729 Ancus'rmus
1381 4663 1430 4713 in
1448 4660 1669 4714 Domino
1684 4659 1931 4712 salutem.

432 4779 488 4832 1.
546 4795 570 4829 ‹
624 4775 876 4842 Quamvis
918 4773 1215 4826 exiSIimem
1266 4781 1549 4838 antequam
1601 4769 1698 4823 ista
1748 4783 1932 4822 sume-

360 4885 468 4932 res,
495 4866 710 4921 venisse
758 4865 808 4918 in
843 4876 1030 4916 manus
1071 4871 1186 4914 tuas
1235 4861 1438 4913 litteras
1488 4873 1654 4920 meas.
1685 4872 1818 4926 quas
1841 4873 1935 4924 per

365 4964 454 5015 Dei
503 4973 738 5022 servum,
787 4957 950 5009 lilium
997 4961 1231 5006 nostram
1277 4950 1600 5021 Cyprianum
1646 4948 1932 5000 Diaennum

363 5052 504 5115 misi,
553 5049 744 5119 quilms
771 5045 1069 5101 certissime
1112 5057 1430 5113 agnosceres
1458 5053 1628 5092 meam
1658 5053 1781 5093 esse
1821 5037 1936 5104 epi-

360 5145 574 5204 stolam,
627 5140 779 5208 cujus
815 5135 1138 5205 exemplaria
1188 5135 1312 5188 illuc.
1361 5132 1667 5202 pervenisse
1713 5128 1806 5201 [al.
1853 5145 1938 5181 ve-

363 5232 521 5304 uisse]
547 5228 979 5296 comniemorasti
1005 5242 1019 5288 ;
1052 5226 1193 5279 unde
1213 5225 1322 5294 jam
1364 5241 1448 5277 me
1483 5223 1714 5276 arbitror
1744 5219 1936 5275 rescri-

363 5327 464 5394 ptis
495 5324 620 5384 tuis,
651 5320 793 5374 velut
824 5316 1103 5372 Entellinis
1131 5317 1211 5388 (d)
1243 5316 1490 5385 gravibus
1527 5323 1688 5383 atque
1724 5310 1936 5366 acribus

423 5459 441 5520 ζ
461 5460 494 5520 ί)
531 5456 710 5520 lterum
737 5453 826 5502 Ms.
849 5450 1120 5520 Bonopien.
1147 5456 1393 5520 tota_terra
1410 5454 1702 5512 quateretur.
1752 5452 1760 5459 '

427 5506 498 5582 (h’)
535 5515 878 5582 Supplevimus
901 5525 961 5560 ex
987 5511 1214 5566 Victoria,
1240 5506 1432 5571 bonum,
1455 5523 1600 5573 quam
1625 5521 1792 5560 vocem
1812 5506 1935 5558 Vul-

363 5573 442 5642 gai
461 5573 789 5644 i'prasl‘e'rtLet
812 5573 1014 5644 (ira-cus.
1029 5587 1160 5634 καρπὸν
1183 5585 1309 5644 suis»:

425 5633 513 5704 (cf
530 5639 659 5704 gilius
680 5633 974 5704 ξξὸηδςζίριη
997 5633 1087 5704 hoc
1108 5646 1188 5681 an.
1214 5633 1321 5704 «illi.

429 5690 502 5764 (tl)
525 5698 836 5750 Benedictini
853 5690 990 5758 juxta
1010 5703 1209 5764 veteres
1227 5696 1483 5764 editimes,
1501 5690 1770 5764 glandibus,
1792 5704 1936 5764 quam

365 5752 624 5814 lectionem
650 5775 712 5810 ex
741 5773 801 5809 eo
821 5752 1081 5818 utcumque
1108 5756 1309 5816 probare
1337 5752 1760 5861 lminisgent,(‘uod
1785 5752 1938 5816 ptum.

365 5826 473 5861 Imp
497 5825 670 5861 alimus!
696 5820 900 5861 glandes
929 5826 1099 5861 essent
1121 5817 1168 5861 in
1193 5818 1436 5861 caestibus-
1460 5829 1653 5861 auemat
1672 5815 1862 5861 modum
1885 5815 1932 5861 in

363 5826 473 5873 lies:
496 5825 676 5885 aliquot
696 5820 906 5885 glandes
929 5815 1168 5885 essentia
1193 5815 1436 5885 aestibus,
1460 5815 1862 5885 quematlmtxlum
1885 5815 1932 5885 in

366 5886 462 5936 illis
496 5875 725 5946 Ειιίθιιίξ
741 5883 824 5946 qui
855 5879 1046 5944 pltunbo
1067 5879 1116 5930 in
1141 5884 1262 5939 suto,
1296 5875 1518 5941 ferroque
1552 5875 1782 5940 rigebant.
1811 5876 1932 5926 Vide

1756 450 2082 510 FPISTOLA
2121 453 2236 510 cx.
2270 425 2276 430 ”

2029 567 2280 622 ctestibus
2329 566 2570 638 (Eneid.
2624 565 2708 640 ν).
2750 578 2998 639 tanquam
3051 569 3306 626 audacem
3349 570 3595 626 Daretem

2023 658 2252 726 crepisse
2277 658 2475 728 pulsari
2502 668 2660 726 atque
2686 661 2928 714 versari:
2964 676 3102 716 nunc
3137 673 3316 717 tamen
3359 663 3439 718 eis
3466 661 3596 732 ipsis

2025 749 2358 818 reSpondebo
2388 748 2578 803 litteris
2620 750 2746 812 tuis,
2790 765 2922 818 quas
2965 752 3093 806 mihi
3124 769 3218 822 per
3256 761 3498 808 sanctum
3529 751 3596 806 ﬁ-

2027 839 2152 892 lium
2186 848 2425 893 nostrum
2459 839 2726 892 Asterium
2764 839 2873 906 jam
2908 838 3002 911 [aL
3048 843 3198 896 abest
3217 841 3350 914 jam]
3388 843 3600 896 mittere

2024 930 2268 998 dignatus
2293 946 2372 993 es,
2403 930 2454 983 in
2484 929 2680 999 quibus
2709 928 2872 982 multa
2912 929 2964 1008 in
2995 945 3080 984 me
3104 933 3340 1001 comperi
3367 942 3470 986 tua:
3500 931 3599 986 be-

2025 1019 2483 1073 nevolentissimze
2513 1017 2778 1082 caritatis,
2801 1025 2855 1071 et
2883 1032 3071 1071 rursus
3101 1019 3344 1086 quredam
3372 1019 3602 1074 nonnul-

2026 1111 2127 1164 lius
2157 1111 2234 1180 (e)
2277 1127 2306 1164 a
2363 1127 2450 1166 me
2503 1122 2607 1165 tute
2664 1110 2974 1165 oli‘ensionis
3024 1109 3239 1165 indicia.
3288 1112 3470 1181 Itaque
3509 1111 3600 1166 ubi

2024 1203 2301 1256 mulcebar
2330 1201 2532 1271 legens,
2557 1202 2626 1256 ibi
2649 1203 2903 1256 continuo
2927 1200 3156 1256 feriebar
3180 1222 3194 1258 :
3226 1201 3329 1258 hoc
3357 1218 3484 1258 sane
3513 1204 3602 1258 vel

2023 1294 2252 1346 maxime
2281 1291 2574 1354 admirans,
2602 1292 2743 1361 quod
2786 1307 2908 1347 cum
2939 1301 2989 1346 te
3016 1291 3165 1347 dicas
3208 1293 3603 1359 exemplaribus

2023 1382 2316 1434 litterarum
2348 1395 2586 1435 mearum
2633 1382 2757 1436 ideo
2801 1399 2906 1436 non
2951 1391 3154 1437 temere
3185 1384 3456 1454 potavisse
3483 1399 3602 1439 cre-

2021 1470 2278 1535 dendum,
2309 1485 2376 1524 ne
2398 1469 2560 1538 forte,
2587 1480 2640 1526 te
2661 1472 3042 1542 respondente,
3074 1472 3234 1528 laesus
3259 1474 3406 1544 juste
3432 1489 3602 1543 expo-

2022 1563 2297 1625 stularem,
2331 1561 2474 1630 quod
2503 1561 2732 1630 probare
2775 1573 2902 1617 ante
2927 1563 3227 1628 debuisses,
3272 1579 3450 1618 meum
3481 1581 3603 1619 esse

2022 1667 2350 1714 sermonem,
2379 1660 2434 1706 et
2475 1652 2553 1706 sic
2584 1652 2918 1718 rescribere;
2947 1662 3131 1722 postea
3166 1653 3380 1722 iubeas,
3409 1653 3455 1708 si
3485 1669 3606 1709 mea

2022 1753 2105 1798 est
2130 1743 2371 1811 epistola,
2404 1752 2587 1812 aperte
2629 1758 2716 1796 me
2757 1743 3014 1807 scribere,
3059 1751 3150 1797 aut
3176 1743 3387 1798 mittere
3413 1758 3602 1799 exem-

2024 1836 2188 1906 plaria
2221 1835 2448 1899 veriora,
2488 1845 2545 1889 ιιι
2582 1835 2782 1904 absque
2816 1835 2928 1889 ullo
2957 1849 3182 1890 rancore
3221 1835 3504 1897 stomachi,
3548 1835 3605 1890 in

2023 1927 2416 1996 Scripturarum
2438 1924 2797 1994 disputatione
2820 1939 3115 1979 versemur.
3143 1925 3260 1994 Quo
3284 1936 3439 1995 pacto
3458 1925 3608 1980 enim

2025 2032 2309 2088 possumus
2355 2018 2406 2070 in
2439 2016 2539 2072 hac
2563 2015 2925 2084 disputatione
2962 2015 3082 2070 sine
3125 2032 3350 2072 rancore
3377 2018 3602 2082 versari,

2024 2113 2069 2167 si
2099 2127 2186 2167 me
2209 2109 2406 2165 laedere
2431 2108 2629 2180 paras?
2659 2117 2749 2162 aut
2773 2108 2820 2162 si
2848 2123 2954 2162 non
2974 2122 3156 2178 paras,
3185 2109 3455 2178 quomodo
3480 2124 3614 2180 ego,

2026 2214 2078 2259 te
2117 2219 2224 2258 non
2262 2202 2491 2257 laedente
2515 2241 2530 2264 ,
2558 2199 2657 2256 abs
2697 2208 2751 2256 te
2806 2200 2967 2254 laesus
3015 2199 3164 2269 justo
3206 2201 3604 2268 expostularem

2024 2297 2184 2368 73o
2255 2293 2396 2365 quod
2425 2293 2652 2362 probare
2679 2301 2802 2347 ante
2823 2290 3105 2346 debuisses
3131 2305 3310 2346 meum
3338 2305 3458 2346 esse
3485 2305 3603 2344 sero

2025 2403 2257 2448 tnonem,
2289 2395 2345 2440 et
2378 2385 2456 2439 sic
2486 2383 2554 2455 (1)
2584 2382 2905 2450 rescribere,
2935 2383 3038 2438 hoc
3079 2392 3242 2439 estet
3269 2383 3349 2438 sic
3373 2383 3605 2439 laedere?

2023 2480 2133 2536 Nisi
2159 2481 2304 2535 enim
2327 2475 2675 2532 rescribendo
2703 2477 2958 2542 laesisses,
2983 2489 3083 2545 ego
3102 2475 3244 2545 juste
3263 2475 3618 2545 expostulare

2025 2589 2131 2627 non
2171 2587 2407 2641 possem.
2447 2569 2684 2625 Proinde
2728 2584 2850 2624 cum
2899 2569 2969 2623 ita
2999 2569 3270 2634 rescribis,
3313 2576 3374 2624 ut
3415 2569 3602 2635 lzedas,

2024 2667 2145 2734 quis
2169 2664 2316 2716 locus
2343 2663 2496 2716 nobis
2534 2662 2852 2732 relinquitur
2884 2661 2935 2714 in
2963 2660 3324 2730 disputatione
3359 2659 3603 2731 Scriptu-

2024 2770 2202 2809 rarum
2229 2752 2347 2808 sine
2376 2753 2487 2807 ullo
2510 2766 2737 2806 rancore
2764 2750 3048 2806 versandi?
3074 2751 3184 2821 Ego
3219 2750 3433 2821 quidem
3463 2751 3606 2806 absit

2025 2856 2082 2900 ut
2118 2845 2298 2908 laedar,
2329 2844 2374 2898 si
2421 2843 2552 2898 mihi
2579 2853 2726 2898 certa
2771 2843 2981 2897 ratione
3005 2841 3241 2897 volueris
3285 2850 3342 2897 et
3365 2843 3604 2913 potueris

2024 2935 2394 2991 demonstrare
2442 2934 2571 2988 illud
2618 2950 2684 2988 ex
2739 2933 2967 3004 epistola
3021 2933 3289 3003 Apostoli,
3346 2932 3433 2986 vel
3474 2933 3621 3002 quid.

2024 3028 2167 3084 aliud
2200 3028 2598 3097 Scripturarum
2623 3033 2932 3080 sanctarum
2961 3033 3014 3079 te
3044 3023 3618 3086 verius-intellexisse,,

2025 3136 2183 3190 quam
2229 3134 2314 3173 me
2342 3137 2356 3172 :
2385 3119 2496 3172 imo
2522 3131 2653 3172 vero
2695 3116 2854 3179 absit,
2902 3123 2961 3169 ut
2998 3129 3104 3168 non
3151 3128 3273 3169 cum
3313 3114 3602 3184 gratiarum

2024 3213 2234 3267 actione
2276 3209 2440 3266 lucris
2485 3208 2620 3262 meis
2660 3205 2954 3276 deputemy
2977 3220 3027 3259 St
3066 3217 3250 3260 rusno-
3278 3219 3355 3260 ru.
3378 3203 3606 3260 docento

2025 3304 2339 3366 instructus,
2371 3308 2462 3354 aut
2490 3296 2809 3354 emendante
2835 3303 3124 3350 correctus.

2096 3393 2150 3447 2.
2188 3411 2207 3445 ι
2233 3393 2613 3446 Verumtamen
2638 3396 2716 3454 tu,
2740 3385 2873 3442 mihi
2893 3385 3060 3440 frater
3081 3384 3382 3452 carissime,
3413 3383 3518 3439 nisi
3551 3395 3602 3438 te

2027 3495 2241 3554 putares
2281 3483 2467 3536 laesum
2498 3479 2713 3546 scriptis
2752 3477 2909 3542 meis,
2953 3491 3059 3531 non
3103 3491 3190 3530 me
3235 3483 3453 3545 putares
3480 3474 3603 3529 laedi

2029 3589 2186 3644 posse
2203 3573 2476 3641 rescriptis
2507 3571 2628 3624 tuis.
2655 3568 2810 3622 Nullo
2839 3567 2985 3621 enim
3014 3565 3174 3620 modo
3199 3564 3250 3618 id
3269 3565 3335 3618 de
3353 3572 3405 3617 te
3425 3565 3605 3632 opina-

2030 3674 2115 3718 tus
2132 3664 2304 3728 fuero,
2322 3661 2463 3730 quod
2482 3670 2534 3713 te
2554 3673 2658 3713 non
2677 3657 2752 3727 (g)
2772 3655 3050 3710 arbitraris
3069 3655 3254 3708 lzesum
3269 3653 3407 3707 sisic
3428 3661 3603 3706 tamen

2029 3753 2282 3808 rescribis
2312 3760 2368 3804 ut
2392 3750 2575 3804 laedas.
2607 3750 2713 3802 Aut
2738 3746 2785 3800 si
2815 3754 2867 3799 te
2896 3759 3001 3797 non
3030 3743 3106 3797 sic
3129 3742 3482 3807 rescribente,
3503 3757 3606 3811 ego

2033 3852 2250 3913 propter
2275 3841 2495 3895 nimiam
2521 3836 2803 3892 stultitiam
2836 3849 3010 3889 meam
3044 3832 3164 3887 lzedi
3192 3847 3350 3902 posse
3394 3840 3610 3902 putatus

2032 3949 2172 3994 sum,
2199 3932 2301 3986 hoc
2323 3931 2439 4000 ipso
2477 3927 2662 3983 laesisti
2688 3927 2864 3996 plane,
2895 3923 3040 3994 quod
3070 3922 3138 3979 de
3159 3937 3246 3978 me
3269 3923 3340 3977 ita
3367 3921 3604 3976 sensisti.

2033 4057 2155 4108 quas
2174 4050 2406 4108 aestuum
2423 4041 2640 4108 picturas,
2655 4037 2735 4108 vel
2755 4051 2818 4088 ex
2838 4033 3291 4108 sepu_lc_r_orum,.vel
3310 4046 3372 4108 e_x
3391 4045 3609 4108 gnemma-

2033 4093 2141 4156 tum
2165 4093 2469 4166 antiquarunt
2490 4101 2753 4166 sculpturis
2776 4093 2978 4166 exhibet
3000 4096 3304 4166 Mercurialis
3322 4093 3611 4166 de'Gymua-

2034 4155 2152 4218 stica
2177 4167 2262 4215 lib.
2283 4155 2333 4214 ὲ.
2348 4165 2413 4215 At
2427 4155 2730 4212 Martianaeus
2743 4158 3007 4222 grandibus
3030 4156 3224 4222 legit,et
3243 4157 3301 4205 ad
3324 4155 3434 4205 libri
3453 4155 3607 4222 brain,

2035 4238 2134 4279 Non
2158 4231 2306 4292 legas,
2331 4226 2514 4292 inquit,
2639 4219 2916 4292 glandibus.
2943 4220 3079 4292 Quod
3104 4227 3156 4292 ut
3179 4220 3312 4292 bene
3333 4219 3608 4292 monuerit,

2035 4299 2174 4339 certe
2193 4280 2600 4350 grandesllntelli
2622 4280 2798 4350 (Egestas
2821 4281 3132 4350 vocari__baud
3153 4280 3445 4350 potuissent,
3461 4291 3612 4340 quan-

2035 4354 2099 4400 do
2120 4338 2287 4399 ιιιιᾶοι
2305 4359 2382 4410 est
2393 4347 2631 4410 Virgilius
2653 4347 2737 4394 lib.
2756 4343 2827 4410 V._
2843 4344 3129 4410 grandiores
3151 4338 3278 4410 illos,
3303 4338 3611 4410 quibus—acer

2036 4421 2171 4474 Erga:
2189 4412 2239 4459 in
2260 4408 2430 4474 prtulia
2453 4401 2630 4464 suetus,
2649 4413 2765 4464 etc.,
2788 4401 3065 4455 ab'Entello
3084 4401 3332 4461 remissos,
3354 4401 3484 4464 quod
3500 4412 3610 4449 cum

2038 4472 2348 4534 iis’eongredi
2374 4472 2800 4534 Daresrecusaret
2827 4479 2839 4513 :
3040 4529 3050 4534 _
3091 4521 3121 4534 η

2160 4522 2369 4583 εἴδαιιιδ
2394 4530 2599 4593 anchisa
2618 4534 2791 4577 aestus
2806 4533 2946 4593 pater
2966 4522 3140 4593 extulit
3163 4529 3390 4593 ᾼβρυοβ,

2160 4601 2215 4644 Et
2239 4601 2491 4642 PARIBUS
2513 4590 2696 4644 palmas
2718 4586 2966 4637 amborum
2986 4586 3203 4633 iiutexut't
3223 4586 3390 4632 armis.

2036 4655 2143 4705 Non
2168 4655 2286 4703 itlud
2309 4645 2564 4714 aliquando
2587 4651 2858 4714 putavinms
2879 4645 3052 4714 alludi,

2537 4701 2688 4772 ouum
2709 4701 3121 4772 multagrandine
3139 4701 3257 4772 nini?
3269 4715 3288 4752 s

2160 4773 2450 4825 fulminibus
2470 4765 2724 4832 crepitant,
2749 4765 3001 4832 siadénsis
3023 4765 3191 4815 ictibus
3205 4765 3346 4814 heros

2161 4836 2336 4884 Creber
2359 4829 2563 4893 utraque
2584 4843 2728 4893 manu
2743 4829 2932 4893 pulsat,
2951 4832 3199 4893 versatque
3223 4830 3420 4893 parete.

2039 4896 2242 4958 proinde
2273 4884 2588 4958 grandinibus
2608 4884 2762 4940 scribi
2778 4901 2871 4958 pro.
2884 4884 3138 4958 glandibus
3155 4924 3170 4944 ,
3195 4887 3301 4958 sive
3323 4884 3612 4958 grandibus,

2038 4947 2386 5017 displicuisset.
2407 4954 2684 5017 Nones-ero
2720 4947 2946 5017 grauibus
2977 4949 3172 5017 omnino
3204 4947 3470 5017 legendum
3509 4948 3614 5017 pla-

2039 5007 2128 5065 cet.
2145 5032 2206 5065 ex
2234 5015 2496 5077 Virgiliana
2518 5007 2771 5077 allusione,
2791 5013 2873 5063 ubi
2895 5023 3065 5077 graues
3087 5007 3266 5077 Eutelli
3287 5018 3479 5077 aestus,
3505 5007 3613 5077 sive

2039 5079 2164 5187 itctus
2195 5069 2564 5187 Ιιιεξευιῖιιιιιιιιιικ
2597 5083 2649 5124 et
2679 5075 2787 5136 ipse
2816 5069 3038 5123 mensoris
3059 5076 3106 5123 et
3127 5069 3250 5119 male
3269 5069 3429 5122 valens
3448 5107 3464 5132 ,
3489 5071 3612 5119 dici-

2063 5152 2135 5187 ur.
2162 5152 2192 5187 e

2063 5152 2135 5192 ur,
2162 5147 2215 5188 et

2099 5206 2197 5249 Stat
2217 5207 2328 5250 σιιΑ
2337 5205 2429 5248 VIS
2448 5195 2674 5255 Entellus,
2695 5193 2893 5259 nisuque
2913 5192 3150 5252 immotus,

2039 5268 2139 5311 tum
2168 5273 2183 5310 :

2105 5330 2210 5383 Ipse
2241 5328 2472 5383 amris,
2504 5325 2892 5383 animusque
2933 5317 2998 5383 ad
3026 5326 3208 5383 terram
3230 5316 3443 5383 pondere
3462 5320 3611 5383 vasta.

2103 5372 2172 5446 (e)
2191 5372 2344 5446 Hanc
2375 5372 2564 5443 respuit
2589 5372 2838 5446 Victorius
2860 5379 3118 5446 lectionem
3135 5416 3149 5440 ,
3174 5372 3391 5446 fecitque
3415 5387 3476 5443 ex
3501 5372 3613 5446 aliis

2042 5434 2202 5496 exi-mi
2225 5444 2423 5500 laribus,
2445 5434 2612 5491 rursus
2623 5440 2894 5490 nonnullius
2906 5440 3079 5489 anima:
3091 5434 3188 5490 tute
3205 5434 3489 5500 oﬂ'erisionjs,
3509 5442 3607 5500 etc.

2041 5506 2138 5553 Sed
2177 5493 2304 5554 illam
2339 5493 2536 5554 tuentur
2557 5502 2868 5551 Benedictini
2903 5514 3013 5550 cum
3043 5499 3183 5549 Badii
3202 5493 3391 5559 {atque
3422 5493 3610 5543 Erasini

2041 5567 2353 5622 editionibus,
2377 5579 2433 5614 ac
2466 5564 2713 5614 sexdecim
2737 5561 2850 5612 Mss.

2105 5613 2426 5690 (fivblarti'an
2457 5613 2502 5675 et
2523 5624 2594 5674 sic
2617 5622 2844 5680 scribere,
2866 5620 2994 5684 quod
3018 5627 3184 5668 tamen
3199 5617 3302 5678 ipse
3319 5614 3432 5665 olim
3450 5613 3614 5664 Victo-

2039 5691 2142 5739 rius
2164 5690 2499 5750 castigaverat.

2101 5736 2389 5814 ΘῩῙῘ-υἶίυηι
2415 5736 2684 5814 inconsulto
2714 5742 3018 5814 Erasmianos
3052 5740 3469 5814 codices‘secutus
3492 5736 3617 5814 Mat:

2040 5799 2273 5869 tiaii'aeus,
2306 5809 2432 5873 quod
2466 5815 2510 5857 te
2539 5817 2634 5856 non
2667 5802 2908 5852 arbitrans
2941 5803 3126 5862 la’sum,
3157 5801 3200 5852 si
3250 5806 3408 5850 tamen
3440 5799 3616 5850 rescri-

2042 5873 2133 5936 bis,
2155 5881 2253 5922 etc.
