4088 6336
515 468 613 526 9H

514 563 618 641 Sed
677 586 822 640 nullo
867 582 1027 638 modo
1076 591 1135 637 tu
1189 597 1294 646 me.
1317 598 1473 654 quem
1507 598 1772 655 nunquam
1801 584 1958 637 talem
1986 598 2082 671 ex-

516 686 699 745 pertus
748 691 826 738 es,
875 685 1074 730 temere
1121 675 1281 731 talem
1335 676 1604 739 crederes,
1652 678 1744 745 qui
1785 674 2080 729 litterarum

514 782 754 821 mearum
778 765 1173 833 exemplaribus
1194 767 1355 821 etiam
1383 782 1503 821 cum
1533 767 1725 839 stylum
1751 781 1928 820 meum
1956 782 2084 821 nos-

513 872 622 925 ses,
653 867 854 912 temere
881 856 1102 913 credere
1141 858 1379 912 noluisti.
1412 857 1469 914 Si
1508 858 1650 913 enim
1684 872 1786 910 non
1819 858 2085 911 immerito

514 946 594 1021 (a)
618 948 814 1012 vidisti,
838 963 924 1003 me
944 947 1088 1017 juste
1114 950 1570 1019 expostulaturum
1598 948 1781 1014 fuisse,
1807 948 1852 1003 si
1884 958 2087 1003 temere

512 1037 909 1099 crederesesse
948 1038 1152 1094 litteras
1197 1055 1364 1103 meas,
1394 1055 1515 1110 qua:
1544 1055 1650 1094 non
1693 1048 1873 1095 essent
1901 1055 2081 1096 mea):

512 1138 714 1197 quanto
737 1126 931 1196 justius
961 1129 1379 1198 expostularem,
1422 1130 1683 1199 meipsum
1711 1143 1911 1187 temere
1937 1141 2088 1201 puta-

512 1229 625 1272 tum
660 1219 840 1282 talem,
866 1220 1076 1289 qualem
1108 1236 1193 1275 me
1213 1232 1466 1290 expertus
1494 1237 1599 1276 non
1626 1232 1785 1287 esset,
1815 1223 1904 1294 qui
1939 1233 2090 1294 puta-

512 1309 721 1363 visset?
749 1308 1091 1379 Nequaquam
1133 1327 1262 1379 ergo
1301 1309 1374 1365 ita
1405 1313 1786 1379 prolabereris,
1817 1324 1874 1367 ut
1904 1322 1954 1368 te
1978 1329 2084 1369 non

517 1399 864 1466 rescribcute,
896 1416 1001 1471 qun
1031 1400 1277 1469 laederer,
1310 1419 1397 1458 me
1423 1413 1599 1459 tamen
1631 1403 1965 1460 existimares
2004 1406 2087 1459 ni-

516 1490 617 1543 mis
661 1488 1018 1558 insipientem,
1067 1490 1227 1545 etiam
1272 1492 1365 1545 tali
1408 1502 1499 1547 tuo
1540 1493 1803 1561 rescriptu
1842 1492 1961 1547 lmdi
1993 1509 2084 1564 po-

520 1581 699 1637 tuisse.

587 1673 638 1727 5.
688 1691 707 1723 ι
733 1672 929 1745 Restat
949 1674 1128 1745 igitur,
1171 1684 1228 1729 ut
1252 1675 1445 1731 lzedere
1487 1692 1573 1731 me
1603 1674 2084 1732 rescribendo'dis-

515 1776 762 1828 poneres,
813 1764 858 1817 si
896 1744 1044 1819 certo
1067 1765 1390 1821 documento
1419 1783 1564 1822 meas
1591 1783 1712 1823 esse
1740 1769 1856 1823 illas
1882 1770 2087 1843 litteras

512 1868 722 1909 nosses.
753 1855 927 1924 Atque
955 1859 1051 1921 ita,
1081 1858 1205 1928 quia
1257 1874 1362 1912 non
1392 1859 1554 1914 credo
1578 1860 1718 1930 quod
1760 1861 1957 1932 injuste
2000 1879 2086 1919 me

512 1942 813 1998 laedendum
839 1954 1078 2015 putares,
1112 1958 1356 2017 superest
1399 1958 1455 2003 ut
1495 1966 1780 2020 agnoscam
1810 1965 2084 2024 peccatum

515 2046 713 2098 meum,
744 2034 885 2103 quod
911 2036 1059 2105 prior
1081 2045 1133 2092 te
1161 2037 1263 2092 illis
1290 2037 1481 2094 litteris
1511 2039 1761 2107 lzcserim,
1787 2058 1918 2111 quas
1940 2058 2088 2099 meas

512 2136 634 2179 esse
678 2139 874 2193 negare
905 2136 1011 2181 non
1040 2141 1280 2196 possum.
1326 2127 1433 2184 Cur
1473 2130 1651 2202 itaque
1693 2148 1861 2188 conor
1900 2146 2086 2190 contra

512 2213 743 2270 lluminis
773 2224 1020 2282 tractum,
1054 2233 1116 2273 ac
1141 2234 1244 2273 non
1287 2221 1462 2289 potius
1488 2220 1695 2276 veniam
1729 2233 1850 2292 peto
1871 2225 1895 2277 ?
1920 2226 2088 2282 Obse-

512 2320 607 2359 cro
632 2321 761 2376 ergo
788 2317 839 2361 te
864 2323 958 2376 per
988 2310 1452 2365 mansuetudinem
1476 2312 1696 2376 Christi,
1726 2323 1782 2368 ut
1806 2315 1851 2368 si
1873 2325 1923 2369 te
1948 2316 2084 2379 la-si.

511 2395 748 2449 dimittas
796 2399 945 2460 mihi,
997 2415 1096 2454 nec
1145 2415 1229 2455 me
1301 2402 1460 2474 731
1538 2404 1769 2459 vicissim
1818 2405 2084 2470 lardcndo,

503 2483 709 2541 'malum
738 2503 835 2558 pro
875 2490 1016 2545 malo
1058 2492 1269 2547 reddas.
1301 2494 1485 2549 Lardes
1523 2507 1700 2552 autem
1731 2499 1837 2564 uie,
1880 2499 1923 2553 si
1953 2502 2081 2554 mihi

512 2580 746 2633 tacueris
788 2596 1028 2636 errorem
1075 2567 1274 2649 meum,
1322 2601 1479 2654 quem
1522 2586 1660 2643 forte
1715 2590 1985 2645 inveneris
2034 2592 2086 2644 iu

513 2665 589 2737 (b)
615 2670 828 2738 scriptis
854 2672 939 2725 vel
969 2672 1019 2726 in
1046 2672 1203 2726 dictis
1244 2677 1399 2728 meis.
1434 2676 1563 2730 Nam
1607 2678 1651 2731 si
1683 2695 1744 2732 ea
1778 2680 1828 2732 in
1872 2697 1957 2734 me
1997 2697 2081 2734 rc-

515 2756 885 2825 prebcnderis,
914 2776 1032 2830 qua:
1064 2762 1501 2830 reprehendenda
1533 2782 1635 2820 non
1659 2778 1803 2832 sunt,
1836 2779 1887 2825 te
1913 2771 2086 2838 potius

516 2847 607 2920 [aL
639 2848 822 2923 magis]
850 2851 997 2906 laedis
1019 2868 1176 2921 quam
1209 2869 1293 2909 me
1329 2855 1507 2923 :quod
1544 2856 1685 2911 absit
1711 2873 1741 2912 a
1771 2860 2013 2921 moribus
2033 2869 2088 2915 et

512 2951 700 2996 sancto
741 2945 1015 3012 proposito
1067 2957 1177 3010 tuo,
1229 2956 1285 2998 ut
1335 2947 1435 3000 huc
1466 2947 1630 3004 facias
1677 2950 1950 3007 voluntate
1991 2952 2088 3007 ill!-

512 3031 693 3098 dendi,
736 3034 959 3102 culpaus
1000 3037 1051 3091 in
1082 3052 1170 3092 me
1197 3038 1396 3107 aliquid
1436 3038 1597 3095 dente
1627 3041 1910 3105 maledico,
1942 3044 2086 3114 quod

513 3132 696 3175 mente
720 3123 950 3178 veridica
971 3127 1078 3180 scis
1105 3142 1209 3180 uou
1243 3142 1362 3183 esse
1386 3129 1733 3199 eulpandum.
1758 3135 1834 3187 Ac
1867 3151 1961 3204 per
1987 3135 2089 3191 hoc

512 3217 607 3262 aut
644 3210 903 3266 benevolo
936 3216 1099 3270 corde
1138 3231 1353 3287 arguas,
1403 3221 1564 3274 etiam
1604 3223 1648 3275 si
1702 3234 1851 3278 caret
1890 3225 2089 3281 delicto

513 3313 672 3366 quem
698 3298 787 3372 [a|.
808 3302 964 3377 quod]
982 3306 1308 3374 arguendum
1334 3321 1486 3377 putas
1506 3327 1519 3361 ε
1544 3321 1634 3365 aut
1657 3322 1878 3383 paterno
1895 3315 2086 3372 affectu

512 3388 769 3455 mulceas,
807 3408 965 3460 quem
988 3395 1059 3465 (c)
1114 3398 1345 3467 abjicere
1393 3392 1649 3471 nequeas.
1698 3403 1909 3460 Porasr
1956 3424 2085 3475 sum

514 3496 676 3545 nam,
715 3491 771 3537 ut
812 3484 904 3540 tibi
950 3488 1191 3543 videatur
1231 3490 1395 3555 aliud,
1450 3509 1608 3561 quam
1659 3498 1861 3550 veritas
1899 3497 2084 3565 habet,

511 3568 638 3624 dum
672 3580 846 3627 tamen
888 3576 1051 3641 aliud,
1084 3578 1180 3633 abs
1211 3589 1263 3634 te
1289 3596 1394 3635 non
1420 3580 1530 3645 liat.
1565 3600 1724 3654 quam
1761 3587 1956 3641 caritas
1988 3588 2086 3643 ha-

509 3660 621 3717 bet.
654 3661 784 3718 Nam
812 3676 863 3720 et
900 3680 996 3736 ego
1025 3670 1401 3726 amicissimam
1444 3676 1911 3743 reprehensionem
1941 3689 2082 3734 tuam

509 3755 814 3820 gratissime
840 3759 1118 3830 accipiam,
1146 3762 1353 3818 etiamsi
1385 3766 1704 3832 reprehendi
1735 3784 1838 3823 non
1865 3772 2079 3839 meruit,

508 3843 653 3912 quod
686 3854 833 3901 recte
874 3847 1087 3903 defendi
1115 3859 1309 3921 potest.
1359 3856 1465 3909 Aut
1504 3871 1793 3926 agnoscam
1836 3861 1995 3915 simul
2034 3872 2087 3915 et

511 3937 935 3995 benevolentiam
974 3951 1139 4009 tuam,
1171 3955 1225 4001 ct
1262 3948 1472 4019 culpam
1499 3967 1672 4007 meam
1707 3970 1721 4007 :
1750 3962 1805 4009 et
1828 3966 2084 4025 quantum

511 4030 768 4087 Dominus
810 4032 992 4102 donat,
1045 4037 1097 4091 in
1146 4038 1253 4094 alio
1277 4052 1477 4109 gratus,
1526 4044 1580 4099 in
1625 4045 1734 4099 alio
1771 4047 2085 4104 emendatus

502 4135 764 4177 ιιινθιιιειιδ.

577 4214 632 4265 4.
677 4232 697 4266 ‹
729 4215 867 4284 Quid
890 4221 1063 4290 ergo?
1088 4219 1313 4280 fortasse
1341 4226 1496 4291 dura,
1538 4230 1629 4285 sed
1667 4241 1816 4288 certe
1842 4234 2075 4291 salubria

415 4339 426 4347 .
503 4302 666 4358 verba
699 4313 783 4359 tua
815 4315 1063 4379 tanquam
1083 4325 1278 4369 caestus
1310 4316 1501 4374 Entelli
1531 4322 1930 4388 pertimescam.
1967 4328 2083 4381 Ca:-

506 4394 733 4451 debatur
761 4397 868 4457 ille.
901 4416 1004 4454 non
1032 4405 1337 4470 curabatur,
1367 4417 1423 4463 et
1460 4409 1581 4464 ideo
1610 4413 1941 4480 vincebatur,
1974 4433 2077 4472 nun

502 4489 809 4551 sanabatur.
843 4491 958 4563 Ego
985 4504 1165 4551 autem
1204 4497 1251 4553 si
1278 4500 1647 4558 medicinalem
1681 4508 2076 4575 correptionem

436 4582 441 4585 ‘
508 4588 647 4634 tuam
690 4585 1008 4653 tranquillus
1033 4601 1312 4658 accepero,
1344 4608 1448 4648 non
1492 4593 1707 4652 dolebo.
1754 4597 1810 4653 Si
1841 4616 1972 4655 vero
1999 4602 2080 4655 in-

501 4667 826 4744 iirmitas(d)
848 4674 930 4730 vel
961 4675 1214 4744 humana,
1247 4680 1329 4737 vel
1355 4698 1474 4740 mea
1517 4688 1679 4741 etiam
1722 4702 1844 4743 cum
1872 4693 2077 4746 veraci-

504 4771 588 4816 ter
612 4765 873 4832 arguitur,
924 4784 1031 4822 non
1063 4780 1240 4839 potest
1270 4790 1373 4829 non
1405 4775 1498 4851 [al.
1540 4778 1659 4851 nisi]
1688 4780 2075 4851 aliquantulum

502 4854 810 4908 contristari
836 4871 852 4920 ;
883 4858 1073 4913 melius
1096 4871 1272 4916 tumor
1289 4867 1481 4934 capitis
1500 4868 1666 4935 dolet,
1689 4870 1815 4925 dum
1836 4882 2072 4939 curatur,

503 4959 663 5011 quam
695 4945 822 5000 dum
864 4952 912 5002 ei
942 4955 1198 5018 parcitur;
1229 4955 1303 5027 (e)
1331 4965 1387 5011 et
1434 4974 1537 5013 non
1569 4973 1807 5017 sanatur.
1841 4964 1952 5019 Hoc
1993 4975 2077 5021 est

501 5033 645 5085 enim
675 5035 820 5103 quod
846 5048 1003 5093 acute
1035 5042 1186 5109 vidit,
1213 5045 1304 5113 qui
1329 5046 1484 5111 dixit,
1527 5050 1768 5107 utiliores
1811 5069 1931 5109 esse
1955 5055 2069 5123 ple‘

503 5137 731 5192 rumque
775 5122 1021 5182 inimicos
1060 5132 1428 5202 obiurgantes,
1458 5153 1616 5205 quam
1663 5141 1864 5195 amicas
1889 5122 2074 5213 objur-

503 5228 633 5281 gare
674 5227 990 5271 metuentes.
1034 5220 1113 5273 llli
1139 5224 1281 5277 enim
1308 5225 1435 5279 dum
1475 5227 1939 5291 rixantur.dicunt
1975 5237 2075 5292 ali-

500 5298 716 5372 quando
743 5321 886 5374 vera,
917 5324 1036 5379 qua:
1074 5314 1403 5383 corrigamus
1433 5333 1447 5369 :
1476 5318 1561 5372 isti
1589 5329 1768 5376 autem
1812 5325 2071 5383 minorem

583 5438 635 5518 (ἐξ
669 5438 1026 5518 Yictoriusprg
1047 5442 1223 5518 cidisti,
1249 5449 1585 5518 reponendum
1609 5452 1733 5518 vult,
1750 5454 2004 5518 iudicasti.

584 5498 634 5577 lg}
663 5501 805 5577 Apud
837 5498 1180 5577 Benedictinm
1197 5498 1250 5558 in
1269 5498 1429 5577 ῃὶςςξδ,
1456 5498 1542 5573 pro
1560 5498 1774 5577 Sciipiis’.

583 5563 632 5641 ξ)
666 5563 1045 5641 Μξιςιίδηηοιιῐῃ
1078 5563 1282 5620 Erasm.'
1303 5563 1511 5634 aliisque
1546 5563 2071 5641 paucisﬂeditionibus,

494 5624 643 5691 quem
664 5624 878 5691 adjicere
897 5638 1122 5691 nequeas.

673 5686 863 5765 alicubi
902 5682 1183 5765 erat,!‘ttetut
1217 5690 1429 5743 humana
1467 5708 1590 5756 utea,
1618 5702 1718 5746 tum
1753 5711 1840 5760 pro
1871 5711 2068 5765 arguor,

499 5739 1426 5821 [ﬁeriqueﬁediti‘qrguitun
1753 5739 1786 5821 Ἀ
1871 5739 2021 5765 *δ”*
2054 5752 2057 5771 θ

648 5804 1090 5887 ijenediet'inor.
1111 5814 1230 5864 edit.
1256 5816 1442 5880 absque
1464 5824 1513 5869 et
1536 5817 1723 5883 copula,
1753 5819 1870 5872 dum
1892 5820 1940 5873 ei
1958 5836 2068 5887 par-

496 5870 641 5920 catur,
664 5876 989 5917 non'sauatur.

1813 435 2054 523 δήετε
2093 463 2469 523 HIERONYMI

3662 490 3767 547 οη

2188 597 2349 650 quam
2400 595 2613 655 oportet
2661 588 2917 647 exhibent
2960 594 3183 664 iustitia:
3240 598 3542 659 libertatem
3573 647 3590 673 ,
3637 608 3767 667 dum

2189 674 2438 730 amicitia:
2468 678 2655 733 timent
2678 695 3000 751 exasperare
3032 688 3396 749 dulcedinem.
3428 695 3769 771 Quapropter

2189 773 2246 819 et
2283 765 2330 820 si
2354 765 2422 840 (Ῑ)
2450 767 2588 824 fnrte
2616 769 2734 838 bos,
2781 783 2841 829 ut
2885 777 2979 832 tibi
3022 778 3241 847 videris,
3287 783 3464 841 lassus
3491 765 3768 848 senectute

2190 858 2451 924 corporis,
2481 875 2586 913 non
2616 862 2795 931 vigore
2823 867 2984 920 animi
3019 879 3216 937 tamen,
3250 873 3301 927 in
3344 889 3467 930 area
3497 877 3764 936 dominica

2190 943 2467 1002 fructuosa
2493 948 2676 1007 labore
2703 954 2971 1012 desudans
2994 975 3009 1023 ;
3040 974 3166 1015 ecce
3191 961 3377 1018 adsum
3406 963 3503 1039 la].
3528 967 3687 1041 sum].
3719 973 3765 1027 si

2191 1037 2318 1107 quid
2366 1054 2640 1110 perperam
2678 1043 2810 1111 dixi,
2859 1046 3045 1103 fortius
3082 1051 3183 1121 fige
3222 1037 3433 1122 pedem.
3482 1057 3596 1114 Non
3637 1037 3764 1118 mihi

2191 1143 2312 1184 esse
2339 1130 2499 1187 debet
2535 1135 2816 1191 molestum
2854 1142 3063 1209 pendus
3103 1146 3275 1201 artatis
3314 1156 3437 1213 tuae,
3474 1150 3768 1210 dummodo

2191 1229 2497 1277 conteratur
2523 1225 2675 1292 palea
2696 1229 2868 1297 culpa:
2901 1247 3054 1287 mem.

2261 1309 2317 1366 5.
2363 1329 2383 1364 ι
2420 1313 2650 1371 Proinde
2692 1317 2819 1373 illud
2854 1323 2994 1391 quod
3035 1325 3087 1378 in
3113 1335 3353 1383 extremo
3385 1333 3626 1399 epistolae
3664 1344 3766 1391 tua:

2192 1399 2435 1468 posuisti,
2473 1419 2592 1459 cum
2624 1410 2800 1478 magni
2841 1413 3091 1469 desiderii
3134 1419 3365 1486 suspirio
3390 1422 3472 1476 vel
3499 1424 3639 1494 lego,
3681 1428 3765 1482 Vel

2189 1489 2390 1544 recolo.
2451 1491 2693 1559 Utinam,
2749 1499 2961 1568 inquis,
3036 1503 3195 1577 732
3267 1489 3575 1565 mererentur
3623 1489 3764 1568 com-

2191 1576 2369 1645 plexus
2393 1590 2539 1646 tuos;
2573 1596 2619 1638 et
2639 1587 2909 1643 collatione
2936 1603 3111 1647 "tutata
3140 1576 3214 1649 vel
3246 1598 3539 1656 docet-emus
3564 1603 3757 1674 aliqua,

2189 1668 2270 1720 vel
2304 1668 2629 1729 disceremus.
2664 1676 2776 1746 Ego
2802 1690 2982 1734 autem
3007 1681 3148 1748 dico,
3178 1685 3377 1741 utinam
3420 1689 3609 1745 saltem
3635 1707 3764 1762 pro-

2188 1756 2400 1827 pinquis
2452 1770 2713 1819 terrarum
2748 1767 2878 1822 locis
2924 1769 3302 1839 habiiaremus;
3336 1785 3393 1829 ut
3433 1777 3480 1832 si
3511 1794 3615 1835 non
3641 1796 3767 1850 pos-

2189 1858 2311 1901 sent
2337 1850 2544 1904 misceri
2572 1863 2752 1909 nostra
2778 1856 3066 1928 colloquia,
3090 1862 3280 1919 litterae
3306 1865 3382 1936 (g)
3409 1880 3627 1936 possent
3645 1887 3766 1929 esse

2190 1938 2508 1995 crebriores.
2548 1942 2704 1998 Nunc
2733 1962 2860 2000 vero
2897 1956 3049 2004 tanto
3078 1952 3320 2009 locorum
3358 1956 3648 2014 intervallo
3673 1962 3767 2018 ab.

2190 2039 2372 2081 sumus
2400 2044 2429 2081 a
2456 2034 2701 2086 sensibus
2733 2039 2952 2100 nostris,
2996 2047 3054 2093 ut
3089 2040 3160 2095 de
3189 2042 3295 2098 illis
3318 2047 3498 2101 verbis
3522 2049 3765 2117 Apostoli

2189 2117 2255 2170 ad
2309 2119 2541 2185 Galatas,
2584 2123 2662 2193 (Ii)
2690 2124 2939 2193 juvenem
2990 2145 3078 2185 me
3124 2132 3190 2186 ad
3237 2142 3380 2189 tuam
3425 2139 3764 2197 sanctitatem

2189 2210 2471 2277 seripsisse
2511 2214 2880 2277 meminerim;
2935 2227 2990 2272 et
3018 2235 3145 2275 ecce
3168 2221 3278 2291 jam
3316 2240 3502 2290 senex,
3538 2230 3764 2284 necdum

2190 2294 2443 2362 rescripta
2485 2299 2811 2363 meruerim;
2861 2300 3176 2374 faciliusque
3217 2308 3282 2361 ad
3332 2319 3383 2364 te
3435 2315 3765 2382 exemplaria

2189 2384 2429 2449 epistola:
2483 2401 2616 2440 meae
2668 2394 3044 2459 pervenerint,
3094 2398 3278 2451 nescio
3332 2416 3434 2469 qna
3481 2406 3768 2461 occasione

2192 2477 2567 2543 prtcvcniente,
2592 2494 2750 2549 quam
2777 2487 2890 2551 ipsa
2920 2485 3167 2553 epistola,
3197 2505 3283 2545 me
3319 2505 3560 2549 curante.
3594 2497 3765 2551 ilumo

2189 2567 2353 2633 enim,
2382 2570 2470 2639 qui
2495 2586 2612 2625 eam
2642 2582 2764 2628 tunc
2785 2590 3087 2647 acceperat,
3122 2595 3218 2635 nec
3241 2584 3306 2636 ad
3339 2593 3390 2637 te
3425 2588 3645 2655 pertulit
3670 2606 3768 2645 nec

2189 2655 2254 2705 ad
2279 2672 2363 2711 me
2388 2659 2570 2713 retulit
2593 2658 2684 2731 [aL
2717 2667 2981 2731 pertulerit
3006 2679 3053 2720 et
3079 2671 3348 2744 retulerit].
3381 2674 3564 2729 Tanta-
3589 2689 3768 2734 autem

2192 2744 2319 2798 mihi
2347 2747 2398 2800 in
2426 2747 2619 2803 litteris
2638 2756 2777 2815 tuis.
2809 2770 2929 2825 qua:
2957 2758 3008 2811 iu
3032 2773 3222 2815 manus
3245 2772 3457 2820 nostras
3488 2771 3769 2836 pervenire

2192 2843 2503 2902 potuerunt,
2535 2854 2795 2909 apparent
2823 2859 2931 2912 res,
2963 2857 3020 2901 ut
3048 2850 3175 2904 nihil
3197 2852 3495 2911 studiorum
3522 2874 3767 2915 meorum

2191 2926 2427 2993 mallem,
2451 2929 2498 2984 si
2528 2946 2760 3001 possem,
2789 2952 2947 3007 quam
2986 2941 3247 2999 iuba-rere
3277 2946 3429 3002 lateri
3473 2958 3583 3004 tuo.
3616 2953 3768 3020 Quod

2190 3030 2292 3083 ego
2312 3019 2435 3087 quia
2457 3036 2563 3075 non
2596 3039 2835 3092 possum,
2867 3029 3102 3100 aliquem
3132 3044 3438 3092 nostrorum
3461 3039 3512 3093 in
3543 3019 3770 3098 Domino

2192 3105 2421 3163 ﬁliorum
2452 3112 2803 3170 erudiendum
2848 3120 3006 3174 nobis
3029 3120 3096 3174 ad
3141 3131 3192 3177 te
3221 3128 3434 3182 mittere
3477 3131 3676 3200 cogito,
3720 3133 3767 3187 si

2188 3200 2352 3253 etiam
2375 3201 2443 3255 de
2482 3203 2582 3259 bac
2611 3221 2670 3260 re
2717 3215 2802 3261 tua
2843 3212 3103 3281 rescripta
3133 3229 3402 3272 meruero.
3432 3217 3563 3275 Nam
3594 3238 3771 3295 neque

2192 3289 2245 3341 in
2274 3306 2359 3345 me
2389 3301 2592 3348 tantum
2629 3297 2868 3353 scientia:
2895 3301 3196 3358 divinarum
3231 3305 3633 3377 Scripturarum
3661 3289 3766 3380 est.

2189 3391 2279 3433 aut
2310 3397 2428 3437 esse
2449 3384 2559 3454 jam
2591 3392 2803 3457 poterit,
2835 3406 3090 3459 quantum
3136 3397 3312 3455 inesse
3354 3402 3446 3457 tibi
3485 3404 3669 3462 video.
3701 3409 3771 3464 Et

2191 3469 2235 3522 si
2263 3471 2387 3539 quid
2417 3472 2466 3525 in
2490 3472 2589 3529 hac
2616 3492 2673 3531 re
2705 3478 2874 3538 habeo
2903 3482 3184 3547 facultatis.
3208 3497 3496 3561 utcumque
3519 3494 3771 3565 impendo

2191 3561 2393 3629 populo
2418 3563 2531 3619 Dei.
2577 3566 2773 3623 Vacare
2812 3581 2987 3627 autem
3020 3575 3209 3630 studiis
3238 3577 3567 3648 diligentius.
3595 3561 3769 3654 quam

2190 3666 2311 3719 quae
2335 3654 2512 3722 populi
2534 3656 2757 3712 audiunt
2783 3660 3098 3729 instruendi,
3126 3677 3343 3737 pr0pter
3364 3671 3772 3732 Ecciesiasticas

2191 3745 2568 3812 occupationes
2596 3752 2815 3804 omnino
2846 3768 2949 3806 non
2983 3770 3224 3824 possum.

2260 3837 2314 3892 6.
2358 3856 2378 3889 ι
2407 3838 2598 3895 Nescio
2618 3858 2736 3911 quae
2758 3845 2953 3914 scripta
2977 3848 3230 3904 maledica
3254 3866 3417 3923 super
3436 3863 3525 3910 tuo
3551 3859 3771 3915 nomine

2190 3928 2255 3981 ad
2283 3928 2513 3984 Africam
2546 3932 2617 4008 (ξ)
2645 3945 3026 4002 pervenerunt.
3060 3939 3375 4010 Accepimus
3415 3952 3591 4000 tamen
3623 3950 3767 4015 quod

2189 4017 2435 4087 dignatus
2460 4036 2518 4075 es
2548 4023 2782 4088 mittere,
2814 4025 2916 4079 illis
2946 4030 3275 4097 respondens
3308 4033 3624 4090 maledictis.
3650 4041 3772 4105 Quo

2189 4112 2442 4179 perlecto,
2474 4112 2648 4169 fateor
2675 4118 2897 4172 multum
2926 4119 3093 4187 dolui,
3125 4121 3263 4177 inter
3292 4132 3396 4178 tam
3423 4142 3577 4183 caras
3607 4129 3769 4185 fami-

2189 4203 2456 4275 liaresque
2484 4222 2761 4275 personas,
2789 4212 2996 4265 cunctis
3036 4228 3171 4281 pene
3202 4216 3458 4272 Ecclesiis
3484 4223 3768 4277 notissimo

2186 4296 2435 4349 amicitia:
2457 4298 2670 4353 vinculo
2703 4303 2997 4371 capulatas,
3029 4314 3228 4360 tantum
3268 4310 3463 4364 malum
3492 4315 3767 4372 exstitisse

2185 4386 2486 4441 discordizc.
2543 4389 2610 4443 Et
2655 4399 2709 4444 tu
2751 4393 2964 4462 quidem
3008 4408 3266 4466 quantum
3309 4400 3401 4456 tibi
3442 4403 3762 4467 modereris.

2185 4488 2551 4549 quantumque
2593 4490 2776 4537 teneas
2819 4486 3037 4540 aculeos
3089 4488 3469 4558 indignationis
3512 4503 3647 4562 tute,
3696 4514 3765 4552 ue

2184 4567 2378 4621 reddas
2402 4569 2739 4625 maledictum
2777 4588 2873 4642 pro
2898 4575 3182 4631 maledicto
3203 4582 3332 4634 satis
3356 4580 3409 4634 in
3442 4584 3546 4636 tuis
3570 4584 3765 4641 litteris

2184 4656 2405 4713 eminet.
2460 4657 2843 4716 Verumtamen
2891 4665 2934 4717 si
2986 4680 3079 4720 eas
3126 4667 3268 4737 ipsas
3312 4685 3434 4725 cum
3484 4673 3761 4743 legissem,

2184 4748 2435 4803 eontabui
2464 4749 2669 4826 dolore,
2701 4761 2756 4806 et
2785 4754 2993 4824 obrigui
3024 4757 3216 4813 timore
3240 4775 3255 4821 ;
3284 4761 3410 4829 quid
3451 4762 3521 4818 de
3556 4780 3644 4820 me
3673 4767 3763 4822 illa

2184 4839 2440 4908 facerent,
2477 4857 2597 4913 quae
2638 4844 2688 4897 in
2718 4855 2769 4900 te
2799 4846 2889 4901 ille
2929 4849 3161 4918 scripsit,
3210 4851 3257 4907 si
3297 4854 3349 4907 in
3391 4871 3582 4912 manus
3614 4875 3765 4915 nicas

2244 5037 2311 5101 (Γ)
2340 5038 2650 5111 Benedictini
2690 5042 2811 5105 forte
2845 5044 3123 5111 adverbium
3146 5055 3441 5111 postponunt
3461 5050 3552 5103 etsi

2182 5098 2337 5184 lassus
2361 5108 2597 5184 senectute
2617 5098 2740 5164 forte
2768 5107 2999 5169 corporis.
3024 5108 3135 5157 Mox
3149 5098 3399 5161 'Vict'orius
3416 5098 3763 5184 desidant-agi

2180 5160 2284 5209 vult
2307 5174 2394 5221 pro
2413 5160 2672 5213 desudans.
2851 5160 2863 5169 ’
3254 5214 3263 5221 .

2353 5221 2506 5281 Idem,
2532 5223 2705 5274 littera
2723 5222 2890 5300 saltem
2913 5234 3098 5300 possem
3121 5242 3240 5288 esse,
3265 5240 3362 5281 etc.

2352 5283 2739 5332 Intercesserant
2771 5298 2881 5332 anm
2913 5298 3108 5332 mrmmr
3140 5291 3315 5332 ducem
3334 5326 3349 5332 -

2352 5283 2739 5358 intercesserant
2771 5289 2881 5336 anni
2913 5283 3318 5358 circiterndeeemh
3334 5326 3350 5351 ,
3388 5307 3457 5344 ex
3493 5310 3594 5358 quo
3627 5298 3759 5348 illam

2182 5343 2436 5415 epistolam
2469 5345 2516 5415 in
2550 5353 2715 5395 nostra
2750 5351 3042 5415 recensione
3077 5350 3156 5399 58.
3183 5352 3239 5400 ad
3262 5343 3613 5415 Hieronymum
3629 5343 3761 5409 ls'é'ri'l

2227 5411 2362 5475 serat.
2382 5406 2465 5476 .At
2482 5406 2715 5478 juventus
2744 5409 2870 5479 apud
2896 5418 3095 5460 veteres
3116 5423 3285 5480 quarta
3307 5421 3431 5480 aetas
3450 5406 3759 5480 habebatur,

2180 5416 2362 5510 pserat.
2398 5416 2465 5454 At
2482 5416 2715 5465 juventus
2744 5416 2870 5472 apud
2896 5418 3095 5460 veteres
3116 5423 3285 5474 quarta
3310 5421 3431 5464 aetas
3457 5418 3759 5480 habebatur,

2196 5464 2854 5545 inieris-iniptipqna‘gesimo
2881 5485 3014 5545 anno
3026 5508 3040 5530 ,
3064 5475 3140 5521 cui
3179 5476 3401 5545 proxime
3422 5481 3593 5545 senior
3614 5490 3759 5531 sexta

2180 5531 2298 5595 tetas
2320 5528 2634 5595 succedebat,
2657 5528 2815 5591 usque
2835 5532 2893 5595 ad
2912 5528 3323 5595 septuagesimum
3347 5528 3578 5588 tendens.

2242 5587 2301 5647 (2')
2339 5584 2611 5658 Μειμςξιῐῃξξς⁸
2624 5584 2946 5658 perceperint,
2972 5584 3762 5658 sigui'tlemeunquere'ntivﬂiero-

2180 5659 2322 5704 nymo
2346 5647 2492 5708 epist.
2521 5647 2780 5713 illiquod
2809 5666 2897 5702 sua
2934 5647 3193 5703 maledicta
3219 5647 3439 5707 Bullinus
3460 5647 3761 5712 adria—fricam

2181 5719 2340 5783 nsque
2385 5712 2648 5780 pervenire
2672 5711 2926 5783 fecisset,
2971 5716 3270 5783 restiondet,
3310 5717 3430 5769 nihil
3482 5722 3761 5783 huiusmodi

2181 5767 2556 5845 istliucnv’enisse
2582 5786 2597 5832 ;
2622 5785 2685 5822 ex
2710 5786 2808 5835 quo
2831 5767 3127 5845 illaquoq'ue
3161 5767 3321 5845 lectio,
3357 5767 3760 5841 quisnimiam;

2180 5842 2243 5875 ex
2269 5829 2413 5878 mlitis
2435 5829 2665 5881 librorum
2696 5829 2787 5889 est.
2816 5829 3081 5944 pervenisse
3102 5829 3389 5901 auditam;
3406 5829 3761 5898 adnotantibus

2181 5903 2377 5944 qitouue
2400 5892 2743 5944 licuedictiuis.
2770 5894 2813 5944 fa
2831 5899 2870 5944 si
2895 5898 3207 5944 convincitur.

2181 5903 2377 5954 quoque
2400 5892 2743 5959 lieuedictiuis,
2770 5892 2870 5946 falsi
2895 5898 3207 5948 convincitur.
