4088 6336
1340 335 1374 349 κ

317 402 422 457 913

320 519 457 575 forte
498 516 808 574 venissent?
846 511 935 569 Va:
962 512 1149 566 mundo
1186 512 1248 564 ab
1277 511 1766 581 scandalis(Matth.
1808 513 1890 567 l8.

317 614 398 683 7).
432 611 573 666 Ecce
605 609 683 674 fit,
713 621 844 664 ecce
873 619 1096 678 prorsus
1132 605 1382 674 impletur
1403 604 1543 675 quod
1575 604 1772 659 veritas
1800 603 1893 666 ait,

319 707 578 774 Quoniam
599 702 870 757 abundavit
895 700 1155 770 iniquitas,
1178 699 1468 770 refrigescet
1495 698 1683 750 caritas
1708 696 1898 748 multo-

317 814 437 852 rum
459 794 672 868 (Matth.
701 793 788 848 14.
820 791 932 857 12).
960 790 1090 855 Quze
1115 789 1216 843 sibi
1245 788 1387 842 enim
1421 788 1531 857 jam
1560 786 1662 841 lida
1687 798 1899 855 pectora

321 898 438 944 tuto
475 884 865 943 refundantur?
902 883 957 937 lu
1004 882 1157 950 cujus
1227 880 1386 952 733
1461 880 1536 948 (a)
1587 879 1761 933 sinum
1789 886 1898 933 tota

320 995 382 1035 se
429 977 674 1048 projiciat
721 988 911 1029 secura
959 971 1218 1026 dilectio?
1257 971 1387 1036 Quis
1428 969 1656 1038 denique
1700 968 1902 1022 amicus

321 1087 430 1124 non
461 1067 798 1128 formidetur,
818 1063 970 1134 quasi
997 1061 1206 1116 futurus
1239 1060 1509 1123 inimicus,
1543 1060 1587 1112 si
1621 1059 1794 1128 potuit
1824 1059 1904 1111 in-

323 1170 406 1216 ter
439 1161 818 1227 Hieronymum
863 1163 918 1209 et
947 1152 1220 1207 Ruflinum
1261 1151 1363 1204 hoc
1391 1149 1530 1219 quod
1578 1149 1900 1219 plangimus,

323 1251 566 1308 exoriri?
595 1249 639 1305 Ο
668 1249 862 1304 misera
893 1256 945 1300 et
966 1243 1269 1300 miseranda
1302 1241 1559 1296 conditio.
1591 1240 1636 1294 0
1662 1241 1822 1294 infida
1852 1241 1902 1293 in

325 1344 688 1399 Voluptatibus
741 1340 1035 1395 amicorum
1089 1337 1314 1390 scientia
1367 1335 1753 1404 pricsentium,
1816 1331 1904 1386 ubi

328 1437 472 1491 nulla
495 1444 577 1488 est
617 1431 951 1504 prmscientia
980 1430 1298 1482 futurorum.
1329 1425 1434 1479 Sed
1465 1423 1591 1494 quid
1621 1425 1722 1477 boc
1751 1421 1906 1476 alteri

325 1529 396 1584 de
421 1527 590 1581 altero
618 1522 935 1595 gemendum
964 1529 1166 1591 putem,
1198 1517 1413 1588 quando
1441 1533 1508 1572 ne
1538 1517 1652 1583 ipse
1691 1514 1906 1584 qttidem

330 1621 432 1674 sibi
457 1618 616 1671 homo
641 1625 725 1671 est
753 1624 913 1668 notus
939 1611 989 1666 iu
1015 1610 1326 1680 posterum?
1348 1609 1502 1663 Novit
1527 1608 1669 1661 enim
1699 1614 1909 1660 utcum-

327 1727 454 1779 que,
488 1711 574 1762 vix
606 1707 763 1772 forte,
796 1720 940 1760 nunc
970 1703 1144 1774 qualis
1171 1702 1274 1768 sit;
1312 1701 1484 1772 qualis
1513 1711 1690 1755 autem
1723 1707 1908 1770 postea

327 1803 400 1856 sit
430 1802 654 1864 futurus,
689 1799 920 1866 ignorat.
1065 1793 1070 1798 ’

402 1895 455 1946 7.
503 1911 521 1942 ‹
553 1891 676 1945 llaec
707 1903 866 1960 porro
907 1902 1013 1942 non
1046 1895 1256 1941 tantum
1303 1885 1527 1939 scientia
1555 1884 1729 1954 qualis
1758 1884 1908 1955 quis-

329 2000 436 2053 que
462 1984 550 2043 sit,
595 1997 781 2036 verum
812 1979 973 2034 etiam
1003 1978 1340 2048 prmscieutia
1370 1977 1540 2045 qualis
1565 1975 1776 2030 futurus
1816 1975 1907 2041 sit,

335 2077 378 2127 si
409 2082 492 2127 est
518 2076 567 2126 in
591 2072 790 2126 sanctis
821 2080 874 2123 ct
905 2069 1073 2124 beatis
1102 2067 1340 2138 Angelis,
1371 2077 1426 2122 et
1455 2067 1725 2137 quomodo
1753 2066 1912 2121 fuerit

334 2169 522 2221 beatus
548 2165 792 2219 diabolus
820 2161 1129 2232 aliquando,
1153 2175 1274 2214 cum
1298 2159 1472 2213 adhuc
1496 2159 1666 2214 bonus
1691 2158 1914 2229 angelus

339 2267 506 2321 esset,
537 2256 711 2309 sciens
739 2253 968 2306 futuram
991 2251 1324 2319 iniquitatem
1351 2266 1526 2314 suam,
1559 2261 1610 2303 et
1633 2251 1914 2318 sempiter-

341 2363 470 2400 num
511 2344 857 2414 supplicium,
896 2342 1118 2396 omnino
1161 2356 1265 2393 non
1297 2341 1472 2394 video.
1513 2342 1584 2394 De
1611 2356 1714 2411 qua
1761 2356 1835 2404 re,
1869 2342 1914 2395 si

342 2448 524 2492 ιςιηιειι
575 2451 694 2491 eam
737 2448 895 2488 nosse
939 2447 1074 2501 OpllS
1121 2441 1224 2496 est,
1268 2432 1460 2486 vellem
1490 2433 1587 2487 abs
1631 2443 1682 2487 te
1729 2432 1916 2487 audire

335 2525 716 2597 quidscntias.
751 2523 883 2576 Vide
909 2523 1036 2591 quid
1066 2523 1256 2576 faciant
1285 2533 1441 2576 terra:
1477 2538 1540 2578 ac
1581 2523 1768 2589 maria,
1796 2538 1918 2593 qu:c

338 2634 442 2673 nos
497 2615 848 2684 corporaliter
899 2615 1174 2667 dirimunt.
1229 2613 1284 2668 Si
1333 2613 1448 2668 lure
1500 2615 1726 2683 epistola
1776 2629 1913 2678 mea,

338 2726 498 2778 quam
532 2710 684 2777 legis,
714 2723 814 2777 ego
841 2722 1036 2770 essem,
1057 2706 1166 2774 jam
1192 2706 1318 2760 mihi
1345 2707 1572 2770 diceres,
1606 2705 1745 2776 quod
1768 2722 1916 2774 quzc-

339 2802 440 2855 sivi
473 2817 484 2852 :
519 2815 658 2852 nunc
689 2813 820 2851 vero
849 2797 1064 2866 quando
1095 2796 1397 2851 rescribes?
1441 2797 1655 2864 quando
1702 2797 1918 2850 mittes?

337 2891 552 2962 quando
583 2890 893 2959 perveniet?
919 2889 1132 2957 quando
1173 2888 1431 2957 accipiam
1457 2890 1480 2942 ?
1519 2899 1573 2940 et
1603 2898 1779 2942 tamen
1807 2887 1918 2942 uti-

339 2998 461 3034 nam
489 2981 808 3050 quandoque
849 2980 972 3044 fiat,
1001 2979 1139 3048 quod
1185 2989 1289 3032 tam
1330 2980 1436 3032 cito
1469 2980 1582 3034 fieri
1614 2995 1717 3032 non
1759 2993 1916 3047 posse

338 3088 498 3140 quant
529 3072 798 3136 volumus,
832 3080 1027 3139 quanta
1060 3086 1341 3138 possumus
1371 3071 1652 3124 tolerantia
1683 3073 1919 3127 sustine-

341 3180 483 3218 nius.
517 3163 668 3218 Unde
710 3178 930 3218 recurro
973 3161 1042 3215 ad
1081 3161 1169 3215 illa
1197 3161 1356 3215 verba
1386 3162 1630 3228 epistola:
1665 3171 1768 3215 tua:
1797 3161 1920 3215 tlul-

340 3257 578 3317 eissima,
626 3255 905 3322 sanctique
943 3252 1194 3307 desiderii
1254 3253 1325 3305 ιιιί
1382 3252 1712 3320 plenissima,
1763 3261 1817 3306 et
1859 3265 1921 3304 ea

343 3347 483 3401 facio
536 3347 772 3401 vicissim
825 3360 944 3400 mea
995 3343 1226 3414 :Utique
1272 3361 1578 3399 mererentur
1628 3345 1923 3416 complexus

343 3447 458 3492 tuos
481 3453 500 3501 ;
527 3446 574 3491 et
601 3423 871 3491 collatione
895 3445 1072 3488 mutua
1095 3435 1170 3488 rel
1201 3435 1494 3488 duceremus
1517 3435 1708 3504 aliqua,
1740 3435 1817 3489 uel
1844 3435 1922 3489 di-

342 3543 593 3580 sceremus
628 3541 646 3580 :
675 3527 719 3580 si
751 3536 930 3579 tamen
957 3541 1076 3580 esse
1107 3523 1216 3578 ullo
1241 3524 1398 3577 tnodo
1423 3533 1626 3592 posset,
1658 3525 1798 3594 quod
1825 3540 1926 3595 ego

346 3629 398 3672 te
420 3619 687 3672 docerent.

417 3710 472 3762 8.
519 3708 622 3762 (ιιι
663 3708 745 3763 Itis
791 3717 968 3762 autem
997 3705 1194 3765 verbis,
1246 3721 1350 3759 non
1395 3705 1508 3774 jam
1559 3707 1666 3760 tuis
1694 3714 1923 3772 tantum,

345 3798 439 3852 sed
497 3799 655 3852 etiam
698 3800 851 3863 meis,
899 3797 987 3851 ubi
1035 3797 1273 3850 delector
1325 3804 1380 3850 ct
1426 3795 1660 3860 reficior,
1710 3806 1766 3851 et
1812 3796 1928 3864 ipso

347 3889 589 3957 quamvis
617 3887 884 3957 pendente
927 3895 982 3940 et
1030 3901 1136 3939 non
1180 3885 1475 3955 attingente
1519 3886 1797 3954 utriusque
1828 3902 1926 3940 no-

349 3993 516 4034 smnn
555 3979 848 4044 desiderio,
897 3993 1002 4032 non
1049 3993 1211 4046 parva
1250 3993 1314 4031 ex
1350 3986 1499 4046 parte
1529 3977 1780 4031 consolor
1812 3995 1824 4029 :
1856 3978 1925 4032 ibi

352 4089 562 4128 rursum
589 4071 870 4128 acerrimis
911 4071 1158 4124 dolorum
1189 4068 1425 4125 stimulis
1451 4068 1649 4134 fodior,
1682 4070 1807 4123 dmn
1839 4085 1930 4123 co-

349 4163 462 4232 gito
493 4164 633 4217 inter
660 4179 756 4217 vos
789 4163 985 4232 quibus
1033 4161 1173 4214 Deus
1203 4159 1306 4215 hoc
1336 4161 1508 4229 ipsum
1539 4161 1680 4230 quod
1709 4170 1932 4232 uterque

353 4263 599 4309 nostrunt
642 4255 866 4323 optavit,
901 4252 1108 4321 largum
1152 4252 1526 4321 prolixttmque
1565 4261 1928 4317 eoncesscrat,

356 4353 416 4400 ut
444 4344 866 4416 coniunctissimi
895 4353 950 4399 et
992 4342 1392 4398 familiarissimi
1436 4342 1594 4398 mella
1623 4342 1932 4411 Scriptura-

356 4453 473 4490 rmu
501 4446 806 4491 sanetarum
837 4435 1035 4505 pariter
1064 4434 1394 4499 lamberetis,
1429 4444 1594 4489 tanta:
1615 4436 1930 4490 amaritudi-

359 4529 444 4582 nis
475 4529 757 4598 irrepsisse
787 4528 1096 4598 perniciem,
1127 4527 1344 4595 quando
1387 4543 1516 4588 non.
1551 4527 1637 4582 ubi
1673 4542 1800 4596 non,
1850 4529 1932 4583 cui

361 4618 473 4671 non
500 4617 701 4671 homini
734 4617 809 4686 (b)
844 4615 1272 4670 formidandam:
1298 4632 1418 4670 etim
1449 4632 1515 4672 eo
1545 4627 1804 4686 tempore,
1831 4635 1936 4688 quo

359 4708 583 4775 abiectis
612 4707 720 4775 iam
766 4706 990 4759 sarcinis
1019 4706 1390 4772 smeularibus,
1427 4707 1536 4774 jam
1567 4708 1800 4776 expediti
1833 4710 1937 4762 Do-

361 4796 562 4848 ntiuttm
605 4794 991 4863 sequebamini,
1025 4805 1079 4848 et
1109 4795 1160 4846 in
1198 4810 1259 4848 ea
1291 4803 1433 4848 terra
1465 4796 1727 4852 videbatis
1753 4799 1934 4865 simul,

361 4888 416 4941 in
449 4902 550 4956 qua
580 4886 838 4940 Dominus
868 4885 1116 4939 humanis
1141 4886 1366 4954 pedibus
1401 4887 1701 4952 ambulans,
1731 4889 1935 4954 Pacem,

364 4978 555 5047 inquit,
585 4993 743 5030 meam
769 4977 834 5030 do
864 4977 1020 5042 vobis,
1095 4975 1258 5049 734
1331 4992 1502 5044 pacem
1530 4993 1691 5030 meam
1714 4981 1942 5050 relinquo

363 5069 502 5122 vobis
533 5067 712 5138 (Joan.
749 5068 836 5123 14.
867 5069 981 5135 27),
1015 5068 1143 5122 viris
1170 5078 1329 5122 :etate
1361 5068 1604 5129 maturis,
1646 5081 1699 5124 et
1735 5071 1788 5125 in
1829 5074 1942 5125 elo-

366 5163 492 5232 quio
548 5159 759 5214 Domini
805 5160 1166 5214 habitantibus
1225 5161 1376 5213 vobis
1423 5159 1672 5215 accidere
1729 5165 1943 5231 potuit?

370 5253 507 5307 Vere
552 5252 762 5304 tentatio
809 5260 880 5304 est
918 5251 1020 5303 vita
1061 5252 1281 5305 humana
1319 5268 1468 5321 super
1510 5261 1696 5306 terram
1741 5253 1861 5323 (Job
1890 5256 1942 5310 7.

371 5344 450 5416 1).
497 5343 609 5398 l-lcu
652 5342 802 5407 mibi,
848 5341 938 5411 qui
969 5357 1064 5395 vos
1111 5343 1267 5396 simul
1307 5343 1498 5396 alii-ubi
1549 5343 1793 5400 invenire
1837 5361 1943 5402 non

434 5475 509 5540 (a)
541 5474 786 5524 Victorius
823 5479 1023 5540 pectora
1053 5477 1146 5520 toto
1181 5485 1264 5522 ore
1297 5472 1580 5540 fundantur,
1602 5479 1854 5540 expressit
1883 5493 1946 5529 ex

373 5534 532 5588 tribus
579 5536 961 5598 exemplaribus,
985 5534 1154 5598 sicque
1188 5534 1382 5584 omnino
1405 5537 1656 5586 contendit
1677 5534 1947 5590 restituen-

372 5602 504 5652 (tum.
532 5600 596 5650 At
619 5610 714 5646 non
732 5595 928 5645 'videtur
951 5595 1042 5643 loci
1070 5595 1210 5654 hujus
1231 5599 1522 5645 sententiam
1537 5601 1654 5647 satis
1675 5613 1804 5649 asset
1817 5610 1946 5652 utus.

375 5661 487 5710 Mox
521 5673 716 5718 sensus,
752 5657 1014 5721 prasinum
1051 5657 1273 5721 plerique
1309 5671 1479 5706 omnes
1512 5658 1628 5709 editi
1659 5661 1859 5721 habent,
1900 5671 1951 5714 et

374 5723 653 5785 quindecim
679 5719 803 5784 apud
825 5719 1174 5769 Benedictinos
1189 5719 1299 5767 Mss.
1327 5720 1611 5780 quibuscum
1635 5723 1776 5772 nobis
1795 5719 1952 5775 sinum

375 5786 537 5845 arrisit
557 5785 729 5845 magis.

440 5842 511 5910 (¹“)
547 5839 730 5895 Iter'um
749 5843 995 5895 Victorius
1013 5839 1374 5906 [imuizlamlunt
1400 5840 1596 5892 mavult.

1624 444 1629 449 ,
1695 386 2019 437 EPISTULA
2055 387 2146 433 cx

3476 392 3586 449 9H

2008 528 2226 582 possum
2252 532 2264 567 :
2293 515 2430 570 forte
2469 525 2525 570 ut
2550 531 2788 581 moveor,
2821 527 2877 572 ut
2902 518 3082 582 doleo,
3113 529 3171 573 ut
3195 521 3380 581 timeo.
3411 516 3588 586 proci-

2007 604 2191 661 derem
2227 605 2295 660 ad
2336 606 2501 676 pedes
2528 617 2761 674 vestros,
2806 607 2990 664 ﬂerent
3020 619 3276 680 quantum
3319 607 3578 670 valerem,

2007 711 2250 765 rogarem
2277 705 2532 768 quantum
2564 713 2822 754 amarem.
2847 699 2998 754 Nunc
3026 714 3464 771 unumquemque
3489 712 3585 751 ve-

2009 797 2176 844 strum
2218 807 2315 860 pro
2343 793 2548 862 seipse,
2590 807 2730 846 nunc
2775 802 3060 861 utrumque
3088 810 3186 862 pro
3214 794 3499 854 alterutro,
3531 797 3588 844 et

2011 897 2110 949 pro
2146 881 2288 946 aliis,
2335 898 2400 937 ac
2428 884 2660 936 maxime
2690 882 2935 944 inﬁrmis,
2967 901 3067 951 pro
3105 884 3303 952 quibus
3341 883 3590 938 Christus:

2013 982 2256 1028 mortuus
2292 985 2394 1038 est,
2421 975 2512 1044 qui
2538 990 2636 1030 vos
2666 983 2916 1044 tanquam
2948 974 3000 1027 in
3043 975 3253 1029 theatro
3280 975 3402 1029 vita:
3429 974 3590 1043 hujus

2010 1079 2132 1118 cum
2172 1080 2367 1134 magno
2415 1067 2494 1120 sui
2545 1067 2778 1135 periculo
2825 1073 3084 1134 spectant,
3117 1081 3185 1120 ne
3225 1065 3293 1119 de
3331 1065 3483 1120 vobis
3526 1080 3590 1120 ea

2013 1155 2400 1211 conscribendo
2437 1159 2722 1227 spargatis,
2754 1173 2872 1226 quae
2900 1157 2972 1226 (c)
2998 1155 3317 1225 quandoque
3360 1171 3592 1210 concor-

2011 1230 2432 1300 dantes'delere
2473 1259 2578 1299 non
2627 1247 2897 1314 poteritis,
2944 1246 3034 1314 qui
3081 1261 3221 1299 nunc
3263 1245 3593 1300 concordare

2013 1335 2233 1399 nolitis;
2265 1345 2357 1388 aut
2385 1350 2505 1405 qua:
2544 1335 2838 1390 concordes
2878 1334 3057 1405 legere
3084 1334 3340 1400 timeatis,
3390 1350 3458 1388 ne
3489 1335 3592 1388 ite-

2013 1440 2130 1479 rum
2162 1425 2398 1494 litigetis.
3577 1433 3580 1437 ‘

2083 1514 2138 1569 9.
2185 1533 2205 1567 ι
2237 1515 2432 1570 Verum
2460 1515 2580 1570 dico
2600 1515 2808 1570 caritati
2831 1523 2956 1582 tum,
2980 1514 3114 1570 nihil
3138 1529 3223 1569 mc
3249 1515 3416 1584 magis
3437 1529 3595 1585 quam

2016 1605 2118 1662 hoc
2163 1606 2465 1676 exemplum
2509 1608 2830 1674 tremuisse,
2874 1622 2997 1662 cum
3027 1608 3270 1676 quiedam
3319 1606 3386 1660 ad
3417 1622 3503 1661 me
3543 1605 3597 1660 in

2015 1701 2240 1771 epistola
2273 1709 2361 1756 tua
2389 1701 2646 1771 legerem,
2677 1710 2780 1755 tua:
2827 1700 3210 1768 indignationis
3255 1698 3448 1754 indicia
3490 1714 3598 1754 nou

2017 1796 2106 1851 illa
2135 1793 2205 1850 de
2238 1794 2446 1850 Entello
2484 1803 2540 1850 et
2565 1795 2700 1849 bove
2732 1794 2898 1859 lasso,
2931 1793 3020 1848 ubi
3052 1793 3184 1847 mibi
3214 1792 3388 1862 potius
3418 1792 3602 1845 hilari-

2019 1899 2100 1944 ter
2120 1889 2312 1958 jocari,
2345 1903 2502 1956 quam
2531 1885 2786 1942 iracunde
2823 1885 3016 1941 minari
3050 1886 3195 1940 visus
3237 1900 3314 1948 es,
3348 1899 3506 1954 quam
3536 1885 3604 1938 il-

2019 1980 2128 2042 lud,
2151 1979 2291 2050 quod
2313 1979 2455 2033 serio
2479 1989 2530 2031 te
2551 1978 2834 2047 scripsisse
2860 1979 2989 2032 satis
3010 1987 3252 2045 apparet,
3277 1975 3419 2030 unde
3439 1991 3601 2044 supra

2019 2074 2260 2139 elocutus
2305 2085 2422 2124 sum
2446 2112 2461 2136 ,
2489 2070 2612 2140 plus
2673 2068 2901 2123 fortasse
2942 2082 3103 2139 quam
3133 2061 3316 2132 deOui,
3367 2067 3461 2122 sed
3495 2082 3599 2122 non

2021 2163 2300 2232 plusquam
2329 2161 2502 2222 timui.
2533 2161 2620 2214 ubi
2648 2161 2794 2224 aisti,
2827 2157 2909 2213 Ne
2947 2163 3075 2231 forte
3105 2160 3256 2214 lwsus
3276 2160 3419 2229 juste
3443 2175 3602 2228 expo-

2021 2254 2254 2307 slulares.
2286 2252 2436 2322 Rogo
2463 2260 2538 2317 te,
2567 2251 2612 2305 si
2642 2250 2757 2305 ﬁeri
2787 2258 2981 2320 potest,
3010 2260 3070 2305 ut
3098 2253 3237 2306 inter
3265 2266 3364 2306 nos
3393 2265 3605 2320 quiera-

2021 2359 2140 2397 mus
2161 2353 2215 2397 et
2241 2343 2570 2397 disseramus
2599 2341 2824 2412 aliquid,
2853 2357 2960 2412 quo
2999 2343 3117 2397 sine
3144 2342 3499 2398 amaritudine
3523 2341 3606 2396 di-

2022 2433 2248 2487 scordia:
2278 2432 2442 2487 corda
2476 2442 2658 2486 nostra
2701 2441 3008 2501 pascantur,
3045 2431 3154 2486 fiat.
3185 2432 3242 2488 Si
3283 2441 3459 2487 autem
3497 2449 3603 2487 non

2024 2538 2238 2592 po~sum
2273 2521 2364 2595 [aL
2410 2521 2698 2594 possumus]
2727 2521 2928 2588 dicere,
2975 2524 3099 2592 quid
3147 2523 3278 2577 mibi
3309 2521 3613 2579 emcndan-'

2023 2613 2148 2667 dum
2170 2614 2415 2668 videatur
2437 2615 2487 2668 in
2511 2613 2724 2682 scriptis
2748 2614 2871 2675 tuis,
2901 2628 3000 2669 nec
3022 2624 3074 2668 tu
3103 2615 3153 2668 in
3181 2615 3333 2680 meis,
3359 2615 3462 2669 nisi
3483 2631 3604 2670 cum

2025 2706 2329 2774 suspicione
2360 2705 2592 2772 iuvidim,
2639 2715 2729 2758 aut
2769 2704 2990 2759 latsioue
3039 2705 3329 2770 amicitizu;
3362 2706 3608 2774 quiesca-

2024 2816 2143 2853 mus
2173 2800 2240 2853 ab
2269 2799 2370 2862 bis,
2414 2808 2468 2851 et
2507 2809 2705 2852 uestrae
2739 2799 2858 2851 vitm
2883 2798 3149 2867 salutique
3178 2813 3478 2865 parcamus.
3513 2799 3610 2852 Mt-

2025 2910 2122 2948 NUS
2171 2909 2343 2948 cnam
2387 2901 2704 2962 assequatur
2731 2890 2820 2944 illa
2849 2890 2928 2960 (ά)
2970 2906 3090 2960 qua:
3134 2889 3302 2957 inﬂat,
3343 2890 3469 2946 dum
3502 2907 3608 2945 non

2024 2984 2324 3040 offendatur
2356 2984 2443 3037 illa
2469 2999 2589 3053 quin
2618 2981 2869 3036 tndiﬁcat.
2900 2983 3009 3052 Ego
3038 2997 3122 3035 me
3149 2983 3301 3052 Ioagc
3337 2996 3459 3037 esse
3486 2998 3610 3034 sen-

2027 3079 2100 3129 tio
2139 3075 2204 3127 ab
2228 3075 2316 3128 illa
2350 3074 2700 3143 perfectione,
2731 3073 2799 3127 de
2824 3088 2924 3142 qua
2962 3073 3218 3142 scriptum
3252 3081 3337 3128 est
3365 3090 3376 3126 :
3411 3073 3472 3128 Si
3497 3075 3610 3144 quis

2025 3168 2079 3220 in
2115 3166 2261 3220 uerbo
2302 3183 2404 3220 non
2431 3164 2661 3234 o/fendit,
2691 3167 2773 3218 hic
2814 3169 3062 3236 perfectus
3093 3173 3166 3218 est
3209 3165 3285 3217 vir
3308 3164 3513 3236 (Iacob.
3552 3165 3608 3220 5.

2025 3261 2102 3327 2).
2135 3259 2240 3316 Sed
2271 3260 2423 3329 plane
2467 3260 2518 3312 iu
2553 3259 2645 3312 Dei
2677 3257 3041 3313 misericordia
3070 3267 3198 3327 pulo
3228 3273 3312 3311 me
3337 3272 3498 3328 posse
3535 3255 3613 3310 fa-

2027 3356 2129 3411 cile
2154 3357 2249 3412 abs
2283 3364 2335 3410 te
2367 3364 2545 3424 petere
2575 3354 2808 3418 veniam,
2852 3353 2894 3406 si
2924 3352 3049 3421 quid
3076 3351 3271 3406 offendi
3309 3351 3450 3423 quod
3481 3338 3610 3406 mihi

2027 3449 2239 3518 aperire
2281 3446 2484 3511 debes;
2513 3456 2572 3501 ut
2614 3461 2736 3500 cum
2770 3454 2823 3500 te
2860 3445 3103 3510 audiero,
3130 3446 3354 3500 lucreris
3393 3444 3611 3500 fratrem

2031 3549 2176 3593 tuum
2207 3537 2420 3609 (Matth.
2455 3535 2566 3607 l8).
2601 3537 2779 3604 Neque
2801 3535 2944 3590 enim
2973 3537 3094 3605 quia
3125 3538 3227 3591 hoc
3256 3545 3472 3605 propter
3498 3536 3613 3591 lon-

2029 3628 2381 3698 ginquitatcm
2424 3637 2689 3682 terrarum
2721 3642 2826 3680 non
2871 3635 3025 3694 potes
3056 3626 3233 3680 facere
3278 3627 3418 3680 inter
3445 3639 3531 3680 me
3559 3635 3620 3680 et-

2034 3729 2103 3778 ιιι,
2137 3727 2415 3784 prouterea
2444 3717 2608 3771 debes
2647 3716 2826 3771 sinere
2855 3731 3038 3770 errare
3078 3730 3181 3768 me.
3217 3715 3440 3768 Prorsus
3469 3715 3621 3782 quod

2032 3809 2098 3862 ad
2127 3809 2269 3876 ipsas
2297 3822 2400 3870 res,
2428 3823 2562 3876 quas
2590 3821 2748 3860 nosse
2781 3805 3328 3870 volumus,attiuet,si
3347 3804 3473 3874 qttid
3499 3807 3615 3861 veri

2037 3913 2122 3953 me
2141 3908 2320 3951 tenere
2337 3898 2420 3951 vel
2439 3896 2572 3960 scio,
2590 3896 2670 3950 vel
2693 3894 2966 3961 credo,vel
3001 3906 3146 3963 puto,
3167 3895 3218 3948 in
3247 3911 3354 3963 quo
3377 3906 3430 3948 ttt
3458 3896 3617 3950 aliter

2034 3990 2223 4050 sentis,
2253 4000 2509 4058 quantum
2538 3987 2630 4041 dat
2661 3986 2915 4040 Dominus
2945 3987 3060 4040 sine
3090 3995 3176 4039 tua
3210 3985 3421 4052 injuria,
3451 3999 3583 4040 eona
3603 4015 3616 4024 -

2037 4080 2134 4134 bur
2159 4093 2422 4133 asserere.
2450 4077 2603 4144 Quod
2627 4087 2804 4132 autem
2831 4076 3061 4144 pertinet
3123 4076 3284 4149 735
3356 4075 3423 4130 ad
3448 4075 3588 4129 olfen
3607 4105 3620 4116 -

2037 4172 2242 4227 sionem
2265 4180 2427 4234 tuam,
2450 4184 2571 4224 eum
2596 4177 2647 4224 te
2674 4167 3005 4238 indignatum
3035 4182 3278 4231 sensero,
3308 4165 3443 4221 nihil
3471 4166 3614 4221 aliud

2037 4279 2194 4333 quam
2225 4262 2434 4316 veniam
2465 4260 2814 4330 deprecabor.

2111 4353 2220 4408 lO.-
2246 4371 2264 4403 ι
2294 4351 2404 4407 Nec
2431 4352 2650 4406 omnino
2689 4349 2987 4405 arbitrabor
3012 4348 3105 4422 [aL
3136 4346 3376 4419 arbitror]
3415 4356 3467 4402 te
3493 4361 3616 4402 suc-

2038 4458 2262 4500 censere
2288 4443 2546 4513 poutisse,
2577 4442 2676 4496 nisi
2707 4451 2799 4496 aut
2826 4441 2926 4495 hoc
2952 4441 3187 4495 dicerem
3213 4439 3357 4510 quod
3390 4453 3497 4493 non
3522 4438 3618 4492 dc-

2040 4537 2152 4598 bui.
2191 4545 2283 4591 aut
2312 4550 2416 4589 non
2459 4535 2539 4588 sic
2566 4533 2826 4597 dicerem,
2857 4542 2914 4586 ιιι
2932 4531 3090 4586 debui
3121 4545 3135 4581 :
3168 4530 3292 4595 quia
3320 4543 3418 4583 nec
3454 4528 3620 4583 miror

2041 4641 2142 4680 nos
2169 4626 2344 4680 minus
2371 4624 2509 4678 scire
2537 4624 2788 4685 invicem,
2820 4637 2978 4690 quam
3004 4621 3204 4675 scimur
3230 4635 3261 4673 a
3289 4619 3620 4689 conjunctis-

2042 4718 2193 4772 simis
2221 4725 2277 4771 et
2302 4714 2730 4770 familiarissimis
2761 4713 2976 4767 nostris.
3008 4713 3063 4767 lu
3095 4727 3323 4782 quorum
3353 4727 3454 4782 ego
3480 4713 3623 4768 cari-

2049 4817 2235 4868 tatem,
2255 4805 2446 4871 fateor,
2468 4803 2624 4859 facile
2654 4820 2739 4858 me
2769 4813 2936 4858 totum
2969 4803 3214 4873 projicio,
3227 4803 3525 4873 praesertim
3554 4803 3630 4857 fa-

2050 4898 2266 4966 tigatum
2293 4895 2560 4950 scandalis
2582 4896 2800 4960 sreculi;
2832 4904 2888 4951 et
2915 4897 2966 4950 in
2998 4911 3060 4950 ea
3091 4897 3209 4952 sine
3238 4897 3342 4950 ulla
3365 4897 3627 4953 Sollicitu-

2048 4988 2171 5042 dine
2195 4987 2492 5055 requiesco.
2517 4987 2646 5040 Dum
2669 4988 2866 5056 quippe
2888 4987 2996 5041 illic
3022 5002 3144 5043 esse
3164 4987 3357 5053 sentin,
3386 4988 3437 5042 in
3462 5003 3624 5059 quem

2052 5093 2137 5133 me
2177 5092 2398 5132 securus
2425 5077 2669 5148 projicio,
2711 5088 2767 5133 et
2812 5079 2866 5132 in
2905 5095 3012 5149 quo
3055 5095 3278 5135 securus
3317 5081 3621 5150 requiesco.

2048 5168 2156 5224 Nec
2191 5169 2242 5222 in
2283 5169 2382 5223 ltac
2417 5185 2532 5224 mea
2559 5170 2866 5233 securitate,
2899 5171 3192 5225 crastinum
3221 5169 3349 5225 illud
3379 5169 3628 5224 humana:

2051 5258 2352 5329 fragilitatis
2410 5260 2708 5328 incertum,
2773 5260 2842 5316 de
2889 5277 2994 5330 quo
3050 5263 3298 5331 superius
3358 5259 3626 5332 ingemui,

2051 5350 2271 5406 Omnino
2302 5351 2548 5407 formido.
2579 5351 2712 5408 Cum
2741 5352 2886 5408 enim
2911 5353 3182 5408 hominem
3209 5351 3510 5405 Christiana
3535 5365 3628 5403 ca-

2096 5480 2187 5552 _(c)
2223 5481 2464 5552 Atlanta-nt
2484 5484 2790 5552 Bcnedictini
2811 5523 2824 5546 ,
2852 5485 2952 5548 legi
2978 5488 3026 5552 in
3048 5485 3220 5552 decem
3243 5483 3358 5552 Mss.
3384 5495 3493 5545 qum
3517 5495 3635 5552 (peo-

2055 5543 2184 5592 niam
2207 5545 2552 5608 conca-dantes
2575 5546 2738 5598 delere
2760 5543 2851 5597 non
2875 5543 3088 5608 poteritis
3102 5585 3114 5602 ,
3140 5543 3436 5608 concordare
3459 5543 3633 5608 nolitis,

2056 5613 2206 5667 atque
2231 5608 2278 5656 in
2317 5620 2415 5655 uno
2435 5607 2770 5666 Cisterciensi,
2794 5604 2904 5667 qua:
2925 5606 3208 5666 quandoth
3229 5606 3451 5667 quoniam
3475 5604 3637 5654 delere

2055 5665 2149 5716 non
2173 5667 2406 5729 poteritis,
2429 5669 2724 5720 concordare
2747 5665 2924 5720 nolitis.
2943 5665 3190 5718 Victorius
3209 5665 3395 5726 maluit,
3418 5667 3637 5730 quando-

2057 5741 2148 5791 que
2168 5731 2450 5791 concordes,
2473 5737 2568 5780 etc.

2120 5788 2502 5860 (d)JDuo_edi_ti
2543 5792 2652 5842 libri
2684 5790 2771 5842 illa
2792 5791 3022 5843 sententia
3045 5804 3171 5855 quae,
3200 5799 3298 5840 etc.
3325 5789 3424 5840 Sed
3460 5803 3521 5840 ea
3544 5802 3638 5839 vox

2058 5853 2258 5901 scrcutia
2278 5853 2535 5903 redundat.
