  <div class='ocr_page' id='page_1' title='image "/cluster/home/n/w/nwhite01/storage/ocr_20150623/22/hvd.32044015471378/518.png"; bbox 0 0 4088 6336; ppageno 0'>
   <div class='ocr_carea' id='block_1_1' title="bbox 312 509 417 569">
    <p class='ocr_par' dir='ltr' id='par_1_1' title="bbox 312 509 417 569">
     <span class='ocr_line' id='line_1_1' title="bbox 312 509 417 569; baseline -0.019 0"><span class='ocrx_word' id='word_1_1' title='bbox 312 509 417 569; x_wconf 76' lang='grc'><strong>917</strong></span> 
     </span>
    </p>
   </div>
   <div class='ocr_carea' id='block_1_2' title="bbox 310 605 1884 692">
    <p class='ocr_par' dir='ltr' id='par_1_2' title="bbox 310 605 1884 692">
     <span class='ocr_line' id='line_1_2' title="bbox 310 605 1884 692; baseline -0.02 -9"><span class='ocrx_word' id='word_1_2' title='bbox 310 626 485 683; x_wconf 71' lang='lat' dir='ltr'><strong>fronte</strong></span> <span class='ocrx_word' id='word_1_3' title='bbox 510 619 876 692; x_wconf 90' lang='lat' dir='ltr'><strong>blasphemum</strong></span> <span class='ocrx_word' id='word_1_4' title='bbox 902 616 982 686; x_wconf 88' lang='lat' dir='ltr'><strong>(l.</strong></span> <span class='ocrx_word' id='word_1_5' title='bbox 1011 612 1140 684; x_wconf 86' lang='lat' dir='ltr'><strong>Reg.</strong></span> <span class='ocrx_word' id='word_1_6' title='bbox 1176 605 1305 679; x_wconf 81' lang='lat' dir='ltr'><strong>l7);</strong></span> <span class='ocrx_word' id='word_1_7' title='bbox 1335 613 1392 662; x_wconf 88' lang='lat' dir='ltr'><strong>et</strong></span> <span class='ocrx_word' id='word_1_8' title='bbox 1417 605 1473 660; x_wconf 86' lang='lat' dir='ltr'><strong>in</strong></span> <span class='ocrx_word' id='word_1_9' title='bbox 1495 617 1558 658; x_wconf 88' lang='lat' dir='ltr'><strong>ea</strong></span> <span class='ocrx_word' id='word_1_10' title='bbox 1585 610 1733 673; x_wconf 79' lang='lat' dir='ltr'><strong>parte</strong></span> <span class='ocrx_word' id='word_1_11' title='bbox 1758 615 1884 654; x_wconf 88' lang='lat' dir='ltr'><strong>cor-</strong></span> 
     </span>
    </p>
   </div>
   <div class='ocr_carea' id='block_1_3' title="bbox 310 689 1887 788">
    <p class='ocr_par' dir='ltr' id='par_1_3' title="bbox 310 689 1887 788">
     <span class='ocr_line' id='line_1_3' title="bbox 310 689 1887 788; baseline -0.019 -16"><span class='ocrx_word' id='word_1_12' title='bbox 310 718 459 788; x_wconf 85' lang='lat' dir='ltr'><strong>poris</strong></span> <span class='ocrx_word' id='word_1_13' title='bbox 502 689 832 775; x_wconf 78' lang='lat' dir='ltr'><strong>vulneraus,</strong></span> <span class='ocrx_word' id='word_1_14' title='bbox 872 708 927 761; x_wconf 90' lang='lat' dir='ltr'><strong>in</strong></span> <span class='ocrx_word' id='word_1_15' title='bbox 971 718 1074 775; x_wconf 89' lang='lat' dir='ltr'><strong>qua</strong></span> <span class='ocrx_word' id='word_1_16' title='bbox 1114 709 1169 757; x_wconf 89' lang='lat' dir='ltr'><strong>et</strong></span> <span class='ocrx_word' id='word_1_17' title='bbox 1207 704 1560 770; x_wconf 66' lang='lat' dir='ltr'><strong>praesumptor</strong></span> <span class='ocrx_word' id='word_1_18' title='bbox 1601 689 1887 748; x_wconf 76' lang='lat' dir='ltr'><strong>sacerdotii</strong></span> 
     </span>
    </p>
   </div>
   <div class='ocr_carea' id='block_1_4' title="bbox 310 782 1889 876">
    <p class='ocr_par' dir='ltr' id='par_1_4' title="bbox 310 782 1889 876">
     <span class='ocr_line' id='line_1_4' title="bbox 310 782 1889 876; baseline -0.019 -11"><span class='ocrx_word' id='word_1_19' title='bbox 310 782 466 866; x_wconf 66' lang='lat' dir='ltr'><strong>bzias</strong></span> <span class='ocrx_word' id='word_1_20' title='bbox 493 807 638 876; x_wconf 84' lang='lat' dir='ltr'><strong>lepra</strong></span> <span class='ocrx_word' id='word_1_21' title='bbox 668 800 964 873; x_wconf 67' lang='lat' dir='ltr'><strong>percutitur</strong></span> <span class='ocrx_word' id='word_1_22' title='bbox 991 797 1070 868; x_wconf 72' lang='lat'><strong>(2.</strong></span> <span class='ocrx_word' id='word_1_23' title='bbox 1097 793 1279 848; x_wconf 87' lang='lat' dir='ltr'><strong>Paral.</strong></span> <span class='ocrx_word' id='word_1_24' title='bbox 1305 789 1416 859; x_wconf 77' lang='lat'><strong>26),</strong></span> <span class='ocrx_word' id='word_1_25' title='bbox 1451 797 1507 843; x_wconf 91' lang='lat' dir='ltr'><strong>et</strong></span> <span class='ocrx_word' id='word_1_26' title='bbox 1533 794 1750 841; x_wconf 89' lang='lat' dir='ltr'><strong>sanctus</strong></span> <span class='ocrx_word' id='word_1_27' title='bbox 1774 782 1889 853; x_wconf 86' lang='lat' dir='ltr'><strong>glo-</strong></span> 
     </span>
    </p>
   </div>
   <div class='ocr_carea' id='block_1_5' title="bbox 310 872 1889 955">
    <p class='ocr_par' dir='ltr' id='par_1_5' title="bbox 310 872 1889 955">
     <span class='ocr_line' id='line_1_5' title="bbox 310 872 1889 955; baseline -0.019 -1"><span class='ocrx_word' id='word_1_28' title='bbox 310 901 479 955; x_wconf 86' lang='lat' dir='ltr'><strong>riatur</strong></span> <span class='ocrx_word' id='word_1_29' title='bbox 505 872 561 950; x_wconf 80' lang='lat' dir='ltr'><strong>in</strong></span> <span class='ocrx_word' id='word_1_30' title='bbox 589 872 814 948; x_wconf 85' lang='lat' dir='ltr'><strong>Domino</strong></span> <span class='ocrx_word' id='word_1_31' title='bbox 839 890 1024 944; x_wconf 90' lang='lat' dir='ltr'><strong>dicens</strong></span> <span class='ocrx_word' id='word_1_32' title='bbox 1056 904 1070 939; x_wconf 87' lang='lat'><strong>:</strong></span> <span class='ocrx_word' id='word_1_33' title='bbox 1107 884 1373 954; x_wconf 80' lang='lat' dir='ltr'><strong>Signatum</strong></span> <span class='ocrx_word' id='word_1_34' title='bbox 1411 888 1484 932; x_wconf 88' lang='lat' dir='ltr'><strong>est</strong></span> <span class='ocrx_word' id='word_1_35' title='bbox 1512 892 1663 946; x_wconf 90' lang='lat' dir='ltr'><strong>super</strong></span> <span class='ocrx_word' id='word_1_36' title='bbox 1688 889 1780 928; x_wconf 91' lang='lat' dir='ltr'><strong>nos</strong></span> <span class='ocrx_word' id='word_1_37' title='bbox 1809 872 1889 925; x_wconf 88' lang='lat' dir='ltr'><strong>lu-</strong></span> 
     </span>
    </p>
   </div>
   <div class='ocr_carea' id='block_1_6' title="bbox 310 964 1891 1050">
    <p class='ocr_par' dir='ltr' id='par_1_6' title="bbox 310 964 1891 1050">
     <span class='ocr_line' id='line_1_6' title="bbox 310 964 1891 1050; baseline -0.018 -7"><span class='ocrx_word' id='word_1_38' title='bbox 310 1006 424 1044; x_wconf 88' lang='lat' dir='ltr'><strong>men</strong></span> <span class='ocrx_word' id='word_1_39' title='bbox 448 988 614 1042; x_wconf 79' lang='lat' dir='ltr'><strong>vultus</strong></span> <span class='ocrx_word' id='word_1_40' title='bbox 635 985 730 1050; x_wconf 87' lang='lat' dir='ltr'><strong>tui,</strong></span> <span class='ocrx_word' id='word_1_41' title='bbox 760 980 976 1036; x_wconf 84' lang='lat' dir='ltr'><strong>Domine</strong></span> <span class='ocrx_word' id='word_1_42' title='bbox 1000 975 1171 1048; x_wconf 86' lang='lat' dir='ltr'><strong>(Psal.</strong></span> <span class='ocrx_word' id='word_1_43' title='bbox 1202 975 1258 1029; x_wconf 73' lang='grc' dir='ltr'><strong>Δ.</strong></span> <span class='ocrx_word' id='word_1_44' title='bbox 1284 971 1360 1043; x_wconf 89' lang='lat'><strong>7).</strong></span> <span class='ocrx_word' id='word_1_45' title='bbox 1385 971 1631 1025; x_wconf 85' lang='lat' dir='ltr'><strong>Dicamus</strong></span> <span class='ocrx_word' id='word_1_46' title='bbox 1658 964 1817 1036; x_wconf 87' lang='lat' dir='ltr'><strong>igitur</strong></span> <span class='ocrx_word' id='word_1_47' title='bbox 1834 970 1891 1017; x_wconf 89' lang='lat' dir='ltr'><strong>et</strong></span> 
     </span>
    </p>
   </div>
   <div class='ocr_carea' id='block_1_7' title="bbox 310 1066 1887 1135">
    <p class='ocr_par' dir='ltr' id='par_1_7' title="bbox 310 1066 1887 1135">
     <span class='ocr_line' id='line_1_7' title="bbox 310 1066 1887 1135; baseline -0.018 1"><span class='ocrx_word' id='word_1_48' title='bbox 310 1095 410 1135; x_wconf 86' lang='lat' dir='ltr'><strong>nos</strong></span> <span class='ocrx_word' id='word_1_49' title='bbox 437 1096 452 1134; x_wconf 89' lang='lat'>:</span> <span class='ocrx_word' id='word_1_50' title='bbox 480 1076 729 1132; x_wconf 78' lang='lat' dir='ltr'><strong>Paratum</strong></span> <span class='ocrx_word' id='word_1_51' title='bbox 765 1090 851 1128; x_wconf 86' lang='lat' dir='ltr'><strong>cor</strong></span> <span class='ocrx_word' id='word_1_52' title='bbox 885 1086 1071 1134; x_wconf 79' lang='lat' dir='ltr'><strong>nicum,</strong></span> <span class='ocrx_word' id='word_1_53' title='bbox 1105 1066 1262 1131; x_wconf 88' lang='lat' dir='ltr'><strong>Deus,</strong></span> <span class='ocrx_word' id='word_1_54' title='bbox 1305 1072 1538 1134; x_wconf 73' lang='lat' dir='ltr'><strong>paratum</strong></span> <span class='ocrx_word' id='word_1_55' title='bbox 1570 1075 1656 1112; x_wconf 86' lang='lat' dir='ltr'><strong>cor</strong></span> <span class='ocrx_word' id='word_1_56' title='bbox 1675 1070 1837 1110; x_wconf 88' lang='lat' dir='ltr'><strong>meum</strong></span> <span class='ocrx_word' id='word_1_57' title='bbox 1870 1070 1887 1120; x_wconf 90' lang='lat'><strong>;</strong></span> 
     </span>
    </p>
   </div>
   <div class='ocr_carea' id='block_1_8' title="bbox 309 1146 1891 1238">
    <p class='ocr_par' dir='ltr' id='par_1_8' title="bbox 309 1146 1891 1238">
     <span class='ocr_line' id='line_1_8' title="bbox 309 1146 1891 1238; baseline -0.019 -13"><span class='ocrx_word' id='word_1_58' title='bbox 309 1170 522 1225; x_wconf 82' lang='lat' dir='ltr'><strong>cantabo</strong></span> <span class='ocrx_word' id='word_1_59' title='bbox 546 1177 594 1223; x_wconf 91' lang='lat' dir='ltr'><strong>et</strong></span> <span class='ocrx_word' id='word_1_60' title='bbox 615 1166 833 1238; x_wconf 77' lang='lat' dir='ltr'><strong>psallam</strong></span> <span class='ocrx_word' id='word_1_61' title='bbox 855 1163 910 1216; x_wconf 89' lang='lat' dir='ltr'><strong>in</strong></span> <span class='ocrx_word' id='word_1_62' title='bbox 938 1160 1099 1231; x_wconf 77' lang='lat' dir='ltr'><strong>gloria</strong></span> <span class='ocrx_word' id='word_1_63' title='bbox 1126 1173 1254 1210; x_wconf 76' lang='lat' dir='ltr'><strong>utea.</strong></span> <span class='ocrx_word' id='word_1_64' title='bbox 1281 1149 1514 1221; x_wconf 75' lang='lat' dir='ltr'><strong>Exsurge</strong></span> <span class='ocrx_word' id='word_1_65' title='bbox 1535 1146 1828 1220; x_wconf 73' lang='lat' dir='ltr'><strong>psalterium</strong></span> <span class='ocrx_word' id='word_1_66' title='bbox 1844 1151 1891 1197; x_wconf 88' lang='lat' dir='ltr'><strong>et</strong></span> 
     </span>
    </p>
   </div>
   <div class='ocr_carea' id='block_1_9' title="bbox 310 1234 1889 1326">
    <p class='ocr_par' dir='ltr' id='par_1_9' title="bbox 310 1234 1889 1326">
     <span class='ocr_line' id='line_1_9' title="bbox 310 1234 1889 1326; baseline -0.017 -10"><span class='ocrx_word' id='word_1_67' title='bbox 310 1263 547 1321; x_wconf 78' lang='lat' dir='ltr'><strong>citltara;</strong></span> <span class='ocrx_word' id='word_1_68' title='bbox 576 1234 842 1326; x_wconf 54' lang='lat' dir='ltr'><strong>seiungam</strong></span> <span class='ocrx_word' id='word_1_69' title='bbox 878 1247 1104 1306; x_wconf 82' lang='lat' dir='ltr'><strong>diluculo</strong></span> <span class='ocrx_word' id='word_1_70' title='bbox 1128 1246 1298 1321; x_wconf 86' lang='lat' dir='ltr'><strong>(Psal.</strong></span> <span class='ocrx_word' id='word_1_71' title='bbox 1332 1244 1420 1299; x_wconf 77' lang='lat'><strong>56.</strong></span> <span class='ocrx_word' id='word_1_72' title='bbox 1450 1242 1502 1297; x_wconf 90' lang='lat'><strong>8.</strong></span> <span class='ocrx_word' id='word_1_73' title='bbox 1528 1239 1582 1295; x_wconf 86' lang='lat'><strong>9.</strong></span> <span class='ocrx_word' id='word_1_74' title='bbox 1614 1234 1805 1291; x_wconf 69' lang='lat' dir='ltr'><strong>et107.</strong></span> <span class='ocrx_word' id='word_1_75' title='bbox 1836 1235 1889 1289; x_wconf 72' lang='grc' dir='ltr'><strong>ι.</strong></span> 
     </span>
    </p>
   </div>
   <div class='ocr_carea' id='block_1_10' title="bbox 309 1334 1891 1424">
    <p class='ocr_par' dir='ltr' id='par_1_10' title="bbox 309 1334 1891 1424">
     <span class='ocr_line' id='line_1_10' title="bbox 309 1334 1891 1424; baseline -0.018 -17"><span class='ocrx_word' id='word_1_76' title='bbox 309 1353 368 1424; x_wconf 73' lang='lat'><strong>2)</strong></span> <span class='ocrx_word' id='word_1_77' title='bbox 398 1368 415 1413; x_wconf 76' lang='grc' dir='ltr'>ς</span> <span class='ocrx_word' id='word_1_78' title='bbox 444 1361 500 1404; x_wconf 92' lang='lat' dir='ltr'><strong>ut</strong></span> <span class='ocrx_word' id='word_1_79' title='bbox 528 1349 581 1403; x_wconf 90' lang='lat' dir='ltr'><strong>in</strong></span> <span class='ocrx_word' id='word_1_80' title='bbox 612 1346 766 1401; x_wconf 89' lang='lat' dir='ltr'><strong>nobis</strong></span> <span class='ocrx_word' id='word_1_81' title='bbox 792 1344 960 1413; x_wconf 84' lang='lat' dir='ltr'><strong>possit</strong></span> <span class='ocrx_word' id='word_1_82' title='bbox 987 1338 1197 1409; x_wconf 88' lang='lat' dir='ltr'><strong>impleri</strong></span> <span class='ocrx_word' id='word_1_83' title='bbox 1228 1353 1242 1388; x_wconf 93' lang='lat'><strong>:</strong></span> <span class='ocrx_word' id='word_1_84' title='bbox 1270 1334 1423 1403; x_wconf 85' lang='lat' dir='ltr'><strong>Aperi</strong></span> <span class='ocrx_word' id='word_1_85' title='bbox 1442 1349 1499 1386; x_wconf 90' lang='lat' dir='ltr'><strong>os</strong></span> <span class='ocrx_word' id='word_1_86' title='bbox 1530 1340 1690 1391; x_wconf 87' lang='lat' dir='ltr'><strong>tuum,</strong></span> <span class='ocrx_word' id='word_1_87' title='bbox 1721 1336 1765 1382; x_wconf 87' lang='lat' dir='ltr'><strong>et</strong></span> <span class='ocrx_word' id='word_1_88' title='bbox 1801 1341 1891 1396; x_wconf 86' lang='lat' dir='ltr'><strong>ego</strong></span> 
     </span>
    </p>
   </div>
   <div class='ocr_carea' id='block_1_11' title="bbox 312 1418 1892 1510">
    <p class='ocr_par' dir='ltr' id='par_1_11' title="bbox 312 1418 1892 1510">
     <span class='ocr_line' id='line_1_11' title="bbox 312 1418 1892 1510; baseline -0.019 -14"><span class='ocrx_word' id='word_1_89' title='bbox 312 1418 599 1510; x_wconf 70' lang='lat' dir='ltr'><strong>adimplebo</strong></span> <span class='ocrx_word' id='word_1_90' title='bbox 626 1436 757 1490; x_wconf 83' lang='lat' dir='ltr'><strong>illud</strong></span> <span class='ocrx_word' id='word_1_91' title='bbox 787 1433 910 1505; x_wconf 85' lang='lat' dir='ltr'><strong>(Ps.</strong></span> <span class='ocrx_word' id='word_1_92' title='bbox 937 1432 1027 1487; x_wconf 78' lang='lat'><strong>80.</strong></span> <span class='ocrx_word' id='word_1_93' title='bbox 1060 1428 1171 1499; x_wconf 83' lang='lat' dir='ltr'><strong>ll).</strong></span> <span class='ocrx_word' id='word_1_94' title='bbox 1201 1426 1269 1480; x_wconf 85' lang='lat' dir='ltr'><strong>Et</strong></span> <span class='ocrx_word' id='word_1_95' title='bbox 1301 1444 1314 1479; x_wconf 90' lang='lat'><strong>:</strong></span> <span class='ocrx_word' id='word_1_96' title='bbox 1348 1422 1594 1476; x_wconf 88' lang='lat' dir='ltr'><strong>Dominus</strong></span> <span class='ocrx_word' id='word_1_97' title='bbox 1622 1418 1761 1471; x_wconf 81' lang='lat' dir='ltr'><strong>dabit</strong></span> <span class='ocrx_word' id='word_1_98' title='bbox 1781 1430 1892 1469; x_wconf 83' lang='lat' dir='ltr'><strong>uer-</strong></span> 
     </span>
    </p>
   </div>
   <div class='ocr_carea' id='block_1_12' title="bbox 311 1506 1893 1602">
    <p class='ocr_par' dir='ltr' id='par_1_12' title="bbox 311 1506 1893 1602">
     <span class='ocr_line' id='line_1_12' title="bbox 311 1506 1893 1602; baseline -0.019 -14"><span class='ocrx_word' id='word_1_99' title='bbox 311 1535 429 1588; x_wconf 88' lang='lat' dir='ltr'><strong>bum</strong></span> <span class='ocrx_word' id='word_1_100' title='bbox 445 1506 902 1602; x_wconf 73' lang='lat' dir='ltr'><strong>euangelizantibus</strong></span> <span class='ocrx_word' id='word_1_101' title='bbox 916 1526 1096 1602; x_wconf 79' lang='lat' dir='ltr'><strong>virtute</strong></span> <span class='ocrx_word' id='word_1_102' title='bbox 1114 1520 1273 1573; x_wconf 87' lang='lat' dir='ltr'><strong>multa</strong></span> <span class='ocrx_word' id='word_1_103' title='bbox 1292 1514 1408 1588; x_wconf 87' lang='lat' dir='ltr'><strong>(Ps.</strong></span> <span class='ocrx_word' id='word_1_104' title='bbox 1432 1512 1520 1568; x_wconf 85' lang='lat'><strong>67.</strong></span> <span class='ocrx_word' id='word_1_105' title='bbox 1545 1510 1653 1575; x_wconf 72' lang='grc'><strong>12).</strong></span> <span class='ocrx_word' id='word_1_106' title='bbox 1677 1506 1754 1563; x_wconf 86' lang='lat' dir='ltr'><strong>Te</strong></span> <span class='ocrx_word' id='word_1_107' title='bbox 1768 1519 1893 1576; x_wconf 82' lang='lat' dir='ltr'><strong>quo-</strong></span> 
     </span>
    </p>
   </div>
   <div class='ocr_carea' id='block_1_13' title="bbox 314 1600 1893 1695">
    <p class='ocr_par' dir='ltr' id='par_1_13' title="bbox 314 1600 1893 1695">
     <span class='ocr_line' id='line_1_13' title="bbox 314 1600 1893 1695; baseline -0.02 -15"><span class='ocrx_word' id='word_1_108' title='bbox 314 1639 419 1695; x_wconf 87' lang='lat' dir='ltr'><strong>que</strong></span> <span class='ocrx_word' id='word_1_109' title='bbox 449 1622 523 1693; x_wconf 92' lang='lat' dir='ltr'><strong>(a)</strong></span> <span class='ocrx_word' id='word_1_110' title='bbox 550 1600 652 1675; x_wconf 80' lang='lat' dir='ltr'><strong>huc</strong></span> <span class='ocrx_word' id='word_1_111' title='bbox 674 1618 847 1688; x_wconf 90' lang='lat' dir='ltr'><strong>ipsum</strong></span> <span class='ocrx_word' id='word_1_112' title='bbox 870 1600 1026 1669; x_wconf 86' lang='lat' dir='ltr'><strong>orare</strong></span> <span class='ocrx_word' id='word_1_113' title='bbox 1053 1626 1158 1665; x_wconf 87' lang='lat' dir='ltr'><strong>non</strong></span> <span class='ocrx_word' id='word_1_114' title='bbox 1186 1607 1391 1671; x_wconf 88' lang='lat' dir='ltr'><strong>dubito,</strong></span> <span class='ocrx_word' id='word_1_115' title='bbox 1415 1612 1471 1656; x_wconf 93' lang='lat' dir='ltr'><strong>ut</strong></span> <span class='ocrx_word' id='word_1_116' title='bbox 1489 1602 1627 1657; x_wconf 90' lang='lat' dir='ltr'><strong>inter</strong></span> <span class='ocrx_word' id='word_1_117' title='bbox 1648 1613 1744 1652; x_wconf 89' lang='lat' dir='ltr'><strong>nos</strong></span> <span class='ocrx_word' id='word_1_118' title='bbox 1759 1609 1893 1651; x_wconf 87' lang='lat' dir='ltr'><strong>con-</strong></span> 
     </span>
    </p>
   </div>
   <div class='ocr_carea' id='block_1_14' title="bbox 313 1691 1893 1778">
    <p class='ocr_par' dir='ltr' id='par_1_14' title="bbox 313 1691 1893 1778">
     <span class='ocr_line' id='line_1_14' title="bbox 313 1691 1893 1778; baseline -0.02 -6"><span class='ocrx_word' id='word_1_119' title='bbox 313 1691 593 1771; x_wconf 78' lang='lat' dir='ltr'><strong>tendentes</strong></span> <span class='ocrx_word' id='word_1_120' title='bbox 632 1710 832 1765; x_wconf 88' lang='lat' dir='ltr'><strong>veritas</strong></span> <span class='ocrx_word' id='word_1_121' title='bbox 902 1705 1067 1778; x_wconf 79' lang='lat'><strong>738</strong></span> <span class='ocrx_word' id='word_1_122' title='bbox 1137 1706 1373 1770; x_wconf 87' lang='lat' dir='ltr'><strong>superet.</strong></span> <span class='ocrx_word' id='word_1_123' title='bbox 1417 1693 1532 1749; x_wconf 85' lang='lat' dir='ltr'><strong>Non</strong></span> <span class='ocrx_word' id='word_1_124' title='bbox 1573 1691 1718 1748; x_wconf 89' lang='lat' dir='ltr'><strong>enim</strong></span> <span class='ocrx_word' id='word_1_125' title='bbox 1748 1697 1893 1743; x_wconf 91' lang='lat' dir='ltr'><strong>tuam</strong></span> 
     </span>
    </p>
   </div>
   <div class='ocr_carea' id='block_1_15' title="bbox 314 1783 1897 1880">
    <p class='ocr_par' dir='ltr' id='par_1_15' title="bbox 314 1783 1897 1880">
     <span class='ocr_line' id='line_1_15' title="bbox 314 1783 1897 1880; baseline -0.017 -17"><span class='ocrx_word' id='word_1_126' title='bbox 314 1808 512 1880; x_wconf 65' lang='lat' dir='ltr'><strong>quaeris</strong></span> <span class='ocrx_word' id='word_1_127' title='bbox 551 1803 800 1876; x_wconf 78' lang='lat' dir='ltr'><strong>gloriam,</strong></span> <span class='ocrx_word' id='word_1_128' title='bbox 839 1799 936 1855; x_wconf 90' lang='lat' dir='ltr'><strong>sed</strong></span> <span class='ocrx_word' id='word_1_129' title='bbox 975 1794 1197 1852; x_wconf 81' lang='lat' dir='ltr'><strong>Christi.</strong></span> <span class='ocrx_word' id='word_1_130' title='bbox 1231 1792 1471 1860; x_wconf 87' lang='lat' dir='ltr'><strong>Cumque</strong></span> <span class='ocrx_word' id='word_1_131' title='bbox 1513 1797 1567 1842; x_wconf 93' lang='lat' dir='ltr'><strong>tu</strong></span> <span class='ocrx_word' id='word_1_132' title='bbox 1597 1783 1811 1849; x_wconf 75' lang='lat' dir='ltr'><strong>viceris,</strong></span> <span class='ocrx_word' id='word_1_133' title='bbox 1840 1790 1897 1837; x_wconf 89' lang='lat' dir='ltr'><strong>et</strong></span> 
     </span>
    </p>
   </div>
   <div class='ocr_carea' id='block_1_16' title="bbox 316 1882 1896 1971">
    <p class='ocr_par' dir='ltr' id='par_1_16' title="bbox 316 1882 1896 1971">
     <span class='ocr_line' id='line_1_16' title="bbox 316 1882 1896 1971; baseline -0.017 -16"><span class='ocrx_word' id='word_1_134' title='bbox 316 1914 416 1971; x_wconf 88' lang='lat' dir='ltr'><strong>ego</strong></span> <span class='ocrx_word' id='word_1_135' title='bbox 443 1897 680 1962; x_wconf 89' lang='lat' dir='ltr'><strong>vincam,</strong></span> <span class='ocrx_word' id='word_1_136' title='bbox 706 1894 751 1950; x_wconf 90' lang='lat' dir='ltr'><strong>si</strong></span> <span class='ocrx_word' id='word_1_137' title='bbox 776 1906 954 1948; x_wconf 89' lang='lat' dir='ltr'><strong>meum</strong></span> <span class='ocrx_word' id='word_1_138' title='bbox 977 1900 1216 1945; x_wconf 90' lang='lat' dir='ltr'><strong>errorem</strong></span> <span class='ocrx_word' id='word_1_139' title='bbox 1243 1882 1558 1938; x_wconf 80' lang='lat' dir='ltr'><strong>intellexero</strong></span> <span class='ocrx_word' id='word_1_140' title='bbox 1588 1896 1604 1933; x_wconf 88' lang='lat'><strong>:</strong></span> <span class='ocrx_word' id='word_1_141' title='bbox 1633 1887 1689 1932; x_wconf 91' lang='lat' dir='ltr'><strong>et</strong></span> <span class='ocrx_word' id='word_1_142' title='bbox 1716 1891 1749 1932; x_wconf 91' lang='lat' dir='ltr'><strong>e</strong></span> <span class='ocrx_word' id='word_1_143' title='bbox 1767 1889 1896 1930; x_wconf 84' lang='lat' dir='ltr'><strong>con-</strong></span> 
     </span>
    </p>
   </div>
   <div class='ocr_carea' id='block_1_17' title="bbox 315 1970 1896 2050">
    <p class='ocr_par' dir='ltr' id='par_1_17' title="bbox 315 1970 1896 2050">
     <span class='ocr_line' id='line_1_17' title="bbox 315 1970 1896 2050; baseline -0.018 -2"><span class='ocrx_word' id='word_1_144' title='bbox 315 1992 483 2048; x_wconf 86' lang='lat' dir='ltr'><strong>trario</strong></span> <span class='ocrx_word' id='word_1_145' title='bbox 502 2006 590 2046; x_wconf 89' lang='lat' dir='ltr'><strong>me</strong></span> <span class='ocrx_word' id='word_1_146' title='bbox 618 1989 888 2050; x_wconf 87' lang='lat' dir='ltr'><strong>vincente,</strong></span> <span class='ocrx_word' id='word_1_147' title='bbox 924 1994 978 2038; x_wconf 87' lang='lat' dir='ltr'><strong>tu</strong></span> <span class='ocrx_word' id='word_1_148' title='bbox 1004 1992 1224 2050; x_wconf 89' lang='lat' dir='ltr'><strong>superas</strong></span> <span class='ocrx_word' id='word_1_149' title='bbox 1248 1995 1264 2043; x_wconf 87' lang='lat'><strong>;</strong></span> <span class='ocrx_word' id='word_1_150' title='bbox 1292 1976 1415 2045; x_wconf 84' lang='lat' dir='ltr'><strong>quia</strong></span> <span class='ocrx_word' id='word_1_151' title='bbox 1447 1987 1553 2027; x_wconf 89' lang='lat' dir='ltr'><strong>non</strong></span> <span class='ocrx_word' id='word_1_152' title='bbox 1582 1970 1675 2025; x_wconf 85' lang='lat' dir='ltr'><strong>ﬁlii</strong></span> <span class='ocrx_word' id='word_1_153' title='bbox 1703 1982 1896 2038; x_wconf 88' lang='lat' dir='ltr'><strong>paren-</strong></span> 
     </span>
    </p>
   </div>
   <div class='ocr_carea' id='block_1_18' title="bbox 315 2058 1897 2149">
    <p class='ocr_par' dir='ltr' id='par_1_18' title="bbox 315 2058 1897 2149">
     <span class='ocr_line' id='line_1_18' title="bbox 315 2058 1897 2149; baseline -0.02 -10"><span class='ocrx_word' id='word_1_154' title='bbox 315 2084 478 2148; x_wconf 86' lang='lat' dir='ltr'><strong>tibus,</strong></span> <span class='ocrx_word' id='word_1_155' title='bbox 501 2080 594 2137; x_wconf 89' lang='lat' dir='ltr'><strong>sed</strong></span> <span class='ocrx_word' id='word_1_156' title='bbox 628 2087 875 2149; x_wconf 80' lang='lat' dir='ltr'><strong>parentes</strong></span> <span class='ocrx_word' id='word_1_157' title='bbox 897 2067 1415 2128; x_wconf 81' lang='lat' dir='ltr'><strong>liliisthesaurizant.</strong></span> <span class='ocrx_word' id='word_1_158' title='bbox 1447 2064 1513 2118; x_wconf 85' lang='lat' dir='ltr'><strong>Et</strong></span> <span class='ocrx_word' id='word_1_159' title='bbox 1543 2062 1594 2115; x_wconf 93' lang='lat' dir='ltr'><strong>in</strong></span> <span class='ocrx_word' id='word_1_160' title='bbox 1624 2058 1897 2127; x_wconf 88' lang='lat' dir='ltr'><strong>Paralipo-</strong></span> 
     </span>
    </p>
   </div>
   <div class='ocr_carea' id='block_1_19' title="bbox 316 2147 1895 2239">
    <p class='ocr_par' dir='ltr' id='par_1_19' title="bbox 316 2147 1895 2239">
     <span class='ocr_line' id='line_1_19' title="bbox 316 2147 1895 2239; baseline -0.02 -8"><span class='ocrx_word' id='word_1_161' title='bbox 316 2147 510 2230; x_wconf 87' lang='lat' dir='ltr'><strong>menon</strong></span> <span class='ocrx_word' id='word_1_162' title='bbox 537 2147 676 2227; x_wconf 80' lang='lat' dir='ltr'><strong>libro</strong></span> <span class='ocrx_word' id='word_1_163' title='bbox 701 2169 948 2239; x_wconf 79' lang='lat' dir='ltr'><strong>legimus,</strong></span> <span class='ocrx_word' id='word_1_164' title='bbox 976 2160 1117 2231; x_wconf 88' lang='lat' dir='ltr'><strong>quod</strong></span> <span class='ocrx_word' id='word_1_165' title='bbox 1148 2158 1241 2213; x_wconf 83' lang='lat' dir='ltr'><strong>ﬁlii</strong></span> <span class='ocrx_word' id='word_1_166' title='bbox 1270 2155 1433 2210; x_wconf 89' lang='lat' dir='ltr'><strong>Israel</strong></span> <span class='ocrx_word' id='word_1_167' title='bbox 1461 2151 1527 2206; x_wconf 90' lang='lat' dir='ltr'><strong>ad</strong></span> <span class='ocrx_word' id='word_1_168' title='bbox 1557 2147 1895 2220; x_wconf 89' lang='lat' dir='ltr'><strong>pugnandum</strong></span> 
     </span>
    </p>
   </div>
   <div class='ocr_carea' id='block_1_20' title="bbox 315 2236 1897 2336">
    <p class='ocr_par' dir='ltr' id='par_1_20' title="bbox 315 2236 1897 2336">
     <span class='ocr_line' id='line_1_20' title="bbox 315 2236 1897 2336; baseline -0.018 -15"><span class='ocrx_word' id='word_1_169' title='bbox 315 2263 680 2336; x_wconf 87' lang='lat' dir='ltr'><strong>processerint</strong></span> <span class='ocrx_word' id='word_1_170' title='bbox 695 2236 859 2312; x_wconf 76' lang='lat' dir='ltr'><strong>mente</strong></span> <span class='ocrx_word' id='word_1_171' title='bbox 879 2253 1092 2325; x_wconf 79' lang='lat' dir='ltr'><strong>paciﬁca</strong></span> <span class='ocrx_word' id='word_1_172' title='bbox 1110 2265 1129 2303; x_wconf 91' lang='lat'><strong><em>:</em></strong></span> <span class='ocrx_word' id='word_1_173' title='bbox 1146 2249 1285 2302; x_wconf 87' lang='lat' dir='ltr'><strong>inter</strong></span> <span class='ocrx_word' id='word_1_174' title='bbox 1302 2246 1447 2315; x_wconf 87' lang='lat' dir='ltr'><strong>ipsus</strong></span> <span class='ocrx_word' id='word_1_175' title='bbox 1463 2256 1671 2311; x_wconf 89' lang='lat' dir='ltr'><strong>quoque</strong></span> <span class='ocrx_word' id='word_1_176' title='bbox 1690 2236 1897 2308; x_wconf 86' lang='lat' dir='ltr'><strong>gladios</strong></span> 
     </span>
    </p>
   </div>
   <div class='ocr_carea' id='block_1_21' title="bbox 316 2339 1897 2417">
    <p class='ocr_par' dir='ltr' id='par_1_21' title="bbox 316 2339 1897 2417">
     <span class='ocr_line' id='line_1_21' title="bbox 316 2339 1897 2417; baseline -0.022 -3"><span class='ocrx_word' id='word_1_177' title='bbox 316 2366 372 2413; x_wconf 89' lang='lat' dir='ltr'><strong>et</strong></span> <span class='ocrx_word' id='word_1_178' title='bbox 396 2356 685 2412; x_wconf 74' lang='lat' dir='ltr'><strong>eﬂusioues</strong></span> <span class='ocrx_word' id='word_1_179' title='bbox 714 2344 988 2417; x_wconf 77' lang='lat' dir='ltr'><strong>sanguinis</strong></span> <span class='ocrx_word' id='word_1_180' title='bbox 1013 2351 1068 2395; x_wconf 86' lang='lat' dir='ltr'><strong>et</strong></span> <span class='ocrx_word' id='word_1_181' title='bbox 1094 2339 1352 2394; x_wconf 87' lang='lat' dir='ltr'><strong>cadavera</strong></span> <span class='ocrx_word' id='word_1_182' title='bbox 1375 2340 1757 2402; x_wconf 85' lang='lat' dir='ltr'><strong>prostraturum</strong></span> <span class='ocrx_word' id='word_1_183' title='bbox 1790 2341 1897 2381; x_wconf 91' lang='lat' dir='ltr'><strong>non</strong></span> 
     </span>
    </p>
   </div>
   <div class='ocr_carea' id='block_1_22' title="bbox 314 2410 1898 2506">
    <p class='ocr_par' dir='ltr' id='par_1_22' title="bbox 314 2410 1898 2506">
     <span class='ocr_line' id='line_1_22' title="bbox 314 2410 1898 2506; baseline -0.02 -10"><span class='ocrx_word' id='word_1_184' title='bbox 314 2456 491 2504; x_wconf 89' lang='lat' dir='ltr'><strong>suam,</strong></span> <span class='ocrx_word' id='word_1_185' title='bbox 513 2438 607 2493; x_wconf 88' lang='lat' dir='ltr'><strong>sed</strong></span> <span class='ocrx_word' id='word_1_186' title='bbox 638 2435 788 2506; x_wconf 86' lang='lat' dir='ltr'><strong>pacis</strong></span> <span class='ocrx_word' id='word_1_187' title='bbox 810 2410 1084 2484; x_wconf 69' lang='lat' dir='ltr'><strong>victoriam</strong></span> <span class='ocrx_word' id='word_1_188' title='bbox 1111 2422 1427 2492; x_wconf 86' lang='lat' dir='ltr'><strong>cogitantes.</strong></span> <span class='ocrx_word' id='word_1_189' title='bbox 1458 2410 1898 2485; x_wconf 80' lang='lat' dir='ltr'><strong>ReSpondeamus</strong></span> 
     </span>
    </p>
   </div>
   <div class='ocr_carea' id='block_1_23' title="bbox 316 2503 1897 2601">
    <p class='ocr_par' dir='ltr' id='par_1_23' title="bbox 316 2503 1897 2601">
     <span class='ocr_line' id='line_1_23' title="bbox 316 2503 1897 2601; baseline -0.019 -14"><span class='ocrx_word' id='word_1_190' title='bbox 316 2533 482 2601; x_wconf 86' lang='lat' dir='ltr'><strong>igitur</strong></span> <span class='ocrx_word' id='word_1_191' title='bbox 504 2528 569 2582; x_wconf 89' lang='lat' dir='ltr'><strong>ad</strong></span> <span class='ocrx_word' id='word_1_192' title='bbox 602 2503 819 2585; x_wconf 80' lang='lat' dir='ltr'><strong>omnia;</strong></span> <span class='ocrx_word' id='word_1_193' title='bbox 850 2536 913 2574; x_wconf 89' lang='lat' dir='ltr'><strong>ac</strong></span> <span class='ocrx_word' id='word_1_194' title='bbox 942 2516 1262 2585; x_wconf 84' lang='lat' dir='ltr'><strong>multiplices</strong></span> <span class='ocrx_word' id='word_1_195' title='bbox 1297 2511 1640 2581; x_wconf 81' lang='lat' dir='ltr'><strong>qmcstioues,</strong></span> <span class='ocrx_word' id='word_1_196' title='bbox 1669 2504 1714 2560; x_wconf 88' lang='lat' dir='ltr'><strong>si</strong></span> <span class='ocrx_word' id='word_1_197' title='bbox 1738 2503 1897 2559; x_wconf 82' lang='lat' dir='ltr'><strong>Chri-</strong></span> 
     </span>
    </p>
   </div>
   <div class='ocr_carea' id='block_1_24' title="bbox 317 2594 1899 2687">
    <p class='ocr_par' dir='ltr' id='par_1_24' title="bbox 317 2594 1899 2687">
     <span class='ocr_line' id='line_1_24' title="bbox 317 2594 1899 2687; baseline -0.02 -11"><span class='ocrx_word' id='word_1_198' title='bbox 317 2631 434 2676; x_wconf 89' lang='lat' dir='ltr'><strong>stus</strong></span> <span class='ocrx_word' id='word_1_199' title='bbox 458 2615 714 2687; x_wconf 82' lang='lat' dir='ltr'><strong>jusserit,</strong></span> <span class='ocrx_word' id='word_1_200' title='bbox 744 2611 890 2667; x_wconf 82' lang='lat' dir='ltr'><strong>brevi</strong></span> <span class='ocrx_word' id='word_1_201' title='bbox 933 2619 1182 2662; x_wconf 91' lang='lat' dir='ltr'><strong>sermone</strong></span> <span class='ocrx_word' id='word_1_202' title='bbox 1223 2602 1511 2657; x_wconf 84' lang='lat' dir='ltr'><strong>solvamus.</strong></span> <span class='ocrx_word' id='word_1_203' title='bbox 1543 2594 1899 2651; x_wconf 69' lang='lat' dir='ltr'><strong>Prmtermitto</strong></span> 
     </span>
    </p>
   </div>
   <div class='ocr_carea' id='block_1_25' title="bbox 322 2689 1896 2771">
    <p class='ocr_par' dir='ltr' id='par_1_25' title="bbox 322 2689 1896 2771">
     <span class='ocr_line' id='line_1_25' title="bbox 322 2689 1896 2771; baseline -0.018 -4"><span class='ocrx_word' id='word_1_204' title='bbox 322 2709 662 2767; x_wconf 86' lang='lat' dir='ltr'><strong>salutationis</strong></span> <span class='ocrx_word' id='word_1_205' title='bbox 698 2703 896 2770; x_wconf 80' lang='lat' dir='ltr'><strong>ofﬁcia,</strong></span> <span class='ocrx_word' id='word_1_206' title='bbox 940 2699 1132 2771; x_wconf 84' lang='lat' dir='ltr'><strong>quibus</strong></span> <span class='ocrx_word' id='word_1_207' title='bbox 1163 2709 1339 2751; x_wconf 88' lang='lat' dir='ltr'><strong>meum</strong></span> <span class='ocrx_word' id='word_1_208' title='bbox 1379 2689 1652 2747; x_wconf 90' lang='lat' dir='ltr'><strong>demulces</strong></span> <span class='ocrx_word' id='word_1_209' title='bbox 1694 2693 1896 2754; x_wconf 86' lang='lat' dir='ltr'><strong>caput:</strong></span> 
     </span>
    </p>
   </div>
   <div class='ocr_carea' id='block_1_26' title="bbox 322 2775 1895 2862">
    <p class='ocr_par' dir='ltr' id='par_1_26' title="bbox 322 2775 1895 2862">
     <span class='ocr_line' id='line_1_26' title="bbox 322 2775 1895 2862; baseline -0.017 -4"><span class='ocrx_word' id='word_1_210' title='bbox 322 2814 478 2858; x_wconf 85' lang='lat' dir='ltr'><strong>taceo</strong></span> <span class='ocrx_word' id='word_1_211' title='bbox 503 2801 570 2855; x_wconf 90' lang='lat' dir='ltr'><strong>de</strong></span> <span class='ocrx_word' id='word_1_212' title='bbox 603 2796 904 2859; x_wconf 86' lang='lat' dir='ltr'><strong>blanditiis,</strong></span> <span class='ocrx_word' id='word_1_213' title='bbox 932 2790 1124 2862; x_wconf 88' lang='lat' dir='ltr'><strong>quibus</strong></span> <span class='ocrx_word' id='word_1_214' title='bbox 1168 2783 1637 2855; x_wconf 81' lang='lat' dir='ltr'><strong>reprehensionem</strong></span> <span class='ocrx_word' id='word_1_215' title='bbox 1667 2780 1769 2833; x_wconf 86' lang='lat' dir='ltr'><strong>mei</strong></span> <span class='ocrx_word' id='word_1_216' title='bbox 1801 2775 1895 2850; x_wconf 88' lang='lat' dir='ltr'><strong>[al.</strong></span> 
     </span>
    </p>
   </div>
   <div class='ocr_carea' id='block_1_27' title="bbox 322 2871 1790 2964">
    <p class='ocr_par' dir='ltr' id='par_1_27' title="bbox 322 2871 1790 2964">
     <span class='ocr_line' id='line_1_27' title="bbox 322 2871 1790 2964; baseline -0.018 -15"><span class='ocrx_word' id='word_1_217' title='bbox 322 2891 508 2964; x_wconf 84' lang='lat' dir='ltr'><strong>meum]</strong></span> <span class='ocrx_word' id='word_1_218' title='bbox 541 2891 727 2947; x_wconf 85' lang='lat' dir='ltr'><strong>niteris</strong></span> <span class='ocrx_word' id='word_1_219' title='bbox 749 2883 1036 2943; x_wconf 85' lang='lat' dir='ltr'><strong>consolari.</strong></span> <span class='ocrx_word' id='word_1_220' title='bbox 1067 2879 1145 2935; x_wconf 82' lang='lat' dir='ltr'><strong>Ad</strong></span> <span class='ocrx_word' id='word_1_221' title='bbox 1173 2879 1314 2950; x_wconf 84' lang='lat' dir='ltr'><strong>ipsas</strong></span> <span class='ocrx_word' id='word_1_222' title='bbox 1341 2887 1528 2930; x_wconf 82' lang='lat' dir='ltr'><strong>causas</strong></span> <span class='ocrx_word' id='word_1_223' title='bbox 1557 2871 1790 2926; x_wconf 80' lang='lat' dir='ltr'><strong>veniam.</strong></span> 
     </span>
    </p>
   </div>
   <div class='ocr_carea' id='block_1_28' title="bbox 389 2959 1896 3047">
    <p class='ocr_par' dir='ltr' id='par_1_28' title="bbox 389 2959 1896 3047">
     <span class='ocr_line' id='line_1_28' title="bbox 389 2959 1896 3047; baseline -0.019 -8"><span class='ocrx_word' id='word_1_224' title='bbox 389 2983 444 3039; x_wconf 82' lang='lat'><strong>&#39;5.</strong></span> <span class='ocrx_word' id='word_1_225' title='bbox 475 2959 617 3035; x_wconf 70' lang='lat' dir='ltr'><strong>l)icis</strong></span> <span class='ocrx_word' id='word_1_226' title='bbox 637 2977 908 3047; x_wconf 77' lang='lat' dir='ltr'><strong>accepisse</strong></span> <span class='ocrx_word' id='word_1_227' title='bbox 929 2984 979 3028; x_wconf 89' lang='lat' dir='ltr'><strong>te</strong></span> <span class='ocrx_word' id='word_1_228' title='bbox 1007 2972 1198 3026; x_wconf 90' lang='lat' dir='ltr'><strong>librum</strong></span> <span class='ocrx_word' id='word_1_229' title='bbox 1219 2981 1395 3023; x_wconf 90' lang='lat' dir='ltr'><strong>memn</strong></span> <span class='ocrx_word' id='word_1_230' title='bbox 1417 2980 1444 3016; x_wconf 90' lang='lat' dir='ltr'><strong>a</strong></span> <span class='ocrx_word' id='word_1_231' title='bbox 1461 2959 1691 3033; x_wconf 88' lang='lat' dir='ltr'><strong>quodam</strong></span> <span class='ocrx_word' id='word_1_232' title='bbox 1714 2960 1896 3025; x_wconf 81' lang='lat' dir='ltr'><strong>fratre,</strong></span> 
     </span>
    </p>
   </div>
   <div class='ocr_carea' id='block_1_29' title="bbox 321 3049 1901 3144">
    <p class='ocr_par' dir='ltr' id='par_1_29' title="bbox 321 3049 1901 3144">
     <span class='ocr_line' id='line_1_29' title="bbox 321 3049 1901 3144; baseline -0.016 -17"><span class='ocrx_word' id='word_1_233' title='bbox 321 3076 412 3144; x_wconf 87' lang='lat' dir='ltr'><strong>qui</strong></span> <span class='ocrx_word' id='word_1_234' title='bbox 444 3073 651 3128; x_wconf 86' lang='lat' dir='ltr'><strong>titulum</strong></span> <span class='ocrx_word' id='word_1_235' title='bbox 680 3083 786 3123; x_wconf 89' lang='lat' dir='ltr'><strong>nou</strong></span> <span class='ocrx_word' id='word_1_236' title='bbox 817 3065 1059 3130; x_wconf 82' lang='lat' dir='ltr'><strong>haberet,</strong></span> <span class='ocrx_word' id='word_1_237' title='bbox 1090 3061 1145 3115; x_wconf 85' lang='lat' dir='ltr'><strong>in</strong></span> <span class='ocrx_word' id='word_1_238' title='bbox 1172 3073 1279 3130; x_wconf 87' lang='lat' dir='ltr'><strong>quo</strong></span> <span class='ocrx_word' id='word_1_239' title='bbox 1304 3056 1604 3126; x_wconf 81' lang='lat' dir='ltr'><strong>Scriptores</strong></span> <span class='ocrx_word' id='word_1_240' title='bbox 1633 3049 1901 3107; x_wconf 83' lang='lat' dir='ltr'><strong>Ecclesia-</strong></span> 
     </span>
    </p>
   </div>
   <div class='ocr_carea' id='block_1_30' title="bbox 321 3140 1895 3224">
    <p class='ocr_par' dir='ltr' id='par_1_30' title="bbox 321 3140 1895 3224">
     <span class='ocr_line' id='line_1_30' title="bbox 321 3140 1895 3224; baseline -0.016 -6"><span class='ocrx_word' id='word_1_241' title='bbox 321 3164 485 3219; x_wconf 87' lang='lat' dir='ltr'><strong>sticos</strong></span> <span class='ocrx_word' id='word_1_242' title='bbox 542 3172 645 3216; x_wconf 87' lang='lat' dir='ltr'><strong>tam</strong></span> <span class='ocrx_word' id='word_1_243' title='bbox 702 3158 919 3215; x_wconf 72' lang='lat' dir='ltr'><strong>Crtecos</strong></span> <span class='ocrx_word' id='word_1_244' title='bbox 973 3167 1132 3224; x_wconf 88' lang='lat' dir='ltr'><strong>quam</strong></span> <span class='ocrx_word' id='word_1_245' title='bbox 1182 3148 1402 3204; x_wconf 87' lang='lat' dir='ltr'><strong>Latinos</strong></span> <span class='ocrx_word' id='word_1_246' title='bbox 1451 3140 1895 3200; x_wconf 87' lang='lat' dir='ltr'><strong>enumeraverim.</strong></span> 
     </span>
    </p>
   </div>
   <div class='ocr_carea' id='block_1_31' title="bbox 319 3229 1901 3323">
    <p class='ocr_par' dir='ltr' id='par_1_31' title="bbox 319 3229 1901 3323">
     <span class='ocr_line' id='line_1_31' title="bbox 319 3229 1901 3323; baseline -0.015 -16"><span class='ocrx_word' id='word_1_247' title='bbox 319 3254 559 3323; x_wconf 88' lang='lat' dir='ltr'><strong>Cumque</strong></span> <span class='ocrx_word' id='word_1_248' title='bbox 586 3251 652 3305; x_wconf 87' lang='lat' dir='ltr'><strong>ab</strong></span> <span class='ocrx_word' id='word_1_249' title='bbox 679 3265 743 3304; x_wconf 90' lang='lat' dir='ltr'><strong>eo</strong></span> <span class='ocrx_word' id='word_1_250' title='bbox 763 3260 1054 3318; x_wconf 83' lang='lat' dir='ltr'><strong>qmereres,</strong></span> <span class='ocrx_word' id='word_1_251' title='bbox 1076 3253 1135 3297; x_wconf 93' lang='lat' dir='ltr'><strong>ut</strong></span> <span class='ocrx_word' id='word_1_252' title='bbox 1158 3242 1262 3294; x_wconf 90' lang='lat' dir='ltr'><strong>tuis</strong></span> <span class='ocrx_word' id='word_1_253' title='bbox 1283 3236 1459 3292; x_wconf 82' lang='lat' dir='ltr'><strong>verbis</strong></span> <span class='ocrx_word' id='word_1_254' title='bbox 1479 3244 1618 3301; x_wconf 88' lang='lat' dir='ltr'><strong>utar,</strong></span> <span class='ocrx_word' id='word_1_255' title='bbox 1646 3249 1736 3287; x_wconf 84' lang='lat' dir='ltr'><strong>cur</strong></span> <span class='ocrx_word' id='word_1_256' title='bbox 1763 3229 1901 3283; x_wconf 83' lang='lat' dir='ltr'><strong>limi-</strong></span> 
     </span>
    </p>
   </div>
   <div class='ocr_carea' id='block_1_32' title="bbox 322 3328 1903 3413">
    <p class='ocr_par' dir='ltr' id='par_1_32' title="bbox 322 3328 1903 3413">
     <span class='ocr_line' id='line_1_32' title="bbox 322 3328 1903 3413; baseline -0.016 -17"><span class='ocrx_word' id='word_1_257' title='bbox 322 3344 459 3398; x_wconf 85' lang='lat' dir='ltr'><strong>naris</strong></span> <span class='ocrx_word' id='word_1_258' title='bbox 484 3342 670 3413; x_wconf 84' lang='lat' dir='ltr'><strong>pagina</strong></span> <span class='ocrx_word' id='word_1_259' title='bbox 711 3355 811 3392; x_wconf 86' lang='lat' dir='ltr'><strong>non</strong></span> <span class='ocrx_word' id='word_1_260' title='bbox 839 3343 962 3391; x_wconf 86' lang='lat' dir='ltr'><strong>esset</strong></span> <span class='ocrx_word' id='word_1_261' title='bbox 986 3333 1250 3401; x_wconf 81' lang='lat' dir='ltr'><strong>inscripta,</strong></span> <span class='ocrx_word' id='word_1_262' title='bbox 1279 3328 1356 3382; x_wconf 83' lang='lat' dir='ltr'><strong>vel</strong></span> <span class='ocrx_word' id='word_1_263' title='bbox 1379 3341 1477 3397; x_wconf 86' lang='lat' dir='ltr'><strong>quo</strong></span> <span class='ocrx_word' id='word_1_264' title='bbox 1502 3333 1782 3378; x_wconf 72' lang='lat' dir='ltr'><strong>censeretur</strong></span> <span class='ocrx_word' id='word_1_265' title='bbox 1810 3337 1903 3373; x_wconf 79' lang='lat' dir='ltr'><strong>no-</strong></span> 
     </span>
    </p>
   </div>
   <div class='ocr_carea' id='block_1_33' title="bbox 323 3418 1903 3501">
    <p class='ocr_par' dir='ltr' id='par_1_33' title="bbox 323 3418 1903 3501">
     <span class='ocr_line' id='line_1_33' title="bbox 323 3418 1903 3501; baseline -0.015 -13"><span class='ocrx_word' id='word_1_266' title='bbox 323 3438 475 3499; x_wconf 82' lang='lat' dir='ltr'><strong>mine,</strong></span> <span class='ocrx_word' id='word_1_267' title='bbox 499 3429 841 3501; x_wconf 79' lang='lat' dir='ltr'><strong>reSpondisse</strong></span> <span class='ocrx_word' id='word_1_268' title='bbox 860 3423 1119 3496; x_wconf 87' lang='lat' dir='ltr'><strong>appellari</strong></span> <span class='ocrx_word' id='word_1_269' title='bbox 1150 3418 1520 3492; x_wconf 83' lang='lat' dir='ltr'><strong>Epitaphium:</strong></span> <span class='ocrx_word' id='word_1_270' title='bbox 1542 3423 1597 3470; x_wconf 90' lang='lat' dir='ltr'><strong>et</strong></span> <span class='ocrx_word' id='word_1_271' title='bbox 1619 3426 1903 3483; x_wconf 76' lang='lat' dir='ltr'><strong>argumen-</strong></span> 
     </span>
    </p>
   </div>
   <div class='ocr_carea' id='block_1_34' title="bbox 326 3502 1900 3595">
    <p class='ocr_par' dir='ltr' id='par_1_34' title="bbox 326 3502 1900 3595">
     <span class='ocr_line' id='line_1_34' title="bbox 326 3502 1900 3595; baseline -0.014 -17"><span class='ocrx_word' id='word_1_272' title='bbox 326 3528 474 3589; x_wconf 82' lang='lat' dir='ltr'><strong>taris.</strong></span> <span class='ocrx_word' id='word_1_273' title='bbox 506 3525 644 3595; x_wconf 89' lang='lat' dir='ltr'><strong>quod</strong></span> <span class='ocrx_word' id='word_1_274' title='bbox 678 3532 824 3578; x_wconf 90' lang='lat' dir='ltr'><strong>recte</strong></span> <span class='ocrx_word' id='word_1_275' title='bbox 855 3519 935 3574; x_wconf 90' lang='lat' dir='ltr'><strong>sic</strong></span> <span class='ocrx_word' id='word_1_276' title='bbox 966 3523 1267 3575; x_wconf 88' lang='lat' dir='ltr'><strong>vocaretur,</strong></span> <span class='ocrx_word' id='word_1_277' title='bbox 1297 3511 1342 3565; x_wconf 93' lang='lat' dir='ltr'><strong>si</strong></span> <span class='ocrx_word' id='word_1_278' title='bbox 1371 3524 1554 3565; x_wconf 87' lang='lat' dir='ltr'><strong>eorum</strong></span> <span class='ocrx_word' id='word_1_279' title='bbox 1582 3514 1785 3560; x_wconf 90' lang='lat' dir='ltr'><strong>tantum</strong></span> <span class='ocrx_word' id='word_1_280' title='bbox 1814 3502 1900 3558; x_wconf 92' lang='lat' dir='ltr'><strong>vel</strong></span> 
     </span>
    </p>
   </div>
   <div class='ocr_carea' id='block_1_35' title="bbox 324 3595 1896 3683">
    <p class='ocr_par' dir='ltr' id='par_1_35' title="bbox 324 3595 1896 3683">
     <span class='ocr_line' id='line_1_35' title="bbox 324 3595 1896 3683; baseline -0.017 -12"><span class='ocrx_word' id='word_1_281' title='bbox 324 3619 465 3671; x_wconf 71' lang='lat' dir='ltr'><strong>vitas</strong></span> <span class='ocrx_word' id='word_1_282' title='bbox 485 3618 568 3671; x_wconf 94' lang='lat' dir='ltr'><strong>vel</strong></span> <span class='ocrx_word' id='word_1_283' title='bbox 595 3615 791 3683; x_wconf 85' lang='lat' dir='ltr'><strong>scripta</strong></span> <span class='ocrx_word' id='word_1_284' title='bbox 823 3611 895 3666; x_wconf 90' lang='lat' dir='ltr'><strong>ibi</strong></span> <span class='ocrx_word' id='word_1_285' title='bbox 920 3607 1163 3678; x_wconf 82' lang='lat' dir='ltr'><strong>legisses,</strong></span> <span class='ocrx_word' id='word_1_286' title='bbox 1191 3604 1279 3673; x_wconf 89' lang='lat' dir='ltr'><strong>qui</strong></span> <span class='ocrx_word' id='word_1_287' title='bbox 1304 3598 1412 3670; x_wconf 79' lang='lat' dir='ltr'><strong>jam</strong></span> <span class='ocrx_word' id='word_1_288' title='bbox 1436 3595 1671 3651; x_wconf 78' lang='lat' dir='ltr'><strong>defuncti</strong></span> <span class='ocrx_word' id='word_1_289' title='bbox 1698 3602 1896 3648; x_wconf 88' lang='lat' dir='ltr'><strong>essent.</strong></span> 
     </span>
    </p>
   </div>
   <div class='ocr_carea' id='block_1_36' title="bbox 324 3683 1901 3763">
    <p class='ocr_par' dir='ltr' id='par_1_36' title="bbox 324 3683 1901 3763">
     <span class='ocr_line' id='line_1_36' title="bbox 324 3683 1901 3763; baseline -0.019 0"><span class='ocrx_word' id='word_1_290' title='bbox 324 3710 456 3763; x_wconf 89' lang='lat' dir='ltr'><strong>Cum</strong></span> <span class='ocrx_word' id='word_1_291' title='bbox 485 3723 613 3762; x_wconf 85' lang='lat' dir='ltr'><strong>vero</strong></span> <span class='ocrx_word' id='word_1_292' title='bbox 642 3703 933 3759; x_wconf 89' lang='lat' dir='ltr'><strong>multorum</strong></span> <span class='ocrx_word' id='word_1_293' title='bbox 976 3706 1031 3753; x_wconf 89' lang='lat' dir='ltr'><strong>et</strong></span> <span class='ocrx_word' id='word_1_294' title='bbox 1055 3711 1121 3751; x_wconf 89' lang='lat' dir='ltr'><strong>eo</strong></span> <span class='ocrx_word' id='word_1_295' title='bbox 1151 3702 1391 3761; x_wconf 87' lang='lat' dir='ltr'><strong>tempore</strong></span> <span class='ocrx_word' id='word_1_296' title='bbox 1415 3704 1520 3756; x_wconf 89' lang='lat' dir='ltr'><strong>quo</strong></span> <span class='ocrx_word' id='word_1_297' title='bbox 1549 3683 1901 3746; x_wconf 80' lang='lat' dir='ltr'><strong>scribebatur,</strong></span> 
     </span>
    </p>
   </div>
   <div class='ocr_carea' id='block_1_37' title="bbox 325 3784 1904 3866">
    <p class='ocr_par' dir='ltr' id='par_1_37' title="bbox 325 3784 1904 3866">
     <span class='ocr_line' id='line_1_37' title="bbox 325 3784 1904 3866; baseline -0.02 -11"><span class='ocrx_word' id='word_1_298' title='bbox 325 3814 377 3855; x_wconf 92' lang='lat' dir='ltr'><strong>et</strong></span> <span class='ocrx_word' id='word_1_299' title='bbox 406 3815 545 3854; x_wconf 90' lang='lat' dir='ltr'><strong>nunc</strong></span> <span class='ocrx_word' id='word_1_300' title='bbox 573 3813 739 3866; x_wconf 81' lang='lat' dir='ltr'><strong>usque</strong></span> <span class='ocrx_word' id='word_1_301' title='bbox 767 3790 1082 3854; x_wconf 83' lang='lat' dir='ltr'><strong>viventium,</strong></span> <span class='ocrx_word' id='word_1_302' title='bbox 1130 3784 1199 3838; x_wconf 89' lang='lat' dir='ltr'><strong>ibi</strong></span> <span class='ocrx_word' id='word_1_303' title='bbox 1241 3784 1727 3836; x_wconf 84' lang='lat' dir='ltr'><strong>conunemorentur</strong></span> <span class='ocrx_word' id='word_1_304' title='bbox 1766 3787 1904 3839; x_wconf 88' lang='lat' dir='ltr'><strong>opu-</strong></span> 
     </span>
    </p>
   </div>
   <div class='ocr_carea' id='block_1_38' title="bbox 327 3863 1901 3958">
    <p class='ocr_par' dir='ltr' id='par_1_38' title="bbox 327 3863 1901 3958">
     <span class='ocr_line' id='line_1_38' title="bbox 327 3863 1901 3958; baseline -0.02 -11"><span class='ocrx_word' id='word_1_305' title='bbox 327 3893 470 3947; x_wconf 87' lang='lat' dir='ltr'><strong>scula</strong></span> <span class='ocrx_word' id='word_1_306' title='bbox 494 3932 509 3958; x_wconf 91' lang='lat'><strong>,</strong></span> <span class='ocrx_word' id='word_1_307' title='bbox 559 3888 744 3945; x_wconf 90' lang='lat' dir='ltr'><strong>mirari</strong></span> <span class='ocrx_word' id='word_1_308' title='bbox 775 3895 862 3949; x_wconf 90' lang='lat' dir='ltr'><strong>te,</strong></span> <span class='ocrx_word' id='word_1_309' title='bbox 902 3899 999 3938; x_wconf 87' lang='lat' dir='ltr'><strong>cur</strong></span> <span class='ocrx_word' id='word_1_310' title='bbox 1024 3879 1075 3935; x_wconf 92' lang='lat' dir='ltr'><strong>ei</strong></span> <span class='ocrx_word' id='word_1_311' title='bbox 1104 3877 1244 3931; x_wconf 90' lang='lat' dir='ltr'><strong>hunc</strong></span> <span class='ocrx_word' id='word_1_312' title='bbox 1276 3871 1486 3927; x_wconf 88' lang='lat' dir='ltr'><strong>titulqu</strong></span> <span class='ocrx_word' id='word_1_313' title='bbox 1534 3863 1901 3937; x_wconf 89' lang='lat' dir='ltr'><strong>imposuerim.</strong></span> 
     </span>
    </p>
   </div>
   <div class='ocr_carea' id='block_1_39' title="bbox 335 3960 1908 4050">
    <p class='ocr_par' dir='ltr' id='par_1_39' title="bbox 335 3960 1908 4050">
     <span class='ocr_line' id='line_1_39' title="bbox 335 3960 1908 4050; baseline -0.02 -11"><span class='ocrx_word' id='word_1_314' title='bbox 335 3984 469 4039; x_wconf 84' lang='lat' dir='ltr'><strong>Puto</strong></span> <span class='ocrx_word' id='word_1_315' title='bbox 487 3981 786 4050; x_wconf 84' lang='lat' dir='ltr'><strong>intelligere</strong></span> <span class='ocrx_word' id='word_1_316' title='bbox 815 3973 1149 4047; x_wconf 87' lang='lat' dir='ltr'><strong>prudentiam</strong></span> <span class='ocrx_word' id='word_1_317' title='bbox 1174 3979 1336 4028; x_wconf 90' lang='lat' dir='ltr'><strong>tuam,</strong></span> <span class='ocrx_word' id='word_1_318' title='bbox 1360 3961 1501 4034; x_wconf 87' lang='lat' dir='ltr'><strong>quod</strong></span> <span class='ocrx_word' id='word_1_319' title='bbox 1523 3976 1588 4015; x_wconf 87' lang='lat' dir='ltr'><strong>ex</strong></span> <span class='ocrx_word' id='word_1_320' title='bbox 1610 3971 1772 4027; x_wconf 85' lang='lat' dir='ltr'><strong>opere</strong></span> <span class='ocrx_word' id='word_1_321' title='bbox 1792 3960 1908 4023; x_wconf 89' lang='lat' dir='ltr'><strong>ipso</strong></span> 
     </span>
    </p>
   </div>
   <div class='ocr_carea' id='block_1_40' title="bbox 331 4048 1909 4140">
    <p class='ocr_par' dir='ltr' id='par_1_40' title="bbox 331 4048 1909 4140">
     <span class='ocr_line' id='line_1_40' title="bbox 331 4048 1909 4140; baseline -0.02 -12"><span class='ocrx_word' id='word_1_322' title='bbox 331 4072 537 4128; x_wconf 85' lang='lat' dir='ltr'><strong>titulum</strong></span> <span class='ocrx_word' id='word_1_323' title='bbox 572 4048 814 4140; x_wconf 79' lang='lat' dir='ltr'><strong>pulueris</strong></span> <span class='ocrx_word' id='word_1_324' title='bbox 845 4064 1160 4132; x_wconf 88' lang='lat' dir='ltr'><strong>intelligere.</strong></span> <span class='ocrx_word' id='word_1_325' title='bbox 1206 4055 1402 4125; x_wconf 82' lang='lat' dir='ltr'><strong>Legisti</strong></span> <span class='ocrx_word' id='word_1_326' title='bbox 1440 4053 1581 4108; x_wconf 90' lang='lat' dir='ltr'><strong>enim</strong></span> <span class='ocrx_word' id='word_1_327' title='bbox 1611 4059 1665 4103; x_wconf 90' lang='lat' dir='ltr'><strong>et</strong></span> <span class='ocrx_word' id='word_1_328' title='bbox 1690 4048 1909 4102; x_wconf 72' lang='lat' dir='ltr'><strong>Gt-zccos</strong></span> 
     </span>
    </p>
   </div>
   <div class='ocr_carea' id='block_1_41' title="bbox 327 4139 1905 4228">
    <p class='ocr_par' dir='ltr' id='par_1_41' title="bbox 327 4139 1905 4228">
     <span class='ocr_line' id='line_1_41' title="bbox 327 4139 1905 4228; baseline -0.02 -11"><span class='ocrx_word' id='word_1_329' title='bbox 327 4173 383 4219; x_wconf 82' lang='lat' dir='ltr'><strong>et</strong></span> <span class='ocrx_word' id='word_1_330' title='bbox 405 4164 639 4226; x_wconf 84' lang='lat' dir='ltr'><strong>Latinos,</strong></span> <span class='ocrx_word' id='word_1_331' title='bbox 663 4158 752 4228; x_wconf 85' lang='lat' dir='ltr'><strong>qui</strong></span> <span class='ocrx_word' id='word_1_332' title='bbox 772 4158 906 4210; x_wconf 84' lang='lat' dir='ltr'><strong>vitas</strong></span> <span class='ocrx_word' id='word_1_333' title='bbox 927 4155 1159 4207; x_wconf 87' lang='lat' dir='ltr'><strong>virorum</strong></span> <span class='ocrx_word' id='word_1_334' title='bbox 1181 4146 1466 4202; x_wconf 87' lang='lat' dir='ltr'><strong>illustrium</strong></span> <span class='ocrx_word' id='word_1_335' title='bbox 1484 4139 1905 4205; x_wconf 81' lang='lat' dir='ltr'><strong>descripserunt,</strong></span> 
     </span>
    </p>
   </div>
   <div class='ocr_carea' id='block_1_42' title="bbox 327 4223 1909 4323">
    <p class='ocr_par' dir='ltr' id='par_1_42' title="bbox 327 4223 1909 4323">
     <span class='ocr_line' id='line_1_42' title="bbox 327 4223 1909 4323; baseline -0.018 -18"><span class='ocrx_word' id='word_1_336' title='bbox 327 4253 464 4323; x_wconf 85' lang='lat' dir='ltr'><strong>quod</strong></span> <span class='ocrx_word' id='word_1_337' title='bbox 497 4223 765 4322; x_wconf 70' lang='lat' dir='ltr'><strong>uiniquam</strong></span> <span class='ocrx_word' id='word_1_338' title='bbox 793 4245 868 4319; x_wconf 86' lang='lat' dir='ltr'><strong>(b)</strong></span> <span class='ocrx_word' id='word_1_339' title='bbox 892 4242 1228 4315; x_wconf 84' lang='lat' dir='ltr'><strong>Epitaphium</strong></span> <span class='ocrx_word' id='word_1_340' title='bbox 1250 4235 1459 4291; x_wconf 88' lang='lat' dir='ltr'><strong>titulttm</strong></span> <span class='ocrx_word' id='word_1_341' title='bbox 1484 4227 1791 4286; x_wconf 87' lang='lat' dir='ltr'><strong>indiderint,</strong></span> <span class='ocrx_word' id='word_1_342' title='bbox 1815 4223 1909 4278; x_wconf 88' lang='lat' dir='ltr'><strong>sed</strong></span> 
     </span>
    </p>
   </div>
   <div class='ocr_carea' id='block_1_43' title="bbox 332 4315 1911 4402">
    <p class='ocr_par' dir='ltr' id='par_1_43' title="bbox 332 4315 1911 4402">
     <span class='ocr_line' id='line_1_43' title="bbox 332 4315 1911 4402; baseline -0.022 -2"><span class='ocrx_word' id='word_1_343' title='bbox 332 4315 402 4400; x_wconf 84' lang='lat' dir='ltr'><strong>de</strong></span> <span class='ocrx_word' id='word_1_344' title='bbox 428 4315 728 4401; x_wconf 80' lang='lat' dir='ltr'><strong>Illustribus</strong></span> <span class='ocrx_word' id='word_1_345' title='bbox 769 4315 930 4400; x_wconf 38' lang='lat' dir='ltr'><strong>\iiris,</strong></span> <span class='ocrx_word' id='word_1_346' title='bbox 961 4334 1108 4390; x_wconf 78' lang='lat' dir='ltr'><strong>\etbi</strong></span> <span class='ocrx_word' id='word_1_347' title='bbox 1137 4329 1324 4402; x_wconf 88' lang='lat' dir='ltr'><strong>gratia,</strong></span> <span class='ocrx_word' id='word_1_348' title='bbox 1373 4323 1624 4383; x_wconf 88' lang='lat' dir='ltr'><strong>Ducibus,</strong></span> <span class='ocrx_word' id='word_1_349' title='bbox 1661 4315 1911 4373; x_wconf 85' lang='lat' dir='ltr'><strong>Philoso-</strong></span> 
     </span>
    </p>
   </div>
   <div class='ocr_carea' id='block_1_44' title="bbox 334 4406 1907 4510">
    <p class='ocr_par' dir='ltr' id='par_1_44' title="bbox 334 4406 1907 4510">
     <span class='ocr_line' id='line_1_44' title="bbox 334 4406 1907 4510; baseline -0.023 -17"><span class='ocrx_word' id='word_1_350' title='bbox 334 4441 474 4510; x_wconf 88' lang='lat' dir='ltr'><strong>phis,</strong></span> <span class='ocrx_word' id='word_1_351' title='bbox 500 4435 833 4496; x_wconf 81' lang='lat' dir='ltr'><strong>Oratoribus,</strong></span> <span class='ocrx_word' id='word_1_352' title='bbox 861 4426 1161 4488; x_wconf 87' lang='lat' dir='ltr'><strong>Ilistoricis,</strong></span> <span class='ocrx_word' id='word_1_353' title='bbox 1190 4419 1387 4483; x_wconf 83' lang='lat' dir='ltr'><strong>l’oetis,</strong></span> <span class='ocrx_word' id='word_1_354' title='bbox 1420 4414 1622 4485; x_wconf 83' lang='lat' dir='ltr'><strong>Epicis,</strong></span> <span class='ocrx_word' id='word_1_355' title='bbox 1647 4406 1907 4478; x_wconf 85' lang='lat' dir='ltr'><strong>Tragicis,</strong></span> 
     </span>
    </p>
   </div>
   <div class='ocr_carea' id='block_1_45' title="bbox 331 4494 1910 4596">
    <p class='ocr_par' dir='ltr' id='par_1_45' title="bbox 331 4494 1910 4596">
     <span class='ocr_line' id='line_1_45' title="bbox 331 4494 1910 4596; baseline -0.024 -8"><span class='ocrx_word' id='word_1_356' title='bbox 331 4494 555 4587; x_wconf 54' lang='lat' dir='ltr'><strong>EullliClS</strong></span> <span class='ocrx_word' id='word_1_357' title='bbox 591 4548 605 4585; x_wconf 91' lang='lat'><strong>:</strong></span> <span class='ocrx_word' id='word_1_358' title='bbox 636 4522 978 4596; x_wconf 83' lang='lat' dir='ltr'><strong>Epitaphium</strong></span> <span class='ocrx_word' id='word_1_359' title='bbox 1021 4527 1199 4573; x_wconf 87' lang='lat' dir='ltr'><strong>autem</strong></span> <span class='ocrx_word' id='word_1_360' title='bbox 1253 4511 1465 4583; x_wconf 85' lang='lat' dir='ltr'><strong>proprie</strong></span> <span class='ocrx_word' id='word_1_361' title='bbox 1512 4502 1767 4559; x_wconf 86' lang='lat' dir='ltr'><strong>scribitur</strong></span> <span class='ocrx_word' id='word_1_362' title='bbox 1813 4494 1910 4569; x_wconf 82' lang='lat' dir='ltr'><strong>[aL</strong></span> 
     </span>
    </p>
   </div>
   <div class='ocr_carea' id='block_1_46' title="bbox 329 4590 1915 4689">
    <p class='ocr_par' dir='ltr' id='par_1_46' title="bbox 329 4590 1915 4689">
     <span class='ocr_line' id='line_1_46' title="bbox 329 4590 1915 4689; baseline -0.023 -12"><span class='ocrx_word' id='word_1_363' title='bbox 329 4617 642 4689; x_wconf 83' lang='lat' dir='ltr'><strong>inscribitur]</strong></span> <span class='ocrx_word' id='word_1_364' title='bbox 671 4590 1000 4670; x_wconf 73' lang='lat' dir='ltr'><strong>mortuorum</strong></span> <span class='ocrx_word' id='word_1_365' title='bbox 1029 4627 1044 4663; x_wconf 89' lang='lat'><strong>:</strong></span> <span class='ocrx_word' id='word_1_366' title='bbox 1072 4606 1212 4677; x_wconf 90' lang='lat' dir='ltr'><strong>quod</strong></span> <span class='ocrx_word' id='word_1_367' title='bbox 1256 4602 1469 4673; x_wconf 86' lang='lat' dir='ltr'><strong>quidem</strong></span> <span class='ocrx_word' id='word_1_368' title='bbox 1499 4598 1554 4652; x_wconf 90' lang='lat' dir='ltr'><strong>in</strong></span> <span class='ocrx_word' id='word_1_369' title='bbox 1591 4590 1915 4649; x_wconf 87' lang='lat' dir='ltr'><strong>dormitione</strong></span> 
     </span>
    </p>
   </div>
   <div class='ocr_carea' id='block_1_47' title="bbox 330 4682 1916 4769">
    <p class='ocr_par' dir='ltr' id='par_1_47' title="bbox 330 4682 1916 4769">
     <span class='ocr_line' id='line_1_47' title="bbox 330 4682 1916 4769; baseline -0.023 -1"><span class='ocrx_word' id='word_1_370' title='bbox 330 4723 530 4768; x_wconf 74' lang='lat' dir='ltr'><strong>sancta:</strong></span> <span class='ocrx_word' id='word_1_371' title='bbox 574 4706 849 4763; x_wconf 71' lang='lat' dir='ltr'><strong>memorize</strong></span> <span class='ocrx_word' id='word_1_372' title='bbox 894 4697 1174 4769; x_wconf 84' lang='lat' dir='ltr'><strong>Nepotiani</strong></span> <span class='ocrx_word' id='word_1_373' title='bbox 1214 4692 1517 4762; x_wconf 85' lang='lat' dir='ltr'><strong>Presbyteri</strong></span> <span class='ocrx_word' id='word_1_374' title='bbox 1558 4687 1686 4739; x_wconf 90' lang='lat' dir='ltr'><strong>olim</strong></span> <span class='ocrx_word' id='word_1_375' title='bbox 1723 4682 1916 4737; x_wconf 90' lang='lat' dir='ltr'><strong>fecisse</strong></span> 
     </span>
    </p>
   </div>
   <div class='ocr_carea' id='block_1_48' title="bbox 332 4773 1919 4864">
    <p class='ocr_par' dir='ltr' id='par_1_48' title="bbox 332 4773 1919 4864">
     <span class='ocr_line' id='line_1_48' title="bbox 332 4773 1919 4864; baseline -0.023 -8"><span class='ocrx_word' id='word_1_376' title='bbox 332 4817 418 4857; x_wconf 88' lang='lat' dir='ltr'><strong>me</strong></span> <span class='ocrx_word' id='word_1_377' title='bbox 449 4799 593 4853; x_wconf 82' lang='lat' dir='ltr'><strong>novi.</strong></span> <span class='ocrx_word' id='word_1_378' title='bbox 628 4797 774 4864; x_wconf 83' lang='lat' dir='ltr'><strong>Ergo</strong></span> <span class='ocrx_word' id='word_1_379' title='bbox 803 4793 891 4846; x_wconf 80' lang='lat' dir='ltr'><strong>hic</strong></span> <span class='ocrx_word' id='word_1_380' title='bbox 918 4790 1054 4843; x_wconf 90' lang='lat' dir='ltr'><strong>liber</strong></span> <span class='ocrx_word' id='word_1_381' title='bbox 1081 4787 1144 4838; x_wconf 88' lang='lat' dir='ltr'><strong>de</strong></span> <span class='ocrx_word' id='word_1_382' title='bbox 1173 4783 1466 4837; x_wconf 79' lang='lat' dir='ltr'><strong>Illustribus</strong></span> <span class='ocrx_word' id='word_1_383' title='bbox 1507 4777 1655 4838; x_wconf 88' lang='lat' dir='ltr'><strong>Viris,</strong></span> <span class='ocrx_word' id='word_1_384' title='bbox 1688 4773 1774 4827; x_wconf 86' lang='lat' dir='ltr'><strong>vel</strong></span> <span class='ocrx_word' id='word_1_385' title='bbox 1794 4786 1919 4841; x_wconf 82' lang='lat' dir='ltr'><strong>pro—</strong></span> 
     </span>
    </p>
   </div>
   <div class='ocr_carea' id='block_1_49' title="bbox 334 4863 1916 4963">
    <p class='ocr_par' dir='ltr' id='par_1_49' title="bbox 334 4863 1916 4963">
     <span class='ocr_line' id='line_1_49' title="bbox 334 4863 1916 4963; baseline -0.021 -17"><span class='ocrx_word' id='word_1_386' title='bbox 334 4892 450 4963; x_wconf 87' lang='lat' dir='ltr'><strong>prie</strong></span> <span class='ocrx_word' id='word_1_387' title='bbox 495 4889 560 4942; x_wconf 86' lang='lat' dir='ltr'><strong>de</strong></span> <span class='ocrx_word' id='word_1_388' title='bbox 605 4863 954 4954; x_wconf 80' lang='lat' dir='ltr'><strong>Scriptoribus</strong></span> <span class='ocrx_word' id='word_1_389' title='bbox 1000 4871 1372 4930; x_wconf 83' lang='lat' dir='ltr'><strong>Ecclesiasticis</strong></span> <span class='ocrx_word' id='word_1_390' title='bbox 1415 4863 1765 4936; x_wconf 84' lang='lat' dir='ltr'><strong>appellandus</strong></span> <span class='ocrx_word' id='word_1_391' title='bbox 1800 4871 1916 4914; x_wconf 90' lang='lat' dir='ltr'><strong>est:</strong></span> 
     </span>
    </p>
   </div>
   <div class='ocr_carea' id='block_1_50' title="bbox 334 4953 1916 5053">
    <p class='ocr_par' dir='ltr' id='par_1_50' title="bbox 334 4953 1916 5053">
     <span class='ocr_line' id='line_1_50' title="bbox 334 4953 1916 5053; baseline -0.023 -14"><span class='ocrx_word' id='word_1_392' title='bbox 334 4953 459 5039; x_wconf 81' lang='lat' dir='ltr'><strong>licet</strong></span> <span class='ocrx_word' id='word_1_393' title='bbox 486 4997 516 5036; x_wconf 92' lang='lat' dir='ltr'><strong>a</strong></span> <span class='ocrx_word' id='word_1_394' title='bbox 549 4979 820 5053; x_wconf 87' lang='lat' dir='ltr'><strong>plerisque</strong></span> <span class='ocrx_word' id='word_1_395' title='bbox 849 4966 1282 5030; x_wconf 86' lang='lat' dir='ltr'><strong>emendatoribus</strong></span> <span class='ocrx_word' id='word_1_396' title='bbox 1312 4960 1596 5033; x_wconf 85' lang='lat' dir='ltr'><strong>imperitis,</strong></span> <span class='ocrx_word' id='word_1_397' title='bbox 1626 4955 1693 5010; x_wconf 89' lang='lat' dir='ltr'><strong>de</strong></span> <span class='ocrx_word' id='word_1_398' title='bbox 1722 4953 1916 5007; x_wconf 80' lang='lat' dir='ltr'><strong>Aucto-</strong></span> 
     </span>
    </p>
   </div>
   <div class='ocr_carea' id='block_1_51' title="bbox 334 5068 1036 5136">
    <p class='ocr_par' dir='ltr' id='par_1_51' title="bbox 334 5068 1036 5136">
     <span class='ocr_line' id='line_1_51' title="bbox 334 5068 1036 5136; baseline -0.016 -6"><span class='ocrx_word' id='word_1_399' title='bbox 334 5077 471 5131; x_wconf 88' lang='lat' dir='ltr'><strong>ribus</strong></span> <span class='ocrx_word' id='word_1_400' title='bbox 495 5075 702 5128; x_wconf 84' lang='lat' dir='ltr'><strong>dicatur</strong></span> <span class='ocrx_word' id='word_1_401' title='bbox 727 5068 1036 5136; x_wconf 87' lang='lat' dir='ltr'><strong>inscriptus.</strong></span> 
     </span>
    </p>
   </div>
   <div class='ocr_carea' id='block_1_52' title="bbox 404 5137 1922 5227">
    <p class='ocr_par' dir='ltr' id='par_1_52' title="bbox 404 5137 1922 5227">
     <span class='ocr_line' id='line_1_52' title="bbox 404 5137 1922 5227; baseline -0.024 -5"><span class='ocrx_word' id='word_1_402' title='bbox 404 5168 460 5223; x_wconf 74' lang='grc'><strong>4.</strong></span> <span class='ocrx_word' id='word_1_403' title='bbox 494 5162 744 5221; x_wconf 87' lang='lat' dir='ltr'><strong>Secundo</strong></span> <span class='ocrx_word' id='word_1_404' title='bbox 774 5160 895 5214; x_wconf 90' lang='lat' dir='ltr'><strong>loco</strong></span> <span class='ocrx_word' id='word_1_405' title='bbox 920 5154 1137 5227; x_wconf 84' lang='lat' dir='ltr'><strong>quaeris,</strong></span> <span class='ocrx_word' id='word_1_406' title='bbox 1165 5166 1264 5207; x_wconf 88' lang='lat' dir='ltr'><strong>cur</strong></span> <span class='ocrx_word' id='word_1_407' title='bbox 1291 5145 1517 5204; x_wconf 81' lang='lat' dir='ltr'><strong>dixerim</strong></span> <span class='ocrx_word' id='word_1_408' title='bbox 1556 5142 1609 5196; x_wconf 84' lang='lat' dir='ltr'><strong>in</strong></span> <span class='ocrx_word' id='word_1_409' title='bbox 1632 5137 1922 5194; x_wconf 89' lang='lat' dir='ltr'><strong>Commen-</strong></span> 
     </span>
    </p>
   </div>
   <div class='ocr_carea' id='block_1_53' title="bbox 335 5225 1919 5326">
    <p class='ocr_par' dir='ltr' id='par_1_53' title="bbox 335 5225 1919 5326">
     <span class='ocr_line' id='line_1_53' title="bbox 335 5225 1919 5326; baseline -0.023 -13"><span class='ocrx_word' id='word_1_410' title='bbox 335 5259 486 5313; x_wconf 87' lang='lat' dir='ltr'><strong>tariis</strong></span> <span class='ocrx_word' id='word_1_411' title='bbox 529 5252 783 5326; x_wconf 84' lang='lat' dir='ltr'><strong>Epistulae</strong></span> <span class='ocrx_word' id='word_1_412' title='bbox 822 5249 888 5304; x_wconf 88' lang='lat' dir='ltr'><strong>ad</strong></span> <span class='ocrx_word' id='word_1_413' title='bbox 931 5225 1178 5309; x_wconf 66' lang='lat' dir='ltr'><strong>Galatas,</strong></span> <span class='ocrx_word' id='word_1_414' title='bbox 1251 5239 1417 5314; x_wconf 79' lang='lat'><strong>739</strong></span> <span class='ocrx_word' id='word_1_415' title='bbox 1492 5232 1714 5290; x_wconf 85' lang='lat' dir='ltr'><strong>Paulum</strong></span> <span class='ocrx_word' id='word_1_416' title='bbox 1756 5225 1818 5281; x_wconf 82' lang='lat' dir='ltr'><strong>id</strong></span> <span class='ocrx_word' id='word_1_417' title='bbox 1866 5225 1919 5279; x_wconf 94' lang='lat' dir='ltr'><strong>in</strong></span> 
     </span>
    </p>
   </div>
   <div class='ocr_carea' id='block_1_54' title="bbox 337 5321 1918 5415">
    <p class='ocr_par' dir='ltr' id='par_1_54' title="bbox 337 5321 1918 5415">
     <span class='ocr_line' id='line_1_54' title="bbox 337 5321 1918 5415; baseline -0.02 -10"><span class='ocrx_word' id='word_1_418' title='bbox 337 5350 499 5405; x_wconf 83' lang='lat' dir='ltr'><strong>Petro</strong></span> <span class='ocrx_word' id='word_1_419' title='bbox 531 5321 636 5401; x_wconf 78' lang='lat' dir='ltr'><strong>non</strong></span> <span class='ocrx_word' id='word_1_420' title='bbox 669 5339 908 5415; x_wconf 84' lang='lat' dir='ltr'><strong>potuisse</strong></span> <span class='ocrx_word' id='word_1_421' title='bbox 933 5335 1353 5407; x_wconf 88' lang='lat' dir='ltr'><strong>reprehendere,</strong></span> <span class='ocrx_word' id='word_1_422' title='bbox 1372 5325 1513 5399; x_wconf 86' lang='lat' dir='ltr'><strong>quod</strong></span> <span class='ocrx_word' id='word_1_423' title='bbox 1543 5325 1658 5395; x_wconf 92' lang='lat' dir='ltr'><strong>ipse</strong></span> <span class='ocrx_word' id='word_1_424' title='bbox 1682 5321 1918 5375; x_wconf 84' lang='lat' dir='ltr'><strong>fecerat:</strong></span> 
     </span>
    </p>
   </div>
   <div class='ocr_carea' id='block_1_55' title="bbox 340 5409 1923 5506">
    <p class='ocr_par' dir='ltr' id='par_1_55' title="bbox 340 5409 1923 5506">
     <span class='ocr_line' id='line_1_55' title="bbox 340 5409 1923 5506; baseline -0.023 -8"><span class='ocrx_word' id='word_1_425' title='bbox 340 5458 437 5497; x_wconf 86' lang='lat' dir='ltr'><strong>nec</strong></span> <span class='ocrx_word' id='word_1_426' title='bbox 466 5442 519 5497; x_wconf 90' lang='lat' dir='ltr'><strong>iu</strong></span> <span class='ocrx_word' id='word_1_427' title='bbox 546 5440 653 5495; x_wconf 91' lang='lat' dir='ltr'><strong>alio</strong></span> <span class='ocrx_word' id='word_1_428' title='bbox 675 5448 901 5506; x_wconf 88' lang='lat' dir='ltr'><strong>arguere</strong></span> <span class='ocrx_word' id='word_1_429' title='bbox 930 5427 1348 5491; x_wconf 88' lang='lat' dir='ltr'><strong>simulationem,</strong></span> <span class='ocrx_word' id='word_1_430' title='bbox 1375 5421 1526 5492; x_wconf 83' lang='lat' dir='ltr'><strong>cujus</strong></span> <span class='ocrx_word' id='word_1_431' title='bbox 1556 5419 1669 5487; x_wconf 89' lang='lat' dir='ltr'><strong>ipse</strong></span> <span class='ocrx_word' id='word_1_432' title='bbox 1699 5409 1923 5468; x_wconf 89' lang='lat' dir='ltr'><strong>teneba-</strong></span> 
     </span>
    </p>
   </div>
   <div class='ocr_carea' id='block_1_56' title="bbox 340 5507 1920 5591">
    <p class='ocr_par' dir='ltr' id='par_1_56' title="bbox 340 5507 1920 5591">
     <span class='ocr_line' id='line_1_56' title="bbox 340 5507 1920 5591; baseline -0.024 -1"><span class='ocrx_word' id='word_1_433' title='bbox 340 5545 428 5589; x_wconf 90' lang='lat' dir='ltr'><strong>tur</strong></span> <span class='ocrx_word' id='word_1_434' title='bbox 454 5547 576 5589; x_wconf 90' lang='lat' dir='ltr'><strong>reus</strong></span> <span class='ocrx_word' id='word_1_435' title='bbox 597 5548 610 5584; x_wconf 90' lang='lat'><strong>:</strong></span> <span class='ocrx_word' id='word_1_436' title='bbox 633 5538 689 5585; x_wconf 91' lang='lat' dir='ltr'><strong>et</strong></span> <span class='ocrx_word' id='word_1_437' title='bbox 717 5525 914 5583; x_wconf 90' lang='lat' dir='ltr'><strong>asseris</strong></span> <span class='ocrx_word' id='word_1_438' title='bbox 932 5517 1402 5591; x_wconf 88' lang='lat' dir='ltr'><strong>reprehensionem</strong></span> <span class='ocrx_word' id='word_1_439' title='bbox 1427 5507 1788 5581; x_wconf 75' lang='lat' dir='ltr'><strong>Apostolicam</strong></span> <span class='ocrx_word' id='word_1_440' title='bbox 1815 5515 1920 5555; x_wconf 91' lang='lat' dir='ltr'><strong>non</strong></span> 
     </span>
    </p>
   </div>
   <div class='ocr_carea' id='block_1_57' title="bbox 342 5594 1922 5693">
    <p class='ocr_par' dir='ltr' id='par_1_57' title="bbox 342 5594 1922 5693">
     <span class='ocr_line' id='line_1_57' title="bbox 342 5594 1922 5693; baseline -0.02 -15"><span class='ocrx_word' id='word_1_441' title='bbox 342 5624 507 5681; x_wconf 85' lang='lat' dir='ltr'><strong>fuisse</strong></span> <span class='ocrx_word' id='word_1_442' title='bbox 527 5615 997 5693; x_wconf 89' lang='lat' dir='ltr'><strong>dispensatoriam,</strong></span> <span class='ocrx_word' id='word_1_443' title='bbox 1030 5610 1125 5667; x_wconf 89' lang='lat' dir='ltr'><strong>sed</strong></span> <span class='ocrx_word' id='word_1_444' title='bbox 1154 5621 1333 5662; x_wconf 81' lang='lat' dir='ltr'><strong>verum</strong></span> <span class='ocrx_word' id='word_1_445' title='bbox 1360 5620 1375 5671; x_wconf 88' lang='lat'><strong>;</strong></span> <span class='ocrx_word' id='word_1_446' title='bbox 1400 5613 1451 5659; x_wconf 91' lang='lat' dir='ltr'><strong>et</strong></span> <span class='ocrx_word' id='word_1_447' title='bbox 1477 5617 1561 5655; x_wconf 87' lang='lat' dir='ltr'><strong>me</strong></span> <span class='ocrx_word' id='word_1_448' title='bbox 1591 5614 1695 5653; x_wconf 89' lang='lat' dir='ltr'><strong>non</strong></span> <span class='ocrx_word' id='word_1_449' title='bbox 1722 5594 1922 5650; x_wconf 87' lang='lat' dir='ltr'><strong>debere</strong></span> 
     </span>
    </p>
   </div>
   <div class='ocr_carea' id='block_1_58' title="bbox 346 5690 1915 5775">
    <p class='ocr_par' dir='ltr' id='par_1_58' title="bbox 346 5690 1915 5775">
     <span class='ocr_line' id='line_1_58' title="bbox 346 5690 1915 5775; baseline -0.024 -2"><span class='ocrx_word' id='word_1_450' title='bbox 346 5714 539 5771; x_wconf 68' lang='lat' dir='ltr'><strong>docere</strong></span> <span class='ocrx_word' id='word_1_451' title='bbox 563 5710 924 5775; x_wconf 89' lang='lat' dir='ltr'><strong>mendacium,</strong></span> <span class='ocrx_word' id='word_1_452' title='bbox 952 5704 1047 5761; x_wconf 88' lang='lat' dir='ltr'><strong>sed</strong></span> <span class='ocrx_word' id='word_1_453' title='bbox 1090 5700 1338 5756; x_wconf 88' lang='lat' dir='ltr'><strong>universa</strong></span> <span class='ocrx_word' id='word_1_454' title='bbox 1382 5708 1501 5763; x_wconf 85' lang='lat' dir='ltr'><strong>quae</strong></span> <span class='ocrx_word' id='word_1_455' title='bbox 1530 5690 1727 5758; x_wconf 89' lang='lat' dir='ltr'><strong>scripta</strong></span> <span class='ocrx_word' id='word_1_456' title='bbox 1755 5692 1881 5739; x_wconf 89' lang='lat' dir='ltr'><strong>sunt</strong></span> <span class='ocrx_word' id='word_1_457' title='bbox 1899 5723 1915 5746; x_wconf 91' lang='lat'><strong>,</strong></span> 
     </span>
    </p>
   </div>
   <div class='ocr_carea' id='block_1_59' title="bbox 407 5857 1557 5972">
    <p class='ocr_par' dir='ltr' id='par_1_59' title="bbox 407 5857 1557 5972">
     <span class='ocr_line' id='line_1_59' title="bbox 407 5857 1557 5972; baseline -0.03 -44"><span class='ocrx_word' id='word_1_458' title='bbox 407 5871 478 5934; x_wconf 82' lang='lat' dir='ltr'><strong>(a)</strong></span> <span class='ocrx_word' id='word_1_459' title='bbox 510 5866 836 5943; x_wconf 57' lang='lat' dir='ltr'><strong>Benedictio}.</strong></span> <span class='ocrx_word' id='word_1_460' title='bbox 862 5871 1124 5972; x_wconf 56' lang='lat' dir='ltr'><strong>Tequogue</strong></span> <span class='ocrx_word' id='word_1_461' title='bbox 1147 5857 1324 5922; x_wconf 69' lang='lat' dir='ltr'><strong>ipsum,</strong></span> <span class='ocrx_word' id='word_1_462' title='bbox 1343 5859 1440 5919; x_wconf 71' lang='lat' dir='ltr'><strong>etc.</strong></span> <span class='ocrx_word' id='word_1_463' title='bbox 1547 5908 1557 5918; x_wconf 85' lang='lat'><em>_</em></span> 
     </span>
     <span class='ocr_line' id='line_1_60' title="bbox 408 5921 1557 5972; baseline -0.011 0"><span class='ocrx_word' id='word_1_464' title='bbox 408 5931 481 5972; x_wconf 77' lang='lat' dir='ltr'><strong>(tn</strong></span> <span class='ocrx_word' id='word_1_465' title='bbox 518 5933 685 5972; x_wconf 74' lang='grc' dir='ltr'><strong>Ιηιι-ω-</strong></span> <span class='ocrx_word' id='word_1_466' title='bbox 715 5926 1019 5972; x_wconf 67' lang='grc' dir='ltr'><strong>Εωιωιιιιίηι</strong></span> <span class='ocrx_word' id='word_1_467' title='bbox 1056 5932 1152 5972; x_wconf 79' lang='lat' dir='ltr'><strong>tuta</strong></span> <span class='ocrx_word' id='word_1_468' title='bbox 1174 5928 1311 5972; x_wconf 70' lang='lat' dir='ltr'><strong>operi</strong></span> <span class='ocrx_word' id='word_1_469' title='bbox 1328 5921 1557 5972; x_wconf 74' lang='lat' dir='ltr'><strong>scripsert</strong></span> 
     </span>
    </p>
   </div>
   <div class='ocr_carea' id='block_1_60' title="bbox 408 5899 1883 5998">
    <p class='ocr_par' dir='ltr' id='par_1_60' title="bbox 408 5899 1883 5998">
     <span class='ocr_line' id='line_1_61' title="bbox 408 5899 1883 5998; baseline -0.024 -17"><span class='ocrx_word' id='word_1_470' title='bbox 513 5899 1629 5994; x_wconf 45' lang='lat' dir='ltr'><strong>liuic&#39;bpci&#39;i&#39;scripseri&#39;it,</strong></span> <span class='ocrx_word' id='word_1_471' title='bbox 1650 5899 1755 5964; x_wconf 74' lang='lat' dir='ltr'><strong>sed,</strong></span> <span class='ocrx_word' id='word_1_472' title='bbox 1786 5905 1883 5949; x_wconf 89' lang='lat' dir='ltr'><strong>etc.</strong></span> 
     </span>
    </p>
   </div>
   <div class='ocr_carea' id='block_1_61' title="bbox 1670 482 2190 544">
    <p class='ocr_par' dir='ltr' id='par_1_61' title="bbox 1670 482 2190 544">
     <span class='ocr_line' id='line_1_62' title="bbox 1670 482 2190 544; baseline -0.006 0"><span class='ocrx_word' id='word_1_473' title='bbox 1670 486 1991 544; x_wconf 75' lang='lat' dir='ltr'><strong>EPISTULA</strong></span> <span class='ocrx_word' id='word_1_474' title='bbox 2031 482 2190 541; x_wconf 76' lang='lat' dir='ltr'><strong>CXII.</strong></span> 
     </span>
    </p>
   </div>
   <div class='ocr_carea' id='block_1_62' title="bbox 3466 476 3573 533">
    <p class='ocr_par' dir='ltr' id='par_1_62' title="bbox 3466 476 3573 533">
     <span class='ocr_line' id='line_1_63' title="bbox 3466 476 3573 533; baseline -0.009 0"><span class='ocrx_word' id='word_1_475' title='bbox 3466 476 3573 533; x_wconf 72' lang='lat'><strong>918</strong></span> 
     </span>
    </p>
   </div>
   <div class='ocr_carea' id='block_1_63' title="bbox 1993 592 3573 664">
    <p class='ocr_par' dir='ltr' id='par_1_63' title="bbox 1993 592 3573 664">
     <span class='ocr_line' id='line_1_64' title="bbox 1993 592 3573 664; baseline -0.004 -12"><span class='ocrx_word' id='word_1_476' title='bbox 1993 599 2064 652; x_wconf 86' lang='lat' dir='ltr'><strong>ita</strong></span> <span class='ocrx_word' id='word_1_477' title='bbox 2094 609 2307 660; x_wconf 83' lang='lat' dir='ltr'><strong>sonare,</strong></span> <span class='ocrx_word' id='word_1_478' title='bbox 2342 604 2403 649; x_wconf 93' lang='lat' dir='ltr'><strong>ut</strong></span> <span class='ocrx_word' id='word_1_479' title='bbox 2429 593 2626 663; x_wconf 87' lang='lat' dir='ltr'><strong>scripta</strong></span> <span class='ocrx_word' id='word_1_480' title='bbox 2655 603 2799 648; x_wconf 88' lang='lat' dir='ltr'><strong>sunt.</strong></span> <span class='ocrx_word' id='word_1_481' title='bbox 2829 592 2911 648; x_wconf 80' lang='lat' dir='ltr'><strong>Ad</strong></span> <span class='ocrx_word' id='word_1_482' title='bbox 2934 605 3054 664; x_wconf 66' lang='lat' dir='ltr'><strong>quae</strong></span> <span class='ocrx_word' id='word_1_483' title='bbox 3082 592 3312 663; x_wconf 87' lang='lat' dir='ltr'><strong>primum</strong></span> <span class='ocrx_word' id='word_1_484' title='bbox 3343 605 3573 663; x_wconf 88' lang='lat' dir='ltr'><strong>respon-</strong></span> 
     </span>
    </p>
   </div>
   <div class='ocr_carea' id='block_1_64' title="bbox 1993 682 3574 768">
    <p class='ocr_par' dir='ltr' id='par_1_64' title="bbox 1993 682 3574 768">
     <span class='ocr_line' id='line_1_65' title="bbox 1993 682 3574 768; baseline -0.005 -23"><span class='ocrx_word' id='word_1_485' title='bbox 1993 690 2115 768; x_wconf 73' lang='lat' dir='ltr'><strong>deo,</strong></span> <span class='ocrx_word' id='word_1_486' title='bbox 2141 687 2392 744; x_wconf 87' lang='lat' dir='ltr'><strong>debuisse</strong></span> <span class='ocrx_word' id='word_1_487' title='bbox 2419 686 2757 758; x_wconf 87' lang='lat' dir='ltr'><strong>prudentiam</strong></span> <span class='ocrx_word' id='word_1_488' title='bbox 2787 694 2930 739; x_wconf 84' lang='lat' dir='ltr'><strong>tuam</strong></span> <span class='ocrx_word' id='word_1_489' title='bbox 2960 682 3383 740; x_wconf 64' lang='lat' dir='ltr'><strong>Praefatiunculai</strong></span> <span class='ocrx_word' id='word_1_490' title='bbox 3407 682 3574 737; x_wconf 90' lang='lat' dir='ltr'><strong>Com-</strong></span> 
     </span>
    </p>
   </div>
   <div class='ocr_carea' id='block_1_65' title="bbox 1993 774 3572 844">
    <p class='ocr_par' dir='ltr' id='par_1_65' title="bbox 1993 774 3572 844">
     <span class='ocr_line' id='line_1_66' title="bbox 1993 774 3572 844; baseline -0.005 -9"><span class='ocrx_word' id='word_1_491' title='bbox 1993 779 2379 835; x_wconf 88' lang='lat' dir='ltr'><strong>mentariorum</strong></span> <span class='ocrx_word' id='word_1_492' title='bbox 2398 793 2642 832; x_wconf 89' lang='lat' dir='ltr'><strong>meorum</strong></span> <span class='ocrx_word' id='word_1_493' title='bbox 2663 774 2992 840; x_wconf 84' lang='lat' dir='ltr'><strong>meminisse,</strong></span> <span class='ocrx_word' id='word_1_494' title='bbox 3011 775 3238 831; x_wconf 86' lang='lat' dir='ltr'><strong>dicentis</strong></span> <span class='ocrx_word' id='word_1_495' title='bbox 3256 789 3324 830; x_wconf 88' lang='lat' dir='ltr'><strong>ex</strong></span> <span class='ocrx_word' id='word_1_496' title='bbox 3340 786 3572 844; x_wconf 85' lang='lat' dir='ltr'><strong>persona</strong></span> 
     </span>
    </p>
   </div>
   <div class='ocr_carea' id='block_1_66' title="bbox 1995 865 3587 939">
    <p class='ocr_par' dir='ltr' id='par_1_66' title="bbox 1995 865 3587 939">
     <span class='ocr_line' id='line_1_67' title="bbox 1995 865 3587 939; baseline -0.004 -15"><span class='ocrx_word' id='word_1_497' title='bbox 1995 886 2134 924; x_wconf 85' lang='lat' dir='ltr'><strong>mea.</strong></span> <span class='ocrx_word' id='word_1_498' title='bbox 2171 888 2191 923; x_wconf 80' lang='grc' dir='ltr'>ι</span> <span class='ocrx_word' id='word_1_499' title='bbox 2223 870 2361 938; x_wconf 82' lang='lat' dir='ltr'><strong>Quid</strong></span> <span class='ocrx_word' id='word_1_500' title='bbox 2408 869 2569 939; x_wconf 83' lang='lat' dir='ltr'><strong>igitur</strong></span> <span class='ocrx_word' id='word_1_501' title='bbox 2594 882 2693 937; x_wconf 85' lang='lat' dir='ltr'><strong>ego</strong></span> <span class='ocrx_word' id='word_1_502' title='bbox 2718 866 2932 929; x_wconf 88' lang='lat' dir='ltr'><strong>stultus,</strong></span> <span class='ocrx_word' id='word_1_503' title='bbox 2973 867 3046 936; x_wconf 75' lang='grc' dir='ltr'><strong>(ο)</strong></span> <span class='ocrx_word' id='word_1_504' title='bbox 3086 875 3177 920; x_wconf 87' lang='lat' dir='ltr'><strong>aut</strong></span> <span class='ocrx_word' id='word_1_505' title='bbox 3213 865 3530 920; x_wconf 85' lang='lat' dir='ltr'><strong>temerarius</strong></span> <span class='ocrx_word' id='word_1_506' title='bbox 3568 902 3587 931; x_wconf 92' lang='lat'><strong>,</strong></span> 
     </span>
    </p>
   </div>
   <div class='ocr_carea' id='block_1_67' title="bbox 1995 955 3573 1032">
    <p class='ocr_par' dir='ltr' id='par_1_67' title="bbox 1995 955 3573 1032">
     <span class='ocr_line' id='line_1_68' title="bbox 1995 955 3573 1032; baseline -0.004 -16"><span class='ocrx_word' id='word_1_507' title='bbox 1995 962 2085 1032; x_wconf 87' lang='lat' dir='ltr'><strong>qui</strong></span> <span class='ocrx_word' id='word_1_508' title='bbox 2115 961 2166 1015; x_wconf 87' lang='lat' dir='ltr'><strong>id</strong></span> <span class='ocrx_word' id='word_1_509' title='bbox 2195 961 2485 1032; x_wconf 88' lang='lat' dir='ltr'><strong>pollicear,</strong></span> <span class='ocrx_word' id='word_1_510' title='bbox 2512 957 2654 1029; x_wconf 90' lang='lat' dir='ltr'><strong>quod</strong></span> <span class='ocrx_word' id='word_1_511' title='bbox 2689 957 2776 1012; x_wconf 89' lang='lat' dir='ltr'><strong>ille</strong></span> <span class='ocrx_word' id='word_1_512' title='bbox 2799 972 2906 1011; x_wconf 91' lang='lat' dir='ltr'><strong>non</strong></span> <span class='ocrx_word' id='word_1_513' title='bbox 2936 955 3147 1026; x_wconf 85' lang='lat' dir='ltr'><strong>potuit?</strong></span> <span class='ocrx_word' id='word_1_514' title='bbox 3174 956 3388 1010; x_wconf 80' lang='lat' dir='ltr'><strong>Minime</strong></span> <span class='ocrx_word' id='word_1_515' title='bbox 3411 956 3573 1024; x_wconf 88' lang='lat' dir='ltr'><strong>:quiu</strong></span> 
     </span>
    </p>
   </div>
   <div class='ocr_carea' id='block_1_68' title="bbox 1994 1045 3576 1120">
    <p class='ocr_par' dir='ltr' id='par_1_68' title="bbox 1994 1045 3576 1120">
     <span class='ocr_line' id='line_1_69' title="bbox 1994 1045 3576 1120; baseline -0.004 -14"><span class='ocrx_word' id='word_1_516' title='bbox 1994 1053 2171 1120; x_wconf 87' lang='lat' dir='ltr'><strong>potius</strong></span> <span class='ocrx_word' id='word_1_517' title='bbox 2214 1052 2268 1106; x_wconf 94' lang='lat' dir='ltr'><strong>iu</strong></span> <span class='ocrx_word' id='word_1_518' title='bbox 2294 1066 2380 1116; x_wconf 89' lang='lat' dir='ltr'><strong>eo,</strong></span> <span class='ocrx_word' id='word_1_519' title='bbox 2409 1049 2492 1120; x_wconf 80' lang='grc' dir='ltr'><strong>(ά)</strong></span> <span class='ocrx_word' id='word_1_520' title='bbox 2523 1058 2581 1103; x_wconf 93' lang='lat' dir='ltr'><strong>ut</strong></span> <span class='ocrx_word' id='word_1_521' title='bbox 2609 1049 2738 1103; x_wconf 90' lang='lat' dir='ltr'><strong>mihi</strong></span> <span class='ocrx_word' id='word_1_522' title='bbox 2768 1046 2986 1113; x_wconf 90' lang='lat' dir='ltr'><strong>videor,</strong></span> <span class='ocrx_word' id='word_1_523' title='bbox 3014 1048 3219 1101; x_wconf 88' lang='lat' dir='ltr'><strong>cautior</strong></span> <span class='ocrx_word' id='word_1_524' title='bbox 3240 1055 3400 1115; x_wconf 87' lang='lat' dir='ltr'><strong>atque</strong></span> <span class='ocrx_word' id='word_1_525' title='bbox 3426 1045 3576 1100; x_wconf 78' lang='lat' dir='ltr'><strong>timi-</strong></span> 
     </span>
    </p>
   </div>
   <div class='ocr_carea' id='block_1_69' title="bbox 1994 1133 3574 1210">
    <p class='ocr_par' dir='ltr' id='par_1_69' title="bbox 1994 1133 3574 1210">
     <span class='ocr_line' id='line_1_70' title="bbox 1994 1133 3574 1210; baseline -0.005 -16"><span class='ocrx_word' id='word_1_526' title='bbox 1994 1140 2134 1207; x_wconf 90' lang='lat' dir='ltr'><strong>dior,</strong></span> <span class='ocrx_word' id='word_1_527' title='bbox 2165 1140 2305 1210; x_wconf 92' lang='lat' dir='ltr'><strong>quod</strong></span> <span class='ocrx_word' id='word_1_528' title='bbox 2349 1138 2767 1193; x_wconf 89' lang='lat' dir='ltr'><strong>imbecillitatem</strong></span> <span class='ocrx_word' id='word_1_529' title='bbox 2810 1135 3000 1190; x_wconf 89' lang='lat' dir='ltr'><strong>virium</strong></span> <span class='ocrx_word' id='word_1_530' title='bbox 3029 1149 3266 1189; x_wconf 88' lang='lat' dir='ltr'><strong>mearum</strong></span> <span class='ocrx_word' id='word_1_531' title='bbox 3294 1133 3535 1188; x_wconf 84' lang='lat' dir='ltr'><strong>sentiens</strong></span> <span class='ocrx_word' id='word_1_532' title='bbox 3555 1173 3574 1200; x_wconf 92' lang='lat'><strong>,</strong></span> 
     </span>
    </p>
   </div>
   <div class='ocr_carea' id='block_1_70' title="bbox 1995 1225 3574 1301">
    <p class='ocr_par' dir='ltr' id='par_1_70' title="bbox 1995 1225 3574 1301">
     <span class='ocr_line' id='line_1_71' title="bbox 1995 1225 3574 1301; baseline -0.004 -15"><span class='ocrx_word' id='word_1_533' title='bbox 1995 1230 2243 1301; x_wconf 85' lang='lat' dir='ltr'><strong>Origenis</strong></span> <span class='ocrx_word' id='word_1_534' title='bbox 2280 1231 2711 1287; x_wconf 86' lang='lat' dir='ltr'><strong>Commentarios</strong></span> <span class='ocrx_word' id='word_1_535' title='bbox 2748 1238 2964 1284; x_wconf 79' lang='lat' dir='ltr'><strong>secutus</strong></span> <span class='ocrx_word' id='word_1_536' title='bbox 3000 1242 3139 1282; x_wconf 90' lang='lat' dir='ltr'><strong>sum.</strong></span> <span class='ocrx_word' id='word_1_537' title='bbox 3167 1226 3395 1295; x_wconf 86' lang='lat' dir='ltr'><strong>Scripsit</strong></span> <span class='ocrx_word' id='word_1_538' title='bbox 3432 1225 3574 1280; x_wconf 91' lang='lat' dir='ltr'><strong>enim</strong></span> 
     </span>
    </p>
   </div>
   <div class='ocr_carea' id='block_1_71' title="bbox 1997 1318 3572 1393">
    <p class='ocr_par' dir='ltr' id='par_1_71' title="bbox 1997 1318 3572 1393">
     <span class='ocr_line' id='line_1_72' title="bbox 1997 1318 3572 1393; baseline -0.005 -13"><span class='ocrx_word' id='word_1_539' title='bbox 1997 1324 2088 1380; x_wconf 91' lang='lat' dir='ltr'><strong>ille</strong></span> <span class='ocrx_word' id='word_1_540' title='bbox 2129 1325 2211 1379; x_wconf 91' lang='lat' dir='ltr'><strong>vir</strong></span> <span class='ocrx_word' id='word_1_541' title='bbox 2246 1325 2300 1379; x_wconf 92' lang='lat' dir='ltr'><strong>in</strong></span> <span class='ocrx_word' id='word_1_542' title='bbox 2341 1323 2634 1393; x_wconf 86' lang='lat' dir='ltr'><strong>Epistulam</strong></span> <span class='ocrx_word' id='word_1_543' title='bbox 2680 1321 2831 1377; x_wconf 87' lang='lat' dir='ltr'><strong>Pauli</strong></span> <span class='ocrx_word' id='word_1_544' title='bbox 2868 1322 2933 1376; x_wconf 90' lang='lat' dir='ltr'><strong>ad</strong></span> <span class='ocrx_word' id='word_1_545' title='bbox 2979 1320 3194 1376; x_wconf 86' lang='lat' dir='ltr'><strong>Galatas</strong></span> <span class='ocrx_word' id='word_1_546' title='bbox 3236 1319 3469 1390; x_wconf 86' lang='lat' dir='ltr'><strong>quinque</strong></span> <span class='ocrx_word' id='word_1_547' title='bbox 3498 1318 3572 1388; x_wconf 74' lang='grc' dir='ltr'><strong>(ο)</strong></span> 
     </span>
    </p>
   </div>
   <div class='ocr_carea' id='block_1_72' title="bbox 1997 1410 3577 1485">
    <p class='ocr_par' dir='ltr' id='par_1_72' title="bbox 1997 1410 3577 1485">
     <span class='ocr_line' id='line_1_73' title="bbox 1997 1410 3577 1485; baseline -0.003 -17"><span class='ocrx_word' id='word_1_548' title='bbox 1997 1415 2209 1485; x_wconf 89' lang='lat' dir='ltr'><strong>proprie</strong></span> <span class='ocrx_word' id='word_1_549' title='bbox 2234 1413 2531 1480; x_wconf 86' lang='lat' dir='ltr'><strong>volumina,</strong></span> <span class='ocrx_word' id='word_1_550' title='bbox 2569 1423 2625 1469; x_wconf 90' lang='lat' dir='ltr'><strong>et</strong></span> <span class='ocrx_word' id='word_1_551' title='bbox 2664 1412 2930 1468; x_wconf 90' lang='lat' dir='ltr'><strong>decimum</strong></span> <span class='ocrx_word' id='word_1_552' title='bbox 2972 1410 3314 1468; x_wconf 86' lang='lat' dir='ltr'><strong>Stromateon</strong></span> <span class='ocrx_word' id='word_1_553' title='bbox 3358 1425 3577 1464; x_wconf 91' lang='lat' dir='ltr'><strong>suorum</strong></span> 
     </span>
    </p>
   </div>
   <div class='ocr_carea' id='block_1_73' title="bbox 1997 1500 3581 1573">
    <p class='ocr_par' dir='ltr' id='par_1_73' title="bbox 1997 1500 3581 1573">
     <span class='ocr_line' id='line_1_74' title="bbox 1997 1500 3581 1573; baseline -0.003 -13"><span class='ocrx_word' id='word_1_554' title='bbox 1997 1506 2213 1567; x_wconf 88' lang='lat' dir='ltr'><strong>librum,</strong></span> <span class='ocrx_word' id='word_1_555' title='bbox 2241 1505 2562 1559; x_wconf 90' lang='lat' dir='ltr'><strong>commatico</strong></span> <span class='ocrx_word' id='word_1_556' title='bbox 2600 1518 2762 1573; x_wconf 88' lang='lat' dir='ltr'><strong>super</strong></span> <span class='ocrx_word' id='word_1_557' title='bbox 2788 1503 3162 1572; x_wconf 87' lang='lat' dir='ltr'><strong>explanatione</strong></span> <span class='ocrx_word' id='word_1_558' title='bbox 3187 1500 3302 1570; x_wconf 84' lang='lat' dir='ltr'><strong>ejus</strong></span> <span class='ocrx_word' id='word_1_559' title='bbox 3329 1513 3581 1555; x_wconf 81' lang='lat' dir='ltr'><strong>sermone</strong></span> 
     </span>
    </p>
   </div>
   <div class='ocr_carea' id='block_1_74' title="bbox 1996 1591 3580 1665">
    <p class='ocr_par' dir='ltr' id='par_1_74' title="bbox 1996 1591 3580 1665">
     <span class='ocr_line' id='line_1_75' title="bbox 1996 1591 3580 1665; baseline -0.004 -14"><span class='ocrx_word' id='word_1_560' title='bbox 1996 1594 2302 1665; x_wconf 79' lang='lat' dir='ltr'><strong>Complevit.</strong></span> <span class='ocrx_word' id='word_1_561' title='bbox 2327 1594 2607 1650; x_wconf 85' lang='lat' dir='ltr'><strong>Tractatus</strong></span> <span class='ocrx_word' id='word_1_562' title='bbox 2626 1608 2837 1664; x_wconf 84' lang='lat' dir='ltr'><strong>quoque</strong></span> <span class='ocrx_word' id='word_1_563' title='bbox 2858 1593 3055 1656; x_wconf 87' lang='lat' dir='ltr'><strong>varius,</strong></span> <span class='ocrx_word' id='word_1_564' title='bbox 3077 1600 3130 1646; x_wconf 91' lang='lat' dir='ltr'><strong>et</strong></span> <span class='ocrx_word' id='word_1_565' title='bbox 3152 1591 3433 1660; x_wconf 77' lang='lat' dir='ltr'><strong>Excerpta,</strong></span> <span class='ocrx_word' id='word_1_566' title='bbox 3457 1600 3580 1659; x_wconf 62' lang='lat' dir='ltr'><strong>qua</strong></span> 
     </span>
    </p>
   </div>
   <div class='ocr_carea' id='block_1_75' title="bbox 1998 1681 3577 1757">
    <p class='ocr_par' dir='ltr' id='par_1_75' title="bbox 1998 1681 3577 1757">
     <span class='ocr_line' id='line_1_76' title="bbox 1998 1681 3577 1757; baseline -0.006 -14"><span class='ocrx_word' id='word_1_567' title='bbox 1998 1687 2087 1743; x_wconf 85' lang='lat' dir='ltr'><strong>vel</strong></span> <span class='ocrx_word' id='word_1_568' title='bbox 2129 1686 2244 1742; x_wconf 90' lang='lat' dir='ltr'><strong>sola</strong></span> <span class='ocrx_word' id='word_1_569' title='bbox 2286 1696 2509 1757; x_wconf 85' lang='lat' dir='ltr'><strong>possent</strong></span> <span class='ocrx_word' id='word_1_570' title='bbox 2553 1684 2650 1757; x_wconf 89' lang='lat' dir='ltr'><strong>[al.</strong></span> <span class='ocrx_word' id='word_1_571' title='bbox 2697 1683 2911 1756; x_wconf 84' lang='lat' dir='ltr'><strong>possint]</strong></span> <span class='ocrx_word' id='word_1_572' title='bbox 2942 1683 3223 1746; x_wconf 86' lang='lat' dir='ltr'><strong>sufficere,</strong></span> <span class='ocrx_word' id='word_1_573' title='bbox 3255 1681 3577 1750; x_wconf 90' lang='lat' dir='ltr'><strong>composuit.</strong></span> 
     </span>
    </p>
   </div>
   <div class='ocr_carea' id='block_1_76' title="bbox 1999 1772 3582 1849">
    <p class='ocr_par' dir='ltr' id='par_1_76' title="bbox 1999 1772 3582 1849">
     <span class='ocr_line' id='line_1_77' title="bbox 1999 1772 3582 1849; baseline -0.006 -13"><span class='ocrx_word' id='word_1_574' title='bbox 1999 1781 2360 1836; x_wconf 65' lang='lat' dir='ltr'><strong>Praetermitto</strong></span> <span class='ocrx_word' id='word_1_575' title='bbox 2388 1778 2669 1849; x_wconf 86' lang='lat' dir='ltr'><strong>Didymum</strong></span> <span class='ocrx_word' id='word_1_576' title='bbox 2696 1777 2965 1831; x_wconf 83' lang='lat' dir='ltr'><strong>videntem</strong></span> <span class='ocrx_word' id='word_1_577' title='bbox 2989 1790 3190 1840; x_wconf 90' lang='lat' dir='ltr'><strong>meum,</strong></span> <span class='ocrx_word' id='word_1_578' title='bbox 3216 1783 3270 1828; x_wconf 92' lang='lat' dir='ltr'><strong>et</strong></span> <span class='ocrx_word' id='word_1_579' title='bbox 3295 1772 3362 1845; x_wconf 79' lang='lat' dir='ltr'><strong>(f)</strong></span> <span class='ocrx_word' id='word_1_580' title='bbox 3383 1772 3582 1827; x_wconf 85' lang='lat' dir='ltr'><strong>Laodi-</strong></span> 
     </span>
    </p>
   </div>
   <div class='ocr_carea' id='block_1_77' title="bbox 1997 1863 3579 1940">
    <p class='ocr_par' dir='ltr' id='par_1_77' title="bbox 1997 1863 3579 1940">
     <span class='ocr_line' id='line_1_78' title="bbox 1997 1863 3579 1940; baseline -0.006 -11"><span class='ocrx_word' id='word_1_581' title='bbox 1997 1888 2211 1934; x_wconf 89' lang='lat' dir='ltr'><strong>cenum,</strong></span> <span class='ocrx_word' id='word_1_582' title='bbox 2240 1871 2307 1927; x_wconf 88' lang='lat' dir='ltr'><strong>de</strong></span> <span class='ocrx_word' id='word_1_583' title='bbox 2345 1871 2579 1927; x_wconf 85' lang='lat' dir='ltr'><strong>Ecclesia</strong></span> <span class='ocrx_word' id='word_1_584' title='bbox 2607 1885 2778 1939; x_wconf 89' lang='lat' dir='ltr'><strong>nuper</strong></span> <span class='ocrx_word' id='word_1_585' title='bbox 2804 1882 3099 1940; x_wconf 86' lang='lat' dir='ltr'><strong>egressum,</strong></span> <span class='ocrx_word' id='word_1_586' title='bbox 3131 1874 3186 1921; x_wconf 90' lang='lat' dir='ltr'><strong>et</strong></span> <span class='ocrx_word' id='word_1_587' title='bbox 3217 1863 3579 1920; x_wconf 81' lang='lat' dir='ltr'><strong>Alexandrum</strong></span> 
     </span>
    </p>
   </div>
   <div class='ocr_carea' id='block_1_78' title="bbox 1999 1955 3581 2027">
    <p class='ocr_par' dir='ltr' id='par_1_78' title="bbox 1999 1955 3581 2027">
     <span class='ocr_line' id='line_1_79' title="bbox 1999 1955 3581 2027; baseline -0.006 -7"><span class='ocrx_word' id='word_1_588' title='bbox 1999 1976 2234 2020; x_wconf 85' lang='lat' dir='ltr'><strong>veterem</strong></span> <span class='ocrx_word' id='word_1_589' title='bbox 2263 1963 2597 2026; x_wconf 63' lang='lat' dir='ltr'><strong>haereticum,</strong></span> <span class='ocrx_word' id='word_1_590' title='bbox 2622 1959 2913 2015; x_wconf 80' lang='lat' dir='ltr'><strong>Eusebium</strong></span> <span class='ocrx_word' id='word_1_591' title='bbox 2941 1971 3154 2027; x_wconf 86' lang='lat' dir='ltr'><strong>quoque</strong></span> <span class='ocrx_word' id='word_1_592' title='bbox 3178 1955 3506 2019; x_wconf 88' lang='lat' dir='ltr'><strong>Emisenum,</strong></span> <span class='ocrx_word' id='word_1_593' title='bbox 3526 1963 3581 2010; x_wconf 88' lang='lat' dir='ltr'><strong>et</strong></span> 
     </span>
    </p>
   </div>
   <div class='ocr_carea' id='block_1_79' title="bbox 1998 2045 3583 2119">
    <p class='ocr_par' dir='ltr' id='par_1_79' title="bbox 1998 2045 3583 2119">
     <span class='ocr_line' id='line_1_80' title="bbox 1998 2045 3583 2119; baseline -0.007 -8"><span class='ocrx_word' id='word_1_594' title='bbox 1998 2055 2343 2111; x_wconf 85' lang='lat' dir='ltr'><strong>Theodorum</strong></span> <span class='ocrx_word' id='word_1_595' title='bbox 2368 2052 2736 2108; x_wconf 80' lang='lat' dir='ltr'><strong>Heracleotem</strong></span> <span class='ocrx_word' id='word_1_596' title='bbox 2763 2068 2775 2104; x_wconf 90' lang='lat'><strong>:</strong></span> <span class='ocrx_word' id='word_1_597' title='bbox 2805 2049 2895 2119; x_wconf 87' lang='lat' dir='ltr'><strong>qui</strong></span> <span class='ocrx_word' id='word_1_598' title='bbox 2922 2057 2977 2104; x_wconf 91' lang='lat' dir='ltr'><strong>et</strong></span> <span class='ocrx_word' id='word_1_599' title='bbox 3003 2047 3100 2118; x_wconf 88' lang='lat' dir='ltr'><strong>ipsi</strong></span> <span class='ocrx_word' id='word_1_600' title='bbox 3122 2045 3404 2101; x_wconf 75' lang='lat' dir='ltr'><strong>nonnullos</strong></span> <span class='ocrx_word' id='word_1_601' title='bbox 3419 2060 3583 2114; x_wconf 88' lang='lat' dir='ltr'><strong>super</strong></span> 
     </span>
    </p>
   </div>
   <div class='ocr_carea' id='block_1_80' title="bbox 2002 2134 3581 2210">
    <p class='ocr_par' dir='ltr' id='par_1_80' title="bbox 2002 2134 3581 2210">
     <span class='ocr_line' id='line_1_81' title="bbox 2002 2134 3581 2210; baseline -0.008 -8"><span class='ocrx_word' id='word_1_602' title='bbox 2002 2148 2101 2202; x_wconf 90' lang='lat' dir='ltr'><strong>hac</strong></span> <span class='ocrx_word' id='word_1_603' title='bbox 2131 2162 2189 2202; x_wconf 92' lang='lat' dir='ltr'><strong>re</strong></span> <span class='ocrx_word' id='word_1_604' title='bbox 2216 2143 2701 2201; x_wconf 89' lang='lat' dir='ltr'><strong>Commentariolos</strong></span> <span class='ocrx_word' id='word_1_605' title='bbox 2748 2141 3096 2210; x_wconf 88' lang='lat' dir='ltr'><strong>reliquerunt.</strong></span> <span class='ocrx_word' id='word_1_606' title='bbox 3131 2136 3173 2191; x_wconf 89' lang='lat' dir='ltr'>E</span> <span class='ocrx_word' id='word_1_607' title='bbox 3203 2135 3395 2206; x_wconf 86' lang='lat' dir='ltr'><strong>quibus</strong></span> <span class='ocrx_word' id='word_1_608' title='bbox 3418 2134 3462 2192; x_wconf 87' lang='lat' dir='ltr'><strong>si</strong></span> <span class='ocrx_word' id='word_1_609' title='bbox 3493 2134 3581 2190; x_wconf 85' lang='lat' dir='ltr'><strong>vel</strong></span> 
     </span>
    </p>
   </div>
   <div class='ocr_carea' id='block_1_81' title="bbox 2002 2226 3584 2309">
    <p class='ocr_par' dir='ltr' id='par_1_81' title="bbox 2002 2226 3584 2309">
     <span class='ocr_line' id='line_1_82' title="bbox 2002 2226 3584 2309; baseline -0.005 -19"><span class='ocrx_word' id='word_1_610' title='bbox 2002 2253 2167 2309; x_wconf 87' lang='lat' dir='ltr'><strong>pauca</strong></span> <span class='ocrx_word' id='word_1_611' title='bbox 2206 2237 2576 2305; x_wconf 89' lang='lat' dir='ltr'><strong>decerperem,</strong></span> <span class='ocrx_word' id='word_1_612' title='bbox 2606 2233 2761 2289; x_wconf 83' lang='lat' dir='ltr'><strong>ﬁeret</strong></span> <span class='ocrx_word' id='word_1_613' title='bbox 2800 2229 3030 2300; x_wconf 91' lang='lat' dir='ltr'><strong>aliquid,</strong></span> <span class='ocrx_word' id='word_1_614' title='bbox 3056 2227 3197 2297; x_wconf 89' lang='lat' dir='ltr'><strong>quod</strong></span> <span class='ocrx_word' id='word_1_615' title='bbox 3239 2243 3342 2282; x_wconf 90' lang='lat' dir='ltr'><strong>non</strong></span> <span class='ocrx_word' id='word_1_616' title='bbox 3372 2226 3584 2296; x_wconf 86' lang='lat' dir='ltr'><strong>penitus</strong></span> 
     </span>
    </p>
   </div>
   <div class='ocr_carea' id='block_1_82' title="bbox 2000 2316 3584 2394">
    <p class='ocr_par' dir='ltr' id='par_1_82' title="bbox 2000 2316 3584 2394">
     <span class='ocr_line' id='line_1_83' title="bbox 2000 2316 3584 2394; baseline -0.007 -11"><span class='ocrx_word' id='word_1_617' title='bbox 2000 2336 2456 2384; x_wconf 87' lang='lat' dir='ltr'><strong>contemneretur.</strong></span> <span class='ocrx_word' id='word_1_618' title='bbox 2484 2324 2667 2394; x_wconf 89' lang='lat' dir='ltr'><strong>Itaque</strong></span> <span class='ocrx_word' id='word_1_619' title='bbox 2686 2330 2746 2376; x_wconf 92' lang='lat' dir='ltr'><strong>ut</strong></span> <span class='ocrx_word' id='word_1_620' title='bbox 2773 2319 3086 2390; x_wconf 88' lang='lat' dir='ltr'><strong>simpliciter</strong></span> <span class='ocrx_word' id='word_1_621' title='bbox 3110 2318 3298 2385; x_wconf 84' lang='lat' dir='ltr'><strong>fatear,</strong></span> <span class='ocrx_word' id='word_1_622' title='bbox 3326 2317 3428 2387; x_wconf 86' lang='lat' dir='ltr'><strong>legi</strong></span> <span class='ocrx_word' id='word_1_623' title='bbox 3468 2316 3584 2372; x_wconf 65' lang='lat' dir='ltr'><strong>haec</strong></span> 
     </span>
    </p>
   </div>
   <div class='ocr_carea' id='block_1_83' title="bbox 2001 2407 3585 2486">
    <p class='ocr_par' dir='ltr' id='par_1_83' title="bbox 2001 2407 3585 2486">
     <span class='ocr_line' id='line_1_84' title="bbox 2001 2407 3585 2486; baseline -0.009 -10"><span class='ocrx_word' id='word_1_624' title='bbox 2001 2420 2202 2486; x_wconf 86' lang='lat' dir='ltr'><strong>omnia,</strong></span> <span class='ocrx_word' id='word_1_625' title='bbox 2229 2428 2283 2474; x_wconf 87' lang='lat' dir='ltr'><strong>et</strong></span> <span class='ocrx_word' id='word_1_626' title='bbox 2313 2418 2367 2472; x_wconf 89' lang='lat' dir='ltr'><strong>in</strong></span> <span class='ocrx_word' id='word_1_627' title='bbox 2395 2426 2574 2471; x_wconf 89' lang='lat' dir='ltr'><strong>mente</strong></span> <span class='ocrx_word' id='word_1_628' title='bbox 2611 2428 2729 2469; x_wconf 90' lang='lat' dir='ltr'><strong>mea</strong></span> <span class='ocrx_word' id='word_1_629' title='bbox 2759 2411 2985 2482; x_wconf 89' lang='lat' dir='ltr'><strong>plurima</strong></span> <span class='ocrx_word' id='word_1_630' title='bbox 3028 2424 3373 2471; x_wconf 88' lang='lat' dir='ltr'><strong>coacervaus,</strong></span> <span class='ocrx_word' id='word_1_631' title='bbox 3411 2407 3585 2461; x_wconf 84' lang='lat' dir='ltr'><strong>accito</strong></span> 
     </span>
    </p>
   </div>
   <div class='ocr_carea' id='block_1_84' title="bbox 2004 2498 3586 2578">
    <p class='ocr_par' dir='ltr' id='par_1_84' title="bbox 2004 2498 3586 2578">
     <span class='ocr_line' id='line_1_85' title="bbox 2004 2498 3586 2578; baseline -0.01 -11"><span class='ocrx_word' id='word_1_632' title='bbox 2004 2513 2233 2578; x_wconf 90' lang='lat' dir='ltr'><strong>notario,</strong></span> <span class='ocrx_word' id='word_1_633' title='bbox 2263 2509 2347 2565; x_wconf 90' lang='lat' dir='ltr'><strong>vel</strong></span> <span class='ocrx_word' id='word_1_634' title='bbox 2370 2523 2512 2572; x_wconf 90' lang='lat' dir='ltr'><strong>mea,</strong></span> <span class='ocrx_word' id='word_1_635' title='bbox 2545 2505 2626 2561; x_wconf 84' lang='lat' dir='ltr'><strong>vel</strong></span> <span class='ocrx_word' id='word_1_636' title='bbox 2660 2505 2833 2559; x_wconf 86' lang='lat' dir='ltr'><strong>aliena</strong></span> <span class='ocrx_word' id='word_1_637' title='bbox 2854 2500 3072 2566; x_wconf 85' lang='lat' dir='ltr'><strong>dictavi,</strong></span> <span class='ocrx_word' id='word_1_638' title='bbox 3101 2514 3201 2554; x_wconf 92' lang='lat' dir='ltr'><strong>nec</strong></span> <span class='ocrx_word' id='word_1_639' title='bbox 3229 2498 3454 2562; x_wconf 89' lang='lat' dir='ltr'><strong>ordinis,</strong></span> <span class='ocrx_word' id='word_1_640' title='bbox 3484 2510 3586 2552; x_wconf 91' lang='lat' dir='ltr'><strong>uec</strong></span> 
     </span>
    </p>
   </div>
   <div class='ocr_carea' id='block_1_85' title="bbox 2001 2586 3586 2668">
    <p class='ocr_par' dir='ltr' id='par_1_85' title="bbox 2001 2586 3586 2668">
     <span class='ocr_line' id='line_1_86' title="bbox 2001 2586 3586 2668; baseline -0.012 -9"><span class='ocrx_word' id='word_1_641' title='bbox 2001 2604 2319 2668; x_wconf 84' lang='lat' dir='ltr'><strong>verborum,</strong></span> <span class='ocrx_word' id='word_1_642' title='bbox 2367 2597 2636 2654; x_wconf 89' lang='lat' dir='ltr'><strong>interdum</strong></span> <span class='ocrx_word' id='word_1_643' title='bbox 2675 2609 2776 2650; x_wconf 91' lang='lat' dir='ltr'><strong>nec</strong></span> <span class='ocrx_word' id='word_1_644' title='bbox 2803 2607 3057 2648; x_wconf 85' lang='lat' dir='ltr'><strong>sensuum</strong></span> <span class='ocrx_word' id='word_1_645' title='bbox 3100 2587 3175 2662; x_wconf 78' lang='lat' dir='ltr'><strong>(g)</strong></span> <span class='ocrx_word' id='word_1_646' title='bbox 3217 2602 3440 2644; x_wconf 70' lang='lat' dir='ltr'><strong>IIlOﬂIOl‘.</strong></span> <span class='ocrx_word' id='word_1_647' title='bbox 3467 2586 3586 2641; x_wconf 84' lang='lat' dir='ltr'><strong>Jam</strong></span> 
     </span>
    </p>
   </div>
   <div class='ocr_carea' id='block_1_86' title="bbox 2005 2681 3584 2757">
    <p class='ocr_par' dir='ltr' id='par_1_86' title="bbox 2005 2681 3584 2757">
     <span class='ocr_line' id='line_1_87' title="bbox 2005 2681 3584 2757; baseline -0.014 -4"><span class='ocrx_word' id='word_1_648' title='bbox 2005 2697 2214 2752; x_wconf 88' lang='lat' dir='ltr'><strong>Domini</strong></span> <span class='ocrx_word' id='word_1_649' title='bbox 2245 2690 2630 2749; x_wconf 65' lang='lat' dir='ltr'><strong>misericordiae</strong></span> <span class='ocrx_word' id='word_1_650' title='bbox 2653 2697 2755 2753; x_wconf 86' lang='lat' dir='ltr'><strong>est,</strong></span> <span class='ocrx_word' id='word_1_651' title='bbox 2787 2702 2856 2742; x_wconf 91' lang='lat' dir='ltr'><strong>ne</strong></span> <span class='ocrx_word' id='word_1_652' title='bbox 2883 2701 2979 2757; x_wconf 90' lang='lat' dir='ltr'><strong>per</strong></span> <span class='ocrx_word' id='word_1_653' title='bbox 2998 2681 3319 2753; x_wconf 85' lang='lat' dir='ltr'><strong>imperitiam</strong></span> <span class='ocrx_word' id='word_1_654' title='bbox 3346 2689 3584 2735; x_wconf 83' lang='lat' dir='ltr'><strong>nostram</strong></span> 
     </span>
    </p>
   </div>
   <div class='ocr_carea' id='block_1_87' title="bbox 2000 2768 3591 2848">
    <p class='ocr_par' dir='ltr' id='par_1_87' title="bbox 2000 2768 3591 2848">
     <span class='ocr_line' id='line_1_88' title="bbox 2000 2768 3591 2848; baseline -0.014 -4"><span class='ocrx_word' id='word_1_655' title='bbox 2000 2788 2068 2844; x_wconf 90' lang='lat' dir='ltr'><strong>ab</strong></span> <span class='ocrx_word' id='word_1_656' title='bbox 2097 2788 2216 2842; x_wconf 89' lang='lat' dir='ltr'><strong>aliis</strong></span> <span class='ocrx_word' id='word_1_657' title='bbox 2243 2786 2381 2840; x_wconf 86' lang='lat' dir='ltr'><strong>bene</strong></span> <span class='ocrx_word' id='word_1_658' title='bbox 2406 2782 2548 2837; x_wconf 85' lang='lat' dir='ltr'><strong>dicta</strong></span> <span class='ocrx_word' id='word_1_659' title='bbox 2574 2777 2916 2848; x_wconf 78' lang='lat' dir='ltr'><strong>dispereunt;</strong></span> <span class='ocrx_word' id='word_1_660' title='bbox 2948 2783 3003 2831; x_wconf 87' lang='lat' dir='ltr'><strong>et</strong></span> <span class='ocrx_word' id='word_1_661' title='bbox 3037 2788 3144 2829; x_wconf 89' lang='lat' dir='ltr'><strong>non</strong></span> <span class='ocrx_word' id='word_1_662' title='bbox 3169 2772 3418 2842; x_wconf 85' lang='lat' dir='ltr'><strong>placeant</strong></span> <span class='ocrx_word' id='word_1_663' title='bbox 3446 2768 3591 2823; x_wconf 89' lang='lat' dir='ltr'><strong>inter</strong></span> 
     </span>
    </p>
   </div>
   <div class='ocr_carea' id='block_1_88' title="bbox 1988 2861 3587 2947">
    <p class='ocr_par' dir='ltr' id='par_1_88' title="bbox 1988 2861 3587 2947">
     <span class='ocr_line' id='line_1_89' title="bbox 1988 2861 3587 2947; baseline -0.014 -11"><span class='ocrx_word' id='word_1_664' title='bbox 1988 2869 2308 2940; x_wconf 69' lang='lat' dir='ltr'><strong>extraneos.</strong></span> <span class='ocrx_word' id='word_1_665' title='bbox 2337 2890 2457 2947; x_wconf 69' lang='lat' dir='ltr'><strong>qua:</strong></span> <span class='ocrx_word' id='word_1_666' title='bbox 2482 2874 2698 2944; x_wconf 89' lang='lat' dir='ltr'><strong>placent</strong></span> <span class='ocrx_word' id='word_1_667' title='bbox 2722 2870 2863 2925; x_wconf 89' lang='lat' dir='ltr'><strong>inter</strong></span> <span class='ocrx_word' id='word_1_668' title='bbox 2891 2864 3062 2939; x_wconf 89' lang='lat' dir='ltr'><strong>suos).</strong></span> <span class='ocrx_word' id='word_1_669' title='bbox 3094 2884 3114 2918; x_wconf 75' lang='grc' dir='ltr'><strong><em>ι</em></strong></span> <span class='ocrx_word' id='word_1_670' title='bbox 3143 2863 3199 2919; x_wconf 88' lang='lat' dir='ltr'><strong>Si</strong></span> <span class='ocrx_word' id='word_1_671' title='bbox 3244 2861 3373 2933; x_wconf 89' lang='lat' dir='ltr'><strong>quid</strong></span> <span class='ocrx_word' id='word_1_672' title='bbox 3424 2861 3587 2930; x_wconf 89' lang='lat' dir='ltr'><strong>igitur</strong></span> 
     </span>
    </p>
   </div>
   <div class='ocr_carea' id='block_1_89' title="bbox 2003 2952 3590 3042">
    <p class='ocr_par' dir='ltr' id='par_1_89' title="bbox 2003 2952 3590 3042">
     <span class='ocr_line' id='line_1_90' title="bbox 2003 2952 3590 3042; baseline -0.016 -14"><span class='ocrx_word' id='word_1_673' title='bbox 2003 2968 2417 3042; x_wconf 83' lang='lat' dir='ltr'><strong>reprehensione</strong></span> <span class='ocrx_word' id='word_1_674' title='bbox 2445 2964 2664 3035; x_wconf 90' lang='lat' dir='ltr'><strong>dignum</strong></span> <span class='ocrx_word' id='word_1_675' title='bbox 2693 2971 2984 3032; x_wconf 86' lang='lat' dir='ltr'><strong>putaveras</strong></span> <span class='ocrx_word' id='word_1_676' title='bbox 3016 2957 3070 3011; x_wconf 90' lang='lat' dir='ltr'><strong>in</strong></span> <span class='ocrx_word' id='word_1_677' title='bbox 3091 2952 3464 3025; x_wconf 86' lang='lat' dir='ltr'><strong>explanatione</strong></span> <span class='ocrx_word' id='word_1_678' title='bbox 3488 2963 3590 3004; x_wconf 91' lang='lat' dir='ltr'><strong>uo-</strong></span> 
     </span>
    </p>
   </div>
   <div class='ocr_carea' id='block_1_90' title="bbox 2003 3050 3592 3128">
    <p class='ocr_par' dir='ltr' id='par_1_90' title="bbox 2003 3050 3592 3128">
     <span class='ocr_line' id='line_1_91' title="bbox 2003 3050 3592 3128; baseline -0.018 -9"><span class='ocrx_word' id='word_1_679' title='bbox 2003 3074 2136 3128; x_wconf 90' lang='lat' dir='ltr'><strong>stra,</strong></span> <span class='ocrx_word' id='word_1_680' title='bbox 2167 3058 2482 3116; x_wconf 87' lang='lat' dir='ltr'><strong>eruditionis</strong></span> <span class='ocrx_word' id='word_1_681' title='bbox 2512 3064 2616 3109; x_wconf 73' lang='lat' dir='ltr'><strong>tua:</strong></span> <span class='ocrx_word' id='word_1_682' title='bbox 2658 3050 2831 3107; x_wconf 85' lang='lat' dir='ltr'><strong>fuerat</strong></span> <span class='ocrx_word' id='word_1_683' title='bbox 2868 3060 3130 3118; x_wconf 71' lang='lat' dir='ltr'><strong>quaerere,</strong></span> <span class='ocrx_word' id='word_1_684' title='bbox 3170 3052 3348 3098; x_wconf 92' lang='lat' dir='ltr'><strong>utrum</strong></span> <span class='ocrx_word' id='word_1_685' title='bbox 3377 3054 3439 3096; x_wconf 86' lang='lat' dir='ltr'><strong>ea</strong></span> <span class='ocrx_word' id='word_1_686' title='bbox 3469 3052 3592 3109; x_wconf 65' lang='lat' dir='ltr'><strong>quae</strong></span> 
     </span>
    </p>
   </div>
   <div class='ocr_carea' id='block_1_91' title="bbox 2002 3128 3697 3224">
    <p class='ocr_par' dir='ltr' id='par_1_91' title="bbox 2002 3128 3697 3224">
     <span class='ocr_line' id='line_1_92' title="bbox 2002 3128 3697 3224; baseline -0.019 -13"><span class='ocrx_word' id='word_1_687' title='bbox 2002 3154 2314 3224; x_wconf 89' lang='lat' dir='ltr'><strong>scripsimus</strong></span> <span class='ocrx_word' id='word_1_688' title='bbox 2338 3190 2354 3215; x_wconf 95' lang='lat'><strong>,</strong></span> <span class='ocrx_word' id='word_1_689' title='bbox 2384 3148 2707 3203; x_wconf 84' lang='lat' dir='ltr'><strong>haberentur</strong></span> <span class='ocrx_word' id='word_1_690' title='bbox 2748 3142 2801 3196; x_wconf 91' lang='lat' dir='ltr'><strong>in</strong></span> <span class='ocrx_word' id='word_1_691' title='bbox 2832 3137 3055 3201; x_wconf 64' lang='lat' dir='ltr'><strong>Graecis,</strong></span> <span class='ocrx_word' id='word_1_692' title='bbox 3089 3144 3145 3190; x_wconf 89' lang='lat' dir='ltr'><strong>ut</strong></span> <span class='ocrx_word' id='word_1_693' title='bbox 3173 3134 3217 3189; x_wconf 90' lang='lat' dir='ltr'><strong>si</strong></span> <span class='ocrx_word' id='word_1_694' title='bbox 3258 3131 3334 3187; x_wconf 91' lang='lat' dir='ltr'><strong>illi</strong></span> <span class='ocrx_word' id='word_1_695' title='bbox 3377 3144 3484 3185; x_wconf 89' lang='lat' dir='ltr'><strong>non</strong></span> <span class='ocrx_word' id='word_1_696' title='bbox 3511 3128 3594 3183; x_wconf 88' lang='lat' dir='ltr'><strong>di-</strong></span> <span class='ocrx_word' id='word_1_697' title='bbox 3694 3134 3697 3139; x_wconf 77' lang='lat'><strong>‘</strong></span> 
     </span>
    </p>
   </div>
   <div class='ocr_carea' id='block_1_92' title="bbox 2003 3223 3593 3309">
    <p class='ocr_par' dir='ltr' id='par_1_92' title="bbox 2003 3223 3593 3309">
     <span class='ocr_line' id='line_1_93' title="bbox 2003 3223 3593 3309; baseline -0.018 -8"><span class='ocrx_word' id='word_1_698' title='bbox 2003 3248 2227 3309; x_wconf 87' lang='lat' dir='ltr'><strong>xissent,</strong></span> <span class='ocrx_word' id='word_1_699' title='bbox 2246 3252 2373 3297; x_wconf 92' lang='lat' dir='ltr'><strong>tunc</strong></span> <span class='ocrx_word' id='word_1_700' title='bbox 2397 3252 2570 3292; x_wconf 90' lang='lat' dir='ltr'><strong>meam</strong></span> <span class='ocrx_word' id='word_1_701' title='bbox 2589 3232 2805 3307; x_wconf 90' lang='lat' dir='ltr'><strong>proprie</strong></span> <span class='ocrx_word' id='word_1_702' title='bbox 2827 3228 3146 3285; x_wconf 88' lang='lat' dir='ltr'><strong>sententiam</strong></span> <span class='ocrx_word' id='word_1_703' title='bbox 3169 3223 3554 3280; x_wconf 89' lang='lat' dir='ltr'><strong>condemnares</strong></span> <span class='ocrx_word' id='word_1_704' title='bbox 3573 3232 3593 3273; x_wconf 92' lang='lat'><strong><em>:</em></strong></span> 
     </span>
    </p>
   </div>
   <div class='ocr_carea' id='block_1_93' title="bbox 2007 3311 3590 3406">
    <p class='ocr_par' dir='ltr' id='par_1_93' title="bbox 2007 3311 3590 3406">
     <span class='ocr_line' id='line_1_94' title="bbox 2007 3311 3590 3406; baseline -0.016 -18"><span class='ocrx_word' id='word_1_705' title='bbox 2007 3335 2301 3406; x_wconf 75' lang='lat' dir='ltr'><strong>pnesertim</strong></span> <span class='ocrx_word' id='word_1_706' title='bbox 2329 3345 2450 3387; x_wconf 92' lang='lat' dir='ltr'><strong>cum</strong></span> <span class='ocrx_word' id='word_1_707' title='bbox 2475 3329 2648 3384; x_wconf 87' lang='lat' dir='ltr'><strong>libere</strong></span> <span class='ocrx_word' id='word_1_708' title='bbox 2688 3324 2743 3380; x_wconf 92' lang='lat' dir='ltr'><strong>in</strong></span> <span class='ocrx_word' id='word_1_709' title='bbox 2774 3321 3096 3379; x_wconf 70' lang='lat' dir='ltr'><strong>Prwfatioue</strong></span> <span class='ocrx_word' id='word_1_710' title='bbox 3122 3313 3399 3373; x_wconf 89' lang='lat' dir='ltr'><strong>confessus</strong></span> <span class='ocrx_word' id='word_1_711' title='bbox 3437 3311 3537 3365; x_wconf 91' lang='lat' dir='ltr'><strong>sim</strong></span> <span class='ocrx_word' id='word_1_712' title='bbox 3571 3351 3590 3379; x_wconf 93' lang='lat'><strong>,</strong></span> 
     </span>
    </p>
   </div>
   <div class='ocr_carea' id='block_1_94' title="bbox 2002 3404 3592 3499">
    <p class='ocr_par' dir='ltr' id='par_1_94' title="bbox 2002 3404 3592 3499">
     <span class='ocr_line' id='line_1_95' title="bbox 2002 3404 3592 3499; baseline -0.018 -14"><span class='ocrx_word' id='word_1_713' title='bbox 2002 3427 2248 3499; x_wconf 89' lang='lat' dir='ltr'><strong>Origenis</strong></span> <span class='ocrx_word' id='word_1_714' title='bbox 2271 3418 2700 3481; x_wconf 86' lang='lat' dir='ltr'><strong>Commentarios</strong></span> <span class='ocrx_word' id='word_1_715' title='bbox 2719 3431 2805 3471; x_wconf 89' lang='lat' dir='ltr'><strong>me</strong></span> <span class='ocrx_word' id='word_1_716' title='bbox 2829 3427 2949 3470; x_wconf 88' lang='lat' dir='ltr'><strong>esse</strong></span> <span class='ocrx_word' id='word_1_717' title='bbox 2976 3422 3243 3471; x_wconf 89' lang='lat' dir='ltr'><strong>secutum,</strong></span> <span class='ocrx_word' id='word_1_718' title='bbox 3265 3415 3321 3460; x_wconf 92' lang='lat' dir='ltr'><strong>et</strong></span> <span class='ocrx_word' id='word_1_719' title='bbox 3339 3404 3421 3460; x_wconf 84' lang='lat' dir='ltr'><strong>vel</strong></span> <span class='ocrx_word' id='word_1_720' title='bbox 3448 3418 3592 3467; x_wconf 89' lang='lat' dir='ltr'><strong>mea,</strong></span> 
     </span>
    </p>
   </div>
   <div class='ocr_carea' id='block_1_95' title="bbox 2004 3494 3596 3576">
    <p class='ocr_par' dir='ltr' id='par_1_95' title="bbox 2004 3494 3596 3576">
     <span class='ocr_line' id='line_1_96' title="bbox 2004 3494 3596 3576; baseline -0.018 0"><span class='ocrx_word' id='word_1_721' title='bbox 2004 3494 2289 3576; x_wconf 45' lang='lat' dir='ltr'><strong>vel&#39;aliena</strong></span> <span class='ocrx_word' id='word_1_722' title='bbox 2318 3516 2580 3576; x_wconf 88' lang='lat' dir='ltr'><strong>dictasse;</strong></span> <span class='ocrx_word' id='word_1_723' title='bbox 2604 3509 2732 3566; x_wconf 89' lang='lat' dir='ltr'><strong>etin</strong></span> <span class='ocrx_word' id='word_1_724' title='bbox 2765 3507 2873 3562; x_wconf 88' lang='lat' dir='ltr'><strong>line</strong></span> <span class='ocrx_word' id='word_1_725' title='bbox 2894 3503 3138 3573; x_wconf 82' lang='lat' dir='ltr'><strong>ejusdem</strong></span> <span class='ocrx_word' id='word_1_726' title='bbox 3213 3496 3377 3571; x_wconf 66' lang='lat' dir='ltr'><strong>7m</strong></span> <span class='ocrx_word' id='word_1_727' title='bbox 3447 3494 3596 3564; x_wconf 84' lang='lat' dir='ltr'><strong>capi-</strong></span> 
     </span>
    </p>
   </div>
   <div class='ocr_carea' id='block_1_96' title="bbox 2006 3587 3593 3681">
    <p class='ocr_par' dir='ltr' id='par_1_96' title="bbox 2006 3587 3593 3681">
     <span class='ocr_line' id='line_1_97' title="bbox 2006 3587 3593 3681; baseline -0.02 -13"><span class='ocrx_word' id='word_1_728' title='bbox 2006 3613 2126 3678; x_wconf 87' lang='lat' dir='ltr'><strong>tuli,</strong></span> <span class='ocrx_word' id='word_1_729' title='bbox 2148 3608 2290 3681; x_wconf 88' lang='lat' dir='ltr'><strong>quod</strong></span> <span class='ocrx_word' id='word_1_730' title='bbox 2319 3601 2692 3676; x_wconf 88' lang='lat' dir='ltr'><strong>reprehendis,</strong></span> <span class='ocrx_word' id='word_1_731' title='bbox 2724 3595 3068 3667; x_wconf 86' lang='lat' dir='ltr'><strong>scripserim:</strong></span> <span class='ocrx_word' id='word_1_732' title='bbox 3100 3609 3119 3643; x_wconf 73' lang='grc' dir='ltr'>ι</span> <span class='ocrx_word' id='word_1_733' title='bbox 3154 3588 3230 3660; x_wconf 89' lang='lat' dir='ltr'><strong>(Si</strong></span> <span class='ocrx_word' id='word_1_734' title='bbox 3256 3587 3342 3642; x_wconf 90' lang='lat' dir='ltr'><strong>cui</strong></span> <span class='ocrx_word' id='word_1_735' title='bbox 3368 3589 3470 3640; x_wconf 90' lang='lat' dir='ltr'><strong>iste</strong></span> <span class='ocrx_word' id='word_1_736' title='bbox 3486 3600 3593 3638; x_wconf 91' lang='lat' dir='ltr'><strong>non</strong></span> 
     </span>
    </p>
   </div>
   <div class='ocr_carea' id='block_1_97' title="bbox 2006 3675 3596 3775">
    <p class='ocr_par' dir='ltr' id='par_1_97' title="bbox 2006 3675 3596 3775">
     <span class='ocr_line' id='line_1_98' title="bbox 2006 3675 3596 3775; baseline -0.019 -16"><span class='ocrx_word' id='word_1_737' title='bbox 2006 3675 2183 3775; x_wconf 59' lang='lat' dir='ltr'><strong>placei</strong></span> <span class='ocrx_word' id='word_1_738' title='bbox 2210 3675 2425 3756; x_wconf 82' lang='lat' dir='ltr'><strong>sensus,</strong></span> <span class='ocrx_word' id='word_1_739' title='bbox 2455 3710 2563 3765; x_wconf 91' lang='lat' dir='ltr'><strong>quo</strong></span> <span class='ocrx_word' id='word_1_740' title='bbox 2594 3706 2694 3746; x_wconf 90' lang='lat' dir='ltr'><strong>nec</strong></span> <span class='ocrx_word' id='word_1_741' title='bbox 2732 3690 2926 3744; x_wconf 87' lang='lat' dir='ltr'><strong>Petrus</strong></span> <span class='ocrx_word' id='word_1_742' title='bbox 2970 3692 3243 3756; x_wconf 81' lang='lat' dir='ltr'><strong>peccasse,</strong></span> <span class='ocrx_word' id='word_1_743' title='bbox 3275 3693 3375 3734; x_wconf 91' lang='lat' dir='ltr'><strong>nec</strong></span> <span class='ocrx_word' id='word_1_744' title='bbox 3400 3675 3596 3732; x_wconf 84' lang='lat' dir='ltr'><strong>Paulus</strong></span> 
     </span>
    </p>
   </div>
   <div class='ocr_carea' id='block_1_98' title="bbox 2010 3770 3600 3865">
    <p class='ocr_par' dir='ltr' id='par_1_98' title="bbox 2010 3770 3600 3865">
     <span class='ocr_line' id='line_1_99' title="bbox 2010 3770 3600 3865; baseline -0.019 -15"><span class='ocrx_word' id='word_1_745' title='bbox 2010 3770 2317 3865; x_wconf 65' lang='lat' dir='ltr'><strong>procacitel‘</strong></span> <span class='ocrx_word' id='word_1_746' title='bbox 2339 3786 2645 3843; x_wconf 89' lang='lat' dir='ltr'><strong>ostenditur</strong></span> <span class='ocrx_word' id='word_1_747' title='bbox 2674 3781 2915 3849; x_wconf 88' lang='lat' dir='ltr'><strong>arguisse</strong></span> <span class='ocrx_word' id='word_1_748' title='bbox 2942 3776 3224 3845; x_wconf 80' lang='lat' dir='ltr'><strong>majorem,</strong></span> <span class='ocrx_word' id='word_1_749' title='bbox 3252 3770 3412 3825; x_wconf 88' lang='lat' dir='ltr'><strong>debet</strong></span> <span class='ocrx_word' id='word_1_750' title='bbox 3434 3782 3600 3837; x_wconf 85' lang='lat' dir='ltr'><strong>expu-</strong></span> 
     </span>
    </p>
   </div>
   <div class='ocr_carea' id='block_1_99' title="bbox 2011 3856 3595 3953">
    <p class='ocr_par' dir='ltr' id='par_1_99' title="bbox 2011 3856 3595 3953">
     <span class='ocr_line' id='line_1_100' title="bbox 2011 3856 3595 3953; baseline -0.022 -10"><span class='ocrx_word' id='word_1_751' title='bbox 2011 3901 2162 3950; x_wconf 88' lang='lat' dir='ltr'><strong>nere,</strong></span> <span class='ocrx_word' id='word_1_752' title='bbox 2192 3898 2295 3953; x_wconf 89' lang='lat' dir='ltr'><strong>qua</strong></span> <span class='ocrx_word' id='word_1_753' title='bbox 2315 3873 2697 3946; x_wconf 87' lang='lat' dir='ltr'><strong>consequentia</strong></span> <span class='ocrx_word' id='word_1_754' title='bbox 2724 3869 2922 3925; x_wconf 90' lang='lat' dir='ltr'><strong>Paulus</strong></span> <span class='ocrx_word' id='word_1_755' title='bbox 2943 3867 2995 3921; x_wconf 93' lang='lat' dir='ltr'><strong>in</strong></span> <span class='ocrx_word' id='word_1_756' title='bbox 3027 3865 3197 3919; x_wconf 84' lang='lat' dir='ltr'><strong>altero</strong></span> <span class='ocrx_word' id='word_1_757' title='bbox 3218 3856 3595 3928; x_wconf 88' lang='lat' dir='ltr'><strong>reprehendat,</strong></span> 
     </span>
    </p>
   </div>
   <div class='ocr_carea' id='block_1_100' title="bbox 2009 3955 3599 4050">
    <p class='ocr_par' dir='ltr' id='par_1_100' title="bbox 2009 3955 3599 4050">
     <span class='ocr_line' id='line_1_101' title="bbox 2009 3955 3599 4050; baseline -0.022 -14"><span class='ocrx_word' id='word_1_758' title='bbox 2009 3978 2151 4050; x_wconf 85' lang='lat' dir='ltr'><strong>quod</strong></span> <span class='ocrx_word' id='word_1_759' title='bbox 2178 3979 2295 4048; x_wconf 88' lang='lat' dir='ltr'><strong>ipse</strong></span> <span class='ocrx_word' id='word_1_760' title='bbox 2323 3965 2637 4039; x_wconf 89' lang='lat' dir='ltr'><strong>commisit).</strong></span> <span class='ocrx_word' id='word_1_761' title='bbox 2676 3983 2696 4017; x_wconf 64' lang='grc' dir='ltr'>θ</span> <span class='ocrx_word' id='word_1_762' title='bbox 2736 3964 2815 4018; x_wconf 84' lang='lat' dir='ltr'><strong>Ex</strong></span> <span class='ocrx_word' id='word_1_763' title='bbox 2844 3975 2949 4032; x_wconf 91' lang='lat' dir='ltr'><strong>quo</strong></span> <span class='ocrx_word' id='word_1_764' title='bbox 2977 3955 3190 4012; x_wconf 81' lang='lat' dir='ltr'><strong>ostendi</strong></span> <span class='ocrx_word' id='word_1_765' title='bbox 3212 3995 3227 4017; x_wconf 95' lang='lat'><strong>,</strong></span> <span class='ocrx_word' id='word_1_766' title='bbox 3257 3967 3344 4007; x_wconf 91' lang='lat' dir='ltr'><strong>me</strong></span> <span class='ocrx_word' id='word_1_767' title='bbox 3382 3964 3489 4005; x_wconf 91' lang='lat' dir='ltr'><strong>non</strong></span> <span class='ocrx_word' id='word_1_768' title='bbox 3531 3962 3599 4002; x_wconf 84' lang='lat' dir='ltr'><strong>ex</strong></span> 
     </span>
    </p>
   </div>
   <div class='ocr_carea' id='block_1_101' title="bbox 2009 4038 3601 4127">
    <p class='ocr_par' dir='ltr' id='par_1_101' title="bbox 2009 4038 3601 4127">
     <span class='ocr_line' id='line_1_102' title="bbox 2009 4038 3601 4127; baseline -0.022 0"><span class='ocrx_word' id='word_1_769' title='bbox 2009 4038 2232 4127; x_wconf 70' lang='lat' dir='ltr'><strong>deﬁnito</strong></span> <span class='ocrx_word' id='word_1_770' title='bbox 2266 4049 2317 4120; x_wconf 84' lang='lat' dir='ltr'><strong>id</strong></span> <span class='ocrx_word' id='word_1_771' title='bbox 2346 4060 2639 4118; x_wconf 80' lang='lat' dir='ltr'><strong>defendere</strong></span> <span class='ocrx_word' id='word_1_772' title='bbox 2658 4097 2674 4123; x_wconf 94' lang='lat'><strong>,</strong></span> <span class='ocrx_word' id='word_1_773' title='bbox 2704 4052 2847 4125; x_wconf 86' lang='lat' dir='ltr'><strong>quod</strong></span> <span class='ocrx_word' id='word_1_774' title='bbox 2878 4054 2929 4107; x_wconf 91' lang='lat' dir='ltr'><strong>iu</strong></span> <span class='ocrx_word' id='word_1_775' title='bbox 2969 4049 3171 4106; x_wconf 62' lang='lat' dir='ltr'><strong>Gra&#39;cis</strong></span> <span class='ocrx_word' id='word_1_776' title='bbox 3199 4044 3434 4114; x_wconf 86' lang='lat' dir='ltr'><strong>legerem</strong></span> <span class='ocrx_word' id='word_1_777' title='bbox 3462 4056 3477 4094; x_wconf 92' lang='lat'><strong>:</strong></span> <span class='ocrx_word' id='word_1_778' title='bbox 3504 4038 3601 4094; x_wconf 90' lang='lat' dir='ltr'><strong>sed</strong></span> 
     </span>
    </p>
   </div>
   <div class='ocr_carea' id='block_1_102' title="bbox 1996 4131 3603 4230">
    <p class='ocr_par' dir='ltr' id='par_1_102' title="bbox 1996 4131 3603 4230">
     <span class='ocr_line' id='line_1_103' title="bbox 1996 4131 3603 4230; baseline -0.022 -10"><span class='ocrx_word' id='word_1_779' title='bbox 1996 4140 2074 4220; x_wconf 54' lang='grc' dir='ltr'><strong>τη</strong></span> <span class='ocrx_word' id='word_1_780' title='bbox 2104 4156 2433 4230; x_wconf 71' lang='lat' dir='ltr'><strong>expressisse</strong></span> <span class='ocrx_word' id='word_1_781' title='bbox 2462 4169 2581 4223; x_wconf 77' lang='lat' dir='ltr'><strong>qua:</strong></span> <span class='ocrx_word' id='word_1_782' title='bbox 2613 4151 2844 4220; x_wconf 87' lang='lat' dir='ltr'><strong>legeram</strong></span> <span class='ocrx_word' id='word_1_783' title='bbox 2863 4188 2879 4211; x_wconf 87' lang='lat'><strong>,</strong></span> <span class='ocrx_word' id='word_1_784' title='bbox 2912 4153 2969 4198; x_wconf 92' lang='lat' dir='ltr'><strong>ut</strong></span> <span class='ocrx_word' id='word_1_785' title='bbox 2998 4140 3218 4197; x_wconf 89' lang='lat' dir='ltr'><strong>lectoris</strong></span> <span class='ocrx_word' id='word_1_786' title='bbox 3257 4133 3478 4191; x_wconf 90' lang='lat' dir='ltr'><strong>arbitrio</strong></span> <span class='ocrx_word' id='word_1_787' title='bbox 3503 4131 3603 4186; x_wconf 87' lang='lat' dir='ltr'><strong>de-</strong></span> 
     </span>
    </p>
   </div>
   <div class='ocr_carea' id='block_1_103' title="bbox 2014 4225 3661 4320">
    <p class='ocr_par' dir='ltr' id='par_1_103' title="bbox 2014 4225 3661 4320">
     <span class='ocr_line' id='line_1_104' title="bbox 2014 4225 3661 4320; baseline -0.019 -13"><span class='ocrx_word' id='word_1_788' title='bbox 2014 4253 2414 4320; x_wconf 86' lang='lat' dir='ltr'><strong>relinquerem,</strong></span> <span class='ocrx_word' id='word_1_789' title='bbox 2467 4254 2645 4298; x_wconf 91' lang='lat' dir='ltr'><strong>utrum</strong></span> <span class='ocrx_word' id='word_1_790' title='bbox 2698 4234 2973 4311; x_wconf 89' lang='lat' dir='ltr'><strong>probanda</strong></span> <span class='ocrx_word' id='word_1_791' title='bbox 3017 4239 3234 4298; x_wconf 88' lang='lat' dir='ltr'><strong>essent,</strong></span> <span class='ocrx_word' id='word_1_792' title='bbox 3284 4243 3352 4281; x_wconf 89' lang='lat' dir='ltr'><strong>an</strong></span> <span class='ocrx_word' id='word_1_793' title='bbox 3398 4225 3602 4294; x_wconf 90' lang='lat' dir='ltr'><strong>impro-</strong></span> <span class='ocrx_word' id='word_1_794' title='bbox 3650 4288 3661 4294; x_wconf 25' lang='grc' dir='ltr'><strong><em>η</em></strong></span> 
     </span>
    </p>
   </div>
   <div class='ocr_carea' id='block_1_104' title="bbox 2015 4343 3601 4500">
    <p class='ocr_par' dir='ltr' id='par_1_104' title="bbox 2015 4343 3601 4500">
     <span class='ocr_line' id='line_1_105' title="bbox 2015 4343 3601 4500; baseline -0.021 -9"><span class='ocrx_word' id='word_1_795' title='bbox 2015 4343 2248 4490; x_wconf 37' lang='lat' dir='ltr'><strong>[malam</strong></span> <span class='ocrx_word' id='word_1_796' title='bbox 2276 4429 2440 4500; x_wconf 87' lang='lat' dir='ltr'><strong>igitur</strong></span> <span class='ocrx_word' id='word_1_797' title='bbox 2460 4442 2528 4482; x_wconf 89' lang='lat' dir='ltr'><strong>ne</strong></span> <span class='ocrx_word' id='word_1_798' title='bbox 2555 4422 2698 4496; x_wconf 89' lang='lat' dir='ltr'><strong>quod</strong></span> <span class='ocrx_word' id='word_1_799' title='bbox 2723 4436 2824 4492; x_wconf 87' lang='lat' dir='ltr'><strong>ego</strong></span> <span class='ocrx_word' id='word_1_800' title='bbox 2848 4415 3132 4490; x_wconf 89' lang='lat' dir='ltr'><strong>petieram,</strong></span> <span class='ocrx_word' id='word_1_801' title='bbox 3159 4412 3384 4474; x_wconf 87' lang='lat' dir='ltr'><strong>faceres,</strong></span> <span class='ocrx_word' id='word_1_802' title='bbox 3403 4419 3601 4462; x_wconf 89' lang='lat' dir='ltr'><strong>novum</strong></span> 
     </span>
    </p>
   </div>
   <div class='ocr_carea' id='block_1_105' title="bbox 2015 4495 3605 4598">
    <p class='ocr_par' dir='ltr' id='par_1_105' title="bbox 2015 4495 3605 4598">
     <span class='ocr_line' id='line_1_106' title="bbox 2015 4495 3605 4598; baseline -0.021 -15"><span class='ocrx_word' id='word_1_803' title='bbox 2015 4495 2390 4598; x_wconf 75' lang='lat' dir='ltr'><strong>argumentum</strong></span> <span class='ocrx_word' id='word_1_804' title='bbox 2434 4495 2705 4588; x_wconf 87' lang='lat' dir='ltr'><strong>reperisti,</strong></span> <span class='ocrx_word' id='word_1_805' title='bbox 2740 4519 3120 4566; x_wconf 57' lang='lat' dir='ltr'><strong>“maereres</strong></span> <span class='ocrx_word' id='word_1_806' title='bbox 3161 4500 3399 4558; x_wconf 86' lang='lat' dir='ltr'><strong>Gentiles</strong></span> <span class='ocrx_word' id='word_1_807' title='bbox 3427 4496 3515 4567; x_wconf 90' lang='lat' dir='ltr'><strong>qui</strong></span> <span class='ocrx_word' id='word_1_808' title='bbox 3550 4495 3605 4549; x_wconf 94' lang='lat' dir='ltr'><strong>in</strong></span> 
     </span>
    </p>
   </div>
   <div class='ocr_carea' id='block_1_106' title="bbox 2016 4593 3605 4673">
    <p class='ocr_par' dir='ltr' id='par_1_106' title="bbox 2016 4593 3605 4673">
     <span class='ocr_line' id='line_1_107' title="bbox 2016 4593 3605 4673; baseline -0.023 1"><span class='ocrx_word' id='word_1_809' title='bbox 2016 4593 2285 4673; x_wconf 73' lang='lat' dir='ltr'><strong>Christum</strong></span> <span class='ocrx_word' id='word_1_810' title='bbox 2315 4609 2692 4670; x_wconf 84' lang='lat' dir='ltr'><strong>credidissent,</strong></span> <span class='ocrx_word' id='word_1_811' title='bbox 2725 4601 2882 4670; x_wconf 87' lang='lat' dir='ltr'><strong>Legis</strong></span> <span class='ocrx_word' id='word_1_812' title='bbox 2907 4611 3074 4654; x_wconf 88' lang='lat' dir='ltr'><strong>onere</strong></span> <span class='ocrx_word' id='word_1_813' title='bbox 3117 4593 3354 4655; x_wconf 87' lang='lat' dir='ltr'><strong>liberos;</strong></span> <span class='ocrx_word' id='word_1_814' title='bbox 3383 4601 3481 4644; x_wconf 88' lang='lat' dir='ltr'><strong>eos</strong></span> <span class='ocrx_word' id='word_1_815' title='bbox 3505 4602 3605 4640; x_wconf 92' lang='lat' dir='ltr'><strong>au-</strong></span> 
     </span>
    </p>
   </div>
   <div class='ocr_carea' id='block_1_107' title="bbox 2020 4682 3604 4778">
    <p class='ocr_par' dir='ltr' id='par_1_107' title="bbox 2020 4682 3604 4778">
     <span class='ocr_line' id='line_1_108' title="bbox 2020 4682 3604 4778; baseline -0.02 -12"><span class='ocrx_word' id='word_1_816' title='bbox 2020 4718 2127 4765; x_wconf 88' lang='lat' dir='ltr'><strong>tem</strong></span> <span class='ocrx_word' id='word_1_817' title='bbox 2154 4705 2247 4778; x_wconf 86' lang='lat' dir='ltr'><strong>qui</strong></span> <span class='ocrx_word' id='word_1_818' title='bbox 2270 4720 2335 4762; x_wconf 84' lang='lat' dir='ltr'><strong>ex</strong></span> <span class='ocrx_word' id='word_1_819' title='bbox 2372 4701 2575 4758; x_wconf 84' lang='lat' dir='ltr'><strong>Judaeis</strong></span> <span class='ocrx_word' id='word_1_820' title='bbox 2619 4694 2934 4758; x_wconf 89' lang='lat' dir='ltr'><strong>crederent,</strong></span> <span class='ocrx_word' id='word_1_821' title='bbox 2974 4688 3104 4758; x_wconf 84' lang='lat' dir='ltr'><strong>Legi</strong></span> <span class='ocrx_word' id='word_1_822' title='bbox 3144 4701 3264 4742; x_wconf 87' lang='lat' dir='ltr'><strong>esse</strong></span> <span class='ocrx_word' id='word_1_823' title='bbox 3289 4682 3604 4754; x_wconf 84' lang='lat' dir='ltr'><strong>subjectos:</strong></span> 
     </span>
    </p>
   </div>
   <div class='ocr_carea' id='block_1_108' title="bbox 2086 4880 3610 4977">
    <p class='ocr_par' dir='ltr' id='par_1_108' title="bbox 2086 4880 3610 4977">
     <span class='ocr_line' id='line_1_109' title="bbox 2086 4880 3610 4977; baseline -0.006 0"><span class='ocrx_word' id='word_1_824' title='bbox 2086 4903 2150 4977; x_wconf 69' lang='lat' dir='ltr'><strong>to</strong></span> <span class='ocrx_word' id='word_1_825' title='bbox 2187 4898 2526 4977; x_wconf 47' lang='lat' dir='ltr'><strong>venissem:</strong></span> <span class='ocrx_word' id='word_1_826' title='bbox 3153 4883 3425 4950; x_wconf 68' lang='grc' dir='ltr'><strong>νοαίεειατν</strong></span> <span class='ocrx_word' id='word_1_827' title='bbox 3480 4880 3610 4946; x_wconf 69' lang='grc' dir='ltr'><strong>ηειοά</strong></span> 
     </span>
    </p>
   </div>
   <div class='ocr_carea' id='block_1_109' title="bbox 2020 4953 3145 5025">
    <p class='ocr_par' dir='ltr' id='par_1_109' title="bbox 2020 4953 3145 5025">
     <span class='ocr_line' id='line_1_110' title="bbox 2020 4953 3145 5025; baseline -0.018 -8"><span class='ocrx_word' id='word_1_828' title='bbox 2020 4953 2121 5025; x_wconf 72' lang='lat' dir='ltr'><strong>illi,</strong></span> <span class='ocrx_word' id='word_1_829' title='bbox 2137 4953 2240 5014; x_wconf 74' lang='lat' dir='ltr'><strong>&#39;etc.</strong></span> <span class='ocrx_word' id='word_1_830' title='bbox 2268 4961 2363 5025; x_wconf 80' lang='lat' dir='ltr'><strong>Hic</strong></span> <span class='ocrx_word' id='word_1_831' title='bbox 2385 4953 2731 5025; x_wconf 83' lang='lat' dir='ltr'><strong>porro__lllar_ius</strong></span> <span class='ocrx_word' id='word_1_832' title='bbox 2750 4953 3030 5025; x_wconf 68' lang='lat' dir='ltr'><strong>Victorinus</strong></span> <span class='ocrx_word' id='word_1_833' title='bbox 3051 4957 3145 4999; x_wconf 87' lang='lat' dir='ltr'><strong>est.</strong></span> 
     </span>
    </p>
   </div>
   <div class='ocr_carea' id='block_1_110' title="bbox 2089 5005 3605 5090">
    <p class='ocr_par' dir='ltr' id='par_1_110' title="bbox 2089 5005 3605 5090">
     <span class='ocr_line' id='line_1_111' title="bbox 2089 5005 3605 5090; baseline -0.003 1"><span class='ocrx_word' id='word_1_834' title='bbox 2089 5005 2867 5090; x_wconf 45' lang='lat' dir='ltr'><strong>urinam</strong></span> <span class='ocrx_word' id='word_1_835' title='bbox 2887 5005 3605 5090; x_wconf 53' lang='lat' dir='ltr'><strong>ei!i9“&quot;-tei&quot;zl‘?§.°f“”&quot;“‘-</strong></span> 
     </span>
    </p>
   </div>
   <div class='ocr_carea' id='block_1_111' title="bbox 2021 5067 3609 5141">
    <p class='ocr_par' dir='ltr' id='par_1_111' title="bbox 2021 5067 3609 5141">
     <span class='ocr_line' id='line_1_112' title="bbox 2021 5067 3609 5141; baseline -0.017 -1"><span class='ocrx_word' id='word_1_836' title='bbox 2021 5067 2186 5141; x_wconf 56' lang='lat' dir='ltr'><strong>c0213:</strong></span> <span class='ocrx_word' id='word_1_837' title='bbox 2211 5067 2601 5137; x_wconf 47' lang='lat' dir='ltr'><strong>vadendum</strong></span> <span class='ocrx_word' id='word_1_838' title='bbox 3072 5078 3124 5141; x_wconf 70' lang='lat' dir='ltr'><strong>ut</strong></span> <span class='ocrx_word' id='word_1_839' title='bbox 3143 5067 3265 5121; x_wconf 78' lang='lat' dir='ltr'><strong>mihi</strong></span> <span class='ocrx_word' id='word_1_840' title='bbox 3280 5068 3469 5127; x_wconf 77' lang='lat' dir='ltr'><strong>uideor,</strong></span> <span class='ocrx_word' id='word_1_841' title='bbox 3492 5078 3609 5116; x_wconf 85' lang='lat' dir='ltr'><strong>cau-</strong></span> 
     </span>
    </p>
   </div>
   <div class='ocr_carea' id='block_1_112' title="bbox 2021 5134 3172 5205">
    <p class='ocr_par' dir='ltr' id='par_1_112' title="bbox 2021 5134 3172 5205">
     <span class='ocr_line' id='line_1_113' title="bbox 2021 5134 3172 5205; baseline -0.017 -4"><span class='ocrx_word' id='word_1_842' title='bbox 2021 5134 2119 5202; x_wconf 61' lang='lat' dir='ltr'><strong>i&#39;ia?</strong></span> <span class='ocrx_word' id='word_1_843' title='bbox 2130 5134 2278 5205; x_wconf 59' lang='lat' dir='ltr'><strong>iam</strong></span> <span class='ocrx_word' id='word_1_844' title='bbox 2301 5142 2532 5203; x_wconf 83' lang='lat' dir='ltr'><strong>timidior,</strong></span> <span class='ocrx_word' id='word_1_845' title='bbox 2555 5140 2638 5205; x_wconf 83' lang='lat' dir='ltr'><strong>qui</strong></span> <span class='ocrx_word' id='word_1_846' title='bbox 2657 5134 3050 5205; x_wconf 58' lang='lat' dir='ltr'><strong>imbecillitatem,</strong></span> <span class='ocrx_word' id='word_1_847' title='bbox 3076 5139 3172 5183; x_wconf 89' lang='lat' dir='ltr'><strong>etc.</strong></span> 
     </span>
    </p>
   </div>
   <div class='ocr_carea' id='block_1_113' title="bbox 2026 5189 3615 5325">
    <p class='ocr_par' dir='ltr' id='par_1_113' title="bbox 2026 5189 3615 5325">
     <span class='ocr_line' id='line_1_114' title="bbox 2026 5189 3615 5325; baseline -0.021 -59"><span class='ocrx_word' id='word_1_848' title='bbox 2026 5189 2746 5325; x_wconf 39' lang='lat' dir='ltr'><strong>ﬁliaiam</strong></span> <span class='ocrx_word' id='word_1_849' title='bbox 2768 5206 2852 5249; x_wconf 90' lang='lat' dir='ltr'><strong>aut</strong></span> <span class='ocrx_word' id='word_1_850' title='bbox 2872 5189 3046 5262; x_wconf 33' lang='lat' dir='ltr'><strong>propia-</strong></span> <span class='ocrx_word' id='word_1_851' title='bbox 3063 5193 3188 5258; x_wconf 86' lang='lat' dir='ltr'><strong>apud</strong></span> <span class='ocrx_word' id='word_1_852' title='bbox 3208 5189 3615 5252; x_wconf 78' lang='lat' dir='ltr'><strong>Hieronymlanos</strong></span> 
     </span>
    </p>
   </div>
   <div class='ocr_carea' id='block_1_114' title="bbox 2093 5282 3653 5324">
    <p class='ocr_par' dir='ltr' id='par_1_114' title="bbox 2093 5282 3653 5324">
     <span class='ocr_line' id='line_1_115' title="bbox 2093 5282 3653 5324; baseline -0.016 -3"><span class='ocrx_word' id='word_1_853' title='bbox 2093 5284 2261 5324; x_wconf 84' lang='lat' dir='ltr'><strong>nores.</strong></span> <span class='ocrx_word' id='word_1_854' title='bbox 2856 5319 2890 5324; x_wconf 92' lang='lat'><em>_</em></span> <span class='ocrx_word' id='word_1_855' title='bbox 3380 5308 3393 5320; x_wconf 50' lang='lat'><em>.</em></span> 
     </span>
    </p>
   </div>
   <div class='ocr_carea' id='block_1_115' title="bbox 2088 5308 3646 5401">
    <p class='ocr_par' dir='ltr' id='par_1_115' title="bbox 2088 5308 3646 5401">
     <span class='ocr_line' id='line_1_116' title="bbox 2088 5308 3646 5401; baseline 0.001 -1"><span class='ocrx_word' id='word_1_856' title='bbox 2088 5308 2384 5401; x_wconf 65' lang='lat' dir='ltr'><strong>iﬁ‘fi‘iscne</strong></span> <span class='ocrx_word' id='word_1_857' title='bbox 2398 5308 3614 5401; x_wconf 56' lang='grc' dir='ltr'><strong>κατιεειιεεειξρφεε,βςξξξῑιξιμξιέειξέ.ι,ἐτειξ.τίέ.,ξιξ,ίξλξη</strong></span> <span class='ocrx_word' id='word_1_858' title='bbox 3636 5310 3646 5347; x_wconf 76' lang='grc'>²</span> 
     </span>
    </p>
   </div>
   <div class='ocr_carea' id='block_1_116' title="bbox 2025 5365 3611 5451">
    <p class='ocr_par' dir='ltr' id='par_1_116' title="bbox 2025 5365 3611 5451">
     <span class='ocr_line' id='line_1_117' title="bbox 2025 5365 3611 5451; baseline -0.021 -5"><span class='ocrx_word' id='word_1_859' title='bbox 2025 5365 3016 5451; x_wconf 50' lang='grc' dir='ltr'><strong>ἰηδίξέίίὸῖἶιὶξ</strong></span> <span class='ocrx_word' id='word_1_860' title='bbox 3031 5380 3082 5451; x_wconf 79' lang='lat' dir='ltr'><strong>in</strong></span> <span class='ocrx_word' id='word_1_861' title='bbox 3092 5365 3611 5451; x_wconf 39' lang='lat' dir='ltr'><strong>.plerilsqueeme‘pda-z</strong></span> 
     </span>
    </p>
   </div>
   <div class='ocr_carea' id='block_1_117' title="bbox 2027 5433 3614 5509">
    <p class='ocr_par' dir='ltr' id='par_1_117' title="bbox 2027 5433 3614 5509">
     <span class='ocr_line' id='line_1_118' title="bbox 2027 5433 3614 5509; baseline -0.023 0"><span class='ocrx_word' id='word_1_862' title='bbox 2688 5433 2955 5509; x_wconf 70' lang='lat' dir='ltr'><strong>Victorius,</strong></span> <span class='ocrx_word' id='word_1_863' title='bbox 2979 5433 3157 5509; x_wconf 57' lang='lat' dir='ltr'><strong>docLiq.</strong></span> <span class='ocrx_word' id='word_1_864' title='bbox 3203 5433 3614 5509; x_wconf 37' lang='lat' dir='ltr'><strong>abigit-Allata}:</strong></span> 
     </span>
    </p>
   </div>
   <div class='ocr_carea' id='block_1_118' title="bbox 2024 5503 3045 5583">
    <p class='ocr_par' dir='ltr' id='par_1_118' title="bbox 2024 5503 3045 5583">
     <span class='ocr_line' id='line_1_119' title="bbox 2024 5503 3045 5583; baseline -0.023 -12"><span class='ocrx_word' id='word_1_865' title='bbox 2024 5503 2487 5583; x_wconf 46' lang='lat' dir='ltr'><strong>sunt—{constatque</strong></span> <span class='ocrx_word' id='word_1_866' title='bbox 2522 5525 2584 5560; x_wconf 84' lang='lat' dir='ltr'><strong>ex</strong></span> <span class='ocrx_word' id='word_1_867' title='bbox 2752 5503 3045 5574; x_wconf 73' lang='lat' dir='ltr'><strong>I’raefatione</strong></span> 
     </span>
    </p>
   </div>
   <div class='ocr_carea' id='block_1_119' title="bbox 2028 5551 3617 5646">
    <p class='ocr_par' dir='ltr' id='par_1_119' title="bbox 2028 5551 3617 5646">
     <span class='ocr_line' id='line_1_120' title="bbox 2028 5551 2893 5571; baseline -0.021 0"><span class='ocrx_word' id='word_1_868' title='bbox 2028 5551 2139 5571; x_wconf 67' lang='lat' dir='ltr'><strong>num.</strong></span> <span class='ocrx_word' id='word_1_869' title='bbox 2231 5551 2389 5567; x_wconf 71' lang='grc' dir='ltr'><strong>υιιυ-υιι</strong></span> <span class='ocrx_word' id='word_1_870' title='bbox 2426 5551 2487 5561; x_wconf 66' lang='grc' dir='ltr'>κν</span> <span class='ocrx_word' id='word_1_871' title='bbox 2524 5551 2584 5560; x_wconf 75' lang='grc' dir='ltr'><strong>ν..</strong></span> <span class='ocrx_word' id='word_1_872' title='bbox 2625 5551 2639 5559; x_wconf 88' lang='grc'><em>.</em></span> <span class='ocrx_word' id='word_1_873' title='bbox 2660 5551 2728 5558; x_wconf 64' lang='grc' dir='ltr'><strong>ι...</strong></span> <span class='ocrx_word' id='word_1_874' title='bbox 2758 5551 2774 5556; x_wconf 81' lang='lat'>_</span> <span class='ocrx_word' id='word_1_875' title='bbox 2795 5551 2893 5560; x_wconf 54' lang='lat'><strong>_,_-.,</strong></span> 
     </span>
     <span class='ocr_line' id='line_1_121' title="bbox 2028 5551 3617 5646; baseline -0.024 -13"><span class='ocrx_word' id='word_1_876' title='bbox 2028 5557 2180 5646; x_wconf 51' lang='lat' dir='ltr'><strong>epist:</strong></span> <span class='ocrx_word' id='word_1_877' title='bbox 2199 5551 2256 5646; x_wconf 56' lang='lat' dir='ltr'><strong>ad</strong></span> <span class='ocrx_word' id='word_1_878' title='bbox 2273 5551 2483 5646; x_wconf 45' lang='lat' dir='ltr'><strong>Gaianas,</strong></span> <span class='ocrx_word' id='word_1_879' title='bbox 2505 5551 2720 5644; x_wconf 71' lang='lat' dir='ltr'><strong>maxime</strong></span> <span class='ocrx_word' id='word_1_880' title='bbox 2744 5580 2863 5646; x_wconf 57' lang='lat' dir='ltr'><strong>vero</strong></span> <span class='ocrx_word' id='word_1_881' title='bbox 2880 5577 2943 5613; x_wconf 84' lang='lat' dir='ltr'><strong>ex</strong></span> <span class='ocrx_word' id='word_1_882' title='bbox 2960 5551 3617 5646; x_wconf 44' lang='lat' dir='ltr'><strong>ipsms‘ffdsmp;</strong></span> 
     </span>
    </p>
   </div>
   <div class='ocr_carea' id='block_1_120' title="bbox 2026 5606 3614 5696">
    <p class='ocr_par' dir='ltr' id='par_1_120' title="bbox 2026 5606 3614 5696">
     <span class='ocr_line' id='line_1_122' title="bbox 2026 5606 3614 5696; baseline -0.026 -2"><span class='ocrx_word' id='word_1_883' title='bbox 2740 5606 2763 5678; x_wconf 66' lang='grc' dir='ltr'><strong>ί</strong></span> <span class='ocrx_word' id='word_1_884' title='bbox 2774 5606 2859 5696; x_wconf 69' lang='grc' dir='ltr'><strong>ἶ</strong></span> <span class='ocrx_word' id='word_1_885' title='bbox 2882 5606 3614 5696; x_wconf 16' lang='grc' dir='ltr'><strong>ἷιίἶιίἰνςδᾊιιςξξ,</strong></span> 
     </span>
    </p>
   </div>
   <div class='ocr_carea' id='block_1_121' title="bbox 2028 5664 3616 5757">
    <p class='ocr_par' dir='ltr' id='par_1_121' title="bbox 2028 5664 3616 5757">
     <span class='ocr_line' id='line_1_123' title="bbox 2028 5664 3581 5696; baseline -0.026 0"><span class='ocrx_word' id='word_1_886' title='bbox 2028 5664 2165 5694; x_wconf 66' lang='grc' dir='ltr'>διυιιῠ</span> <span class='ocrx_word' id='word_1_887' title='bbox 2207 5664 2252 5689; x_wconf 89' lang='lat' dir='ltr'><strong>lu</strong></span> <span class='ocrx_word' id='word_1_888' title='bbox 2293 5664 2517 5686; x_wconf 64' lang='lat' dir='ltr'><strong>.‘uuucaa</strong></span> <span class='ocrx_word' id='word_1_889' title='bbox 2557 5664 2702 5696; x_wconf 58' lang='lat' dir='ltr'><strong>0‘1on.</strong></span> <span class='ocrx_word' id='word_1_890' title='bbox 2744 5664 2847 5678; x_wconf 76' lang='grc' dir='ltr'><strong>ην.</strong></span> <span class='ocrx_word' id='word_1_891' title='bbox 2882 5664 3015 5672; x_wconf 62' lang='lat' dir='ltr'><strong>um---</strong></span> <span class='ocrx_word' id='word_1_892' title='bbox 3045 5664 3085 5668; x_wconf 42' lang='grc' dir='ltr'>τ</span> <span class='ocrx_word' id='word_1_893' title='bbox 3120 5664 3123 5665; x_wconf 40' lang='grc' dir='ltr'><em>ν</em></span> <span class='ocrx_word' id='word_1_894' title='bbox 3570 5664 3581 5674; x_wconf 56' lang='lat'><em>.</em></span> 
     </span>
     <span class='ocr_line' id='line_1_124' title="bbox 2028 5665 3616 5757; baseline -0.027 -1"><span class='ocrx_word' id='word_1_895' title='bbox 2028 5715 2149 5757; x_wconf 75' lang='lat' dir='ltr'><strong>Nam</strong></span> <span class='ocrx_word' id='word_1_896' title='bbox 2172 5700 2504 5754; x_wconf 84' lang='lat' dir='ltr'><strong>Laodiccnum,</strong></span> <span class='ocrx_word' id='word_1_897' title='bbox 2529 5694 2706 5756; x_wconf 89' lang='lat' dir='ltr'><strong>inquit,</strong></span> <span class='ocrx_word' id='word_1_898' title='bbox 2731 5687 2871 5750; x_wconf 86' lang='lat' dir='ltr'><strong>cujus</strong></span> <span class='ocrx_word' id='word_1_899' title='bbox 2894 5692 3065 5733; x_wconf 75' lang='lat' dir='ltr'><strong>nomen</strong></span> <span class='ocrx_word' id='word_1_900' title='bbox 3093 5682 3288 5735; x_wconf 68' lang='lat' dir='ltr'><strong>TACES,</strong></span> <span class='ocrx_word' id='word_1_901' title='bbox 3310 5671 3373 5723; x_wconf 82' lang='lat' dir='ltr'><strong>de</strong></span> <span class='ocrx_word' id='word_1_902' title='bbox 3394 5665 3616 5719; x_wconf 71' lang='lat' dir='ltr'><strong>Ecclesia</strong></span> 
     </span>
    </p>
   </div>
   <div class='ocr_carea' id='block_1_122' title="bbox 2029 5763 3623 5824">
    <p class='ocr_par' dir='ltr' id='par_1_122' title="bbox 2029 5763 3623 5824">
     <span class='ocr_line' id='line_1_125' title="bbox 2029 5763 3623 5824; baseline -0.028 -6"><span class='ocrx_word' id='word_1_903' title='bbox 2029 5767 2152 5818; x_wconf 79' lang='lat' dir='ltr'><strong>dicis</strong></span> <span class='ocrx_word' id='word_1_904' title='bbox 2174 5775 2327 5824; x_wconf 82' lang='lat' dir='ltr'><strong>nuper</strong></span> <span class='ocrx_word' id='word_1_905' title='bbox 2350 5768 2615 5821; x_wconf 79' lang='lat' dir='ltr'><strong>egressum,</strong></span> <span class='ocrx_word' id='word_1_906' title='bbox 2650 5763 2747 5801; x_wconf 86' lang='lat' dir='ltr'><strong>etc.</strong></span> <span class='ocrx_word' id='word_1_907' title='bbox 2859 5806 2871 5818; x_wconf 47' lang='lat'><strong>.</strong></span> <span class='ocrx_word' id='word_1_908' title='bbox 3558 5788 3569 5798; x_wconf 42' lang='lat'><em>.</em></span> <span class='ocrx_word' id='word_1_909' title='bbox 3612 5790 3623 5801; x_wconf 46' lang='lat'><em>.</em></span> 
     </span>
     <span class='ocr_line' id='line_1_126' title="bbox 2433 5800 3622 5824; baseline -0.029 29"><span class='ocrx_word' id='word_1_910' title='bbox 2433 5819 2465 5824; x_wconf 56' lang='grc'><strong>““</strong></span> <span class='ocrx_word' id='word_1_911' title='bbox 2547 5816 2565 5824; x_wconf 79' lang='grc'><strong>’</strong></span> <span class='ocrx_word' id='word_1_912' title='bbox 2782 5817 2950 5824; x_wconf 46' lang='grc' dir='ltr'><strong>πλη-λ’*</strong></span> <span class='ocrx_word' id='word_1_913' title='bbox 2990 5807 3230 5824; x_wconf 52' lang='grc' dir='ltr'><strong>Δηιλκιι-οοο</strong></span> <span class='ocrx_word' id='word_1_914' title='bbox 3298 5803 3395 5824; x_wconf 62' lang='lat' dir='ltr'><strong>han</strong></span> <span class='ocrx_word' id='word_1_915' title='bbox 3436 5800 3622 5824; x_wconf 61' lang='lat' dir='ltr'><strong>nmo.“</strong></span> 
     </span>
    </p>
   </div>
   <div class='ocr_carea' id='block_1_123' title="bbox 2096 5800 3624 5892">
    <p class='ocr_par' dir='ltr' id='par_1_123' title="bbox 2096 5800 3624 5892">
     <span class='ocr_line' id='line_1_127' title="bbox 2096 5800 3624 5892; baseline -0.024 -16"><span class='ocrx_word' id='word_1_916' title='bbox 2096 5800 2627 5892; x_wconf 48' lang='lat' dir='ltr'><strong>1‘5)&quot;iif&#39;§..;5f&#39;i»i§gt5£.</strong></span> <span class='ocrx_word' id='word_1_917' title='bbox 2662 5800 2951 5892; x_wconf 57' lang='lat' dir='ltr'><strong>memoriam</strong></span> <span class='ocrx_word' id='word_1_918' title='bbox 2988 5807 3250 5855; x_wconf 83' lang='lat' dir='ltr'><strong>retentans.</strong></span> <span class='ocrx_word' id='word_1_919' title='bbox 3285 5803 3398 5847; x_wconf 84' lang='lat' dir='ltr'><strong>Jam</strong></span> <span class='ocrx_word' id='word_1_920' title='bbox 3428 5800 3624 5845; x_wconf 74' lang='lat' dir='ltr'><strong>Donum</strong></span> 
     </span>
    </p>
   </div>
   <div class='ocr_carea' id='block_1_124' title="bbox 2033 5877 2695 5942">
    <p class='ocr_par' dir='ltr' id='par_1_124' title="bbox 2033 5877 2695 5942">
     <span class='ocr_line' id='line_1_128' title="bbox 2033 5877 2695 5942; baseline -0.027 -1"><span class='ocrx_word' id='word_1_921' title='bbox 2033 5877 2216 5942; x_wconf 62' lang='lat' dir='ltr'><strong>lanium</strong></span> <span class='ocrx_word' id='word_1_922' title='bbox 2238 5877 2472 5936; x_wconf 63' lang='lat' dir='ltr'><strong>miseriam</strong></span> <span class='ocrx_word' id='word_1_923' title='bbox 2487 5877 2586 5928; x_wconf 76' lang='lat' dir='ltr'><strong>dia:</strong></span> <span class='ocrx_word' id='word_1_924' title='bbox 2606 5880 2695 5927; x_wconf 87' lang='lat' dir='ltr'><strong>est.</strong></span> 
     </span>
    </p>
   </div>
   <div class='ocr_carea' id='block_1_125' title="bbox 3069 5484 3681 5548">
    <p class='ocr_par' dir='ltr' id='par_1_125' title="bbox 3069 5484 3681 5548">
     <span class='ocr_line' id='line_1_129' title="bbox 3069 5484 3681 5548; baseline -0.021 -2"><span class='ocrx_word' id='word_1_925' title='bbox 3069 5484 3534 5548; x_wconf 46' lang='lat' dir='ltr'><strong>Commentariorum</strong></span> <span class='ocrx_word' id='word_1_926' title='bbox 3564 5487 3616 5534; x_wconf 91' lang='lat' dir='ltr'><strong>in</strong></span> <span class='ocrx_word' id='word_1_927' title='bbox 3661 5484 3681 5500; x_wconf 85' lang='lat'><strong>’</strong></span> 
     </span>
    </p>
   </div>
  </div>
