4088 6336
537 431 641 487 9t9
1835 425 2071 484 SANCTI
2113 425 2487 484 lllERONYMl

535 553 596 597 ut
619 557 714 612 per
740 549 1080 608 utrorumque
1107 551 1409 606 personam,
1439 545 1493 592 et
1522 536 1717 593 Paulus
1755 548 1901 593 recte
1929 554 2116 607 repre-

535 631 795 687 henderet
841 643 935 684 eos
988 630 1076 698 qui
1123 627 1319 697 Legem
1364 637 1679 694 servarent,
1723 628 1873 697 quasi
1921 628 2115 682 Doctor

528 724 764 792 gentium
793 739 807 785 ;
835 731 891 778 et
932 721 1122 776 Petrus
1145 722 1270 790 jure
1301 721 1785 792 reprehenderetur
1804 761 1818 782 ,
1845 721 1936 791 qui
1969 723 2113 790 prin-

525 827 655 882 ceps
671 811 1092 866 circumcisionis
1107 811 1157 864 id
1182 811 1522 880 imperaverit
1550 809 1643 882 [aL
1670 809 1957 882 imperarit]
1983 825 2110 879 gen-

3701 442 3807 498 920

2227 539 2280 592 in
2325 542 2464 594 omni
2505 553 2649 611 gente
2686 545 2772 614 qui
2819 545 2956 600 timet
2999 561 3134 610 eum,
3166 551 3211 595 et
3251 557 3493 611 aperatur
3518 550 3800 622 justitiam,

2221 643 2457 700 acceptus
2485 643 2558 687 est
2587 634 2686 689 illi.
2732 636 2969 707 Denique
2995 639 3177 692 cecidit
3206 638 3433 708 Spiritus
3459 641 3682 698 Sanctus
3716 661 3805 699 su-

2221 736 2310 788 per
2335 738 2455 786 eos;
2498 733 2544 776 et
2570 725 2937 793 obstupuerunt
2977 744 3038 782 ea
3080 730 3464 785 circumcisione
3491 732 3686 801 ﬁdeles,
3715 739 3805 806 qui

2218 822 2453 864 venerant
2474 829 2588 865 cum
2614 813 2790 880 Petro,
2815 820 2951 888 quod
2972 828 3018 870 et
3039 819 3091 871 in
3119 820 3348 872 nationes
3375 823 3545 889 gratia
3571 822 3803 893 Spiritu

527 905 690 966 libus,
709 903 851 973 quod
878 903 976 956 soli
999 903 1087 972 qui
1119 918 1184 957 ex
1212 902 1409 956 Judreis
1427 911 1599 964 erant,
1623 900 1904 956 debuerint
1924 901 2109 956 obser-

524 1011 676 1050 vare.
708 995 819 1050 lloc
850 995 894 1049 si
925 995 1120 1063 placet,
1149 996 1258 1048 imo
1301 993 1425 1062 quia
1459 992 1656 1062 placet,
1687 1001 1745 1045 ut
1782 992 2106 1062 quicumque

522 1088 751 1141 credunt
793 1102 857 1140 ex
883 1084 1118 1148 Judasis,
1165 1085 1437 1138 debitores
1465 1084 1573 1136 sint
1599 1083 1754 1152 Legis
1798 1081 2054 1136 facienda:
2087 1099 2102 1137 :

521 1186 574 1229 tu
607 1186 662 1229 ut
691 1176 988 1247 EpiscOpus
1031 1177 1081 1228 in
1113 1185 1223 1228 toto
1247 1175 1378 1228 orbe
1406 1174 1737 1238 notissimus,
1763 1173 1928 1227 debes
1967 1174 2105 1226 banc

519 1268 858 1338 promulgare
879 1267 1202 1320 sententiam
1229 1279 1242 1328 ;
1274 1273 1330 1319 et
1357 1265 1407 1317 in
1437 1278 1717 1318 assensum
1739 1272 1884 1317 tuum
1915 1277 2103 1317 omnes

518 1360 872 1428 euepisc0pos
903 1357 1138 1411 trahere.
1165 1356 1278 1424 Ego
1305 1357 1356 1409 in
1389 1371 1554 1424 parvo
1586 1355 1851 1424 tuguriolo
1873 1353 1965 1425 [al.
1995 1364 2101 1406 tur-

516 1449 845 1522 guriunculo]
880 1465 997 1502 cum
1031 1448 1330 1512 Monachis,
1363 1448 1412 1502 id
1445 1458 1548 1513 est,
1579 1465 1700 1502 cum
1729 1458 2099 1518 compcceato-

513 1544 661 1596 ribus
692 1541 842 1603 meis,
875 1539 943 1593 de
975 1541 1181 1608 magnis
1210 1549 1449 1594 statuere
1493 1555 1597 1592 non
1631 1539 1828 1603 audeo,
1865 1538 1964 1591 nisi
1997 1537 2097 1591 hoc

513 1633 745 1701 ingenue
786 1630 1028 1685 conﬁteri
1055 1672 1070 1697 ,
1120 1645 1206 1684 me
1249 1630 1513 1699 majorum
1564 1630 1763 1698 scripta
1806 1631 2011 1698 legere,
2043 1639 2099 1682 et

511 1723 565 1775 in
585 1722 998 1776 Commentariis
1027 1720 1320 1775 secundum
1353 1722 1593 1776 omnium
1623 1720 2093 1782 consuetudinem,

509 1815 684 1867 varias
734 1829 935 1882 ponere
980 1814 1424 1883 explanationes,
1460 1822 1516 1866 ut
1545 1829 1575 1868 e
1614 1814 1798 1866 multis
1841 1821 2098 1882 sequatur

508 1905 874 1973 unusquisque
909 1904 1052 1973 quod
1082 1905 1232 1958 velit.
1279 1903 1431 1969 Quod
1463 1903 1676 1974 quidem
1711 1913 1763 1958 te
1802 1912 1928 1971 puto
1962 1913 2016 1958 et
2043 1890 2092 1957 iii

506 1997 751 2050 smcnlari
783 1997 1104 2062 litteratura,
1130 2006 1186 2051 et
1206 1998 1256 2050 in
1279 1996 1473 2050 divinis
1497 1996 1880 2066 Librislegisse
1897 2005 1952 2051 et
1973 2010 2096 2065 pro-

509 2085 688 2140 basse.

582 2178 636 2232 6.
678 2177 825 2232 llanc
853 2187 1030 2233 autem
1074 2178 1504 2248 explanationem
1548 2193 1708 2248 quam
1740 2179 1944 2248 primus
1969 2177 2092 2233 Ori-

505 2284 671 2336 genes
720 2270 770 2323 in
802 2269 1013 2325 decimo
1061 2271 1403 2326 Stromateon
1453 2269 1624 2331 libro,
1673 2271 1759 2322 ubi
1809 2271 2089 2339 epistolam

507 2363 654 2416 Pauli
695 2363 759 2415 ad
809 2364 1024 2418 Galatas
1070 2364 1487 2432 interpretatur,
1534 2373 1586 2416 et
1615 2363 1794 2416 cmteri
1839 2364 2090 2432 deinceps

505 2455 829 2521 interpretes
857 2465 982 2507 sunt
1011 2456 1200 2516 secuti,
1233 2455 1323 2507 illa
1353 2454 1434 2507 vel
1464 2454 1694 2506 maxime
1718 2468 1876 2507 causa
1903 2453 2089 2506 subin-

505 2543 793 2596 trodncunt
820 2585 834 2604 ,
869 2554 926 2597 ut
956 2544 1255 2616 Porphyrio
1285 2545 1646 2611 respondeant
1677 2543 2086 2612 blasphcinanti,

504 2634 590 2698 qui
625 2633 776 2687 Pauli
805 2635 980 2701 arguit
1014 2636 1417 2702 procacitatem,
1447 2635 1588 2702 quod
1620 2636 1911 2702 principem
1941 2636 2086 2705 Apo~

504 2724 763 2777 stolormn
797 2725 1012 2778 Petrmn
1035 2741 1196 2780 ausus
1222 2735 1305 2780 est
1330 2725 1751 2794 reprehendere,
1781 2736 1835 2780 et
1864 2742 2088 2795 arguere

504 2813 557 2866 in
590 2815 800 2879 faciem,
835 2831 898 2869 ac
940 2818 1150 2871 ratione
1175 2819 1543 2887 constringere
1563 2858 1578 2882 ,
1603 2818 1744 2886 quod
1774 2819 1912 2871 male
1943 2819 2086 2872 fece-

502 2905 592 2968 rit,
623 2904 674 2957 id
705 2915 788 2958 est
817 2908 867 2959 in
909 2923 974 2961 eo
1005 2922 1188 2961 errore
1221 2907 1379 2962 fuerit
1411 2926 1422 2959 :
1460 2909 1510 2960 in
1543 2924 1650 2978 quo
1693 2907 1790 2960 fuit
1821 2909 1962 2977 ipse,
1995 2909 2085 2975 qui

498 2993 1285 3066 aliumarguitdelinquenti-m.
1361 2997 1520 3070 ⁸14]⁵
1595 2999 2084 3068 ρυίιιιιίι·τιιιιιιε(α)

504 3084 714 3141 Joanne
747 3089 834 3155 qui
863 3088 1064 3142 dudum
1097 3089 1148 3141 in
1177 3090 1476 3143 PontiliCaIi
1500 3090 1688 3158 gradu,
1713 3091 2084 3143 Constantino-

503 3177 796 3244 politanam
828 3181 968 3232 rexit
994 3181 1288 3234 Ecclesium
1312 3198 1326 3246 ;
1352 3191 1406 3234 et
1437 3184 1651 3249 proprie
1672 3198 1832 3250 super
1865 3181 1964 3235 hoc
1991 3197 2084 3233 ea-

501 3268 671 3334 pitulo
724 3269 1042 3322 latissimum
1083 3275 1323 3324 exaravit
1369 3272 1561 3324 librum
1585 3314 1599 3336 ,
1631 3274 1680 3324 in
1711 3288 1816 3341 quo
1841 3271 2084 3342 Origenis

499 3367 555 3412 et
581 3369 822 3414 veterum
855 3363 1176 3415 sententiam
1209 3371 1291 3416 est
1316 3367 1575 3416 secutus?
1603 3363 1658 3418 Si
1689 3364 1847 3434 igitur
1882 3381 1967 3419 tne
1994 3382 2082 3420 re-

501 3448 790 3517 prehendis
831 3441 1100 3506 errantem
1129 3493 1144 3516 ,
1168 3463 1353 3522 patere.
1390 3469 1496 3519 uie,
1517 3470 1722 3523 quzeso,
1753 3471 1936 3511 errare
1962 3473 2082 3511 cum

501 3541 696 3596 talibus
721 3558 737 3606 ;
765 3552 960 3598 etcum
990 3559 1076 3599 me
1102 3547 1302 3599 erroris
1332 3545 1437 3599 mei
1462 3547 1661 3600 inultos
1683 3548 1857 3601 socios
1887 3547 2084 3603 habere

499 3636 859 3703 perSpexeris,
891 3647 945 3691 tu
987 3639 1230 3692 veritatis
1260 3649 1362 3693 tuze
1388 3639 1580 3693 saltem
1628 3655 1791 3693 unum
1820 3640 2080 3710 astipula-

497 3736 666 3781 torem
697 3727 938 3796 proferre
964 3729 1208 3785 debebis.
1256 3731 1381 3784 Ha‘c
1411 3730 1478 3785 de
1515 3730 1893 3800 explanatione
1923 3732 2083 3786 unius

491 3819 711 3888 capituli
742 3821 1000 3890 Epistola:
1027 3822 1091 3876 ad
1127 3822 1367 3878 Galatas.

563 3911 666 3967 Sed
696 3929 761 3968 ne
792 3914 974 3969 videar
999 3915 1257 3971 adversus
1285 3917 1546 3970 rationem
1571 3926 1712 3970 tuam
1741 3917 1834 3970 niti
1865 3916 2080 3970 testium

493 4019 740 4069 numero,
769 4015 824 4060 et
870 4007 1156 4061 occasione
1186 4008 1422 4061 virorum
1472 4007 1758 4061 illustrium
1809 4005 2080 4062 subterfu-

486 4112 614 4164 gere
641 4097 937 4162 veritatem,
971 4115 1069 4153 nec
1105 4115 1319 4154 manum
1348 4101 1548 4156 audere
1575 4116 1884 4161 conserere.
1905 4102 2121 4168 brevi-.

492 4198 574 4241 ter
617 4188 684 4240 de
726 4189 1019 4259 Scripturis
1071 4191 1317 4259 exempla
1372 4207 1692 4260 proponam.
1749 4191 1804 4244 In
1860 4191 2082 4245 Actibus

488 4277 866 4340 Apostolorum
895 4294 994 4332 vox
1025 4278 1160 4334 faeta
1184 4289 1270 4334 est
1287 4281 1351 4334 ad
1377 4282 1616 4344 Petrum,
1638 4281 1824 4336 dicens
1848 4299 1861 4335 ε
1891 4281 2076 4351 Surge,

489 4365 666 4432 Petre,
693 4366 884 4432 occide,
915 4377 963 4421 et
1000 4369 1257 4422 manduca
1292 4370 1433 4438 (Act.
1477 4371 1563 4424 10.
1596 4372 1709 4438 15),
1748 4372 1798 4425 id
1825 4380 1927 4433 est,
1965 4387 2083 4426 om-

488 4457 573 4508 nia
625 4458 876 4510 animalia
919 4459 1326 4530 quadrupedum
1359 4470 1412 4516 et
1453 4462 1785 4531 serpentium
1819 4472 1998 4523 terrm,
2028 4473 2082 4516 et

489 4547 782 4600 volatilittm
825 4550 972 4602 caeli.
1013 4551 1130 4616 Quo
1159 4551 1322 4615 dicto,
1348 4551 1652 4606 ostenditur
1677 4553 1878 4606 nullum
1910 4550 2082 4605 homi-

492 4653 613 4690 nem
636 4641 927 4693 secumlum
953 4653 1195 4696 naturam
1219 4659 1339 4697 esse
1369 4645 1661 4713 pollutum;
1691 4644 1782 4697 sed
1806 4645 2082 4713 mqnaliler

491 4743 680 4781 omnes
724 4729 788 4781 ad
835 4733 1034 4786 (Zhris1i
1069 4735 1144 4803 (ὑ)
1178 4737 1403 4802 gratiam
1456 4735 1758 4803 provocari.
1811 4736 1889 4789 Ad
1936 4738 2078 4806 quod

495 4819 772 4885 rCSpOIIdit
820 4821 1050 4874 Petrus:
1105 4824 1267 4888 Absit,
1300 4829 1419 4895 quia
1472 4843 1732 4895 nunquam
1772 4828 2080 4881 manducavi

499 4924 762 4961 commune
804 4921 851 4962 et
892 4913 1229 4966 innnundum.
1266 4913 1332 4966 Et
1363 4933 1459 4969 una:
1485 4917 1551 4968 ad
1581 4934 1695 4970 eum
1728 4919 1791 4971 de
1833 4921 1958 4974 cwlo
2002 4937 2080 4973 se-

494 5000 662 5051 cundo
719 5000 857 5066 facta
900 5012 994 5067 est,
1037 5005 1252 5058 dicens:
1285 5006 1412 5072 Qua:
1451 5007 1589 5061 Deus
1627 5011 1910 5075 mandarit,
1939 5023 1991 5064 tu
2019 5029 2079 5065 ne

495 5085 761 5144 comniune
789 5091 998 5145 dixeris.
1034 5095 1132 5148 Ivit
1159 5096 1338 5166 itaque
1357 5097 1657 5154 Cmsaream
1680 5117 1694 5163 ;
1726 5110 1780 5154 et
1807 5103 2078 5168 ingressus

493 5179 558 5233 ad
592 5180 920 5246 Cornelium,
957 5185 1193 5252 aperiens
1241 5203 1298 5240 os
1351 5204 1499 5241 suum
1539 5189 1719 5243 dixit:
1764 5190 1831 5244 In
1876 5195 2080 5246 veritate

494 5274 739 5343 comperi,
770 5274 889 5342 quia
921 5291 1020 5328 non
1053 5285 1126 5330 est
1158 5293 1490 5339 personarum
1519 5291 1752 5349 acceptor
1779 5280 1918 5336 Deus
1949 5285 2080 5339 :scd

563 5405 632 5467 la)
740 5405 957 5480 Joannes
979 5408 1369 5480 Chrysostomus,
1392 5414 1473 5475 qui
1499 5419 1613 5480 ante
1635 5430 1812 5480 paucos
1833 5420 2039 5471 'menses
2061 5457 2076 5480 ,

434 5468 451 5483 '
493 5480 638 5540 quam
787 5467 1134 5540 scﬂberentur,
1149 5474 1265 5540 ipso
1285 5474 1367 5523 die
1391 5467 1552 5535 magni
1589 5467 1772 5526 sabbati
1797 5495 1822 5527 a
1845 5467 2079 5532 constiti):

491 5529 806 5607 tiupjrolitana
829 5530 1046 5580 Ecclesia
1085 5529 1526 5607 pulspshactusqt‘ie
1553 5547 1629 5607 est
1653 5541 1698 5588 in
1724 5529 2078 5607 e§silium,_q—ui

494 5597 734 5698 suggriori
756 5605 953 5655 quoque
975 5607 1102 5643 anno
1123 5597 1233 5645 105.
1256 5597 1506 5658 depositus
1529 5603 1728 5660 primum
1753 5602 1930 5653 ium-at.
1957 5597 2078 5656 Vi'de

494 5663 548 5698 su
611 5661 877 5698 eaueutem
917 5657 1168 5698 enislolam
1184 5695 1195 5698 _
1221 5660 1326 5698 sivo
1351 5658 1674 5698 frztnmpnhun
1721 5663 1972 5698 ἸἸιηηιιΙιίΙὶ
2023 5670 2077 5698 ml

490 5657 877 5758 ﬁﬁgqtviglthtﬁlm
917 5657 1196 5718 epistolam,
1221 5657 1675 5723 sire’fragmentum
1721 5663 1973 5726 Theophili
2020 5670 2077 5716 ad

663 5730 676 5758 1
843 5750 856 5758 .

539 5725 856 5762 iCl‘OllVlﬂUlll.

492 5829 511 5877 ι
557 5771 629 5832 (b)
664 5771 960 5845 Veronensis
980 5779 1070 5830 lis.
1095 5795 1204 5832 cum
1226 5783 1409 5846 aliquot
1434 5785 1576 5838 editis
1597 5785 1656 5836 ad
1673 5786 1850 5840 Christi
1874 5799 2078 5858 Evange-

516 5844 594 5877 ltm
624 5847 887 5877 Dravocan-

516 5844 594 5881 tun
623 5847 888 5895 provocari.

2218 898 2398 953 Sancti
2421 903 2594 970 fuisset
2619 904 2799 971 e/I'usa.
2831 905 2973 960 Tunc
3003 909 3262 973 respondit
3294 911 3473 965 Petrus
3495 912 3799 984 :Numquid

2213 1006 2398 1059 aquam
2422 994 2535 1061 quis
2577 995 2843 1064 prohibere
2885 1008 3091 1066 potest:
3126 1009 3180 1050 ut
3225 1017 3324 1053 non
3373 1002 3694 1070 baptizentur
3721 1005 3793 1069 hi,

2211 1081 2299 1148 qui
2328 1080 2584 1150 Spiritum
2629 1085 2876 1138 Sanctum
2921 1099 3240 1153 acceperunt,
3282 1091 3410 1143 sicut
3458 1102 3503 1144 et
3552 1093 3686 1147 nos?
3733 1093 3797 1147 Et

2202 1171 2361 1240 jussit
2388 1189 2471 1225 eos
2509 1175 2560 1227 in
2591 1178 2794 1230 nomine
2817 1176 2942 1231 Jesu
2973 1178 3161 1231 Christi
3197 1182 3472 1250 baptizari.
3505 1181 3796 1237 Audierant

2209 1272 2376 1314 autem
2406 1264 2639 1333 Apostoli
2667 1276 2712 1318 et
2748 1267 2934 1336 fratres
2973 1270 3060 1336 qui
3085 1282 3229 1322 erant
3256 1272 3308 1323 in
3347 1269 3555 1336 Judara,
3583 1275 3704 1342 quia
3745 1285 3794 1327 et

2208 1363 2378 1421 gentes
2419 1369 2710 1424 receperunt
2747 1358 2953 1411 verbum
2983 1359 3097 1412 Dei.
3132 1361 3258 1416 Cum
3287 1373 3457 1416 autent
3485 1367 3792 1420 ascendisset

2209 1439 2394 1495 Petrus
2435 1442 2836 1516 Jerosolgmam,
2864 1449 3208 1518 disceptabant
3251 1453 3488 1505 aduersus
3533 1454 3680 1506 illum
3705 1457 3791 1525 qui

2204 1543 2349 1584 erant
2393 1548 2456 1584 ex
2503 1535 2903 1602 circumcisione,
2952 1538 3191 1600 dicentes,
3250 1540 3418 1607 Quare
3459 1543 3681 1597 introisti
3722 1545 3790 1596 ad

2205 1624 2338 1676 uiros
2387 1629 2697 1696 prteputium
2746 1628 3020 1694 habentes,
3061 1640 3109 1682 et
3165 1633 3481 1686 manducasti
3526 1649 3642 1686 cum
3685 1635 3788 1688 illis

2205 1712 2340 1782 (Act.
2382 1715 2466 1768 11.
2497 1717 2546 1769 1.
2581 1716 2616 1769 2
2645 1727 2692 1771 et
2723 1717 2823 1789 3)?
2863 1719 3068 1785 Quibus
3109 1722 3254 1776 omni
3287 1725 3495 1780 ratione
3521 1729 3782 1794 exposita,

2206 1808 2498 1863 novissime
2527 1811 2822 1865 orationem
2870 1829 3022 1866 suam
3053 1812 3155 1867 hoc
3200 1829 3452 1869 sermone
3497 1819 3784 1871 conclusit.

2202 1899 2264 1952 Si
2291 1916 2408 1969 ergo
2431 1903 2656 1954 eamdem
2683 1903 2899 1971 gratiam
2921 1903 3061 1956 dedit
3087 1905 3188 1957 illis
3213 1904 3371 1970 Deus,
3399 1908 3528 1959 sicut
3551 1919 3598 1960 et
3621 1909 3782 1970 nobis,

2202 1990 2288 2058 qui
2311 1991 2622 2045 credidimus
2667 1995 2720 2045 in
2748 1992 3022 2046 Dominum
3049 1993 3226 2047 Jesum
3253 1995 3548 2060 Christum;
3621 1997 3783 2071 742

2198 2096 2290 2150 ego
2363 2082 2476 2152 quis
2530 2100 2687 2146 eram,
2706 2087 2790 2153 qui
2844 2102 3042 2155 possem
3089 2088 3351 2154 prohibere
3417 2088 3630 2140 Deum?
3689 2091 3785 2145 llis

2197 2174 2384 2226 auditis
2403 2184 2685 2239 tacuerunt,
2705 2185 2750 2228 et
2770 2177 3182 2246 gloriﬁcaverunt
3199 2177 3355 2231 Deum
3373 2179 3592 2234 dicentes
3610 2197 3629 2232 :
3647 2181 3785 2252 Ergo

2195 2275 2244 2318 et
2286 2265 2515 2334 gentibus
2541 2266 2885 2336 paenitentiam
2917 2267 3056 2321 Deus
3087 2269 3156 2320 ad
3181 2270 3332 2322 vitam
3359 2271 3518 2323 dedit.
3551 2271 3781 2327 Rursum

2195 2369 2316 2408 eum
2350 2355 2518 2408 multo
2550 2365 2666 2424 post
2697 2365 2937 2425 tempore
2978 2357 3174 2412 Paulus
3216 2371 3268 2412 et
3297 2360 3564 2413 Barnabas
3597 2363 3776 2416 venis-

2195 2457 2315 2500 Sent
2357 2446 2730 2511 Antiochiam;
2777 2456 2831 2501 et
2876 2459 3194 2519 congregata
3246 2450 3512 2516 Ecclesia,
3563 2453 3784 2505 retulis-

2195 2549 2313 2592 sent
2341 2549 2528 2606 quanta
2573 2539 2769 2609 fecisset
2817 2538 2956 2593 Deus
3001 2557 3112 2592 cum
3143 2540 3245 2594 illis
3273 2558 3292 2594 :
3331 2552 3376 2594 et
3405 2545 3523 2612 quia
3549 2546 3781 2612 aperuis-

2193 2644 2265 2685 set
2299 2633 2431 2686 Deus
2461 2634 2689 2702 gentibus
2719 2634 2903 2686 ostium
2950 2634 3073 2700 fidei
3118 2633 3252 2702 (Act.
3303 2635 3390 2687 14.
3439 2635 3532 2688 9.6.
3567 2645 3614 2688 et
3656 2636 3776 2703 27),

2191 2727 2398 2794 quidam
2439 2726 2790 2778 descendentes
2829 2725 2892 2779 de
2928 2725 3116 2780 Judcca
3160 2727 3398 2780 docebant
3426 2732 3606 2797 fratres
3632 2740 3781 2798 atque

2193 2817 2422 2868 dicebant
2445 2831 2462 2867 :
2483 2817 2580 2868 nisi
2606 2816 3046 2869 circmncidamini
3065 2817 3341 2870 secundum
3371 2835 3558 2872 morem
3586 2819 3774 2890 Moysi,

2193 2924 2293 2958 non
2340 2908 2545 2974 potestis
2575 2908 2700 2960 salvi
2751 2908 2861 2976 ﬁeri
2913 2908 3049 2979 (Act.
3091 2909 3174 2961 15.
3211 2909 3284 2976 1).
3320 2909 3582 2962 Commota
3621 2911 3777 2981 igitur

2190 2999 2436 3050 seditione
2462 3015 2562 3050 non
2594 2999 2802 3052 minima
2849 3001 3090 3052 adversus
3133 2997 3356 3052 Paulum
3385 3009 3431 3053 et
3459 2998 3772 3065 Barnabam,

2191 3100 2472 3141 statuerunt
2502 3093 2794 3156 ascendere,
2826 3101 2879 3144 et
2913 3091 3012 3159 ipsi
3059 3091 3149 3160 qui
3195 3092 3606 3155 accusabantur,
3641 3103 3694 3146 et
3721 3094 3777 3147 bi

2190 3184 2276 3250 qui
2309 3182 2654 3247 accusabant,
2683 3183 2751 3234 ad
2788 3181 3058 3251 Apostolos
3084 3191 3131 3234 et
3164 3181 3485 3252 Presbyteros
3509 3181 3776 3252 Jerosolg-

2190 3289 2323 3323 mam
2355 3289 2507 3340 super
2536 3274 2630 3325 hac
2658 3276 2952 3340 quwstione.
2983 3273 3208 3342 Curaque
3249 3272 3627 3342 Jerosolginam
3659 3290 3776 3341 per-

2190 3366 2452 3426 rexissent,
2487 3376 2874 3418 exsurrexerunt
2904 3365 3111 3433 quidam
3141 3366 3202 3418 de
3249 3365 3428 3418 liceresi
3472 3366 3774 3420 Pharisae-

2188 3473 2324 3518 rum,
2355 3458 2440 3525 qui
2470 3458 2790 3511 crediderant
2835 3459 2888 3510 in
2937 3458 3213 3520 Christum,
3242 3457 3465 3511 dicentes
3496 3473 3515 3510 :
3562 3456 3774 3528 Oportet

2188 3548 2480 3599 ciicumcidi
2526 3565 2609 3601 eos
2655 3558 2701 3601 et
2753 3548 3026 3617 praecipere
3085 3549 3208 3613 illis,
3254 3557 3307 3599 ut
3349 3558 3542 3600 servent
3587 3547 3773 3618 Legem

2190 3635 2380 3705 Moysi.
2419 3636 2482 3688 lit
2511 3655 2623 3690 cum
2667 3654 2854 3705 magna
2898 3652 3052 3705 super
3094 3638 3188 3690 hoc
3220 3635 3364 3689 verbo
3394 3637 3610 3689 oriretur
3636 3654 3775 3704 qua!-

2187 3744 2334 3784 sno:
2389 3729 2569 3784 Petrus
2619 3731 2775 3784 solita
2823 3731 3112 3783 libertate:
3155 3728 3282 3794 Viri,
3317 3729 3508 3798 inquit,
3562 3729 3770 3798 fratres,

2186 3837 2272 3873 vos
2301 3822 2439 3874 scitis
2469 3824 2708 3891 quoniam
2751 3822 2813 3874 ab
2860 3822 3083 3890 antiquis
3111 3821 3284 3874 diebus
3327 3821 3382 3873 in
3429 3821 3574 3874 nobis
3624 3820 3775 3889 elegit

2188 3912 2324 3966 Deus
2365 3930 2452 3983 per
2481 3930 2536 3966 os
2560 3930 2722 3966 meum
2751 3914 2929 3965 audire
2954 3924 3123 3983 gentes
3161 3911 3362 3966 uerbum
3411 3911 3691 3981 Evangelii,
3726 3923 3774 3966 et

2186 4006 2432 4069 credere;
2462 4016 2506 4058 et
2535 4007 2621 4076 qui
2651 4008 2784 4059 novit
2831 4006 2989 4058 corda
3035 4005 3190 4071 Deus,
3234 4007 3570 4059 testimonium
3599 4006 3774 4075 perhi-

2186 4095 2308 4158 buit,
2340 4098 2468 4148 dans
2508 4097 2610 4150 illis
2663 4097 2914 4166 Spiritum
2959 4096 3207 4150 Sanctum
3253 4098 3379 4149 sicut
3428 4107 3474 4149 et
3522 4097 3685 4158 nobis,
3727 4107 3773 4149 et

2185 4190 2314 4242 nihil
2355 4190 2586 4242 discrevit
2631 4190 2762 4242 inter
2808 4205 2898 4242 nos
2925 4199 2970 4241 et
2999 4190 3137 4252 illos,
3175 4190 3277 4258 [ide
3309 4191 3586 4258 puriﬁcans
3617 4191 3773 4242 corda

2186 4281 2410 4334 illorum.
2455 4278 2506 4332 Ν
2514 4297 2610 4332 unc
2638 4290 2804 4334 autent
2834 4280 2955 4349 quid
2984 4282 3186 4334 tentatis
3214 4279 3378 4332 Deum
3403 4282 3475 4349 (c)
3506 4281 3773 4349 imponere

2175 4374 2364 4441 jugum
2393 4388 2546 4441 super
2571 4373 2810 4426 cervicem
2842 4372 3228 4442 discipulorum,
3254 4374 3388 4441 quod
3420 4389 3576 4441 neque
3604 4384 3772 4442 patres

2185 4466 2366 4529 nostri,
2402 4479 2563 4533 neque
2590 4481 2683 4519 nos
2711 4475 2914 4534 portare
2959 4465 3215 4534 potuimus
3234 4464 3259 4516 .9
3290 4464 3395 4518 Sed
3424 4481 3514 4528 per
3554 4465 3773 4536 gratiam

2186 4554 2391 4607 Domini
2421 4555 2580 4607 nostri
2607 4553 2734 4607 Iesu
2763 4555 2950 4608 Christi
2994 4555 3245 4606 credimus
3276 4555 3485 4616 salvari,
3523 4555 3768 4622 quemad-

2186 4644 2390 4696 modum
2419 4653 2465 4696 et
2508 4644 2607 4697 illi.
2659 4643 2837 4696 Tacuit
2883 4653 3053 4696 autem
3098 4645 3261 4697 omnis
3301 4644 3594 4706 multitudo,
3634 4653 3688 4697 et
3718 4644 3770 4696 in

2185 4736 2502 4790 si-ntentiam
2548 4739 2663 4804 ejus
2691 4735 2922 4791 Jacobus
2968 4736 3278 4805 Apostolus,
3311 4747 3364 4790 et
3392 4751 3582 4791 omnes
3609 4738 3770 4790 simul

2186 4829 2491 4899 Presbyteri
2517 4829 2867 4883 transierunt.

2256 4921 2309 4974 8.
2357 4921 2481 4974 llaec
2509 4936 2612 4974 non
2645 4920 2844 4974 debent
2891 4918 3114 4973 molesta
3159 4934 3281 4974 esse
3329 4921 3540 4984 lectori,
3573 4921 3669 4974 sed
3718 4929 3774 4974 et

2186 5014 2316 5068 mihi
2346 5024 2401 5068 et
2426 5013 2502 5067 illi
2534 5015 2712 5080 utilia,
2747 5023 2803 5066 ut
2831 5012 3119 5081 probemus
3141 5022 3270 5067 ante
3298 5013 3609 5082 Apostolum
3638 5013 3774 5067 Pau-

2187 5105 2294 5158 lum
2347 5120 2454 5158 non
2507 5104 2786 5172 ignorasse
2830 5102 3050 5156 Petrum
3103 5102 3212 5156 imo
3265 5104 3561 5173 principem
3618 5105 3775 5172 hujus

2185 5213 2305 5252 esse
2351 5196 2458 5269 [aL
2509 5194 2697 5269 fuisse]
2749 5195 2974 5260 decreti,
3024 5195 3219 5266 Legem
3255 5206 3374 5266 post
3422 5197 3772 5268 Evangelinm

2184 5304 2290 5342 non
2320 5303 2440 5342 esse
2467 5287 2808 5342 servandam.
2839 5287 3080 5357 Denique
3110 5297 3273 5342 tanta:
3300 5289 3635 5341 auctoritatis
3677 5287 3774 5342 Pe-

2185 5390 2298 5436 trus
2337 5378 2454 5446 fuit,
2485 5389 2541 5432 ut
2567 5378 2762 5433 Paulus
2789 5380 2843 5434 in
2871 5379 3096 5448 epistola
3131 5393 3224 5432 sua
3248 5378 3554 5448 scripserit:
3581 5378 3774 5432 Deinde

2183 5481 2295 5544 post
2347 5489 2507 5526 annos
2550 5482 2648 5526 tres
2691 5473 2800 5526 veni
2831 5471 3204 5542 Jerosolymam
3253 5472 3418 5525 videre
3462 5469 3699 5534 Petrum,
3726 5480 3774 5524 et

2183 5567 2348 5621 mansi
2375 5566 2517 5635 apud
2544 5579 2657 5621 eum
2687 5567 2865 5622 diebus
2890 5567 3174 5636 quindecim
3211 5563 3352 5637 (Gal.
3388 5566 3436 5618 1.
3468 5563 3579 5634 18).
3627 5563 3772 5618 Rur-
3791 5573 3808 5588 '

2251 5727 2311 5794 (c)
2351 5728 2686 5794 Deerat_post
2727 5726 2980 5794 Erasmum
3022 5729 3070 5776 in
3104 5723 3636 5794 Martianaipditione
3679 5735 3772 5794 vox

2187 5786 2357 5849 nenia,
2383 5803 2526 5851 quam
2551 5786 2660 5838 libri
2685 5789 2956 5851 onmesalii
2995 5791 3280 5851 praeferunt,
3309 5793 3363 5851 et.
3383 5786 3584 5836 Grmcus
3607 5793 3773 5836 textus

2185 5870 2242 5903 νῦν
2266 5859 2324 5902 οὖν
2349 5865 2384 5902 τι
2402 5849 2591 5916 suis...
2625 5864 2686 5900 τὸν
2711 5863 2800 5902 θιάν.
2825 5849 3074 5901 Veronen.
3102 5851 3189 5900 bis.
3218 5849 3489 5900 Dominum.
