4088 6336
278 486 379 545 9‘2!

283 614 504 671 sumque
546 599 600 652 in
642 589 1138 664 consequentibus:
1185 583 1315 641 Post
1358 596 1518 637 annos
1546 576 1850 649 quatuorde-

282 694 381 745 cim
420 669 631 743 escendi
671 686 853 740 iterum
892 678 1267 748 Jerosolymam
1307 688 1423 726 cum
1462 669 1724 729 Barnaba,
1766 681 1851 719 as-

282 790 484 850 sumpta
514 787 562 832 et
589 776 720 831 Tito.
744 772 960 829 Ascendi
984 779 1152 823 autem
1177 764 1453 820 secundum
1475 758 1848 821 reuelationem,

285 883 334 925 et
359 845 436 942 (ἀ)
464 868 676 939 exposui
721 880 835 918 cum
880 863 954 916 eis
1006 856 1333 928 Evangelium
1375 852 1508 923 quod
1550 845 1769 921 praedico
1797 846 1854 899 in

285 936 681 1035 gentibuslGal.
729 954 895 1024 2.1),
936 949 1225 1006 ostendens
1297 943 1457 1017 743
1531 955 1591 996 se
1620 955 1722 994 non
1755 936 1854 991 ha-

285 1028 466 1110 buisse
492 1028 834 1104 securitatem
883 1039 1204 1113 praedicandi
1236 1034 1531 1105 Evangelii,
1561 1032 1663 1086 nisi
1707 1028 1852 1084 Petri

284 1151 340 1198 et
367 1143 439 1211 (b)
491 1128 806 1195 caete'rorum
854 1131 1230 1202 Apostolorum
1272 1127 1361 1196 qui
1405 1140 1527 1180 cum
1569 1136 1636 1177 eo
1677 1125 1853 1183 erant,

286 1232 477 1286 iuiSSet
539 1225 802 1284 sententia
856 1223 1159 1276 roboratus.
1228 1211 1853 1284 Statimquesequitur:

287 1319 581 1391 Separatim
609 1325 778 1369 autem
826 1314 926 1375 his,
957 1310 1044 1381 qui
1071 1307 1367 1362 videbantur
1393 1302 1586 1374 aliquid
1628 1313 1765 1363 esse;
1795 1313 1859 1351 ne

287 1416 419 1482 forte
454 1411 508 1462 in
534 1420 749 1461 vacuant
774 1417 1049 1464 currerent,
1081 1407 1167 1451 aut
1195 1395 1542 1450 cucurrissent.
1566 1392 1739 1458 Quare
1766 1403 1855 1442 se-

289 1476 534 1571 paratim,
555 1507 608 1551 et
634 1511 739 1548 non
770 1492 981 1564 publice
1012 1489 1121 1561 [αι.
1147 1490 1201 1541 in
1232 1481 1502 1554 publica]?
1529 1480 1607 1535 Ne
1635 1478 1772 1533 forte
1798 1476 1858 1529 ii-

288 1568 499 1644 delibus
521 1588 610 1656 qui
648 1599 722 1639 ex
767 1598 992 1637 numero
1016 1578 1343 1640 Judmorum,
1367 1573 1562 1642 Legem
1605 1568 1861 1639 putabant

287 1695 410 1735 esse
435 1675 778 1738 servandam,
810 1684 866 1727 et
907 1673 986 1725 sie
1014 1666 1340 1724 credendum
1385 1665 1438 1717 in
1472 1660 1696 1714 Domino
1742 1656 1861 1713 Sal-

288 1782 498 1830 vatore,
528 1767 648 1821 lidei
679 1762 988 1819 scandalum
1019 1765 1350 1813 nasceretur.
1378 1752 1521 1822 Ergo
1548 1758 1605 1805 et
1629 1762 1696 1803 eo
1722 1756 1860 1802 tem-

288 1874 422 1929 pore
464 1873 584 1912 cutn
640 1856 828 1911 Petrus
874 1852 1110 1906 venisset
1155 1845 1495 1902 Antiochiam
1554 1841 1710 1911 (licet
1761 1837 1861 1891 hoc

289 1925 668 2017 Apostolorum
690 1945 821 1998 Acta
846 1956 953 1996 non
984 1938 1243 1999 scribant,
1264 1933 1359 1989 sed
1386 1929 1673 1986 aiﬁrmanti
1696 1925 1862 1980 Paulo

289 2039 615 2094 credendum
643 2034 746 2105 sit)
781 2035 834 2086 in
881 2030 1071 2086 facient
1118 2028 1195 2082 illi
1248 2024 1444 2079 Paulus
1494 2019 1759 2074 restitisse
1802 2029 1865 2070 se

291 2129 509 2191 scribit,
543 2126 668 2196 quia
713 2118 1152 2192 reprehensihilis
1176 2123 1312 2170 erat.
1356 2112 1512 2166 Prius
1536 2109 1677 2162 enim
1705 2118 1864 2174 quam

286 2218 539 2283 yenirent
563 2195 799 2285 quidam
843 2226 874 2264 a
921 2208 1141 2269 Jacobo,
1172 2219 1293 2259 cum
1342 2199 1588 2269 gentibus
1633 2195 1862 2250 edebat:

289 2324 411 2363 cum
437 2319 614 2361 autem
642 2304 941 2361 venissent,
970 2296 1320 2352 subtrahebat
1347 2306 1424 2353 se,
1447 2299 1502 2342 et
1529 2284 1862 2356 segregabat,

291 2401 487 2454 timens
516 2411 614 2451 eos
645 2395 736 2461 qui
765 2408 831 2447 ex
861 2388 1271 2445 circumcisione
1312 2389 1485 2437 erant.
1536 2379 1602 2432 Et
1631 2391 1864 2431 consen-

290 2498 478 2545 serunt
508 2486 579 2557 (ε)
634 2480 962 2536 simulationi
1018 2478 1137 2546 ejus
1195 2471 1378 2530 caeteri
1421 2470 1640 2526 Judaei:
1686 2470 1755 2521 ita
1808 2474 1869 2520 ut

293 2579 564 2636 Barnabas
589 2575 943 2629 adduceretur
966 2570 1036 2624 ab
1078 2568 1163 2622 his
1192 2568 1244 2620 in
1279 2567 1424 2619 illam
1445 2561 1863 2617 simulationem.

296 2671 404 2725 Sed
428 2684 544 2722 cunt
570 2666 825 2724 vidissem.
849 2662 1038 2730 inquit,
1068 2657 1202 2726 quod
1227 2673 1327 2709 non
1361 2663 1494 2708 recte
1518 2651 1868 2723 ingredieban-

294 2773 378 2814 tur
421 2758 529 2830 [aL
579 2752 962 2827 ingrediuntur]
1010 2751 1078 2803 ad
1132 2750 1390 2802 ceritatem
1437 2743 1724 2814 Evangelii,
1756 2741 1864 2794 dixi

295 2850 452 2905 Petro
479 2863 649 2901 coram
668 2844 897 2899 omnibus
924 2858 943 2896 :
970 2841 1029 2896 Si
1057 2852 1111 2893 tu
1134 2854 1250 2893 cum
1273 2839 1342 2891 sis
1359 2834 1595 2898 Judteus,
1620 2832 1871 2904 gentiliter

295 2952 344 2995 et
370 2956 471 2993 non
498 2937 713 2991 Judaice
755 2924 898 2999 uiuis,
924 2931 1177 3000 quontodo
1205 2930 1344 2999 cogis
1368 2936 1536 2998 gentes
1553 2924 1827 2995 judaisare
1846 2922 1872 2976 Ξ)

299 3040 349 3084 et
376 3039 591 3084 cretera.
616 3026 755 3080 Nulli
781 3039 914 3094 ergo
935 3022 1154 3076 dubium
1196 3029 1307 3084 est,
1334 3016 1475 3088 quod
1506 3016 1694 3071 Petrus
1723 3015 1869 3082 Apo-

304 3122 474 3175 stolus
497 3118 778 3175 sententiae
806 3117 983 3185 hujus,
1011 3112 1162 3182 cujus
1205 3125 1345 3165 nunc
1373 3108 1755 3180 praevaricator
1780 3120 1869 3158 ara

301 3214 499 3282 guitur,
530 3210 733 3279 primus
774 3215 961 3261 auctor
1004 3202 1288 3258 exstiterit.
1317 3200 1490 3255 Causa
1525 3207 1703 3251 autem
1733 3209 1871 3265 prae-

308 3302 669 3365 varicationis,
698 3300 859 3353 timor
884 3305 968 3350 est
1012 3294 1344 3349 Judaeorum.
1374 3289 1512 3344 Dicit
1538 3287 1683 3343 enim
1723 3285 1871 3340 Scri-

305 3404 479 3464 ptura,
512 3391 653 3463 quod
686 3392 913 3461 primum
937 3386 1132 3442 edebat
1161 3400 1284 3438 cum
1308 3383 1591 3453 gentibus;
1623 3394 1743 3434 cum
1775 3393 1873 3432 au-

305 3494 411 3538 tem
455 3482 729 3537 venissent
753 3478 965 3547 quidam
1009 3491 1037 3529 a
1064 3474 1286 3538 Iacobo,
1333 3470 1683 3527 subtrahebat
1711 3483 1790 3531 se,
1820 3478 1875 3522 et

308 3572 637 3643 segregabat,
663 3571 857 3623 timens
900 3580 996 3622 eos
1023 3566 1111 3635 qui
1140 3579 1209 3618 ex
1260 3563 1874 3617 circumeisioneerant.

309 3663 555 3718 Tunebat
577 3671 754 3715 autem
783 3659 1021 3719 Judmos,
1049 3671 1275 3725 quorum
1296 3662 1415 3709 erat
1437 3651 1763 3719 Apostolus;
1809 3664 1878 3703 ne

312 3770 407 3823 per
431 3755 771 3807 occasionem
799 3747 1080 3818 gentilium
1114 3759 1143 3797 a
1176 3743 1278 3797 lide
1303 3741 1500 3797 Christi
1532 3739 1875 3802 recederent;

311 3854 365 3899 et
390 3845 624 3899 imitator
652 3840 881 3913 pastoris
906 3836 1055 3900 boni,
1088 3833 1336 3905 perderet
1364 3844 1582 3901 gregem
1627 3829 1728 3883 sibi
1759 3842 1881 3882 cre-

311 3938 500 3991 ditum.

383 4026 438 4081 9.
467 4024 615 4081 Sicut
657 4036 787 4093 ergo
826 4018 1190 4079 ostendimus,
1220 4015 1436 4069 Petrum
1477 4013 1614 4065 bene
1655 4004 1869 4078 quidem

1612 462 1939 522 EPISTULA
1977 453 2142 533 cm:

3424 456 3531 513 922

1961 584 2087 628 esset
2111 574 2251 645 (Act.
2282 571 2372 628 l6.
2397 573 2450 627 l.
2474 571 2530 626 2.
2558 574 2638 643 5).
2664 573 2889 632 O‘bcate
2919 574 3176 647 Apostole
3203 572 3366 629 Paule
3389 614 3406 640 ,
3435 573 3530 642 qui

1960 665 2013 719 in
2040 665 2198 721 Petro
2225 664 2651 737 reprehenderas
2674 666 3088 730 simulationem,
3111 666 3196 739 (f)
3216 680 3381 736 quare
3402 663 3530 719 sub-

1963 757 2215 811 traxisset
2249 772 2310 811 se
2351 772 2379 809 a
2419 756 2669 826 gentibus
2711 767 2928 826 propter
2957 765 3155 811 metum
3182 755 3489 811 Judteorum
3509 793 3528 820 ,

1960 846 2052 916 qui
2081 846 2148 900 ab
2173 846 2374 901 Jacobo
2405 854 2664 901 venerant
2694 862 2711 901 :
2741 860 2840 901 cur
2864 845 3201 902 Timotheum
3231 846 3396 900 tilium
3436 846 3535 899 ho-

1960 939 2122 994 minis
2149 939 2389 1009 gentilis,
2410 940 2591 1009 utique
2612 947 2669 993 et
2694 939 2866 1008 ipsum
2891 937 3165 1008 gentilem,
3194 952 3366 1008 neque
3386 936 3532 992 enim

1960 1030 2176 1087 Judreus
2202 1041 2339 1097 erat,
2369 1033 2457 1101 qui
2482 1047 2590 1086 non
2613 1031 2786 1085 fuerat
2803 1029 3174 1093 circumcisus,
3196 1039 3380 1084 contra
3404 1042 3533 1082 sen-

1963 1122 2181 1175 tentiam
2203 1129 2346 1175 tuam
2368 1120 2684 1176 circumcidi
2704 1119 2961 1190 coegisti?
2979 1117 3349 1188 Respondebis
3368 1115 3499 1170 mihi
3517 1132 3534 1171 :

1961 1209 2189 1279 Propter
2214 1209 2431 1265 Judzeos
2453 1249 2471 1277 ,
2498 1210 2588 1278 qui
2618 1217 2773 1264 erant
2812 1210 2865 1263 in
2906 1208 3017 1263 illis
3062 1206 3215 1261 locis.
3245 1203 3345 1272 Qui
3375 1205 3536 1273 igitur

1964 1298 2061 1353 tibi
2092 1298 2327 1367 ignoscis
2357 1296 2411 1351 in
2440 1297 2847 1352 circumcisione
2888 1293 3136 1364 discipuli
3177 1290 3442 1348 venientis
3468 1305 3538 1345 ex

1962 1388 2229 1457 gentibus,
2251 1387 2471 1456 ignosce
2487 1396 2542 1442 et
2560 1378 2715 1442 Petro
2735 1385 3047 1455 pra-cessori
3071 1394 3183 1449 tuo,
3201 1382 3339 1453 quod
3361 1381 3538 1450 aliqua

1964 1478 2149 1533 iecerit
2187 1489 2333 1533 metu
2373 1477 2607 1533 lidelium
2632 1476 2962 1531 Iudaeorum.
3005 1475 3237 1529 Rursum
3280 1472 3538 1541 scriptum

1964 1577 2081 1622 est:
2113 1567 2307 1621 Paulus
2346 1583 2460 1620 vero
2489 1582 2604 1619 cum
2630 1566 2797 1619 adhuc
2835 1565 3154 1619 sustinuisset
3181 1563 3289 1616 dies
3318 1563 3538 1629 multos,

1966 1658 2208 1729 fratribus
2236 1657 2519 1710 valedicens
2540 1656 2792 1726 navigavit
2822 1655 3060 1725 Syriam,
3092 1663 3139 1708 et
3162 1669 3275 1707 cum
3297 1669 3358 1707 eo
3393 1651 3541 1705 Pris-

1964 1748 2084 1801 cilla
2109 1757 2157 1799 et
2176 1746 2379 1816 Aquila,
2398 1754 2442 1798 et
2469 1744 2682 1798 totondit
2702 1744 2795 1797 sibi
2816 1744 2866 1796 in
2878 1741 3146 1799 Cenchreis
3164 1751 3350 1812 caput;
3370 1751 3542 1795 votum

1964 1839 2095 1890 enim
2126 1834 2371 1888 habuerat
2397 1833 2528 1906 (Act.
2559 1833 2648 1888 l8.
2683 1831 2795 1904 18).
2816 1834 2945 1887 Esto
2974 1833 3044 1887 ibi
3075 1830 3169 1904 [aL
3189 1831 3314 1886 Esto
3343 1839 3397 1884 ut
3448 1829 3542 1903 ibi]

1966 1927 2157 1980 timore
2177 1925 2484 1979 Judmorum
2508 1923 2816 1993 compulsus
2837 1924 2908 1977 sit
2932 1922 3110 1977 facere
3134 1921 3275 1991 quod
3303 1920 3542 1986 nolebat,

1966 2030 2132 2085 quare
2174 2030 2382 2069 comam
2425 2015 2644 2069 nutrivit
2683 2028 2749 2068 ex
2791 2023 2953 2078 voto;
2992 2020 3048 2068 et
3091 2020 3273 2082 postea
3320 2025 3441 2066 eam
3488 2010 3545 2065 in

1966 2105 2259 2161 Cenchreis
2288 2106 2519 2162 totondit
2542 2123 2608 2162 ex
2636 2108 2781 2176 Lege
2801 2147 2816 2173 ,
2845 2106 2987 2177 quod
3035 2104 3271 2160 Nazarzei
3293 2146 3310 2172 ,
3342 2105 3419 2175 (ἱ)
3452 2104 3546 2172 qui

1968 2213 2028 2252 se
2060 2199 2169 2252 Deo
2195 2199 2463 2261 voverint,
2487 2199 2639 2268 juxta
2664 2208 2990 2270 praeceptum
3016 2197 3183 2270 Moysi
3209 2195 3384 2252 facere
3407 2211 3545 2251 con-

1969 2299 2261 2343 soeverunt
2292 2287 2480 2362 (Num.
2504 2289 2558 2344 6.
2592 2289 2724 2359 ιδῃ

2041 2380 2131 2434 lt).
2164 2377 2360 2432 Verum
2406 2379 2520 2433 lucc
2565 2378 2631 2434 ad
2672 2379 3131 2450 comparationem
3160 2377 3278 2448 ejus
3305 2375 3384 2432 rei
3425 2390 3546 2447 quas

1974 2470 2252 2540 sequitur,
2289 2484 2448 2537 parva
2483 2479 2627 2525 sunt.
2673 2470 2858 2526 Refert
2900 2470 3071 2525 Lucas
3112 2484 3280 2524 sacra:
3317 2469 3547 2538 scriptor

1974 2559 2212 2614 historitc
2237 2576 2252 2613 :
2273 2559 2399 2614 Cum
2424 2562 2727 2615 venissemus
2750 2559 3125 2630 Jerosolymam
3145 2600 3162 2624 ,
3192 2558 3401 2613 libenter
3426 2573 3543 2611 sus-

1969 2661 2204 2720 ceperunt
2233 2668 2323 2705 nos
2361 2651 2542 2720 fratres
2567 2649 2704 2722 (Act.
2730 2651 2820 2704 2|.
2847 2651 2937 2720 17)
2969 2667 2983 2703 :
3014 2658 3062 2704 et
3088 2651 3310 2719 sequenti
3346 2647 3427 2699 die
3451 2646 3546 2699 ld-

1970 2743 2122 2797 cobus
2154 2752 2201 2797 et
2229 2758 2400 2796 omnes
2427 2742 2648 2797 seniores
2666 2784 2683 2807 ,
2712 2743 2799 2812 qui
2824 2759 2939 2796 cum
2967 2757 3024 2796 eo
3049 2748 3199 2795 erant
3217 2782 3232 2803 ,
3264 2738 3544 2809 Evangelia

1971 2834 2110 2887 illius
2133 2832 2476 2902 comprobato,
2501 2833 2737 2886 dixerunt
2757 2832 2803 2886 ei
2826 2848 2846 2886 :
2872 2831 3025 2885 Vides
3045 2833 3225 2902 frater,
3246 2838 3367 2898 quot
3385 2827 3548 2881 millia

1972 2934 2086 2978 sunt
2123 2924 2177 2977 in
2223 2922 2409 2976 Judaza
2437 2923 2590 3005 “qui
2633 2922 2954 2976 crediderunt
2983 2922 3036 2975 in
3065 2919 3321 2976 Christum
3344 2959 3360 2985 ,
3405 2925 3452 2970 et
3494 2917 3550 2970 hi

1973 3031 2143 3069 omnes
2169 3012 2487 3068 temulatores
2514 3021 2632 3066 sunt
2662 3011 2833 3084 Legis.
2868 3009 3147 3065 Audierant
3176 3018 3345 3063 autem
3381 3007 3443 3061 de
3469 3014 3547 3074 te,

1974 3106 2111 3176 quod
2135 3106 2489 3160 discessionem
2506 3104 2687 3158 doceas
2707 3121 2739 3157 a
2759 3102 2956 3174 Moyse,
2974 3118 3149 3156 eorum
3167 3101 3254 3172 qui
3276 3116 3365 3170 per
3383 3107 3552 3169 gentes

1974 3208 2089 3253 sunt
2115 3197 2445 3261 .ludteorum,
2477 3197 2649 3250 dicens
2670 3212 2691 3251 :
2711 3208 2813 3250 non
2858 3195 3039 3249 debere
3076 3209 3160 3248 eos
3193 3192 3553 3246 circumcidere

1976 3290 2111 3359 ﬁlios
2150 3304 2321 3351 suos;
2365 3303 2521 3355 neque
2559 3286 2836 3341 secundum
2881 3284 3292 3339 consuetudinem
3334 3280 3551 3352 ingredi.

1981 3381 2117 3447 Quid
2145 3396 2262 3449 ergo
2287 3378 2401 3433 est?
2430 3375 2615 3448 Utique
2639 3384 2838 3444 oportet
2861 3374 3126 3430 conuenire
3150 3371 3556 3427 multitudinem:

1976 3471 2245 3523 audierunt
2269 3472 2402 3523 enim
2427 3478 2473 3522 te
2501 3467 2863 3537 supervenisse.
2890 3463 3005 3519 Hoc
3030 3480 3146 3535 ergo
3173 3466 3274 3533 fac,
3304 3460 3439 3528 quod
3468 3458 3557 3514 tibi

1979 3562 2212 3614 dicimus.
2246 3561 2378 3614 Sunt
2404 3559 2548 3612 nobis
2578 3559 2672 3611 viri
2701 3567 2919 3626 quatuor
2945 3566 3117 3610 votum
3147 3554 3380 3607 habentes
3407 3567 3559 3616 super

1979 3666 2053 3703 se.
2080 3649 2177 3702 His
2201 3649 2495 3718 assumptis,
2521 3647 2782 3713 sancti/ica
2803 3655 2850 3699 te
2875 3660 2989 3698 cum
3014 3645 3157 3713 ipsis,
3180 3653 3225 3695 et
3251 3641 3482 3710 impende
3504 3641 3559 3692 in

1979 3758 2065 3795 eos
2080 3781 2096 3805 ,
2123 3750 2178 3793 ut
2205 3739 2390 3791 radant
2420 3738 2588 3806 capita
2609 3753 2628 3789 :
2649 3746 2695 3789 et
2720 3735 2876 3789 scient
2916 3749 3114 3797 omnes,
3138 3729 3260 3800 quid
3285 3744 3400 3798 qute
3423 3729 3488 3781 de
3513 3736 3562 3780 te

1983 3831 2287 3892 audierunt,
2327 3827 2461 3897 falsa
2497 3835 2654 3889 sunt;
2693 3823 2782 3879 sed
2809 3823 3037 3877 ambulas
3076 3830 3122 3874 et
3217 3818 3379 3891 745
3451 3819 3562 3889 ipse

1984 3922 2271 3973 custodiens
2325 3916 2530 3987 Legem.
2590 3914 2731 3968 Tunc
2780 3912 2981 3967 Paulus
3008 3952 3025 3976 ,
3057 3912 3331 3979 assumptis
3395 3909 3515 3961 ciris
3542 3949 3560 3975 ,

1987 4019 2185 4082 postero
2212 4009 2296 4062 die
2319 4007 2618 4077 puriﬁcatus
2638 4046 2654 4071 ,
2682 4003 2886 4058 intravit
2925 4018 3037 4056 cum
3078 4000 3180 4054 illis
3207 4000 3260 4052 in
3286 4001 3525 4067 templum
3543 4037 3561 4062 ,

316 4116 548 4170 sensisse
569 4113 638 4168 de
668 4110 960 4166 abolitione
993 4107 1153 4175 Legis
1180 4103 1428 4158 Mosaicm
1452 4117 1468 4165 ;
1502 4100 1595 4155 sed
1620 4098 1687 4152 ad
1718 4099 1887 4151 simu-

317 4208 565 4261 lationem
599 4204 676 4274 (d)
716 4196 1062 4255 observanda:
1104 4194 1219 4264 ejus
1267 4192 1458 4246 timore
1504 4187 1835 4257 compulsum
1869 4203 1912 4262 :~

320 4292 828 4364 videamus'an-ipse
856 4291 1054 4345 Paulus
1083 4288 1172 4357 qui
1201 4286 1367 4339 alium
1397 4283 1588 4351 arguit,
1625 4281 1729 4333 tale
1758 4278 1888 4349 quid

323 4391 523 4446 fecerit.
551 4391 799 4458 Legimus
827 4386 877 4436 in
904 4381 1091 4435 eodem
1117 4378 1286 4433 libro:
1307 4372 1697 4429 Pet-ambulabat
1725 4379 1891 4423 autem

328 4481 518 4535 Paulus
543 4479 748 4550 Syriam
780 4486 824 4530 et
853 4472 1106 4536 Ciliciam,
1151 4468 1457 4537 conﬁrmans
1480 4462 1733 4517 Ecclesias
1755 4460 1891 4531 (Act.

324 4574 410 4627 15.
444 4567 919 4639 41):pervenitque
954 4566 1009 4617 in
1052 4561 1249 4614 Derben
1292 4568 1339 4612 et
1376 4556 1648 4626 Lgstram;
1695 4563 1742 4606 et
1783 4566 1896 4606 ecce

324 4663 605 4730 discipulus
624 4658 828 4723 quidam
844 4663 949 4708 erat
968 4654 1036 4706 ibi
1058 4651 1258 4703 nomine
1276 4648 1588 4710 Timotheus,
1663 4641 1828 4714 7M

330 4747 717 4820 ﬁlius‘mulieris
740 4744 809 4812 (ε)
838 4742 1001 4795 vidua:
1028 4738 1215 4805 fidelis,
1243 4746 1386 4805 patre
1411 4733 1608 4803 gentili.
1646 4731 1778 4783 Iluic
1806 4746 1900 4781 au-

330 4819 427 4898 tem
454 4838 787 4896 testimonium
813 4832 1086 4886 reddebant
1117 4828 1203 4898 qui
1234 4825 1428 4895 Lystris
1449 4832 1588 4876 erant
1608 4862 1622 4884 ,
1652 4831 1697 4874 et
1722 4819 1901 4873 Iconio

333 4938 538 5008 fratres.
573 4926 620 4981 Η
630 4943 725 4980 unc
752 4923 907 4976 uoluit
942 4918 1135 4973 Paulus
1162 4931 1329 4970 secum
1374 4911 1658 4983 proficisci,
1690 4919 1735 4961 et
1761 4924 1905 4995 assu—

334 5000 474 5080 inens
502 5017 812 5076 circumcidit
831 5030 946 5068 eunt
972 5018 1178 5083 propter
1197 5006 1429 5069 Judteos,
1453 5005 1539 5074 qui
1564 5001 1779 5056 erantin
1803 5000 1906 5053 illis

335 5116 478 5172 locis.
526 5109 763 5166 Sciebant
804 5107 936 5160 enim
981 5098 1329 5171 omnesquod
1370 5104 1513 5167 pater
1557 5095 1667 5164 ejus
1706 5089 1905 5163 gentilis

1988 4102 2294 4167 annuntians
2338 4098 2671 4168 expletiouem
2708 4094 2904 4148 dierum
2949 4089 3359 4164 puriﬁcationis,
3408 4090 3566 4141 donec

1990 4192 2256 4260 offerretur
2298 4205 2389 4258 pro
2432 4202 2748 4258 unoquoque
2770 4200 2944 4239 eorum
2981 4180 3189 4237 oblatio.
3217 4177 3262 4234 Ο
3286 4178 3451 4233 Paule
3472 4219 3488 4243 ,
3512 4183 3570 4231 et

1993 4285 2044 4339 in
2072 4284 2171 4337 hoc
2201 4290 2253 4342 te
2285 4294 2469 4335 rursus
2499 4279 2794 4346 iuterrrogo
2821 4293 2834 4328 :
2863 4289 2959 4329 cur
3002 4281 3187 4342 captus
3211 4268 3440 4332 raseris;
3471 4280 3567 4320 cur

1995 4372 2337 4444 nudipedalia
2368 4368 2677 4426 exercueris
2724 4367 2792 4421 de
2841 4363 3177 4420 caeremoniis
3226 4359 3567 4418 Judzcorum;

1996 4480 2093 4520 cur
2117 4462 2374 4518 obtuleris
2419 4459 2718 4523 sacriﬁcia;
2751 4466 2809 4512 et
2847 4454 3145 4509 secundum
3172 4451 3366 4520 Legem
3396 4461 3493 4516 pro
3519 4455 3572 4500 te
3658 4448 3661 4449 ⁷

2000 4556 2188 4611 hostiae
2233 4555 2432 4610 fuerint
2475 4548 2802 4606 immolatur?
2853 4546 3048 4616 Utique
3089 4539 3460 4611 respondebis,
3504 4551 3574 4591 ne

2000 4648 2494 4704 scandalizarentur
2522 4643 2611 4712 qui
2640 4655 2706 4696 ex
2754 4638 2953 4694 Judteis
2994 4632 3353 4691 crediderunt.
3399 4629 3577 4685 Simu-

2004 4739 2126 4793 lasti
2165 4752 2293 4807 ergo
2339 4745 2388 4788 te
2418 4732 2527 4805 [aL
2559 4732 2694 4783 abest
2750 4726 2836 4799 te]
2866 4725 3133 4788 Judaeum,
3160 4732 3218 4776 ut
3253 4720 3465 4776 Judtcos
3498 4719 3579 4771 lu-

2005 4828 2329 4886 crifaceres;
2372 4835 2427 4878 et
2455 4823 2593 4875 haue
2622 4821 2790 4889 ipsam
2820 4816 3220 4871 simulationem
3250 4810 3502 4872 Jacobus,
3523 4816 3581 4862 et

2007 4916 2191 4974 creteri
2241 4925 2292 4970 te
2334 4913 2565 4967 docuere
2614 4907 2959 4980 Presbyteri:
2993 4905 3083 4959 sed
3132 4913 3308 4957 tamen
3355 4898 3582 4955 evadere

2010 5023 2117 5061 non
2148 5003 2389 5076 potuisti.
2422 5002 2550 5056 Orta
2593 4999 2736 5054 enim
2784 4996 3069 5062 seditione,
3100 5008 3221 5049 cum
3249 4989 3579 5047 occidendus
3610 5048 3618 5067 λλ

2011 5111 2184 5164 esses,
2211 5103 2394 5165 raptus
2437 5108 2496 5147 es
2524 5105 2555 5146 a
2583 5091 2816 5154 tribuno,
2843 5097 2900 5143 et
2945 5086 3013 5142 ab
3055 5100 3120 5141 eo
3165 5084 3362 5140 missus
3400 5062 3619 5135 Caesa-l

407 5267 471 5333 la)
505 5260 812 5333 Benedictini
837 5252 1274 5333 etgjileronen:Alis.
1298 5255 1344 5302 et
1365 5245 1570 5313 exposui
1602 5243 1673 5296 eis
1696 5252 1906 5307 Evange-

407 5267 471 5333 laj
505 5260 812 5330 Benedictini
837 5256 1155 5327 ebVeroncn.
1181 5254 1274 5302 Hs.
1298 5255 1344 5302 et
1365 5254 1570 5313 exposui
1602 5258 1673 5296 ets
1696 5254 1906 5307 svange-
2348 5290 2359 5301 ι
2649 5286 2661 5297 ⁸
2837 5283 2849 5294 ι
3620 5254 3626 5267 ί

339 5331 476 5386 lium,
502 5324 1005 5387 quodeprwdwomwr
1028 5321 1203 5387 ξιξηιρδ-
1351 5385 1391 5387 π
1425 5377 1695 5387 μηηψ
2016 5291 2695 5387 εεχιλιεξξιξιξιξῇιεξφτθθὼεξ
2714 5282 2988 5387 reﬁxa
3010 5268 3589 5387 ςξτοέοηινςιὶεὲαεξξν
3623 5327 3625 5331 ,

2795 5327 2987 5401 insilit:
2999 5327 3129 5399 ὦτῇ
3153 5352 3166 5386 :
3191 5327 3404 5401 mulieris
3605 5327 3625 5401 ι’

348 5352 476 5455 π”ἰῖς
502 5352 874 5450 Ἠιῖόμέδῠειᾶἷπῖι
886 5352 1233 5429 Bé°ieﬂi£§iiiés
1250 5385 1395 5426 voces
1415 5377 1699 5422 cancrorum
1722 5372 1911 5429 Aposto—
2015 5370 2127 5408 cum
2149 5352 2398 5415 eiemplal‘
2423 5363 2436 5400 ε
2461 5360 2624 5420 armis
2656 5359 2753 5404 τινος
2788 5352 2966 5417 ,ίονδιιις
2999 5357 3129 5412 τιατ*
3153 5352 3166 5386 ⁵
3191 5352 3404 5406 mlum“
3425 5352 3617 5403 “fam-'1

350 5453 358 5455 ξ
551 5451 561 5455 -
626 5447 667 5455 ..
798 5452 805 5455 _
936 5445 961 5455 .,
1024 5438 1250 5455 ,μμημ
1319 5441 1498 5455 .---......
1566 5428 1865 5455 .....-...t.........
1895 5438 1908 5453 .
2018 5419 2133 5455 ιιηηι
2156 5415 2343 5455 Judmm
2385 5409 2542 5455 ﬁdelis
2570 5421 2587 5455 :
2611 5416 2804 5455 tameLSI
2839 5418 2937 5454 non
2972 5402 3301 5455 difﬁtemur!!!
3324 5386 3594 5455 llamﬂsﬁll‘

348 5450 353 5451 ν
409 5388 474 5455 (b)
511 5386 661 5450 Apud
676 5386 874 5433 eosdem
892 5386 1233 5429 Benedicttnos
1250 5386 1395 5426 voces
1415 5386 1699 5422 cancrorum
1722 5386 1911 5429 Aposto-
2015 5386 2127 5408 υυιιι
2149 5386 2389 5415 ῡιυιιψιω
2423 5388 2436 5400 .
2466 5386 2624 5420 πυτς-..η
2665 5386 2753 5404 ...η
2788 5386 2966 5417 ..-η-η,
3005 5386 3129 5412 7---“
3254 5396 3264 5406 ,
3446 5391 3455 5400 _
3556 5387 3565 5396 ,

343 5453 499 5503 lorum
533 5447 872 5499 desiderantur
894 5454 907 5489 ε
932 5445 980 5503 in
1024 5438 1272 5485 Veronen.
1319 5441 1501 5484 tantum
1542 5428 1908 5495 Apostolorum:
2156 5409 2549 5503 Jltgg‘lffmggeh:
2552 5421 2595 5503 -ἔ-
2611 5416 2804 5503 agit-:1
2836 5386 3594 5503 muvggltglimhg‘emuggiw:

2156 5452 2811 5537 ’ὦῗὲἱὲ
2836 5452 2893 5516 iii
2908 5452 3180 5513 “Veronen.
3216 5452 3376 5519 ﬁdelis
3411 5452 3568 5505 Omitti

343 5500 447 5564 tum
469 5511 739 5561 roboratam
760 5518 848 5567 pro
870 5500 1130 5551 roboratus.

310 5578 320 5586 ’
346 5550 480 5637 nunc).
496 5550 1241 5628 ῖίδὸξῆξίετέόηδθηδενηηιραηῑ
1261 5554 1343 5606 illo
1362 5554 1527 5604 cancri
1551 5550 1730 5607 Judaei,
1757 5557 1853 5599 etc.

376 5699 383 5701 Α
415 5574 496 5701 lo-
523 5635 768 5701 Αιιςιοεεξιη
786 5623 1342 5701 Βςιτφςξοριιξξξεειρηεε
1360 5611 1853 5701 tetigissent:

434 5611 485 5701 λ’)
780 5611 1089 5701 Ben—edicti?
1115 5623 1163 5668 tu
1188 5631 1283 5701 uno
1306 5632 1335 5686 β
1360 5611 1920 5701 γειὶίο.,ἣξεενοὺ,ςεηεαηῗ

2023 5550 2155 5664 “in
2186 5595 2443 5664 Βειιαιεοι,
2467 5606 2561 5664 ιιιμι
2595 5588 2942 5664 eorum:
2965 5565 3597 5664 earumearum
3654 5547 3672 5631 ί

2024 5630 2719 5718 (Ιυᾋάθῖᾶἵξνδέῖιῗίίῶᾟί
2729 5630 2947 5713 ’ἶῖἕιιὶὀόἰ
2976 5630 3087 5691 line
3127 5630 3474 5687 circmncidere
3515 5641 3597 5678 co-

348 5672 1550 5772 εξςὲἱὸτιὲῖῖῖῖδὲἑέεἰπὶῆλέῗςζεῇυέίίῗέτὲηὲἲδὶῗίιε
1574 5676 1621 5723 ⁵³³
1643 5672 1922 5722 “mm”
2024 5672 2198 5772 ἓὲῗὲξῖ

353 5743 1622 5884 "‘72,fiﬁmﬁféhmm‘ﬂl‘fgaﬁ‘idl‘nisi?
1648 5794 1732 5884 qni
1771 5790 1926 5884 ςοεῃίε
2026 5738 2616 5884 ἒοίἳιέἳιὲξὲαηνὶυδ
2630 5771 2794 5837 jubet,
2817 5763 2973 5832 quise
3003 5757 3307 5815 devoverant,
3324 5764 3429 5852 uno
3449 5749 3599 5802 verbo

422 5817 490 5932 (ei
522 5818 784 5869 Videretur
806 5822 895 5874 pro
925 5817 1083 5857 vidua:
1123 5817 1385 5872 tegentium
1421 5817 1622 5854 Juttww,
1648 5817 1732 5857 ψιι
1774 5817 1926 5841 musta
2094 5817 2166 5848 μ,
2202 5817 2391 5846 μην...
2412 5817 2490 5846 _..-.

356 5897 451 5932 non
494 5876 765 5940 iicronymi,
782 5873 872 5923 sed
893 5879 1115 5919 veterum
1135 5870 1484 5924 exscrqntorum
1506 5865 1582 5907 est
1596 5856 1789 5919 lapsus;
1814 5867 1927 5903 nam
2029 5861 2120 5911 pro
2144 5853 2241 5896 Deo
2263 5843 2490 5894 tovertnt.
