4088 6336
543 397 650 452 923

542 522 709 571 ream,
741 505 840 561 sub
880 505 1120 561 custodia
1148 505 1374 560 militum
1404 505 1646 576 diligenti
1689 503 1830 576 (Act.
1863 505 1953 560 23.
1982 503 2099 573 εδ),

544 614 610 652 ne
641 607 691 651 te
714 596 881 650 Judmi
909 595 1062 665 quasi
1101 595 1468 650 simulatorem
1492 611 1554 650 ac
1577 596 1963 650 destructorem
2008 593 2110 649 Le-

540 685 622 756 gis
648 685 975 740 occiderent.
1026 687 1203 755 Atque
1247 686 1370 740 inde
1413 686 1635 739 Romam
1687 685 2023 754 perveniens,
2056 684 2109 738 itt

541 776 777 845 hospitio
804 775 950 846 quod
979 775 1074 830 tibi
1115 775 1476 841 conduxeras,
1503 775 1770 828 Christum
1815 783 1870 828 et
1913 773 2113 828 Juda-is

539 882 591 922 et
617 869 867 938 gentibus
898 868 1200 936 prtcdicasti
1231 870 1424 939 (Actor.
1454 867 1642 921 28.14.
1672 867 1785 937 50),
1815 875 1868 922 et
1897 874 2115 922 senten-

539 961 608 1013 tia
641 970 726 1013 tua
756 959 986 1014 Neronis
1016 961 1192 1028 gladio
1219 959 1531 1013 confirmata
1563 968 1663 1012 est.

612 1045 700 1104 ll.
744 1049 1051 1112 Didicimus,
1083 1049 1224 1118 quod
1278 1058 1492 1116 propter
1546 1057 1744 1102 metum
1795 1047 2104 1102 Judazorum

539 1154 588 1195 et
638 1142 830 1196 Petrus
874 1151 928 1196 et
971 1141 1165 1194 Paulus
1221 1139 1501 1208 tequaliter
1550 1139 1801 1193 ﬁnxerint
1848 1154 1907 1192 se
1958 1139 2116 1208 Legis

542 1243 807 1302 prtecepta
857 1248 1088 1286 servare.
1118 1231 1230 1298 Qua
1288 1230 1449 1299 igitur
1503 1229 1699 1294 fronte,
1747 1245 1847 1298 qua
1896 1230 2115 1284 audacia

543 1322 744 1376 Paulus
773 1323 823 1374 in
848 1323 1016 1376 altero
1044 1320 1388 1389 reprehendit
1419 1318 1526 1390 [ιιι.
1548 1317 1914 1389 reprehendat]
1932 1360 1946 1379 ,
1975 1317 2116 1386 quod

543 1413 658 1482 ipse
695 1411 996 1466 commisit?
1041 1411 1171 1480 Ego,
1215 1411 1322 1463 imo
1360 1410 1450 1462 alii
1482 1419 1603 1462 ante
1650 1423 1734 1461 me
1759 1418 2118 1475 exposuerunt

541 1518 756 1556 causam
795 1517 953 1570 quam
1009 1509 1348 1569 putaverant,
1386 1514 1490 1552 non
1541 1498 1842 1554 officiosum
1893 1498 2117 1551 menda-

545 1593 685 1647 cium
713 1591 1085 1653 defendentes,
1117 1592 1257 1644 sicut
1299 1599 1356 1644 tu
1387 1589 1623 1654 scribis;
1679 1588 1774 1642 sed
1825 1588 2114 1642 ostenden-

543 1695 626 1740 tes
656 1684 762 1756 [ιιι.
808 1682 1078 1754 docentes]
1133 1683 1414 1736 honestam
1458 1681 1936 1750 dispensationem,
1969 1688 2027 1732 ut
2065 1688 2118 1732 et

543 1773 921 1844 Apostolorum
955 1772 1293 1841 prudentiam
1321 1770 1776 1835 demonstrarent,
1795 1778 1849 1822 et
1870 1769 2120 1834 blaSphe-

541 1865 736 1920 mantis
769 1865 1052 1935 Porphyrii
1081 1862 1468 1930 impudentiam
1501 1871 1836 1925 coercerent,
1864 1860 1954 1929 qui
1984 1859 2118 1912 Pau-

542 1957 652 2012 lum
681 1965 738 2011 et
768 1956 982 2010 Petrum
1013 1954 1201 2024 puerili
1231 1953 1358 2007 dicit
1389 1954 1530 2006 inter
1559 1967 1618 2006 se
1649 1967 1911 2022 pugnasse
1938 1961 2116 2005 certa-

543 2048 688 2101 mine
718 2063 730 2097 :
761 2046 870 2099 imo
896 2045 1163 2100 evarsisse
1204 2043 1424 2096 Paulum
1459 2041 1539 2111 (l)
1569 2042 1624 2094 in
1665 2040 1915 2094 invidiam
1948 2041 2116 2092 virtu-

541 2149 654 2192 tttm
682 2137 848 2201 Petri,
877 2145 933 2191 et
963 2150 1027 2191 ea
1076 2136 1357 2204 scripsisse
1403 2133 1691 2202 jactanter,
1719 2147 1838 2201 qua:
1881 2132 1964 2185 vel
2011 2147 2116 2184 non

541 2230 749 2295 fecerit,
780 2228 867 2284 vel
911 2230 955 2282 si
998 2227 1205 2292 fecerit,
1238 2226 1537 2296 procaciter
1594 2224 1785 2279 fecerit
1829 2223 1878 2278 id
1931 2223 1984 2276 in
2012 2223 2118 2276 alio

541 2318 943 2387 reprehendens
961 2317 1102 2387 quod
1126 2319 1238 2386 ipse
1259 2314 1613 2371 commiserit.
1636 2314 1972 2384 lnterpretati
1995 2323 2119 2367 sunt

545 2410 622 2463 illi
651 2419 706 2464 ut
738 2417 1045 2480 potuerunt.
1081 2408 1162 2462 Tu
1209 2405 1480 2476 quomodo
1512 2407 1670 2459 istum
1707 2405 1882 2459 locum
1910 2403 2116 2458 edisse-

543 2499 673 2554 res?
705 2500 886 2568 utique
917 2499 1137 2554 meliora
1166 2496 1425 2562 dicturus,
1461 2495 1554 2566 qui
1600 2504 1843 2550 veterum
1897 2501 2116 2549 senten-

545 2591 671 2642 tiam
703 2589 1024 2657 reprobasti.

617 2680 705 2734 12.
727 2680 928 2734 Scribis
953 2680 1018 2734 ad
1049 2694 1133 2734 me
1162 2680 1213 2734 in
1243 2678 1464 2748 epistola
1487 2686 1574 2731 tua
1605 2674 1799 2745 (Epist.
1823 2674 1932 2742 67),
1983 2691 2002 2724 ι
2027 2689 2118 2728 ne-

545 2787 652 2840 quc
689 2771 830 2824 enim
857 2786 886 2824 a
919 2785 1004 2824 me
1047 2770 1323 2824 docendus
1351 2785 1430 2833 es,
1463 2767 1733 2838 quomodo
1773 2767 2118 2834 intelligatur,

545 2860 686 2932 quod
715 2861 855 2916 idem
882 2862 1017 2916 dicit
1046 2860 1154 2933 [al.
1186 2861 1399 2915 additur
1424 2857 1766 2929 Apostolus]:
1801 2857 1990 2910 Factus
2008 2873 2122 2910 sum

547 2961 785 3020 tanquam
820 2949 1054 3014 Iudaeus,
1086 2951 1160 3020 (a)
1190 2948 1471 3003 utJudtzos
1543 2934 1706 3022 7η
1776 2947 2122 3015 lucrifacerem

549 3042 625 3110 (l.
659 3041 777 3095 Cor.
821 3042 874 3097 9.
927 3041 1046 3109 ΩΟ),
1084 3051 1140 3096 et
1185 3049 1416 3105 cmtera;
1471 3055 1590 3108 qua:
1640 3038 1710 3092 ibi
1761 3037 2012 3091 dicuntur
2045 3036 2118 3106 (ὁ)

546 3131 917 3201 compassione
973 3131 1395 3196 misericordias,
1462 3146 1566 3183 non
1626 3130 1965 3183 simulatione
2022 3127 2122 3181 fal-

547 3220 717 3274 laciae.
751 3221 839 3274 Fit
867 3222 1007 3274 enim
1051 3231 1299 3287 tanquam
1347 3235 1509 3288 arger,
1541 3220 1630 3289 qui
1663 3219 1928 3272 ministrat
1956 3233 2123 3287 agro-

549 3321 636 3376 to,
688 3325 794 3364 non
841 3326 960 3364 cum
1005 3325 1064 3364 se
1115 3309 1292 3364 febres
1317 3309 1516 3364 habere
1543 3309 1832 3374 mentitur;
1865 3310 1959 3364 sed
1997 3324 2120 3364 cum

549 3402 730 3456 animo
767 3401 1102 3456 condolentis
1127 3402 1345 3471 cogitat,
1379 3399 1828 3471 quemadmodum
1859 3402 1958 3456 sibi
2004 3417 2121 3456 scr-

548 3491 650 3546 viri
693 3492 870 3556 vellet,
903 3492 948 3546 si
980 3492 1096 3561 ipse
1135 3501 1436 3560 tegrotaret.
1493 3491 1628 3546 Nam
1676 3493 1860 3562 utique
1907 3492 2123 3548 Judznus

549 3591 700 3646 erat;
733 3581 1071 3637 Christianus
1104 3594 1280 3638 autem
1326 3582 1525 3645 factus,
1553 3599 1658 3636 non
1682 3581 1987 3637 Judarorum
2032 3596 2120 3636 sa-

549 3685 820 3730 cramenta
849 3675 1153 3746 reliquerat,
1182 3691 1304 3744 qua:
1341 3674 1724 3730 convenienter
1749 3675 1841 3729 ille
1869 3676 2115 3744 p0pnlus,

549 3773 605 3818 et
656 3765 892 3834 legitimo
939 3775 1212 3834 tempore,
1267 3779 1376 3832 quo
1427 3765 1749 3833 oportebat,
1799 3773 2119 3835 acceperat:

551 3856 781 3926 ideoque
825 3855 1060 3926 suscepit
1109 3870 1171 3912 ea
1226 3855 1571 3919 celebranda,
1599 3869 1721 3910 cum
1769 3855 1877 3923 jam
1925 3855 2121 3910 Christi

549 3957 692 4002 esset
718 3947 1025 4016 Apostolus,
1060 3956 1115 4001 nt
1144 3949 1367 4002 doceret
1397 3963 1504 4002 non
1542 3962 1663 4002 esse
1688 3947 1988 4016 perniciosa
2017 3948 2119 4012 his,

551 4037 640 4105 qui
668 4052 730 4092 ea
763 4037 980 4103 vellent,
1013 4039 1152 4091 sicut
1192 4054 1220 4090 a
1269 4038 1579 4107 parentibus
1611 4053 1703 4105 per
1733 4037 1925 4107 Legem
1971 4054 2122 4118 acce-

558 4137 776 4194 perant,
807 4127 1096 4190 custodire,
1128 4128 1289 4181 etiam
1317 4143 1436 4181 cum
1469 4128 1520 4181 in
1546 4127 1815 4181 Christum
1863 4128 2123 4182 credidis-

551 4230 670 4271 sent
700 4236 714 4272 :
745 4235 848 4270 non
883 4229 1058 4272 tamen
1087 4219 1136 4271 in
1168 4219 1246 4271 eis
1274 4218 1382 4285 jam
1425 4220 1818 4272 constituerent
1844 4232 1992 4287 Spem
2035 4232 2123 4270 sa-

553 4307 712 4362 lutis:
742 4310 992 4377 quoniam
1025 4323 1120 4376 per
1156 4307 1434 4361 hominum
1465 4307 1650 4362 desum
1691 4307 1836 4362 salus
1865 4308 1977 4376 ipsa
2005 4323 2125 4376 qua:

552 4399 657 4454 illis
697 4399 1045 4453 sacramentis
1091 4399 1505 4466 signiﬁcabatur.
1536 4398 1848 4451 advenerat.
1887 4417 1906 4448 ι
1941 4397 2152 4452 Totius

550 4492 811 4545 sermonis
847 4491 964 4556 tui,
1015 4506 1171 4560 quem
1227 4491 1588 4559 disputatione
1640 4490 1943 4560 longissima
1999 4506 2122 4558 pro-

553 4581 781 4645 traxisti,
817 4581 900 4635 hic
943 4596 1133 4636 sensus
1161 4591 1244 4636 est
1279 4599 1291 4634 :
1325 4590 1380 4635 ut
1413 4581 1603 4635 Petrus
1633 4597 1738 4634 non
1783 4581 2041 4634 erraverit
2070 4581 2122 4634 in

551 4685 637 4733 eo,
667 4672 807 4740 quod
860 4673 942 4726 his
970 4675 1059 4742 qui
1107 4688 1172 4726 ex
1222 4671 1424 4727 Judtcis
1470 4671 1833 4735 crediderant,
1864 4672 2125 4740 putaverit

551 4759 747 4828 Legem
773 4776 892 4816 esse
921 4763 1235 4816 servandam
1266 4779 1278 4815 :
1312 4761 1406 4817 sed
1455 4762 1505 4816 in
1538 4778 1603 4816 eo
1630 4777 1660 4815 a
1689 4762 1820 4816 recti
1868 4763 2004 4816 linea
2031 4761 2125 4815 dc-

552 4851 726 4913 viarit,
746 4852 882 4918 quod
899 4861 1084 4921 gentes
1100 4853 1334 4921 coegerit
1350 4852 1643 4921 jutlaizare.
1661 4850 1906 4922 Coegerit
1922 4861 2119 4918 autem,

553 4957 660 4994 non
686 4941 928 4996 docentis
953 4944 1219 5011 imperio,
1261 4945 1355 5000 sed
1399 4945 1826 4999 conversationis
1854 4946 2118 5013 exemplo.

551 5031 618 5086 Et
663 5030 854 5085 Paulus
891 5047 999 5085 non
1041 5035 1308 5087 contraria
1352 5035 1421 5087 sit
1456 5036 1662 5088 locutus
1697 5034 1813 5098 his,
1845 5051 1962 5104 QU'B
2007 5034 2122 5102 ipse

549 5129 820 5192 gesserat;
863 5121 955 5174 sed
1003 5137 1166 5190 quare
1212 5123 1400 5177 Petrus
1447 5138 1577 5187 eos,
1628 5124 1717 5191 qui
1761 5139 1827 5177 ex
1875 5126 2122 5192 gentibus

549 5220 724 5276 erant,
752 5211 1028 5281 judaizare
1051 5214 1416 5282 compelleret.

617 5394 681 5456 (a)
719 5388 1059 5456 Supplevimus
1082 5403 1144 5456 ex
1182 5391 1430 5456 Veronen.
1457 5391 1570 5440 Mss.
1609 5399 1659 5441 et
1693 5392 2117 5456 Benedictinorum

543 5451 858 5562 sditiopemt
879 5452 1073 5502 Judtros
1105 5451 1453 5515 lucrifacerem,
1477 5465 1588 5516 qua:
1609 5455 1656 5502 in
1679 5455 1786 5503 aliis
1807 5453 1949 5503 editis
1985 5456 2117 5505 desi-

579 5527 694 5562 erau
719 5527 793 5560 ur.

579 5527 829 5636 iiii'li'tts.
871 5582 994 5632 octo,
1033 5573 1362 5636 referentibus
1401 5574 1762 5636 Benedictlnis,
1803 5583 1950 5636 atque
1989 5591 2116 5626 unus

542 5633 792 5743 Xeronen.
830 5635 1149 5695 compassione
1172 5635 1522 5696 misericordia,
1545 5649 1641 5686 non
1682 5633 1989 5688 simulatione
2020 5638 2113 5700 fal-

592 5709 650 5744 et.

606 5733 678 5817 δ)
711 5754 867 5807 Aliter
889 5755 1107 5820 Gravius,
1129 5770 1370 5810 exarsisse
1393 5757 1593 5809 Paulum
1615 5757 1831 5810 invidiae.

1826 391 2062 448 SANGTI
2103 391 2476 450 HIERONYMI

3688 404 3790 461 92‘

2286 507 2372 558 l3.
2413 506 2538 560 llaec
2567 521 2693 575 ergo
2721 522 2928 562 summa
2959 519 3039 562 est
3070 512 3406 579 qutcstionis,
3435 513 3547 569 imo
3577 528 3789 572 senten-

2216 593 2303 646 tia:
2353 604 2454 648 tum
2484 612 2497 648 :
2529 604 2583 649 ut
2628 605 2747 664 post
2792 595 3137 666 Evangelium
3165 601 3388 666 Christi,
3417 601 3556 658 bene
3603 604 3795 662 faciant

2215 680 2386 736 Judzei
2431 683 2713 740 credentes
2732 725 2747 751 ,
2777 686 2821 738 si
2852 685 3009 756 Legis
3056 689 3303 743 mandata
3330 693 3660 759 custodiant,
3692 695 3789 750 hoc

2214 783 2318 838 est,
2341 774 2385 828 si
2416 774 2676 831 sacrificia
2704 776 2953 842 offerant,
2973 794 3092 847 qua:
3117 780 3307 836 obtulit
3335 783 3559 849 Paulus,
3581 786 3626 839 si
3659 786 3794 842 filios

2215 863 2629 931 circumcidant,
2679 865 2723 919 si
2775 867 3056 922 sabbatum
3107 883 3344 934 servent,
3378 883 3435 926 ut
3486 873 3706 939 Paulus,
3739 877 3790 930 iu

2218 951 2520 1021 Timotheo,
2553 965 2606 1009 et
2636 970 2825 1011 omnes
2853 958 3208 1015 observavere
3245 961 3438 1016 Judaei.
3469 964 3524 1019 Si
3568 964 3673 1020 hoc
3702 983 3792 1022 vc-

2218 1061 2334 1100 rum
2365 1055 2468 1110 est,
2499 1048 2552 1102 in
2575 1048 2815 1104 Cerinthi
2838 1059 2892 1104 et
2920 1051 3143 1107 Ebionis
3191 1052 3440 1108 haeresim
3468 1056 3788 1124 delabimur,

2217 1139 2307 1207 qui
2335 1139 2615 1195 credentes
2654 1142 2706 1195 in
2733 1141 2950 1198 Christo
2978 1155 3201 1214 propter
3227 1145 3328 1200 hoc
3359 1147 3532 1202 solum
3562 1164 3590 1200 a
3619 1149 3793 1204 Patri-

2219 1227 2316 1281 bus
2368 1231 2800 1286 anathematizati
2855 1243 3010 1296 sunt,
3052 1235 3194 1304 quod
3243 1236 3400 1306 Legis
3445 1241 3794 1294 caeremonias

2217 1317 2416 1374 Christi
2445 1321 2736 1393 Evangelio
2764 1324 3128 1390 miscuerunt;
3180 1337 3234 1380 et
3277 1329 3356 1382 sic
3399 1345 3537 1382 nova
3565 1331 3790 1385 confessi

2218 1418 2360 1475 sunt,
2392 1420 2446 1464 ut
2479 1422 2656 1465 vetera
2686 1429 2789 1466 non
2812 1415 3140 1469 omitterent.
3173 1417 3308 1483 Quid
3337 1418 3509 1471 dicam
3537 1420 3609 1472 de
3637 1420 3794 1472 Ebio-

2218 1501 2360 1565 nitis,
2395 1503 2484 1572 qui
2509 1503 2844 1560 Christianos
2867 1521 2988 1560 esse
3012 1523 3072 1562 se
3091 1508 3388 1562 simulant?
3423 1509 3600 1579 Usque
3630 1510 3786 1565 hodie

2219 1607 2313 1660 per
2334 1601 2471 1647 totas
2482 1592 2716 1648 Orientis
2737 1610 3031 1666 synagogas
3052 1597 3190 1652 inter
3204 1598 3418 1654 Judreos
3439 1601 3662 1655 haeresis
3681 1612 3782 1665 est,

2217 1697 2333 1749 quae
2353 1681 2548 1736 dicitur
2574 1685 2645 1753 (c)
2669 1684 3001 1749 Minceoruui,
3026 1697 3079 1740 et
3101 1703 3132 1742 a
3155 1688 3440 1746 Pharisaeis
3463 1706 3606 1746 nunc
3627 1707 3791 1762 usque

2216 1771 2676 1842 damnatumquos
2694 1777 2850 1845 vulgo
2921 1776 3082 1848 757
3154 1778 3434 1835 Nazarasos
3457 1795 3787 1852 nuncupant,

2216 1863 2306 1932 qui
2333 1864 2558 1919 credunt
2598 1866 2650 1920 in
2679 1867 2949 1922 Christum
2983 1869 3172 1924 Filium
3207 1871 3336 1938 Dei,
3366 1882 3554 1926 natum
3585 1873 3656 1928 de
3682 1877 3790 1928 vir-

2216 1955 2337 2022 gine
2358 1954 2541 2020 Maria,
2571 1966 2626 2011 et
2652 1973 2774 2010 eum
2799 1959 2982 2013 dicunt
3007 1975 3151 2025 esse,
3178 1963 3265 2030 qui
3289 1963 3390 2017 sub
3412 1964 3604 2019 Pontio
3626 1966 3793 2020 Pilato

2221 2058 2408 2111 passus
2431 2055 2542 2110 est,
2575 2055 2629 2100 et
2659 2053 2975 2113 resurrexit,
3011 2050 3063 2106 in
3095 2068 3252 2121 quem
3278 2063 3332 2108 et
3360 2070 3458 2108 nos
3486 2057 3790 2112 credimus:

2218 2134 2312 2187 sed
2348 2135 2474 2189 dum
2519 2136 2709 2191 volunt
2746 2149 2800 2192 ct
2848 2139 3020 2194 Juda-i
3066 2156 3186 2196 esse
3227 2153 3283 2197 et
3328 2143 3656 2211 Christiani,
3698 2161 3793 2200 nec

2217 2224 2382 2280 Jud:ci
2411 2236 2555 2292 sunt,
2581 2244 2680 2282 nec
2705 2231 3018 2285 Christiani.
3041 2231 3149 2287 Oro
3171 2248 3300 2303 ergo
3323 2246 3395 2297 te,
3422 2247 3478 2290 ut
3498 2237 3588 2306 qui
3615 2248 3794 2292 nostro

2218 2315 2534 2370 vulnusculo
2574 2318 2895 2373 medendum
2945 2331 3138 2390 putas,
3191 2325 3333 2394 quod
3379 2340 3479 2380 acu
3525 2325 3790 2391 foratum,

2220 2404 2327 2459 imo
2357 2416 2610 2474 punctum
2633 2449 2650 2473 ,
2674 2420 2730 2462 ut
2754 2409 2985 2477 dicitur,
3013 2412 3168 2480 hujus
3207 2416 3488 2469 sententia:
3531 2416 3794 2471 medearis

2219 2494 2445 2558 vulneri,
2475 2496 2616 2564 quod
2649 2497 2854 2561 lancea,
2887 2508 2941 2552 et
2973 2510 3027 2553 ut
3061 2501 3128 2554 ita
3161 2501 3369 2564 dicam,
3404 2504 3689 2571 phalarica:
3715 2506 3794 2575 (l)

2220 2584 2362 2638 mole
2397 2599 2708 2654 percussurus
2753 2595 2855 2641 est.
2898 2587 3081 2651 Nsoos
3127 2606 3254 2644 sunt
3301 2593 3546 2660 ejusdem
3582 2604 3665 2649 est
3691 2595 3794 2648 cri-

2221 2675 2379 2729 tuinis
2409 2677 2462 2730 in
2501 2677 2876 2746 explanatione
2921 2679 3318 2749 Scripturarutn
3359 2683 3602 2740 diversas
3631 2686 3794 2754 majo-

2220 2783 2338 2820 rntn
2365 2769 2664 2824 sententias
2697 2785 2896 2838 ponere
2921 2813 2934 2834 ,
2965 2781 3019 2826 et
3046 2771 3292 2828 hmresitn
3323 2775 3791 2830 sceleratissimam

2220 2871 2430 2910 rursum
2479 2859 2530 2911 in
2579 2857 2873 2915 Ecclesium
2925 2862 3278 2917 introducere.
3325 2863 3419 2918 Sin
3462 2875 3643 2920 autem
3683 2865 3794 2920 hate

2223 2947 2376 3000 nobis
2403 2947 2662 3003 incumbit
2689 2952 2984 3005 necessitas
3011 2993 3025 3013 ,
3059 2961 3118 3006 ut
3143 2952 3358 3007 Judmos
3390 2969 3512 3009 eum
3544 2955 3794 3025 legitimis

2221 3037 2334 3092 suis
2376 3039 2727 3107 suscipiamus
2749 3083 2762 3104 ,
2795 3050 2851 3095 et
2880 3041 3061 3096 licebit
3090 3042 3169 3096 eis
3195 3043 3482 3099 observare
3521 3045 3574 3098 in
3610 3046 3793 3100 Eccle-

2223 3125 2319 3180 siis
2347 3126 2540 3181 Christi
2569 3169 2582 3190 ,
2615 3128 2757 3198 quod
2789 3141 3144 3185 exercuerunt
3167 3133 3218 3185 in
3243 3135 3526 3204 synagogis
3563 3147 3790 3189 satanm:

2222 3219 2394 3273 dicam
2423 3221 2562 3290 quod
2595 3224 2770 3278 sentio
2794 3265 2810 3290 ,
2843 3239 2948 3278 non
2980 3225 3054 3280 illi
3080 3223 3368 3280 Christiani
3397 3227 3546 3291 ﬁent,
3574 3228 3667 3283 sed
3696 3243 3790 3286 nos

2222 3307 2436 3365 Judtcos
2463 3310 2676 3366 facient.

2295 3402 2381 3455 M.
2407 3403 2536 3469 Quis
2557 3404 2700 3458 enim
2723 3404 2828 3461 hoc
2847 3405 3273 3462 Christianorum
3301 3407 3565 3476 patienter
3583 3408 3788 3473 audiat,

2222 3491 2362 3560 quod
2394 3492 2449 3546 in
2477 3503 2563 3547 tua
2589 3494 2812 3562 epistola
2841 3498 3148 3551 continetur
3170 3513 3184 3550 :
3206 3495 3422 3551 Judteus
3441 3507 3548 3550 erat
3574 3495 3790 3564 Paulus,

2223 3577 2538 3635 Christianus
2575 3592 2744 3635 autem
2773 3587 2938 3654 [actus
2963 3624 2977 3647 ,
3011 3601 3113 3638 non
3136 3583 3437 3639 Judaorum
3477 3597 3796 3639 sacramenta

2223 3670 2524 3740 reliquerat,
2567 3689 2682 3741 qute
2724 3674 3074 3727 convenienter
3108 3675 3196 3729 ille
3223 3675 3476 3745 populus,
3503 3684 3550 3730 et
3576 3675 3796 3745 legitimo

2225 3772 2465 3832 tempore,
2486 3780 2586 3832 quo
2611 3765 2894 3833 oportebat,
2917 3774 3178 3834 acceperat
3198 3779 3218 3820 :
3234 3766 3442 3833 ideoque
3461 3767 3680 3835 suscepit
3701 3763 3792 3837 [aL

2224 3854 2312 3906 sed
2353 3854 2466 3906 ideo
2509 3857 2794 3922 susceperat
2827 3853 2848 3926 ]
2877 3857 3173 3909 celebranda
3198 3872 3290 3924 ea,
3317 3872 3432 3909 cum
3469 3858 3582 3926 jam
3611 3855 3796 3912 Christi

2224 3951 2349 3996 esset
2375 3942 2684 4010 Apostolus;
2713 3955 2767 3998 ut
2807 3945 3006 3998 doceret
3039 3961 3140 4000 non
3165 3963 3273 4000 esse
3297 3947 3578 4016 perniciosa
3606 3949 3685 4002 Itis
3711 3947 3796 4016 qui

2224 4049 2283 4086 ea
2307 4032 2487 4086 vellent
2510 4034 2639 4086 sicut
2664 4051 2696 4086 a
2721 4020 3010 4104 parentibus
3035 4053 3125 4107 per
3148 4035 3330 4106 Legem
3357 4048 3682 4106 acceperant,
3711 4055 3778 4091 ets

2223 4123 2430 4177 stodire.
2461 4121 2690 4178 Rursum
2721 4124 2942 4179 obsecro
2972 4136 3024 4180 te
3043 4167 3056 4187 ,
3080 4136 3139 4180 ut
3169 4141 3300 4195 pace
3327 4135 3412 4181 tua
3445 4143 3623 4182 meum
3649 4129 3798 4183 dolo-

2225 4227 2338 4266 rem
2363 4213 2588 4267 audias:
2617 4213 2926 4270 Iudaeorum
2959 4215 3152 4270 Paulus
3175 4219 3526 4273 caeremonias
3548 4219 3798 4274 observa.

2225 4303 2313 4356 bat
2337 4343 2352 4370 ,
2385 4319 2506 4358 cum
2550 4305 2660 4372 jam
2688 4303 2884 4361 Christi
2914 4317 3056 4362 esset
3094 4309 3381 4376 Apostolus
3411 4326 3424 4362 :
3453 4317 3507 4364 et
3545 4309 3681 4364 dicis
3708 4325 3796 4364 eas

2227 4408 2332 4446 non
2361 4408 2482 4447 esse
2512 4394 2838 4462 perniciosas
2873 4395 2959 4450 his
2997 4397 3085 4464 qui
3114 4411 3208 4450 eas
3236 4398 3454 4462 vellent,
3484 4399 3624 4453 sicut
3651 4414 3681 4452 a
3709 4415 3799 4469 pa-

2226 4484 2471 4538 rentibus
2499 4495 2855 4554 acceperant,
2887 4487 3198 4541 custodire?
3228 4487 3341 4558 Ego
3365 4503 3396 4542 c
3422 4491 3692 4544 contrario
3719 4490 3797 4543 lo-

2225 4589 2359 4642 quar
2381 4613 2398 4639 ,
2430 4584 2486 4629 et
2525 4575 2850 4632 reclamante
2881 4576 3111 4642 mundo,
3145 4577 3313 4632 libera
3348 4593 3481 4635 voce
3520 4581 3798 4649 pronuntio

2228 4662 2319 4735 [aL
2353 4665 2693 4738 pronuntiem]
2725 4670 3113 4723 :cazrcmonias
3151 4668 3463 4726 Judmorum
3484 4713 3499 4736 ,
3532 4681 3587 4726 et
3625 4673 3798 4743 perni-

2225 4759 2399 4811 ciosas
2427 4774 2548 4812 esse
2590 4769 2645 4813 et
2675 4760 2974 4814 mortiferas
2999 4760 3319 4814 Christianis
3345 4778 3360 4827 ;
3400 4770 3455 4816 et
3482 4762 3800 4832 quicumque

2226 4867 2317 4906 eas
2339 4851 2701 4907 observaverit
2725 4894 2742 4921 ,
2771 4853 2885 4908 sive
2913 4869 2980 4907 ex
3007 4851 3204 4908 Judmis
3229 4895 3244 4919 ,
3271 4854 3385 4908 sive
3414 4870 3480 4908 ex
3509 4855 3761 4924 gentibus
3779 4895 3793 4919 ,

2289 5034 2360 5095 (c)
2393 5033 2548 5082 Antea
2575 5040 2681 5082 erat
2703 5032 2982 5095 minearum.
3005 5032 3127 5081 Sunt
3149 5039 3312 5082 autem
3333 5030 3508 5095 minari,
3533 5031 3661 5094 quod
3681 5044 3798 5092 pra»

2222 5102 2317 5144 stat
2343 5093 2676 5150 admonuisse,
2706 5107 2767 5141 ex
2803 5093 3042 5142 Hebraico
3055 5099 3228 5151 Dim,
3255 5094 3382 5154 quod
3418 5093 3548 5140 idem
3570 5101 3708 5140 sonat
3731 5100 3799 5139 at-

2258 5179 2322 5214 ue
2365 5177 2580 5226 αιριτυιοῖος.
2626 5162 2900 5226 Itteretitjos,
2946 5163 3347 5226 quemadmodum
3394 5175 3562 5209 eorum
3607 5174 3799 5222 quoque

2258 5179 2322 5214 ue
2365 5178 2580 5226 glauci“.
2626 5178 2900 5222 πίει-διτταί,
2946 5178 3347 5224 quemaumouum
3394 5178 3562 5209 eorum
3607 5178 3796 5222 quoque

2220 5178 2484 5275 goctriuam
2505 5230 2663 5278 mm:
2698 5223 2824 5285 quod
2853 5232 2928 5272 est
2949 5237 3100 5284 αἶθισιν,
3121 5221 3343 5272 Itwresitn
3365 5236 3583 5284 κατίςυιην
3603 5233 3796 5270 veteres

2221 5295 2545 5356 appellabant.
2567 5293 2702 5356 Quod
2725 5305 2842 5340 vero
2863 5291 2973 5356 beic
2993 5292 3193 5356 Hieron.
3218 5296 3367 5356 notat,
3395 5304 3456 5338 ex
3478 5290 3794 5338 Hebr-morum

2221 5351 2546 5404 monumentis
2585 5353 2905 5414 confirmatur,
2934 5354 2979 5401 in
3004 5353 3181 5414 quibus
3218 5351 3456 5414 proditum
3493 5359 3588 5406 est,
3615 5359 3795 5414 ιβιιιιο·

2219 5419 2354 5465 ribus
2379 5413 2654 5465 Gamalielis
2677 5409 2897 5461 senioris
2917 5409 3038 5460 adeo
3062 5409 3321 5460 invaluisse
3345 5417 3559 5467 arma,
3587 5409 3795 5471 Minutas,

2219 5495 2274 5535 ut
2297 5499 2503 5534 necesse
2525 5484 2786 5532 habuerint
2823 5483 3113 5543 peculiarem
3140 5481 3187 5529 in
3221 5481 3328 5543 illos
3368 5481 3673 5543 imprecandi
3702 5479 3796 5527 for-

2218 5547 2394 5596 mulam
2417 5546 2716 5606 excogitare.
2744 5543 2806 5606 Hi
2825 5541 2947 5591 vero
2969 5541 3793 5606 Christianosfacilerespiciebant,

2217 5621 2340 5669 quos
2363 5604 2731 5670 0733D,'Minim
2751 5605 2799 5652 in
2837 5606 2939 5652 suis
2962 5605 3328 5655 Commentariis
3350 5617 3509 5666 usque
3539 5604 3686 5654 hodie
3710 5617 3791 5653 vo-

2215 5685 2345 5728 cant.

2274 5759 2349 5822 (l)
2385 5755 2490 5807 'l‘eli
2515 5755 2812 5820 prwgrandis
2834 5767 3007 5818 genus.
