4088 6336
566 289 675 348 937

565 494 733 557 vitas,
779 492 833 546 in
875 490 1018 546 aliud
1058 489 1384 545 devolveris.
1426 489 1560 544 Dum
1602 490 1747 544 enim
1786 488 1979 543 metuis
2006 488 2139 543 Por-

567 581 817 653 phyrium
839 579 1318 647 hlaspbemantcm,
1339 579 1394 634 in
1416 580 1634 634 Ebionis
1656 578 1879 633 incurris
1896 578 2136 647 laqueos,

564 671 652 727 his
675 671 765 741 qui
789 669 1014 726 credunt
1036 684 1105 723 ex
1130 668 1349 734 Iudaeis,
1377 667 1763 724 observandam
1792 666 1987 736 Legem
2014 680 2140 720 esse

565 762 882 819 decernens.
918 761 987 816 Et
1026 762 1150 830 quia
1188 760 1297 832 [ιιι.
1327 757 1844 831 qui]-periculosum
1889 756 2140 825 intelligis

564 866 687 908 esse
712 850 853 920 quod
880 850 1012 905 dicis
1031 890 1048 915 ,
1090 863 1301 903 rursum
1337 847 1465 902 illud
1493 845 1777 915 superﬂuis
1801 844 1978 899 verbis
2006 853 2141 898 tem-

566 956 758 1012 perare
782 940 1014 1005 conaris,
1048 940 1164 993 sine
1191 938 1297 992 ulla
1328 937 1518 992 salutis
1542 935 1859 990 necessitate
1885 952 1901 990 :
1933 933 2012 1003 (a)
2038 950 2139 989 non

561 1033 692 1086 sicut
715 1031 888 1086 Judaei
918 1029 1220 1085 celebranda
1249 1036 1448 1096 putant,
1479 1035 1567 1079 aut
1593 1024 1771 1097 fallaci
1793 1024 2136 1092 simulatione,

561 1121 701 1190 quod
726 1119 926 1174 Paulus
953 1120 1007 1173 in
1033 1119 1189 1174 Petro
1207 1116 1615 1187 reprehenderat.

639 1211 728 1266 i7.
755 1209 947 1264 Fallax
964 1208 1239 1264 simulatio.
1261 1236 1334 1248 —-
1355 1208 1544 1262 Petrus
1568 1207 1726 1277 igitur
1752 1204 2019 1260 simulavit
2037 1203 2141 1260 Le-

560 1301 646 1372 gis
660 1300 977 1355 custodiam.
998 1299 1105 1353 iste
1122 1307 1303 1352 autem
1324 1297 1683 1367 reprehensor
1700 1296 1863 1359 Petri,
1885 1296 2141 1351 audacter

563 1394 866 1448 observavit
903 1390 1159 1461 legitima.
1202 1387 1453 1459 Sequitur
1480 1389 1623 1443 enim
1659 1387 1714 1441 in
1751 1387 1974 1456 epistola
2003 1395 2091 1441 tua
2120 1404 2136 1440 :

573 1501 592 1535 ι
621 1482 753 1538 Nam
794 1482 838 1536 si
866 1491 1147 1551 propterea
1187 1480 1276 1534 illa
1304 1488 1638 1535 sacramenta
1665 1479 1986 1543 celebravit,
2016 1478 2137 1547 quia

563 1588 625 1628 se
652 1572 920 1627 simulavit
960 1569 1237 1634 Judaeum,
1272 1577 1330 1623 ut
1355 1569 1473 1624 illos
1501 1568 1873 1634 lucrifacerct;
1901 1582 2000 1623 cur
2031 1584 2139 1623 non

562 1667 725 1720 etiam
751 1663 1074 1718 sacrificavit
1102 1678 1222 1716 cum
1247 1660 1496 1730 gentibus
1514 1700 1531 1727 ,
1561 1661 1685 1729 quia
1710 1670 1767 1715 et
1795 1660 1878 1713 his
1904 1660 1995 1730 qui
2024 1659 2140 1714 sine

562 1742 914 1824 Lege‘erant,
962 1762 1214 1823 tanquam
1246 1752 1362 1807 sine
1404 1750 1547 1820 Lege
1572 1749 1746 1805 lactus
1785 1759 1903 1815 εει,
1944 1757 2003 1804 ut
2045 1764 2140 1803 eos

560 1861 772 1916 quoque
792 1845 1128 1899 lucrifaceret
1156 1842 1234 1915 (ι.
1267 1840 1385 1896 Cor.
1414 1841 1468 1896 9.
1496 1840 1626 1911 2i)?
1656 1841 1756 1895 nisi
1785 1842 1908 1910 quia
1931 1850 1986 1895 et
2009 1839 2141 1896 illud

562 1935 689 1991 fecit
709 1974 726 1996 ,
755 1944 813 1988 ut
849 1943 1037 1988 natura
1063 1932 1315 1997 Judaeus;
1342 1940 1396 1986 et
1424 1931 1525 1986 hoc
1555 1940 1724 1985 totum
1750 1930 1917 1997 dixit,
1948 1946 2053 1984 non
2083 1938 2142 1985 ut

561 2026 759 2081 Paulus
788 2041 846 2080 se
869 2026 1092 2095 lingeret
1116 2039 1236 2079 esse
1255 2023 1396 2094 quod
1426 2040 1530 2077 non
1559 2032 1695 2087 erat,
1724 2022 1819 2078 sed
1850 2032 1908 2076 ut
1929 2024 2139 2078 miser.-

561 2117 797 2173 corditcr
824 2117 895 2169 ita
923 2113 1345 2169 subveniendum
1372 2128 1494 2167 esse
1518 2114 1763 2178 sentiret,
1789 2127 1851 2166 ac
1876 2116 1919 2166 si
1950 2113 2063 2181 ipse
2088 2113 2138 2166 in

561 2225 628 2263 eo
654 2223 839 2264 errore
867 2208 1168 2267 laboraret;
1200 2220 1304 2260 non
1333 2204 1539 2260 scilicet
1560 2205 1864 2259 mentientis
1883 2215 2022 2269 astu,
2046 2204 2140 2259 sed

562 2298 940 2368 compalientis
966 2296 1182 2351 allecltt.
1215 2314 1235 2348 ι
1271 2295 1413 2350 Bene
1441 2293 1688 2349 defendis
1728 2295 1970 2360 Paulum,
1999 2294 2140 2364 quod

564 2404 672 2443 non
698 2387 1024 2442 simulaverit
1044 2401 1282 2442 errorem
1303 2385 1643 2449 Judmorum;
1669 2384 1764 2439 sed
1801 2386 1960 2456 751
2016 2399 2142 2440 vere

563 2478 724 2532 luerit
749 2479 800 2531 in
825 2491 1027 2532 errore.
1061 2475 1243 2545 Neque
1271 2475 1465 2529 imitari
1494 2474 1712 2528 Petrum
1739 2475 1966 2530 voluerit
1995 2490 2145 2529 men-

564 2568 808 2631 tientem,
839 2567 911 2638 (b)
946 2576 1001 2620 ut
1027 2565 1170 2635 quod
1196 2575 1309 2619 erat
1330 2606 1346 2631 ,
1388 2573 1531 2619 metu
1557 2564 1864 2619 Judmorum
1892 2563 2145 2619 dissimu-

566 2656 701 2710 laret
737 2674 751 2709 :
794 2656 886 2709 sed
928 2666 1036 2709 tota
1084 2655 1329 2710 libertate
1370 2653 1613 2709 ludzeum
1656 2668 1775 2707 esse
1813 2670 1873 2708 se
1918 2653 2141 2711 diceret.

563 2748 712 2802 Nova
755 2748 1038 2802 eletnentia
1080 2746 1351 2816 Apostoli;
1396 2745 1521 2798 dum
1566 2744 1781 2799 Judzcos
1808 2744 2144 2801 Christianos

563 2837 679 2891 vult
707 2837 900 2901 facere,
931 2836 1045 2902 ipse
1066 2835 1281 2889 Judaeus
1305 2835 1475 2889 factus
1497 2844 1598 2888 est.
1628 2833 1745 2888 Non
1768 2835 1908 2888 enim
1939 2843 2146 2903 poterat

563 2928 868 2982 luxuriosos
894 2926 959 2980 ad
994 2926 1342 2995 frugalitatem
1374 2924 1658 2989 reducere,
1691 2922 1792 2976 Itlel
1818 2938 1876 2978 se
1904 2923 2145 2977 luxurio-

563 3034 680 3074 sum
714 3017 1023 3088 probasset,
1054 3024 1108 3070 et
1140 3014 1574 3078 misericorditer,
1606 3023 1662 3067 ut
1687 3013 1803 3082 ipse
1834 3013 1988 3079 dicis,
2020 3014 2146 3067 sub-

568 3110 753 3165 venire
781 3109 1021 3174 miseris,
1065 3108 1165 3162 nisi
1206 3122 1266 3162 se
1310 3108 1561 3160 miserum
1591 3107 1704 3175 ipse
1731 3106 1974 3161 sentiret.
2007 3104 2147 3161 Vere

569 3200 712 3254 enim
744 3198 935 3252 miselli
981 3205 1038 3250 et
1078 3196 1497 3249 misericorditer
1523 3195 1871 3264 deplorandi,
1903 3197 1987 3264 qui
2019 3210 2146 3249 con-

568 3288 810 3342 tentione
837 3301 930 3339 sua
951 3293 1006 3339 et
1028 3299 1211 3338 amore
1234 3286 1365 3352 legis
1385 3284 1595 3338 abolita:
1616 3285 1928 3352 Apostulnnt
1951 3282 2146 3340 Christi

569 3375 744 3434 fecere
769 3376 1030 3432 Judmum.
1063 3374 1170 3429 Nec
1197 3376 1421 3428 multum
1466 3374 1686 3428 interest
1716 3376 1853 3429 inter
1892 3390 2064 3431 meam
2092 3385 2148 3435 et

573 3478 719 3522 tuam
747 3467 1084 3531 sententiam,
1115 3479 1217 3534 qua
1244 3479 1344 3534 ego
1365 3465 1505 3528 dico,
1536 3476 1589 3520 et
1615 3465 1826 3520 Petrum
1852 3478 1904 3521 et
1925 3466 2145 3522 Paulum

572 3558 765 3613 timore
794 3555 1025 3610 ﬁdelium
1052 3555 1375 3620 Judmorum,
1406 3554 1564 3624 Legis
1587 3557 1911 3624 exercuisse,
1944 3559 2049 3612 imo
2074 3559 2149 3613 si-

573 3648 809 3703 mulasse
847 3647 1094 3701 mandata
1128 3666 1141 3702 :
1177 3656 1232 3701 tn
1259 3657 1436 3702 autem
1466 3647 1662 3701 asseris
1707 3646 1807 3702 hoc
1836 3663 1929 3703 eos
1957 3649 2148 3705 fecisse

566 3741 896 3803 clementer;
929 3753 1033 3792 non
1085 3738 1392 3795 mentientis
1441 3749 1593 3802 astu,
1637 3738 1731 3792 sed
1775 3739 2146 3808 compatientis

567 3832 784 3897 affectu,
814 3829 1104 3885 dummodo
1133 3830 1262 3885 illud
1292 3838 1530 3898 constet,
1559 3830 1642 3885 vel
1667 3842 1843 3896 metu,
1869 3832 1952 3886 vel
1989 3833 2147 3887 mise-

570 3922 800 3977 ricordia
831 3936 927 3976 eos
953 3921 1235 3976 simulasse
1264 3937 1323 3975 se
1350 3936 1470 3976 esse
1508 3921 1649 3991 quod
1677 3938 1782 3978 non
1811 3931 1983 3979 erant.
2012 3923 2146 3977 illud

569 4026 748 4072 autem
778 4025 1148 4086 argumentum
1179 4030 1283 4084 quo
1328 4013 1609 4068 adversum
1640 4030 1737 4069 nos
1765 4015 1928 4071 uteris
1948 4055 1965 4081 ,
2004 4015 2147 4086 quod

571 4119 627 4162 et
653 4108 942 4178 gentilibus
966 4107 1209 4163 debuerit
1234 4107 1447 4176 gentilis
1470 4106 1606 4173 ﬁeri,
1640 4108 1684 4160 si
1710 4105 1909 4161 Judaeis
1931 4106 2147 4162 Judants

571 4197 747 4254 factus
766 4206 866 4259 est,
900 4198 1067 4267 magis
1096 4212 1195 4268 pro
1221 4197 1373 4252 nobis
1399 4196 1541 4251 facit.
1575 4196 1725 4252 Sicut
1749 4197 1891 4253 enim
1921 4198 2148 4253 nonfuit

570 4303 702 4343 vere
724 4287 940 4343 iudieiis
961 4323 976 4353 ς
1006 4288 1085 4342 sic
1109 4303 1205 4341 nec
1233 4302 1358 4341 vere
1382 4287 1594 4357 gentilis
1618 4296 1751 4342 erat.
1782 4288 1846 4342 Et
1873 4289 2010 4344 sicut
2042 4304 2146 4344 non

573 4381 673 4436 fuit
714 4394 839 4436 vere
880 4379 1094 4450 gentilis
1116 4419 1129 4442 ,
1164 4378 1241 4432 sic
1286 4392 1384 4432 nec
1416 4392 1542 4432 vere
1579 4376 1795 4433 Judmus
1822 4389 1956 4433 erat.
1996 4376 2053 4433 lu
2081 4395 2148 4435 eo

572 4481 750 4528 autem
792 4471 1026 4526 imitator
1049 4471 1287 4541 gentium
1317 4477 1429 4536 est,
1459 4468 1581 4539 quia
1615 4467 1931 4539 praeputium
1960 4471 2148 4539 recipit

566 4565 624 4619 in
657 4563 763 4619 ﬁde
800 4563 1037 4618 Christi:
1069 4572 1122 4616 et
1159 4560 1525 4617 indiil‘erenter
1562 4561 1819 4631 permittit
1844 4561 1987 4617 vesci
2014 4562 2147 4617 cibis

570 4671 706 4724 quos
730 4655 984 4709 damnant
1008 4653 1198 4719 δυίιωί,
1232 4669 1334 4709 non
1356 4654 1588 4720 cultum,
1621 4662 1679 4708 ut
1702 4662 1756 4708 tu
1780 4661 1953 4725 putas,
1981 4654 2149 4709 idolo-

573 4760 716 4801 rum.
742 4743 808 4797 In
830 4742 1030 4798 Christo
1050 4745 1181 4798 enim
1206 4743 1237 4797 J
1245 4761 1352 4810 esu,
1381 4760 1470 4798 nec
1495 4744 1811 4800 circumcisio
1839 4754 1912 4801 est
1931 4746 2145 4816 aliquid,

572 4850 663 4887 nec
689 4835 989 4903 praeputium
1009 4875 1023 4894 .
1064 4835 1151 4889 sed
1177 4835 1453 4889 observatio
1495 4836 1851 4890 numdatorum
1880 4834 1974 4891 Dei
2001 4835 2145 4892 (Cal.

572 4924 628 4978 5.
663 4924 716 4977 6.
744 4933 787 4975 et
812 4939 927 4991 cap.
957 4923 1008 4976 6.
1045 4922 1152 4995 15).

647 5015 734 5072 18.
767 5013 957 5079 Quaeso
987 5013 1143 5083 igitur
1169 5024 1239 5080 te,
1267 5025 1323 5070 et
1351 5016 1544 5071 iterum
1568 5026 1728 5086 atque
1767 5017 1957 5073 iterum
1986 5020 2146 5074 obse-

562 5114 664 5162 'cru
694 5104 787 5177 [aL
814 5102 1097 5177 deprecor],
1125 5116 1180 5161 ut
1206 5108 1449 5178 ignoscas
1474 5107 1940 5177 disputatiuncula:
1970 5127 2104 5166 mea:
2128 5128 2143 5166 :

634 5262 706 5325 (α)
737 5257 1060 5325 Benedictini,
1086 5262 1172 5325 qui
1195 5274 1321 5325 eum
1334 5262 1544 5323 negandi
1582 5261 1814 5325 particula
1836 5265 1966 5315 hunc
1986 5262 2146 5316 locum

552 5323 630 5390 in
644 5320 900 5383 Augustini
927 5320 1130 5390 epistola
1152 5321 1342 5372 LXVII.
1379 5320 1509 5372 nutu.
1534 5320 1595 5373 7.’
1626 5324 1867 5390 legerant,
1891 5326 2002 5376 heic
2023 5329 2146 5390 apud

552 5381 926 5458 Hieronymum
961 5381 1182 5458 eamdem
1204 5392 1524 5458 exliungunt,
1549 5381 1904 5458 quod'quidetn
1928 5401 2037 5437 cum
2053 5381 2147 5458 'ali-_

606 5456 668 5510 _uo
691 5448 794 5492 veri
816 5456 1010 5510 sen_s_us,
1034 5452 1118 5493 aut
1156 5445 1511 5510 perspicuitatis
1531 5445 1784 5508 dispendio
1822 5456 1932 5510 est;
1956 5452 2147 5499 tametsi

619 5518 671 5568 s.
685 5518 880 5568 qu_oque
890 5504 1185 5568 _Yeronens'.
1202 5504 1516 5568 suli‘ragetur.

633 5564 717 5626 (by
740 5564 848 5614 Duo
889 5565 1107 5632 Vaticani
1144 5567 1257 5632 mss.
1284 5564 1408 5632 apud
1428 5568 1791 5632 Benedictines,
1816 5574 1868 5617 ut
1909 5570 2150 5632 quodnon

566 5632 689 5680 erat.
714 5633 842 5675 metu
879 5627 977 5678 Jud

730 5633 842 5694 metu
879 5629 1159 5679 Judteorum
1173 5629 1437 5681 simularet.
1463 5629 1732 5690 Veronen.,
1755 5629 1933 5681 metum'
1953 5631 2148 5685 Judazo-

567 5697 678 5734 rum
697 5687 962 5738 simularet.

978 5640 1159 5679 (eorum
1173 5630 1297 5681 simu

1854 283 2093 344 SANCTI
2132 282 2512 342 lliERONYMl

567 402 770 474 populo
794 399 1151 458 crediderunt.
1176 399 1233 455 in
1254 399 1374 465 hoc,
1403 399 1457 454 ni
1483 396 1657 465 fallor,
1679 399 1821 465 loco,
1841 398 1969 454 dum
1988 396 2135 452 aliud
2176 422 2183 429 κ

2243 404 2298 452 et
2327 396 2470 466 quod
2511 396 2728 452 modum
2756 412 2934 454 meum
2962 414 3209 470 egressus
3234 418 3354 459 sum
3375 444 3391 471 ,
3420 405 3516 461 tibi
3557 406 3819 476 imputes,

2243 484 2337 555 qui
2364 486 2585 555 coegisti
2610 495 2671 541 ut
2698 488 3048 545 rescriberem
3086 487 3197 563 [aL
3225 492 3527 566 scribam]
3546 534 3563 562 ,
3607 507 3664 551 et
3689 500 3822 556 mihi

2243 588 2365 629 cum
2408 574 2719 633 Stesichoro
2758 579 2944 635 oculos
2988 580 3271 637 abstulisti.
3308 582 3492 657 [Seque
3536 601 3624 640 me
3670 599 3823 655 putes

2246 668 2555 736 magistrum
2587 683 2708 725 esse
2747 670 3042 737 mendacii,
3082 673 3172 742 qui
3215 689 3412 743 sequor
3438 675 3712 732 Christum
3740 679 3823 733 di-

2243 766 2452 811 centem
2484 775 2499 811 :
2536 756 2649 828 Ego
2673 775 2786 813 sunt
2813 761 2929 843 via,
2957 762 3176 828 veritas,
3204 772 3250 817 et
3276 766 3379 819 vita
3402 764 3583 838 (Joan.
3616 768 3701 822 14.
3729 768 3819 840 ϐ);

2246 861 2346 901 nec
2377 858 2553 917 potest
2583 850 2694 903 lieri
2714 891 2730 915 ,
2781 860 2838 905 ut
2866 853 3102 908 veritatis
3128 854 3337 922 cultor,
3378 856 3660 915 mendacio
3685 861 3822 917 colla

2243 937 2571 993 submittam.
2599 939 2783 1009 Neque
2802 942 2933 996 mihi
2951 943 3317 1012 imperitorum
3342 945 3675 1014 plebeculam
3695 963 3823 1005 con-

2243 1027 2396 1093 cites,
2423 1028 2513 1096 qui
2539 1039 2590 1083 te
2613 1039 2938 1086 venerantur
2964 1041 3021 1086 ut
3048 1032 3388 1103 Episcopum,
3420 1044 3476 1090 et
3505 1035 3558 1090 in
3581 1036 3820 1092 Ecclesia

2242 1113 2663 1180 declamantem,
2688 1117 2981 1174 Sacerdotii
3008 1119 3213 1175 honore
3239 1123 3576 1191 suspiciunt:
3608 1140 3696 1181 nte
3720 1142 3819 1180 au-

2245 1210 2352 1258 tem
2376 1206 2548 1260 aetatis
2574 1206 2773 1261 ultima:
2795 1217 2852 1262 et
2878 1223 3015 1278 pene
3040 1209 3391 1280 decrepitum,
3414 1227 3480 1267 ac
3503 1211 3820 1271 Monasterii

2242 1303 2296 1349 et
2339 1296 2481 1351 ruris
2511 1307 2717 1353 secreta
2756 1307 3046 1354 sectantem
3074 1302 3481 1372 parvipendunt.
3526 1305 3593 1359 Et
3616 1323 3820 1374 qmeras

2246 1382 2338 1438 tibi
2367 1400 2504 1454 quos
2531 1386 2748 1452 doceas,
2777 1388 2892 1444 sive
2917 1391 3303 1458 reprehendas.
3333 1393 3416 1448 Ad
3490 1396 3652 1468 752
3723 1414 3819 1453 nos

2243 1474 2387 1528 enim
2414 1476 2575 1531 tantis
2602 1480 2767 1533 maris
2794 1489 2954 1549 atque
2982 1488 3245 1535 terrarum
3273 1483 3461 1551 spatiis
3484 1499 3515 1537 a
3542 1496 3596 1540 te
3622 1485 3819 1541 divisos

2244 1564 2328 1617 vix
2360 1566 2506 1620 vocis
2545 1574 2651 1622 tua:
2684 1582 2850 1624 sonus
2880 1570 3142 1637 pervenit.
3187 1571 3252 1625 Et
3288 1572 3334 1626 si
3363 1570 3589 1627 forsitan
3620 1574 3819 1630 litteras

2243 1654 2523 1723 scripseris
2542 1696 2557 1720 ,
2586 1668 2712 1711 ante
2738 1672 2832 1712 eas
2856 1658 3002 1713 Italia
3039 1674 3105 1712 ac
3130 1658 3299 1713 Roma
3321 1662 3637 1731 suseipient,
3661 1678 3817 1732 quam

2243 1741 2310 1796 ad
2335 1758 2418 1797 me
2443 1746 2526 1798 cui
2557 1745 2831 1801 mittenda:
2858 1755 3003 1810 sunt,
3035 1746 3360 1803 deferantur.

2294 1834 2402 1890 .l9.
2436 1836 2587 1903 Quod
2607 1848 2783 1893 autem
2806 1838 2860 1892 in
2883 1838 3005 1893 aliis
3031 1840 3228 1908 quaeris
3249 1840 3531 1911 epistolis:
3561 1857 3656 1896 cur
3680 1843 3821 1914 prior

2244 1941 2363 1982 mea
2390 1927 2443 1981 in
2464 1929 2617 1984 libris
2632 1929 2704 1985 Ca
2712 1928 2919 1986 noiticis
2938 1933 3304 2003 interpretatio
3318 1934 3608 1989 asteriseos
3633 1935 3696 1989 ha
3704 1936 3821 1990 beat

2242 2025 2298 2072 et
2321 2019 2551 2089 virgulas
2582 2031 2937 2089 praenutatas;
2984 2032 3040 2077 et
3084 2035 3272 2093 postea
3315 2026 3478 2080 aliam
3521 2026 3821 2081 translatio-

2245 2122 2368 2161 nem
2398 2108 2598 2178 ahsque
2638 2110 2720 2165 his
2745 2111 2911 2180 signis
2937 2112 3193 2167 ediderim
3222 2130 3234 2166 :
3265 2128 3396 2183 pace
3435 2124 3520 2169 tua
3563 2114 3818 2181 dixerim,

2246 2196 2447 2251 videris
2475 2198 2603 2251 tnihi
2633 2214 2741 2253 non
2766 2200 3084 2270 intelligere,
3112 2201 3252 2271 quod
3273 2203 3535 2275 qumsisti.
3567 2202 3659 2257 Illa
3681 2205 3819 2257 enim

2246 2286 2616 2356 interpretatio
2658 2289 3004 2361 Septuaginta
3042 2290 3397 2360 interpretum
3444 2302 3569 2348 est:
3614 2304 3671 2349 et
3713 2295 3823 2348 ubi-

2245 2392 2474 2446 cumque
2497 2379 2713 2447 virgulae
2733 2421 2749 2447 ,
2781 2381 2831 2435 id
2861 2391 2944 2436 est
2977 2382 3118 2438 obeli
3148 2391 3300 2449 sunt,
3331 2383 3661 2454 signiﬁcatur
3687 2385 3821 2454 quod

2244 2466 2590 2539 Septuaginta
2623 2470 2738 2538 plus
2762 2471 3014 2535 dixerint,
3042 2488 3198 2542 quam
3240 2472 3468 2529 habetur
3498 2475 3549 2529 in
3578 2474 3819 2529 llebrzeo.

2248 2557 2349 2614 Ubi
2372 2569 2549 2615 autem
2579 2562 2818 2617 asterisci
2836 2604 2853 2630 ,
2882 2563 2933 2617 id
2961 2571 3045 2618 est
3064 2606 3079 2629 ,
3107 2565 3330 2620 stellu|.e
3361 2566 3731 2634 prmlucentes.
3760 2582 3820 2620 ex

2247 2648 2634 2706 Theodotionis
2661 2653 2895 2709 editione
2914 2654 2980 2709 ab
3000 2654 3227 2725 Origene
3248 2655 3484 2709 additum
3509 2667 3592 2711 est
3622 2674 3635 2709 :
3668 2656 3734 2711 Et
3754 2657 3823 2709 ibi

2247 2736 2431 2794 Graaca
2465 2743 2833 2797 transtulimus
2865 2761 2879 2801 :
2911 2744 2996 2799 hic
3024 2745 3091 2800 de
3118 2746 3230 2815 ipso
3263 2744 3544 2808 llebraico,
3578 2746 3719 2817 quod
3749 2747 3824 2800 in-

2250 2828 2651 2902 telligehantus,
2693 2835 3098 2903 expressimus:
3131 2851 3382 2889 sensuum
3426 2838 3604 2904 potius
3635 2838 3821 2891 verita-

2250 2928 2393 2986 tem,
2435 2937 2593 2990 quam
2620 2923 2906 2978 verborum
2947 2925 3186 2980 ordinem
3218 2924 3481 2980 interdum
3507 2942 3824 2981 conservan-

2250 3022 2350 3065 tes.
2382 3011 2448 3065 Et
2486 3015 2649 3069 miror
2675 3016 2944 3084 quomodo
2981 3016 3323 3087 Septuaginta
3371 3018 3724 3088 interpretum
3763 3019 3825 3074 lio

2248 3102 2377 3158 hros
2404 3104 2583 3175 legas,
2629 3123 2736 3161 non
2776 3122 2937 3176 puros
2976 3120 3033 3163 ut
3070 3110 3138 3165 ab
3166 3110 3245 3164 eis
3282 3108 3411 3164 editi
3453 3119 3613 3177 sunt,
3642 3109 3733 3164 sed
3758 3111 3825 3164 ab

2249 3192 2482 3262 Origene
2509 3198 2849 3263 emendatos,
2896 3199 3010 3253 sive
3045 3197 3116 3269 (b)
3141 3209 3419 3269 corruptos
3447 3216 3543 3269 per
3564 3200 3749 3254 ohelos
3771 3209 3826 3254 et

2250 3284 2568 3350 asteriseos;
2596 3295 2648 3340 et
2675 3286 2959 3342 Christiani
2991 3288 3219 3343 hominis
3247 3289 3825 3358 interpretatiunculam

2250 3389 2357 3428 non
2383 3375 2657 3444 sequaris,
2690 3378 2987 3448 przcsertim
3026 3393 3147 3432 cum
3183 3393 3245 3433 ea
3272 3394 3389 3448 qux
3432 3377 3614 3433 addita
3661 3388 3817 3446 sunt,

2250 3480 2317 3519 ex
2348 3465 2579 3520 hominis
2615 3467 2783 3523 Judaei
2826 3480 2986 3539 atque
3031 3470 3321 3541 blasphemi
3370 3480 3489 3541 post
3530 3472 3821 3541 passionem

2251 3555 2480 3622 Christi,
2513 3556 2749 3614 editione
2788 3560 3137 3614 transtulerit.
3168 3560 3257 3614 Vis
3296 3569 3504 3615 amator
3527 3576 3647 3616 esse
3673 3577 3826 3616 verus

2249 3645 2589 3717 Septuaginta
2616 3646 3009 3719 lutei-prelum?
3039 3651 3151 3705 Non
3177 3653 3319 3719 legas
3344 3668 3406 3706 ea
3428 3668 3548 3722 qua:
3567 3653 3667 3706 sub
3692 3663 3826 3708 aste-

2253 3736 2406 3789 riseis
2431 3746 2551 3791 sunt
2573 3777 2590 3803 ,
2625 3738 2730 3792 imo
2758 3738 2885 3794 rade
2914 3740 2981 3794 de
3008 3740 3366 3794 voluminibus
3385 3781 3400 3805 ,
3431 3754 3489 3794 ut
3516 3751 3751 3796 veterum
3778 3753 3825 3796 te

2252 3823 2515 3879 fautorem
2542 3827 2755 3895 probes.
2778 3828 2930 3897 Quod
2958 3829 3001 3882 si
3024 3829 3235 3893 feceris,
3260 3846 3447 3885 omnes
3471 3830 3822 3886 Ecciesiarum

2252 3914 2609 3972 BibliotheCas
2633 3916 2891 3973 damnare
2918 3923 3145 3989 cogeris.
3180 3921 3278 3976 Vix
3307 3923 3448 3976 enim
3477 3939 3614 3978 unus
3642 3935 3733 3979 aut
3754 3925 3825 3977 ai-

2253 4013 2333 4060 ter
2360 4006 2661 4062 invenietur
2688 4008 2847 4070 iiber,
2877 4011 2967 4079 qui
2999 4012 3096 4065 ista
3128 4027 3230 4065 non
3260 4011 3472 4066 habeat.

2322 4097 2411 4152 9.0.
2445 4098 2613 4153 Porro
2638 4099 2781 4171 quod
2810 4100 2945 4156 dicis
2974 4119 3080 4156 non
3107 4101 3355 4158 debuisse
3384 4120 3469 4159 me
3492 4104 3822 4176 interpretari

2253 4199 2372 4260 post
2399 4202 2637 4257 veteres,
2665 4202 2719 4247 et
2746 4208 2884 4247 novo
2914 4194 3080 4249 uteris
3109 4194 3416 4265 syllogismo
3446 4213 3460 4249 :
3489 4206 3581 4252 aut
3603 4198 3822 4252 obscura
3908 4213 3913 4216 '

2252 4280 2467 4335 fuerunt
2487 4298 2605 4352 qua!
2629 4284 2959 4351 interpretati
2988 4292 3112 4338 sunt
3135 4284 3476 4355 Septuaginta
3496 4328 3512 4349 ,
3542 4298 3636 4342 aut
3662 4287 3823 4341 mani-

2254 4373 2407 4427 festa.
2437 4374 2490 4429 Si
2514 4374 2762 4439 obscura,
2791 4386 2841 4429 te
2869 4391 3081 4446 quoque
3107 4376 3161 4431 in
3192 4375 3295 4430 illis
3322 4374 3430 4431 l'alli
3458 4378 3692 4446 potuisse
3715 4393 3821 4433 cre-

2252 4464 2483 4520 dendum
2511 4476 2615 4521 est.
2645 4466 2700 4521 Si
2743 4468 3020 4523 manifesta
3044 4510 3059 4533 ,
3093 4468 3211 4523 illos
3253 4468 3305 4523 in
3343 4469 3421 4524 eis
3449 4468 3559 4524 falli
3599 4486 3703 4525 non
3730 4485 3819 4539 po-

2255 4557 2440 4621 tuisse,
2474 4557 2812 4626 perspicuum
2824 4542 2946 4613 ‘est.
2975 4559 3089 4614 Tuo
3114 4559 3204 4615 tibi
3236 4575 3486 4616 sermone
3509 4544 3817 4632 respondeo.

2253 4649 2449 4705 Omnes
2475 4659 2684 4705 veteres
2706 4659 3021 4707 tractaturos
3045 4651 3253 4723 quinos
3279 4652 3330 4706 in
3360 4653 3585 4708 Domino
3605 4667 3820 4723 praeces-

2252 4750 2471 4806 serunt,
2502 4751 2555 4797 et
2597 4743 2685 4813 qui
2726 4742 3029 4811 Seripturas
3065 4754 3277 4799 sanctas
3308 4745 3642 4815 interpretati
3671 4756 3818 4806 sunt,

2251 4844 2341 4887 aut
2390 4833 2616 4887 obscura
2668 4834 3001 4903 interpretati
3061 4841 3220 4902 sunt,
3273 4845 3363 4888 aut
3414 4836 3716 4890 manifesta.
3768 4834 3820 4890 Si

2252 4926 2513 4991 obscura,
2542 4925 2810 4996 quomodo
2850 4934 2906 4978 tu
2948 4940 3109 4979 ausus
3149 4942 3207 4980 es
3238 4936 3356 4996 post
3399 4941 3491 4981 cos
3531 4926 3818 4994 disserere,

2252 5016 2390 5087 quod
2420 5015 2493 5069 illi
2532 5014 2822 5083 explanare
2892 5014 3053 5088 753
3127 5032 3231 5071 non
3275 5018 3602 5086 potuerunt?
3631 5018 3688 5074 Si
3719 5034 3821 5074 tuac

2482 5154 2514 5179 ἒ

2316 5207 2388 5269 (ε)
2420 5205 2709 5269 Impressam
2732 5204 2995 5256 lectionem
3015 5206 3162 5256 etiam
3181 5204 3429 5269 Yeronen.
3448 5205 3543 5256 Ms.
3565 5206 3818 5269 conﬁrmat;

2255 5275 2307 5317 et
2326 5266 2509 5317 sensus
2538 5266 2782 5329 congruas
2817 5275 2895 5317 est
2917 5269 3085 5329 magis,
3128 5275 3181 5318 ut
3204 5266 3366 5327 (idem,
3398 5274 3635 5329 quantam
3650 5267 3702 5317 S.
3730 5269 3821 5316 An—

2289 5330 2477 5378 ustinus
2524 5329 2573 5376 in
2615 5327 2757 5390 LXX.
2801 5327 3165 5390 exemplaribus
3207 5327 3557 5390 constituebat,
3606 5338 3819 5379 enervet.

2302 5397 2419 5438 onet
2440 5395 2603 5436 autem
2621 5388 2866 5438 Victorius
2888 5391 2936 5438 in
2950 5388 3049 5438 ἐει
3071 5389 3314 5438 Brixianis
3335 5389 3450 5439 Mss.
3477 5389 3650 5439 haberi
3672 5403 3822 5440 corre-

2253 5457 2369 5513 ctos,
2394 5448 2795 5510 quemadmodum
2829 5458 2883 5513 et
2904 5449 3086 5513 vulgati
3124 5450 3315 5513 quidam
3354 5450 3559 5513 legunt;
3583 5454 3711 5513 quod
3734 5465 3821 5513 non

2253 5510 2500 5575 probatur,
2523 5523 2631 5575 eum
2671 5512 2951 5569 emendare,
2977 5510 3030 5561 et
3050 5510 3300 5575 corrigere
3327 5510 3578 5575 idein‘sit.
3600 5510 3716 5575 Ipse
3752 5511 3819 5561 le-

2254 5572 2467 5680 gendum
2483 5572 2642 5632 potius
2654 5579 2828 5644 censet
2842 5580 3101 5637 correptos,
3113 5572 3206 5622 hoc
3223 5581 3300 5623 est
3318 5572 3671 5646 reprehensos,
3685 5587 3820 5645 quam

2276 5637 2513 5680 ecttonem
2533 5643 2623 5680 sex
2663 5634 2855 5680 codices
2889 5634 3005 5680 Mss.
3043 5648 3107 5680 ex
3144 5633 3391 5680 Florentia
3430 5633 3669 5680 nrmlerre
3690 5644 3820 5680 testis

2276 5633 2513 5697 ectionem
2533 5643 2623 5681 sex
2663 5634 2855 5697 codices
2889 5633 3005 5685 Mss.
3043 5648 3107 5684 ex
3143 5633 3391 5697 Florentia
3430 5633 3669 5697 praeferre
3690 5633 3820 5687 festis

2258 5699 2367 5754 est;
2389 5692 2477 5742 sed
2498 5692 2549 5742 in
2574 5694 2802 5746 eumdem
2819 5709 2875 5748 ac
2896 5701 3131 5749 correctos
3151 5696 3324 5746 recidit
3340 5692 3562 5747 sensum.
