4088 6336
270 474 463 529 nifesta
484 512 501 537 ,
546 467 869 542 superﬂuum
909 473 991 520 est
1016 472 1070 518 te
1106 458 1340 514 voluisse
1367 453 1632 509 disserere
1652 489 1668 513 ,
1699 445 1843 542 quod

274 566 394 619 illos
420 535 587 617 latere
606 535 711 615 non
738 557 946 628 potuit:
972 552 1202 608 maxime
1224 550 1279 623 iu
1296 540 1676 615 explanatione
1699 535 1848 591 Psal-

275 670 483 710 morum
507 693 522 717 ,
553 666 687 721 quos
723 626 861 718 apud
886 646 1102 702 Grmcos
1140 633 1473 707 interpretati
1512 637 1640 721 sunt
1666 626 1849 721 multis

275 741 666 804 voluminibus,
713 715 915 808 primus
956 731 1248 801 Origenes,
1293 721 1559 781 secundus
1590 715 1852 773 Eusebius

276 832 641 903 Cmsariensis,
672 829 860 884 tertius
885 824 1201 887 Theodorus
1230 816 1602 874 lleracleotes,
1633 814 1853 903 quartus

278 923 524 979 Asterius
547 895 1043 989 chthopolitanus,
1076 914 1290 982 quintus
1318 901 1635 976 Apollinaris
1660 895 1853 953 Laodi-

280 1027 483 1078 cenus,
527 1020 715 1064 sextus
756 1006 1012 1078 Didymus
1039 999 1449 1057 Alexandrinus.
1492 991 1757 1047 Feruntur
1798 993 1854 1039 et

279 1105 614 1161 diversorum
640 1103 692 1153 in
717 1075 912 1168 paucos
929 1094 1171 1150 Psalmos
1189 1086 1466 1159 opuscula.
1493 1080 1601 1138 Sed
1623 1092 1764 1133 nunc
1786 1075 1855 1128 de

281 1195 489 1261 integro
515 1167 847 1245 Psahnorum
889 1190 1115 1254 corpore
1153 1179 1397 1235 dicimus.
1443 1169 1598 1243 Apud
1638 1167 1857 1261 Latinos

282 1255 462 1339 autem
491 1282 720 1336 Hilarius
743 1275 1113 1338 Pictaviensis,
1136 1282 1193 1326 et
1215 1267 1476 1326 Eusebius
1503 1255 1858 1317 Vercellensis

286 1373 556 1444 Episcopi,
580 1371 863 1441 Origenem
890 1377 945 1422 et
971 1364 1258 1421 Eusebium
1289 1356 1693 1415 transtulerunt,
1719 1360 1855 1418 quo-

284 1482 405 1523 rum
432 1469 663 1536 priorem
690 1474 745 1519 et
765 1471 946 1517 noster
966 1455 1281 1514 Ambrosius
1304 1453 1358 1507 in
1377 1445 1693 1520 quibusdam
1707 1454 1860 1495 secn-

287 1569 374 1613 tus
400 1534 502 1613 est.
534 1552 871 1624 Respondeat
897 1549 1026 1605 mihi
1044 1544 1320 1618 prudentia
1345 1551 1454 1605 tua,
1473 1548 1639 1606 quare
1669 1542 1721 1584 tu
1743 1534 1860 1597 post

286 1657 465 1702 tantos
488 1655 545 1700 et
570 1623 704 1698 tales
734 1644 1059 1710 lnterpretes
1075 1637 1126 1690 in
1140 1630 1511 1703 explanatione
1529 1623 1861 1679 Psalmorum

289 1737 500 1791 diversa
524 1734 779 1790 senseris.
802 1732 858 1785 Si
884 1731 1025 1784 enim
1046 1724 1259 1782 obscuri
1277 1732 1398 1777 sunt
1418 1714 1632 1778 Psalmi,
1655 1721 1706 1766 te
1730 1722 1864 1779 quo-

288 1841 396 1895 que
417 1827 470 1879 in
495 1826 572 1879 eis
596 1822 706 1877 falli
739 1820 974 1891 potuisse
999 1813 1327 1872 credendum
1347 1818 1450 1864 cst.
1487 1805 1543 1861 Si
1569 1797 1861 1862 manifesti,

300 1894 419 1968 illos
434 1915 486 1967 in
509 1913 588 1968 eis
612 1910 720 1966 falli
747 1908 977 1979 potuisse
994 1921 1099 1960 non
1114 1903 1348 1958 creditur
1369 1917 1381 1952 :
1399 1912 1461 1953 ac
1487 1910 1587 1966 per
1601 1894 1704 1948 hoc
1721 1900 1864 1944 utro-

284 2021 404 2074 que
431 2002 589 2058 modo
612 1999 883 2070 superflua
902 1999 1004 2053 erit
1028 1992 1395 2064 interpretatio
1420 1995 1600 2054 tua,et
1620 1986 1719 2038 hac
1749 1982 1867 2051 lege

287 2099 416 2165 post
432 2096 635 2166 priores
663 2092 838 2148 nullus
858 2090 1000 2159 loqui
1013 2086 1250 2151 audebit,
1268 2094 1322 2139 et
1341 2080 1713 2153 quodcumque
1730 2076 1867 2129 alius

292 2187 633 2254 occupaverit
660 2190 795 2239 anus
813 2183 956 2238 deeo
975 2181 1242 2235 licentiam
1276 2172 1540 2232 scribendi
1570 2186 1675 2225 non
1700 2169 1867 2224 habe-

298 2278 390 2331 bit.
413 2278 544 2344 Qum
562 2290 748 2330 POTlllS
763 2273 1108 2328 humanitatis
1129 2279 1231 2324 tum
1248 2267 1410 2333 est,in
1424 2280 1532 2336 quo
1548 2264 1755 2318 veniam
1775 2259 1869 2315 tibi

296 2369 486 2425 tribuis
507 2409 521 2431 ,
548 2367 826 2435 indulgere
860 2374 915 2418 et
936 2363 1165 2418 caeteris.
1194 2360 1309 2428 Ego
1333 2357 1476 2414 enim
1501 2370 1609 2411 non
1638 2365 1742 2409 tam
1773 2370 1868 2408 ve-

298 2469 408 2512 tera
434 2457 652 2511 abolere
677 2463 900 2510 conatus
925 2467 1043 2506 sunt
1062 2491 1076 2512 ,
1106 2465 1226 2519 qua:
1254 2449 1446 2517 lingua:
1475 2460 1607 2501 mete
1637 2442 1869 2498 homini-

302 2550 400 2601 bus
427 2546 705 2602 cmcndata
730 2544 798 2599 de
823 2543 1013 2599 Gra‘co
1041 2543 1093 2594 in
1122 2540 1366 2595 Latinum
1397 2537 1673 2597 transtuli,
1712 2549 1870 2604 quam

234 2642 251 2659 “
305 2655 367 2693 ea
392 2638 694 2693 testimonia
716 2651 834 2705 qua:
853 2650 881 2686 a
907 2633 1105 2689 Jndzeis
1125 2629 1481 2701 pra-tenuissa
1505 2637 1627 2682 sunt
1646 2625 1730 2681 vel
1753 2640 1874 2679 cor-

307 2742 491 2797 rupta,
525 2728 763 2799 proferre
803 2728 857 2779 in
894 2724 1162 2786 medium;
1197 2730 1255 2775 ut
1291 2720 1494 2775 scirent
1536 2718 1701 2773 nostri
1746 2715 1874 2786 quid

304 2819 564 2874 Hebraica
594 2816 800 2872 Veritas
821 2814 1138 2870 contineret.
1163 2811 1217 2867 Si
1241 2810 1326 2865 cui
1354 2811 1531 2878 legere
1556 2823 1658 2861 non
1669 2800 1872 2876 'placet,

302 2926 463 2965 nemo
504 2907 776 2976 compellit
823 2907 1065 2960 invitum.
1120 2903 1270 2957 Bibat
1320 2900 1497 2953 vinum
1553 2906 1706 2952 vetus
1754 2913 1874 2950 cum

302 3002 583 3063 suavitate,
611 3009 668 3053 et
693 3009 873 3054 nostra
899 3006 1071 3051 musta
1098 3000 1425 3057 contemnat,
1459 3008 1577 3062 quae
1604 2991 1657 3044 in
1692 2989 1872 3058 expla-

305 3094 519 3147 natione
554 3091 786 3161 priorum
818 3089 957 3144 edita
989 3096 1142 3153 sunt;
1172 3094 1229 3139 ut
1254 3084 1424 3139 sicubi
1458 3084 1542 3138 illa
1585 3096 1691 3138 non
1724 3082 1877 3135 intel-

307 3184 571 3254 ligantur,
613 3197 677 3235 ex
709 3178 908 3235 nostris
932 3178 1291 3232 manifestiora
1323 3174 1470 3229 fiant.
1518 3173 1669 3240 Quod
1700 3182 1877 3226 autem

306 3290 471 3346 genus
500 3271 954 3344 interpretationis
998 3271 1048 3324 in
1092 3268 1383 3338 Scripturis
1424 3268 1623 3321 sanctis
1653 3280 1883 3335 sequen-

308 3372 433 3424 dum
468 3370 564 3433 sit,
592 3367 727 3421 liber
750 3380 910 3435 quem
938 3363 1125 3432 scripsi
1154 3361 1220 3415 de
1243 3359 1460 3430 Optimo
1497 3374 1696 3429 genere
1722 3359 1881 3425 inter.

311 3458 585 3528 pretandi,
623 3466 676 3511 et
703 3466 893 3510 omnes
930 3450 1355 3509 Praefatiunculze
1399 3450 1699 3504 divinorum
1730 3448 1883 3502 Volu-

312 3553 534 3614 ininuin,
555 3563 685 3619 quas
702 3546 919 3603 editioni
938 3554 1134 3599 nostra:
1154 3541 1561 3612 prwposuimus,
1580 3539 1880 3609 explicant;

311 3644 375 3696 ad
406 3642 629 3709 illasque
659 3637 978 3708 prudentem
1007 3634 1263 3689 lectorem
1310 3630 1686 3686 remittendum
1732 3639 1881 3697 puto.

318 3732 381 3785 Et
409 3732 451 3784 si
483 3745 587 3796 me,
618 3741 672 3785 ut
700 3729 833 3784 dicis
852 3769 868 3793 ,
901 3727 953 3780 in
997 3724 1123 3780 novi
1153 3722 1481 3778 Testamenti
1510 3720 1887 3776 emendatione

310 3825 536 3893 suscipis
558 3864 572 3889 ,
602 3819 929 3892 exponisquc
953 3833 1168 3873 causam
1194 3832 1290 3872 cur
1313 3815 1608 3884 suscipias;
1634 3816 1752 3883 quia
1783 3815 1888 3882 pln-

317 3916 435 3969 rimi
483 3916 671 3984 lingua:
722 3909 925 3969 Grmcze
976 3909 1231 3965 habentes
1260 3906 1571 3970 scientiam,
1612 3906 1682 3960 de
1730 3903 1892 3976 754

318 4022 437 4062 ineo
493 4005 698 4075 possint
762 4015 926 4073 opere
985 3999 1272 4070 judicare:
1312 3996 1557 4052 eamdem
1617 3997 1892 4064 integrita-

321 4106 423 4152 tem
453 4095 714 4150 debueras
753 4093 912 4149 etiam
959 4090 1012 4145 in
1057 4089 1227 4144 veteri
1266 4087 1488 4143 credere
1525 4085 1888 4149 TeStamenlo,

320 4188 460 4256 quod
487 4202 591 4241 non
616 4195 797 4241 nostra
824 4181 1220 4245 conlinximus;
1266 4179 1359 4233 sed
1388 4188 1444 4231 ut
1470 4175 1611 4246 apud
1640 4176 1893 4230 l‘lebratos

322 4277 619 4332 invenimus
638 4315 654 4339 ,
684 4275 861 4329 divina
891 4271 1273 4327 transtulimus.
1306 4267 1484 4324 Sicubi
1509 4266 1752 4331 dubitas,
1786 4265 1896 4323 Hac-

322 4367 494 4421 brzeos
524 4368 808 4434 interroga.

393 4457 481 4512 21.
511 4457 613 4512 Sed
638 4454 777 4510 forte
803 4456 985 4509 dices:
1011 4453 1134 4523 quid
1157 4453 1200 4506 si
1224 4450 1432 4507 llebrmi
1458 4457 1554 4506 aut
1571 4449 1898 4519 respondere

325 4550 621 4614 noluerint,
673 4558 762 4601 aut
810 4546 1021 4600 mentiri
1067 4543 1374 4599 voluerint?
1421 4541 1553 4595 Tota
1602 4540 1897 4612 frequentia

323 4642 629 4698 Jndmurum
671 4640 723 4693 in
753 4653 871 4693 mea
900 4637 1337 4706 interpretatione
1364 4635 1645 4691 reticebit?
1686 4634 1900 4689 Nullus-

325 4749 431 4802 que
456 4731 678 4786 inveniri
718 4729 940 4799 poterit,
971 4729 1060 4798 qui
1102 4729 1340 4783 Hebraeae
1369 4728 1562 4797 linguae
1590 4727 1783 4781 habeat
1812 4742 1902 4781 no-

329 4825 497 4878 titiam
538 4820 645 4895 [al.
676 4818 965 4893 notionem]
998 4840 1012 4875 :
1041 4830 1134 4874 aut
1159 4834 1349 4874 omnes
1391 4819 1738 4875 imitabantur
1781 4820 1901 4874 illos

327 4915 576 4978 Judaws,
607 4926 740 4982 quos
766 4909 900 4965 dicis
928 4910 981 4964 in
1022 4909 1213 4964 Africae
1259 4917 1501 4977 repertos
1541 4909 1814 4978 Oppidulo,
1846 4909 1899 4964 in

329 5021 506 5064 meam
532 5005 867 5074 conspirasse
890 5003 1247 5057 calumniam?
1278 5000 1653 5070 llujuscemodi
1680 5003 1821 5058 e‘nim
1848 5003 1900 5058 iu

330 5102 557 5171 cpistola
596 5106 683 5151 tua
715 5096 852 5149 texis
880 5093 1108 5148 fabulam
1139 5111 1152 5147 :
1194 5112 1214 5146 ι
1245 5092 1470 5159 Quidam
1516 5092 1680 5147 frater
1722 5103 1905 5149 noster

332 5190 661 5261 Episcopus,
703 5200 824 5240 cum
851 5185 1076 5262 lectitari
1104 5186 1420 5242 instituisset
1460 5186 1512 5240 in
1553 5185 1794 5240 Ecclesia
1819 5188 1903 5242 cui

333 5290 547 5351 praeest,
581 5275 1070 5344 interpretationem
1093 5285 1257 5341 tuam,
1284 5276 1448 5329 movit
1470 5276 1722 5345 quiddam
1750 5275 1906 5345 longe

332 5373 493 5431 aliter
530 5385 561 5424 a
608 5379 658 5423 te
688 5365 917 5437 positum
948 5365 1087 5432 apud
1112 5365 1300 5420 Jonam
1346 5359 1664 5435 Prophetam
1687 5406 1702 5431 ,
1748 5381 1905 5434 quam

332 5474 447 5520 erat
472 5461 710 5515 omnium
738 5455 996 5510 sensibus
1024 5456 1402 5523 memoriaeque
1431 5456 1783 5512 inveteratum
1806 5495 1822 5520 ,
1855 5466 1909 5510 et

333 5561 413 5606 tot
434 5559 649 5607 aetatum
672 5544 1100 5603 successionibus
1123 5543 1481 5599 decantatum.
1505 5545 1802 5614 Factusque
1827 5554 1910 5599 est

338 5650 512 5696 tantus
538 5637 795 5695 tumultus
815 5635 867 5689 in
888 5634 1063 5704 plebe,
1092 5634 1321 5689 maxime
1340 5633 1542 5689 Graecis
1565 5635 1909 5706 arguentibus

339 5743 394 5789 et
433 5730 838 5790 inclamantibus
865 5726 1184 5784 calumniam
1232 5725 1471 5782 falsitatis
1495 5770 1510 5795 ,
1542 5738 1599 5784 ut
1626 5739 1904 5799 cogeretur

1615 310 1941 391 EPlSTOLA
1976 316 2141 384 exn.

1954 441 2245 510 Episcopus
2264 437 2340 513 (α)
2363 436 2446 511 (ea
2468 439 2666 509 quippe
2683 430 2870 495 civitas
2888 438 3024 513 erat)
3041 430 3347 497 Judaeorum
3369 446 3521 499 testi—

1955 532 2189 587 monium
2236 532 2495 602 ﬂagitare.
2541 530 2730 588 Utrum
2776 541 2952 587 autem
2998 533 3071 586 illi
3115 533 3411 603 imperitia.
3454 553 3523 591 an

1956 624 2175 687 malitia,
2207 624 2310 678 hoc
2335 638 2456 677 esse
2480 624 2532 677 iu
2558 623 2793 679 Hebraeis
2813 623 3086 679 codicibus
3110 627 3521 694 responderunt,

1955 713 2096 783 quod
2127 722 2182 767 et
2208 712 2379 769 Graeci
2423 723 2477 767 et
2520 712 2693 768 Latini
2726 712 3021 777 habebant,
3054 722 3212 782 atque
3256 714 3525 770 dicebant.

1957 802 2096 869 Quid
2126 803 2319 869 plura?
2345 803 2573 858 Coactus
2601 812 2684 857 est
2712 802 2873 857 homo
2900 805 3043 857 velut
3070 804 3402 858 mendacium
3434 804 3527 874 [al.

1958 889 2379 963 mendasitatem]
2411 892 2677 961 corrigere
2696 934 2711 956 ,
2744 894 2928 947 volens
2958 902 3079 961 post
3108 908 3354 962 maguum
3389 896 3531 962 peri-

1958 982 2138 1036 culum
2171 995 2274 1035 non
2306 996 2584 1036 remanere
2627 984 2743 1037 sine
2770 984 2942 1052 plebe.
2981 982 3137 1039 Unde
3177 984 3334 1037 etiam
3379 986 3534 1041 nobis

1958 1071 2167 1125 videtur
2194 1071 2479 1140 aliquando
2524 1071 2577 1124 in
2623 1072 2894 1127 nonnullis
2932 1082 2984 1128 te
3025 1086 3237 1143 quoque
3277 1072 3390 1128 falli
3435 1089 3533 1144 po-

1961 1163 2145 1217 tuisse.

2030 1251 2120 1306 22.
2156 1253 2295 1308 Dicis
2325 1268 2413 1308 me
2444 1254 2495 1306 in
2541 1253 2732 1308 Jouam
2769 1253 3087 1322 PrOphetarn
3116 1256 3259 1310 male
3287 1257 3538 1327 quiddam

1963 1343 2388 1411 interpretatum,
2420 1353 2476 1398 et
2501 1343 2763 1398 seditione
2788 1345 2968 1415 populi
2991 1345 3378 1413 cenclamante,
3409 1364 3535 1418 pro-

1966 1445 2082 1502 pter
2107 1433 2262 1487 unius
2289 1434 2433 1488 verbi
2473 1433 2860 1488 dissonantiam
2909 1434 3228 1504 Episc0pum
3275 1451 3410 1505 pene
3437 1438 3540 1495 Sa-

1961 1525 2259 1579 cerdotium
2306 1525 2634 1594 perdidisse;
2683 1534 2739 1580 et
2780 1525 2906 1596 quid
2950 1527 3021 1580 sit
3065 1526 3193 1581 illud
3232 1528 3371 1597 quod
3403 1531 3541 1585 male

1966 1616 2344 1684 interpretatus
2370 1617 2507 1680 sim,
2537 1616 2808 1671 subtrahis
2828 1659 2843 1681 ,
2875 1615 3125 1671 auferens
3150 1617 3280 1672 mihi
3308 1621 3544 1674 occasio-

1969 1723 2090 1762 nem
2118 1707 2443 1762 defensionis
2471 1724 2624 1773 mete,
2658 1721 2726 1762 ne
2755 1707 3010 1777 quidquid
3050 1708 3251 1764 dixeris
3274 1750 3288 1774 ,
3324 1725 3410 1766 nte
3439 1727 3547 1767 res-

1970 1798 2234 1867 pondente
2254 1798 2490 1851 solvatur
2516 1818 2531 1853 :
2555 1798 2652 1851 nisi
2677 1799 2832 1860 forte.
2857 1808 2915 1852 ut
2932 1809 3056 1854 ante
3075 1814 3245 1854 annos
3268 1802 3544 1872 plurimos,

1966 1890 2238 1944 cucurbita
2264 1889 2410 1943 venit
2434 1889 2485 1942 in
2515 1890 2743 1944 medium
2768 1930 2784 1955 ,
2813 1901 3087 1946 asserente
3116 1892 3255 1946 illius
3285 1896 3545 1964 temporis

1968 1978 2218 2034 Cornelio
2246 1979 2319 2049 (b)
2345 1989 2400 2033 et
2438 1979 2625 2033 Asinio
2655 1980 2925 2043 Pollione,
2957 1995 3045 2035 me
3070 1981 3303 2037 hederam
3331 1999 3426 2053 pro
3468 2003 3550 2039 cu-

1969 2071 2162 2124 curbita
2201 2071 2554 2126 transtulisse.
2602 2070 2776 2139 Super
2818 2087 2920 2141 qua
2953 2087 3015 2128 re
3060 2075 3113 2128 in
3153 2073 3551 2135 Connuentario

1969 2160 2119 2215 Iona:
2162 2161 2442 2229 Propheta:
2487 2160 2699 2230 plenius
2745 2162 3142 2231 respondimus.
3187 2165 3298 2220 lloc
3347 2176 3550 2223 tantum

1974 2267 2113 2304 nunc
2143 2251 2342 2304 dixisse
2367 2249 2641 2316 contenti,
2671 2240 2813 2320 quod
2842 2249 2898 2305 in
2926 2266 2994 2307 eo
3065 2254 3226 2326 755
3301 2256 3422 2311 loco
3461 2259 3553 2313 ubi

1973 2342 2314 2412 Septuaginta
2337 2340 2660 2411 lnterpretes
2682 2343 3016 2408 cucurbitam,
3043 2344 3115 2415 (c)
3135 2355 3191 2399 et
3216 2348 3408 2417 Aquila
3428 2363 3553 2405 cum

1974 2434 2194 2503 reliquis
2217 2433 2456 2488 hederam
2480 2434 2895 2502 transtulerunt,
2929 2436 2983 2491 id
3012 2446 3125 2506 est,
3154 2450 3331 2507 κισσὸν,
3360 2440 3413 2495 in
3444 2442 3555 2498 ile-

1975 2527 2119 2581 brazo
2162 2527 2433 2582 volumine
2472 2543 2678 2584 crcuton
2718 2529 2977 2599 scriptum
3021 2540 3104 2587 est
3149 2531 3259 2604 [al.
3290 2535 3555 2610 habetur],

1975 2618 2131 2689 quam
2159 2620 2315 2688 vulgo
2339 2619 2457 2690 Syri
2485 2618 2561 2691 (ά)
2592 2635 2804 2675 οιοεωι
2828 2632 3041 2678 vocant.
3065 2623 3164 2679 Est
3187 2635 3364 2681 autem
3391 2616 3576 2699 genus‘

1980 2752 2111 2828 πίας)
2144 2752 2341 2828 Persei
2356 2753 2621 2828 δεξειριιὲξθν
2637 2765 2788 2828 se":
2807 2766 2953 2828 suam
2974 2756 3023 2828 i9
3054 2754 3183 2828 hunc
3206 2756 3366 2808 locum
3388 2760 3560 2825 Ausu-

1975 2812 2369 2888 stiniangeepnist.
2528 2812 2734 2888 ςξροὲυἰ
2756 2814 2820 2865 de
2834 2812 2948 2888 ‘Oea
2973 2816 3284 2888 civitate_pro
3305 2833 3366 2870 ea
3388 2812 3562 2888 proic-

1977 2877 2110 2924 mine
2155 2873 2490 2935 intelligenda.
2528 2873 2635 2922 Vid.
2674 2887 2797 2933 nos;
2834 2875 2945 2926 heic
2966 2884 3131 2927 autem
3166 2873 3441 2931 Vcroneris.
3469 2883 3559 2933 Ms.

1976 2949 2143 2985 eorum
2166 2948 2252 3007 pro
2273 2934 2346 2985 ed.
2373 2934 2483 2983 Mox
2508 2935 2636 3005 quod
2674 2935 2982 2986 Martianaaus
3012 2946 3150 2989 notat
3171 2942 3219 2990 in
3256 2940 3564 2994 Cluniacensi

1979 2995 2066 3045 Ms.
2096 3010 2160 3045 ex
2185 2996 2403 3056 ejusdem
2428 2995 2708 3056 calltgrarbi
2731 2997 3070 3049 emendatione
3089 2999 3207 3056 legi,
3226 3008 3385 3052 utrum
3404 3012 3564 3055 autent

1980 3008 2066 3067 ius.
2082 3010 2160 3066 .ex
2185 3008 2403 3067 ejusdem
2428 3008 2708 3067 calttgrarnt
2731 3008 3070 3049 emendatione
3089 3008 3207 3063 legi,
3226 3008 3385 3052 utrum
3404 3012 3565 3055 autent

1977 3058 2055 3124 illi
2073 3063 2335 3124 imperitia,
2359 3068 2423 3124 an
2443 3056 2634 3124 malum
2657 3056 2856 3120 fecerim
3092 3062 3296 3124 sedfwc
3317 3077 3439 3124 esse,
3463 3073 3561 3115 etc.

1980 3120 2124 3191 nobis
2142 3116 2339 3191 quidem
2362 3116 2604 3191 glossema
2622 3116 2843 3191 ineptum
2861 3121 3076 3191 videtur;
3091 3122 3363 3191 nihil‘enim
3384 3116 3566 3177 deesse

1979 3181 2211 3249 intexta,
2232 3184 2283 3228 et
2299 3181 2508 3249 get-hum
2527 3180 3040 3249 few,_subaudirt_,
3057 3185 3345 3246 jampridem
3363 3201 3567 3249 monue-

1981 3247 2057 3313 rat
2089 3248 2257 3313 contra
2298 3239 2548 3313 gasruum
2571 3240 2846 3313 Χίοισι-ωε.
2886 3239 3093 3313 Gravius
3129 3239 3316 3313 autem,
3346 3246 3568 3313 ﬂagitare

1982 3308 2157 3371 utrunr
2174 3306 2257 3349 aut
2290 3299 2365 3349 illi
2408 3299 2668 3371 imperitia,
2691 3315 2777 3371 an.
2797 3301 2984 3371 malitia
3012 3304 3115 3371 [me
3145 3299 3572 3371 esseiu'uébrteis

1981 3361 2228 3413 codicibus
2250 3361 2592 3424 responderent
2609 3398 2623 3422 ,
2649 3361 2777 3426 quod
2798 3369 2845 3413 et
2866 3366 3023 3415 cneci
3045 3373 3091 3416 et
3113 3367 3265 3419 Latini
3302 3368 3538 3421 habebant

1982 3438 2125 3475 quam
2154 3435 2433 3475 germanam
2455 3420 2722 3474 lectionem
2745 3426 3019 3475 praetendit.
3548 3409 3565 3432 ’

1982 3438 2125 3486 quam
2154 3435 2433 3534 grmanam
2455 3434 2722 3474 lectionem
2745 3434 3019 3487 praetendit.

2046 3484 2140 3550 (b)_
2224 3483 2474 3550 inferenda
2494 3492 2609 3535 sunt
2644 3485 2813 3550 isthaec
2826 3499 2903 3550 ex
2938 3488 3307 3550 Commentariis
3328 3492 3376 3539 in
3398 3492 3574 3544 Ionam

1983 3542 2164 3608 ubi
2196 3545 2297 3618 ‘nl"
2334 3545 2426 3618 ³³9⁸
2460 3542 2566 3595 ¹⁰⁰⁰
2586 3546 3100 3618 ςυίάειφβεωιῑιειίυε
3134 3552 3199 3618 (ξε
3236 3542 3572 3618 διξιὶαυίᾢίὧὸ

1985 3604 2189 3716 βίηφι-θ.
2201 3604 2550 3663 Corneliorum,
2574 3604 2681 3656 sive
2702 3614 2779 3680 ut.
2794 3609 2901 3668 ipse
2936 3609 3084 3670 iactat
3099 3645 3114 3668 ,
3135 3612 3199 3661 de
3239 3604 3396 3674 stirp'e
3418 3616 3577 3665 Asinii

2027 3667 2237 3716 ollioms.
2269 3665 2450 3714 dudum
2487 3665 2653 3715 Romae
2690 3668 2865 3716 dicitur
2901 3681 2983 3716 me
3004 3683 3256 3716 accusasse
3286 3674 3529 3716 sacrilegii
3560 3715 3565 3716 ,

2096 3667 2237 3736 iouis.
2269 3665 2458 3736 dudum
2487 3665 2653 3736 Romae
2690 3665 2865 3736 dicitur
2901 3665 2983 3736 me
3004 3665 3256 3736 accusasse
3274 3665 3529 3736 sacrilegii
3557 3715 3575 3736 ,

1987 3727 2116 3799 quod
2140 3739 2226 3788 pro
2249 3727 2498 3799 cucurbita
2519 3727 2755 3799 hederam
2772 3728 3128 3799 transtulerim:
3149 3733 3308 3799 timuit
3322 3727 3575 3799 videlicet,

1991 3787 2055 3837 ne
2077 3789 2118 3837 si
2142 3787 2228 3848 pro
2252 3787 2535 3849 cacurbitis,
2553 3787 2755 3849 hedera:
2777 3798 3116 3849 nascerentur,
3135 3792 3264 3841 unde
3287 3794 3494 3849 occulte.
3524 3787 3576 3849 ei

1990 3833 2510 3921 renébiose'pihefei,
2523 3833 2637 3921 non
2655 3833 2979 3921 aiataiat
2987 3833 3577 3921 ῐὲῖᾆιιῖίῖι⁷ίιῖδῖἑῖιῖιιῖξ

1990 3910 2107 3978 hitis
2128 3904 2430 3978 vasculorum
2449 3943 2464 3965 ,
2480 3904 2609 3978 quas
2641 3908 2797 3978 vulgo
2822 3904 3355 3978 Saucomariasvocant
3374 3954 3386 3970 ,
3411 3904 3574 3968 solent

1991 3967 2333 4039 Apostolorum
2368 3967 2608 4030 imagines
2640 3967 2957 4039 adumbrare,
2993 3984 3058 4039 ex
3095 3974 3283 4039 quibus
3297 3982 3350 4025 et
3371 3967 3456 4026 ille
3480 3992 3579 4028 non

1992 4043 2135 4078 suum
2158 4030 2250 4078 sibi
2294 4041 2474 4077 nomen
2495 4031 2771 4090 assumpsit.
2811 4030 2948 4089 Quod
2970 4034 3012 4081 si
3035 4030 3133 4082 tam
3175 4033 3318 4084 facile
3341 4039 3579 4088 vocabula

1994 4095 2361 4157 commutantur,
2385 4096 2442 4157 ut
2480 4102 2566 4151 pro
2602 4088 2843 4157 corneliis
2869 4093 3110 4157 seditiosis
3145 4096 3372 4157 tribunis,
3399 4098 3577 4149 Emilii

1994 4150 2233 4212 Consules
2266 4148 2594 4212 appellentur,
2618 4152 2765 4201 miror
2786 4165 2874 4201 cur
2895 4154 3012 4202 mihi
3037 4168 3135 4204 non
3173 4155 3319 4208 liceat
3341 4148 3579 4210 hederam

1998 4210 2261 4284 transferre
2408 4213 2671 4284 cucurbita.
2697 4228 2719 4258 ι
2750 4212 2965 4284 Proinde
2983 4215 3226 4267 Victorius
3256 4228 3440 4284 monet,
3467 4221 3578 4284 beic

1998 4272 2158 4340 [coici
2182 4271 2401 4340 copulam
2420 4273 2762 4340 abradendam,
2787 4274 3150 4340 legendumque
3182 4278 3400 4336 carnalia
3424 4271 3579 4333 usinio

1996 4333 2226 4407 Pollione,
2240 4330 2383 4408 'quod
2404 4335 2490 4406 qui
2516 4348 2580 4408 ex
2603 4330 2792 4408 duabus
2829 4330 3025 4408 familiis
3044 4330 3101 4388 se
3123 4330 3303 4391 venire
3327 4330 3578 4408 iactaret,

2000 4397 2108 4468 rjus
2128 4394 2281 4468 simul
2306 4394 2500 4468 nomina
2518 4397 2920 4468 jungendasint.
2956 4398 3186 4451 Erasmus
3209 4415 3239 4450 e
3260 4394 3427 4468 contra
3458 4394 3583 4454 duos

2000 4456 2049 4506 in
2072 4470 2168 4530 uno
2192 4458 2386 4529 homine
2407 4456 2944 4530 celebriore'sDci-iticos,
2985 4472 3315 4530 censoresque
3338 4460 3581 4530 lutet-ato-

1999 4519 2264 4590 rum_innui
2288 4519 2537 4590 constituit
2552 4554 2567 4578 ,
2592 4525 2647 4567 ut
2669 4518 2915 4590 Ciceronis
2934 4520 3161 4590 amulum
3186 4518 3338 4590 fuisse
3360 4524 3581 4575 Asinium

2000 4579 2270 4630 Pollionem
2300 4592 2331 4631 e
2353 4578 2555 4640 Seneca,
2584 4588 2886 4640 compertum
2925 4588 3018 4630 est.
3043 4581 3191 4632 Certe
3226 4582 3319 4631 hoc
3355 4596 3505 4634 sensu
3530 4587 3581 4639 in

2000 4640 2319 4710 {tliologetieo
2340 4647 2507 4709 contra
2525 4638 2765 4710 Bullinum
2782 4638 2906 4690 libro
2922 4643 2970 4710 l2
2988 4648 3156 4710 contra
3175 4642 3378 4710 invidos,
3404 4638 3584 4709 inquit,

2004 4701 2188 4765 loquor,
2209 4708 2256 4752 et
2894 4701 2969 4751 vel
2991 4701 3202 4771 Asinium
3519 4701 3583 4760 de

2002 4759 2182 4825 genere
2196 4760 2525 4825 cometioruru
2545 4759 2659 4825 styli
2679 4759 2776 4811 mei
2794 4759 2961 4813 mucro
2982 4763 3308 4816 convulnerat.
3329 4759 3585 4821 Praeterea

2002 4815 2121 4874 Mss.
2140 4831 2287 4883 atque
2311 4822 2429 4871 editi
2453 4816 2676 4883 plerique
2697 4835 2871 4872 omnes
2888 4830 2935 4875 et
2956 4826 3189 4876 retinent.

2073 4883 2157 4962 tot
2173 4882 2752 4962 βξνξέιξξεὲἓιξιὲτίιιυε
2771 4883 3302 4962 Reeenseamus.
3326 4891 3584 4962 animui-

2004 4943 2099 5019 ιιιίι
2224 4943 2615 5019 Theogenes
2629 4962 2806 5019 sum
2840 4943 3188 5019 ωεεδψτριξμρε
3213 4943 3366 5019 tuisse».
3403 4943 3581 5016 αοολιι,

2007 5010 2357 5078 ipsamnnempe
2374 5003 2678 5078 .IIiebraicam.
2699 5019 2866 5078 voch
3090 5003 3583 5078 litteriscstircssam;

2006 5065 2133 5137 cum,
2155 5065 2282 5137 forte
2296 5065 2420 5137 quid
2464 5065 2546 5115 illa
2587 5067 2683 5137 sibi
2720 5066 2892 5128 vellet,
2913 5070 3226 5137 ignorarent._
3252 5065 3583 5127 Sed'HieronI

2006 5135 2284 5201 constanter
2306 5125 2355 5175 in
2378 5125 2703 5201 Commentar.
2727 5125 3010 5201 quoqne'in
3034 5131 3180 5201 .bunc
3213 5133 3394 5201 locum,
3417 5137 3567 5187 secuti

2011 5176 2183 5258 inquit,
2205 5176 2369 5258 sumus
2389 5176 2586 5258 celeres
2607 5176 3586 5258 irmuiub‘réi,jﬁa7eii,3a"iizi£riifiii

2010 5248 2257 5320 'er'pretali
2290 5256 2415 5308 sunt,
2457 5261 2567 5313 qua:
2604 5258 2768 5301 ercc
2812 5248 3085 5364 izlppellulur
3120 5248 3262 5327 ιζσςιὸς.
3302 5255 3438 5306 aliud
3460 5258 3586 5308 enim

2010 5310 2134 5364 quod
2171 5314 2401 5364 dicerent.
2434 5324 2527 5361 non
2557 5310 2805 5363 habebant.
2855 5329 2886 5364 ιι
2929 5314 3198 5364 Veronensr
3223 5317 3311 5364 Ms.
3354 5331 3442 5364 nro
3462 5333 3586 5364 truci:

2004 5310 2134 5383 quod
2171 5310 2401 5383 dicerent.
2434 5310 2527 5361 non
2557 5310 2805 5383 habebant.
2830 5310 2893 5383 Ini
2929 5310 3311 5383 Veronensills.
3354 5331 3586 5383 promat,

2010 5372 2127 5446 li'eic
2160 5378 2270 5433 est;
2295 5387 2501 5446 sinuet},
2533 5372 2725 5446 ut_fere
2761 5378 3096 5446 suspicemur,
3118 5372 3369 5446 scriptum:
3389 5377 3503 5446 olim
3527 5372 3586 5429 ali

2012 5433 2324 5505 llierooymo,
2343 5433 2540 5505 aquila
2556 5441 2604 5485 et
2630 5433 2911 5505 Theqdotion
2931 5472 2946 5497 ,
2969 5433 3138 5505 W,
3161 5433 3335 5500 reliqui
3354 5438 3587 5490 hederam

2011 5493 2450 5568 transtulerunt,“
2471 5501 2542 5568 est
2563 5509 2704 5568 mehr,
2724 5493 3001 5561 factumque
3022 5493 3491 5568 Graecarumyocum
3511 5515 3585 5551 oc-

2011 5568 2173 5628 cursu,
2197 5563 2252 5606 ut
2271 5557 2562 5628 intermedia
2586 5560 2734 5628 verba
2754 5571 2864 5621 quae
2897 5557 3206 5621 s'upplemas,
3228 5561 3493 5611 scribarum
3514 5575 3571 5612 so

2013 5616 2164 5666 lemni
2188 5630 2359 5668 errore
2381 5619 2741 5669 omitterentur.

2080 5676 2153 5741 (ά)
2189 5678 2494 5750 μαζιριιιξὲιιε
2514 5678 2696 5750 ςξεεῘα.
2720 5680 2971 5750 ῌθτιίηὶιιε
2992 5681 3043 5730 in
3062 5682 3307 5750 Protemio
3334 5683 3394 5732 ad
3419 5682 3589 5750 Pugio-

2016 5739 2285 5792 ncin’Fizlei
2308 5740 2426 5804 legit
2447 5756 2507 5791 ex
2534 5739 2648 5790 Mss.
2671 5742 2958 5804 quiquayan.
2981 5750 3033 5792 ct
3044 5756 3191 5804 supra
3213 5739 3510 5804 σιιίᾳιιαυοηῖ
3523 5749 3589 5797 sic
