4088 6336
686 470 909 585 Suscipe
952 503 1372 581 igiturbibrum
1422 506 1596 561 tuum,
1650 495 1761 550 imo
1811 494 2096 585 meum,“

525 626 583 674 ut
624 612 818 684 verius
844 580 1057 675 loquar,
1094 605 1339 655 nostrum
1382 602 1664 684 :cumque
1696 584 1827 684 mihi
1866 580 2095 683 favoris,

1811 375 2066 437 SANCN
2093 373 2470 430 ΒΙΕΒΟΝΥΜΙ

2658 483 2991 542 εριετοωι
3031 483 3195 542 cm
3223 484 3324 558 (σι).

2581 597 2874 654 Aucusruu
2910 596 2992 653 An
3031 595 3403 653 limaonrunl.

527 671 650 763 tuus
676 680 850 756 ΐιιυιόΐ
876 671 1006 752 θέη-
1036 690 1158 747 Τίδί
1182 686 1328 780 “fin!
1358 697 1539 780 meam
1566 671 2099 780 “dﬂif
2208 692 2502 779 Respondet
2543 714 2833 763 accuratius
2870 708 3103 779 epistolis
3154 707 3476 780 Hieronymi,
3508 708 3633 765 105.
3664 710 3788 767 112.

524 802 580 851 et
627 785 926 847 facundiam
963 792 1195 853 graecam
1235 776 1415 832 latina:
1455 772 1652 843 lingua
1682 763 1827 822 volui
1877 773 2108 853 pauper-

677 887 927 950 pensare.
966 847 1153 941 lioque
1197 880 1330 922 vero
1367 872 1427 919 ut
1452 858 1639 917 diserti
1683 856 2003 950 interpretes
2031 847 2110 950 fa:

528 937 719 1038 ciunt',
771 963 1006 1023 verbum
1054 937 1222 1014 verbo
1271 952 1482 1013 reddidi
1521 964 1540 1017 ;
1612 961 1715 1005 nec
1760 937 2110 1038 adnumerari

530 1031 716 1136 700'
763 1053 1067 1124 νοωηίωσ
1112 1041 1447 1136 amri”?
1490 1054 1589 1136 ιξετ
1626 1031 2107 1136 “ﬁde”???

529 1122 856 1216 s-edpariter
881 1137 1149 1214 appendi;
1175 1145 1234 1191 ut
1257 1132 1392 1189 nihil
1414 1129 1554 1188 desit
1581 1143 1649 1185 ex
1675 1122 1945 1187 sensibus,

537 1209 738 1309 aliquid
760 1234 899 1295 desit
916 1209 988 1291 ex
1010 1226 1215 1289 verbis.
1233 1225 1311 1298 (α)
1341 1221 1635 1294 Epistolam
1662 1226 1841 1275 autem
1868 1223 2012 1271 tuam

528 1304 680 1390 circo
722 1325 782 1390 in
821 1325 1046 1384 latinum
1088 1319 1247 1388 verti,
1280 1326 1337 1374 et
1384 1314 1510 1371 huic
1536 1309 1794 1368 volumini
1820 1304 2110 1378 praeposui.

531 1427 596 1475 ut
616 1431 827 1485 omnes,
867 1413 958 1486 qui
987 1409 1237 1482 legerint,
1265 1406 1441 1463 sciant
1464 1417 1553 1459 me
1581 1416 1690 1456 non
1723 1396 2024 1486 temeritate
2059 1400 2116 1447 et

531 1506 809 1579 jactantia,
837 1484 933 1560 sed
963 1498 1247 1574 praeceptis
1288 1491 1642 1551 Beatitudinis
1683 1498 1788 1544 tua:
1815 1484 2117 1579 suscepisse

512 1578 674 1653 'onus
699 1594 834 1652 ultra
856 1594 1003 1651 vires
1030 1604 1199 1648 meas.
1231 1586 1385 1656 Quod
1425 1600 1494 1641 an
1521 1587 1845 1641 consecutus
1867 1578 1991 1641 sim,
2024 1582 2118 1628 tuo

533 1682 733 1755 judicio
757 1684 1094 1754 derelinquo.
1123 1680 1285 1736 Certe
1307 1677 1353 1733 si
1381 1673 1801 1732 imbecillitatem
1824 1667 2119 1739 reprehen-

437 1810 448 1815 -
534 1774 704 1845 deris,
731 1756 995 1832 voluntati
1024 1772 1235 1828 veniam
1264 1764 1655 1823 commodabis.

997 1923 1334 1985 EPISTOLA
1370 1916 1508 1977 cxv
1546 1920 1645 1996 (ι).

1085 2062 1168 2117 An
1205 2060 1575 2115 Ancnsrusnl.

541 2192 810 2258 Resalutat
835 2195 1193 2271 Augustinum,
1224 2206 1474 2248 excusans
1501 2186 1640 2261 quod
1666 2185 1872 2242 liberius
1909 2197 2127 2254 respon-

619 2292 772 2357 derit,
819 2295 867 2345 et
910 2304 1115 2343 rursum
1158 2285 1223 2340 de
1246 2282 1506 2338 cucurbita
1536 2279 1787 2346 meminit,
1811 2285 2052 2348 rogatque
2076 2283 2131 2329 ut

616 2382 815 2438 omissis
841 2378 1165 2435 cententiosis
1188 2372 1549 2447 gestationibus
1574 2370 1813 2439 deinceps
1834 2381 2005 2424 secum
2044 2365 2127 2418 in-

615 2476 774 2530 uicem
795 2472 955 2527 amice
983 2474 1271 2541 conferant,
1294 2475 1340 2523 et
1367 2464 1569 2539 placide
1586 2469 1843 2519 versentur
1868 2458 1922 2513 in
1943 2469 2126 2526 cantpo

623 2577 892 2621 sacrarum
923 2559 1333 2631 Scripturarum.

728 2691 958 2750 Domino
987 2704 1112 2748 vere
1144 2688 1343 2746 Sancto
1370 2686 1426 2742 et
1449 2683 1767 2740 Beatissimo
1794 2678 1958 2751 Papa

980 2802 1287 2857 Ausus-nuo
1300 2838 1318 2864 ,
1359 2796 1703 2851 lltznonruns

1064 2911 1121 2967 in
1148 2908 1365 2967 Christo
1391 2908 1644 2963 salutem.

631 3052 685 3107 1.
726 3042 858 3104 Cum
903 3059 933 3100 a
979 3052 1169 3099 sancto
1198 3041 1362 3096 fratre
1387 3046 1575 3094 nostro
1601 3035 1675 3109 (ε)
1701 3034 1884 3090 Firmo
1910 3032 2142 3091 sollicite

557 3153 859 3211 qumrerem
903 3135 1034 3206 quid
1078 3148 1289 3205 ageres,
1334 3130 1595 3201 sospitem
1645 3137 1697 3183 te
1734 3127 1893 3182 laetus
1939 3124 2137 3180 audiri.

550 3230 793 3289 Rursum
835 3241 959 3283 cum
996 3234 1114 3280 tuas
1155 3224 1360 3277 litteras
1402 3234 1510 3275 non
1545 3219 1668 3274 dico
1711 3230 2006 3287 sperarem,
2046 3212 2143 3270 sed

561 3323 860 3392 exigerent,
905 3317 1179 3373 nesciente
1209 3324 1284 3379 te,
1312 3327 1378 3369 ex
1406 3311 1585 3367 Africa
1613 3308 1910 3382 profectum
1938 3320 1997 3363 se
2025 3321 2145 3364 esse

560 3412 717 3468 dixit.
747 3409 929 3479 Itaque
968 3406 1138 3463 reddo
1183 3405 1278 3460 tibi
1319 3418 1417 3473 per
1435 3416 1558 3457 eum
1588 3399 1922 3457 salutationis
1943 3396 2143 3467 officia,

554 3503 653 3575 'qui
673 3514 724 3558 te
743 3501 898 3556 unico
913 3512 1097 3554 amore
1111 3493 1505 3566 complectitur,
1536 3492 1799 3562 simulque
1825 3490 2070 3554 obsecro,
2091 3497 2149 3544 ut

562 3596 810 3666 ignoscas
836 3591 1024 3662 pudori
1047 3604 1188 3657 meo,
1213 3585 1356 3659 quod
1373 3585 1465 3641 diu
1490 3594 1547 3638 ut
1562 3582 1936 3649 rescriberem,
1955 3580 2147 3653 praci-

564 3687 737 3761 pienti
754 3699 953 3756 negare
973 3699 1078 3739 non
1096 3681 1264 3753 potui.
1283 3678 1397 3735 Nec
1413 3693 1512 3749 ego
1530 3676 1646 3741 tibi,
1679 3674 1773 3730 sed
1789 3688 1949 3729 causa
1974 3684 2149 3729 causae

552 3770 863 3850 respondit.
896 3776 965 3831 Et
988 3775 1036 3830 si
1062 3775 1219 3844 culpa
1249 3780 1334 3829 est
1359 3767 1728 3841 respondisse,
1759 3781 1943 3836 qumso
1969 3776 2026 3820 ut
2053 3778 2146 3835 pa-

564 3875 764 3931 tienter
796 3869 1006 3937 audias,
1037 3868 1208 3924 multo
1249 3863 1423 3936 major
1455 3871 1539 3918 est
1568 3873 1905 3932 provocasse.
1937 3856 2047 3914 Sed
2075 3857 2150 3912 fa-

565 3971 787 4023 cessant
824 3958 1125 4017 istiusmodi
1165 3953 1520 4028 querimonia:
1567 3970 1581 4007 :
1630 3951 1701 4005 sit
1727 3951 1866 4004 inter
1892 3962 1990 4002 nos
2018 3962 2148 4017 pura

565 4056 934 4131 germanitas;
978 4060 1034 4108 et
1060 4052 1315 4119 deinceps
1342 4063 1448 4103 non
1477 4044 1858 4117 quaestionum,
1888 4039 1981 4096 scd
2008 4039 2149 4095 cari-

556 4149 695 4205 tatis
733 4146 802 4202 ad
831 4158 931 4200 uos
957 4143 1158 4212 scripta
1186 4141 1479 4195 mittamus.
1512 4133 1697 4190 Sancti
1760 4131 1920 4204 761.
1960 4131 2155 4185 fratres

568 4243 659 4311 qui
689 4238 969 4294 nobiscum
998 4234 1228 4289 Domino
1255 4231 1516 4297 serviunt,
1559 4226 1762 4282 affatim
1804 4236 1856 4281 te
1896 4225 2148 4280 salutant.

560 4330 795 4388 Sanctos
820 4325 912 4397 qui
950 4335 1126 4380 tecum
1167 4320 1365 4378 Christi
1390 4321 1508 4375 leve
1534 4317 1752 4372 trahunt
1775 4316 1982 4386 jugum,
2011 4330 2149 4385 prmo

570 4422 730 4493 cipue
771 4410 1016 4484 sanctum
1045 4422 1099 4470 et
1142 4409 1541 4481 suspiciendum
1597 4406 1692 4480 [aL
1748 4403 2154 4479 suscipiendum]

556 4496 765 4584 papam
809 4506 1080 4580 Alypium,
1128 4513 1188 4559 ut
1214 4516 1348 4558 meo
1375 4498 1635 4570 obsequio
1679 4496 1900 4559 salutes,
1938 4508 2149 4564 precor.

571 4600 905 4657 Incolumem
930 4604 982 4651 te
1006 4604 1061 4651 et
1080 4607 1373 4650 memorem
1396 4590 1528 4659 mei,
1549 4588 1793 4645 Christus
1814 4585 1951 4640 Deus
1974 4595 2155 4641 noster

574 4700 785 4747 tueatur
810 4688 1187 4757 omnipotens,
1218 4684 1438 4741 domine
1467 4696 1595 4738 vere
1638 4690 1822 4736 sancte
1856 4687 1911 4735 et
1955 4678 2154 4734 beatis-

576 4781 716 4837 sime
740 4794 897 4851 papa.
926 4780 982 4835 Si
1018 4778 1189 4848 legisti
1211 4778 1406 4833 librum
1427 4773 1856 4845 explanationum
1874 4770 1926 4825 in
1942 4769 2154 4837 Jonam,

573 4882 706 4944 puto
733 4871 875 4944 quod
899 4869 1179 4926 ridiculam
1197 4867 1486 4924 cucurbitae
1513 4880 1620 4921 non
1646 4863 1877 4934 recipias
1901 4863 2155 4933 qumstio-

580 4978 729 5019 nem.
781 4961 876 5016 Sin
920 4969 1103 5014 autem
1142 4959 1348 5014 amicus
1387 4956 1477 5027 qui
1507 4970 1594 5010 me
1623 4955 1826 5025 primus
1861 4952 2038 5023 gladio
2060 4967 2157 5023 pe-

577 5052 697 5117 tiit,
727 5050 870 5123 stylo
914 5049 1160 5118 repulsus
1202 5056 1314 5114 est;
1361 5047 1433 5102 sit
1473 5042 1819 5098 humanitatis
1869 5051 1972 5096 tum
1998 5049 2159 5112 atque

574 5143 799 5213 justitire'
843 5148 1182 5196 accusantem
1229 5135 1653 5209 reprehendere,
1694 5149 1799 5189 non
1830 5134 2161 5205 responderi.

578 5244 706 5291 tem.
739 5230 797 5287 ιη
822 5232 1220 5301 Scripturarum
1246 5228 1293 5286 si
1318 5230 1493 5301 placet
1515 5238 1706 5296 campo
1727 5224 1844 5281 sine
1870 5233 2054 5280 nostro
2084 5224 2159 5281 in-

576 5327 749 5383 vicem
774 5322 961 5381 dolore
987 5319 1255 5375 ludamus.

644 5501 708 5568 lo]
737 5500 1069 5568 Superiorem
1111 5495 1277 5549 CXIII.
1317 5501 1373 5547 ut
1393 5495 1461 5545 ibi
1499 5500 1613 5547 nota
1656 5507 1702 5545 c.
1739 5495 1860 5547 satis
1896 5490 2157 5543 manifesto

576 5564 897 5615 ostendimus.

643 5621 709 5682 (bl
750 5624 879 5675 Alias
896 5622 979 5672 96.
1001 5620 1190 5682 Scripta
1210 5621 1323 5682 fort.
1348 5631 1429 5669 an.
1455 5618 1562 5670 405.

640 5621 709 5751 ibi
750 5624 879 5694 Alias
896 5622 979 5672 96.
1001 5621 1190 5682 Scripta
1210 5621 1323 5678 fort.
1348 5631 1429 5669 an.
1455 5621 1562 5670 105.
1614 5681 1642 5693 η
2055 5676 2066 5687 ⁸

661 5700 687 5736 c
736 5685 799 5751 in
818 5684 1065 5751 \jatieanis
1084 5691 1197 5751 octo
1213 5680 1328 5751 llas.
1352 5679 1673 5751 sexque_alus
1710 5676 1837 5751 apud
1864 5675 2151 5751 liet‘mdtctl-

576 5741 667 5798 nos
689 5741 844 5799 Firmi
879 5756 1057 5806 nomen
1084 5743 1418 5806 desideratur,
1440 5741 1567 5806 quod
1592 5742 1641 5790 in
1676 5741 2027 5800 subsequentis
2049 5741 2155 5799 epi-

577 5807 716 5860 stola:
739 5808 876 5858 initio
898 5805 948 5855 in
967 5802 1221 5867 pleristpse
1239 5802 1471 5857 omnibus
1486 5802 1713 5852 habetur.

2282 810 2329 854 et
2356 799 2480 855 115.
2525 797 2590 853 de
2618 798 3032 869 interpretatione
3056 798 3157 853 loci
3184 794 3435 869 Epistolas
3462 798 3532 852 ad
3558 797 3789 868 Galatas,

2284 891 2593 960 conﬁrmem
2629 891 2765 963 quod
2800 889 2983 946 Petrus
3021 891 3200 947 merito
3241 891 3583 962 veraciterque
3624 902 3793 958 repre-

2285 981 2469 1037 hensus
2498 980 2651 1052 fuerit
2677 998 2709 1036 a
2736 980 2927 1037 Paulo.
2958 980 3207 1039 Caeterum
3245 981 3549 1053 deprecatur
3575 990 3792 1052 sentam,

2284 1072 2331 1127 si
2368 1073 2519 1125 dictis
2542 1075 2674 1142 forte
2698 1072 3067 1127 iucautioribus
3098 1070 3401 1145 Hieronymi
3439 1074 3671 1128 animum
3714 1079 3797 1146 of-

2287 1163 2526 1235 fenderit,
2566 1172 2834 1230 excusaris,
2862 1163 3000 1235 quod
3028 1165 3173 1219 nulla
3208 1182 3302 1220 sua
3328 1166 3480 1237 culpa
3503 1183 3597 1239 per
3625 1168 3801 1223 multo-

2286 1268 2398 1307 rum
2420 1268 2602 1307 manus
2629 1252 2966 1308 obambularit
2985 1254 3223 1326 epistola,
3252 1256 3552 1327 priusquam
3573 1256 3644 1310 ad
3667 1273 3799 1325 eum,

2289 1344 2374 1397 cui
2400 1344 2589 1415 scripta
2620 1351 2751 1408 erat,
2782 1345 3081 1413 perveniret.

2292 1455 2519 1510 Domino
2542 1454 2893 1512 dilectissimo
2913 1467 2968 1512 et
2994 1456 3048 1513 in
3074 1456 3275 1514 Christi
3304 1459 3608 1519 viseeribns
3634 1459 3805 1518 bono-

2223 1546 2412 1614 rando,
2462 1555 2649 1603 saneto
2692 1546 2843 1603 fratri
2882 1559 2938 1605 et
2972 1551 3411 1623 compresbytero
3458 1552 3801 1621 Elisson-0,

2225 1639 2560 1695 Ancus'rtuns
2585 1640 2639 1694 in
2666 1638 2895 1696 Domino
2919 1640 3168 1697 salutem.
3246 1654 3255 1661 ‘

2297 1750 2355 1807 1.
2398 1766 2421 1807 t
2445 1749 2776 1821 Iampridem
2823 1752 3035 1809 caritati
3079 1761 3185 1810 tua:
3229 1755 3490 1826 prolixam
3528 1756 3807 1828 epistolam

2226 1839 2371 1907 misi,
2404 1842 2741 1911 respondens
2769 1842 2848 1899 illi
2878 1853 3005 1911 tum,
3036 1860 3201 1915 quam
3222 1861 3324 1918 per
3350 1857 3598 1905 sanctum
3643 1849 3810 1906 filiam

2231 1939 2382 1987 tuum
2426 1932 2721 2002 Asterium,
2762 1948 2905 1990 nunc
2947 1934 3060 2006 jam
3099 1949 3205 1993 non
3249 1936 3423 1992 solum
3451 1937 3696 2007 fratrem,
3722 1953 3810 1994 res

2231 2038 2352 2079 rum
2387 2023 2548 2079 etiam
2576 2025 2836 2098 collegam
2880 2041 3084 2093 meum,
3117 2028 3333 2085 misisse
3360 2037 3414 2085 te
3438 2031 3656 2086 recolis.
3682 2031 3813 2099 Qum

2232 2122 2413 2169 utrum
2443 2114 2496 2169 in
2524 2128 2715 2171 manus
2744 2122 2863 2171 tuas
2903 2119 3188 2186 pervenire
3216 2122 3496 2188 meruerit,
3529 2122 3699 2177 adhuc
3736 2138 3799 2179 tte

2230 2207 2362 2274 scio,
2389 2206 2489 2261 nisi
2508 2206 2648 2276 quod
2671 2224 2763 2279 per
2786 2208 3000 2277 fratrem
3028 2210 3418 2266 sincerissimum
3440 2210 3676 2268 Firmum
3701 2214 3815 2269 seri.

2238 2300 2313 2355 bis
2336 2298 2407 2373 (e)
2431 2301 2479 2354 si
2502 2300 2592 2354 ille
2613 2300 2702 2367 qui
2727 2309 2776 2356 te
2802 2303 3023 2372 primum
3045 2303 3219 2375 gladio
3242 2305 3407 2376 petiit,
3425 2306 3561 2376 stglo
3586 2305 3819 2376 repulsus

2238 2400 2312 2447 est
2332 2405 2355 2457 ,τ
2378 2400 2432 2445 ut
2456 2390 2524 2445 sit
2546 2391 2885 2453 humanitatis
2901 2406 3027 2448 mea
3050 2402 3201 2465 atque
3216 2395 3453 2464 justifies,
3495 2403 3817 2451 accusantem

2238 2481 2621 2553 reprehendere,
2649 2498 2753 2538 non
2778 2484 3185 2555 respondentem.
3217 2484 3330 2541 Hoc
3350 2486 3473 2541 solo
3503 2486 3818 2543 tenuissimo

2241 2572 2442 2629 indicio
2463 2583 2750 2646 utcumque
2774 2576 3026 2646 coujieio,
3056 2576 3251 2647 legisse
3280 2586 3332 2632 te
3356 2577 3501 2632 illam
3538 2579 3817 2649 epistolam

2242 2680 2439 2721 meam.
2485 2664 2543 2721 lu
2571 2682 2633 2722 ca
2660 2667 2855 2739 quippe
2893 2668 3170 2739 deplorati
3204 2678 3404 2725 tantam
3432 2671 3575 2727 inter
3598 2685 3695 2726 ros
3719 2684 3816 2728 exi

2243 2756 2445 2812 stitisse
2489 2755 2838 2826 discordiam,
2884 2759 2955 2814 de
2982 2770 3210 2829 quorum
3237 2768 3385 2815 tanta
3413 2761 3669 2831 amicitia,
3695 2777 3821 2835 qua-

2244 2848 2568 2920 quaversum
2589 2864 2709 2906 eam
2737 2848 2874 2905 [ama
2900 2850 3203 2918 diﬂ'uderat,
3226 2851 3422 2908 caritas
3447 2852 3678 2908 fraterna
3699 2868 3823 2924 gau-

2245 2940 2430 2999 debat.
2458 2939 2614 3009 Quod
2657 2954 2764 2998 non
2809 2943 2909 2999 feci
2953 2944 3399 3015 reprehendendo
3436 2945 3513 3018 (f)
3554 2946 3605 3000 in
3650 2946 3828 3017 aliqua

2247 3034 2656 3107 germanitatem
2688 3046 2857 3103 tuam,
2885 3037 3037 3106 cujus
3075 3037 3131 3092 in
3169 3053 3233 3093 ea
3273 3053 3333 3094 re
3357 3038 3592 3108 aliquam
3616 3039 3825 3110 culpam

2250 3138 2340 3182 me
2362 3127 2700 3197 cognovisse,-
2775 3130 2936 3201 762
3009 3143 3117 3185 non
3143 3140 3308 3185 ausus
3331 3144 3450 3185 sum
3482 3130 3663 3187 dicere
3694 3130 3827 3188 :sed

2250 3215 2484 3273 dolendo
2512 3216 2800 3273 humanam
2831 3220 3124 3287 miseriam,
3155 3219 3311 3289 cujus
3341 3221 3396 3276 in
3423 3221 3675 3277 amicitiis
3714 3237 3829 3278 mu-

2253 3316 2343 3362 tua
2369 3307 2595 3364 caritate
2632 3310 2949 3378 retinendis,
2997 3312 3327 3381 quantalibet
3368 3312 3455 3368 illa
3491 3315 3583 3378 sit,
3628 3313 3829 3370 incerta

2251 3401 2562 3473 permansio
2600 3409 2703 3458 est.
2755 3401 2952 3457 Verum
3008 3402 3140 3459 illud
3178 3404 3476 3461 malueram
3523 3406 3629 3461 tuis
3677 3417 3836 3464 nosse

2253 3492 2550 3563 rescriptis,
2593 3503 2774 3547 utrum
2815 3492 2946 3547 mihi
2989 3495 3223 3559 veniam,
3269 3508 3429 3566 quam
3460 3510 3827 3568 poposceram,

2253 3582 2493 3639 dederis.
2520 3582 2672 3650 Quod
2695 3584 2935 3654 apertius
2959 3584 3090 3639 mihi
3119 3585 3356 3641 intimari
3382 3586 3567 3656 cupio,
3591 3585 3834 3657 quamvis

2253 3675 2477 3731 hilarior
2502 3675 2719 3746 quidam
2747 3677 2924 3731 vultus
2954 3676 3255 3732 litterarum
3285 3685 3516 3743 tuarum,
3541 3680 3703 3734 etiam
3735 3678 3835 3734 boc’

2253 3782 2342 3824 me
2389 3767 2709 3839 impetrasse
2751 3770 3055 3840 significare
3099 3769 3343 3825 rideatur
3374 3787 3390 3824 :
3419 3771 3467 3826 si
3500 3781 3676 3827 tamen
3716 3780 3835 3843 post

2255 3858 2448 3914 lectam
2492 3858 2641 3914 illam
2687 3861 2865 3917 missu:
2903 3869 3064 3928 sunt;
3105 3859 3335 3932 quodin
3375 3858 3454 3915 eis
3494 3859 3719 3917 minime
3741 3872 3832 3932 ερ-

2254 3960 2421 4023 paret.
2434 3969 2456 4004 s

2323 4042 2379 4097 2.
2428 4060 2449 4095 s
2488 4040 2662 4112 Petis,
2693 4044 2774 4100 uel
2801 4044 2969 4115 potius
2992 4044 3180 4115 ﬁducia
3208 4044 3434 4099 caritatis
3465 4044 3641 4116 jubes,
3686 4050 3742 4100 sit
3783 4044 3838 4100 id

2258 4134 2645 4205 Scripturarum
2686 4152 2864 4207 campo
2888 4136 2998 4192 sine
3021 4146 3192 4192 nostro
3222 4137 3433 4192 invicem
3477 4139 3658 4194 dolore
3695 4137 3836 4193 luds."

2257 4243 2388 4281 mus.
2415 4226 2672 4297 Equidem
2700 4238 2953 4300 quantum
2975 4228 3042 4284 ad
3073 4244 3159 4285 me
3182 4229 3394 4296 attinet,
3418 4230 3562 4286 serio
3587 4245 3687 4286 nos
3710 4230 3835 4298 ista,

2258 4333 2416 4389 quam
2458 4317 2583 4375 ludo
2630 4334 2789 4390 agere
2819 4320 3053 4376 mallem.
3084 4319 3236 4389 Quod
3266 4320 3310 4376 si
3339 4320 3443 4377 hoc
3472 4322 3697 4376 verbum
3742 4320 3836 4378 tibi

2260 4418 2478 4479 propter
2520 4407 2832 4464 facilitatem
2862 4423 3062 4480 ponere
3086 4409 3304 4480 placuit,
3336 4422 3437 4481 ego
3462 4410 3634 4465 fateor
3666 4410 3834 4480 majus

2261 4499 2460 4570 aliquid
2488 4508 2688 4570 expeto
2714 4515 2746 4555 a
2774 4499 3106 4571 benignitate
3134 4498 3330 4555 virium
3351 4508 3584 4563 tuarum,
3604 4500 3836 4570 pruden-

2262 4590 2441 4659 tiaque
2486 4598 2593 4643 tam
2620 4588 2803 4657 docta,-
2829 4598 2885 4647 et
2912 4591 3108 4658 otiosa,
3138 4604 3365 4656 annosa,
3394 4588 3658 4654 studiosa,
3692 4589 3837 4660 iuges

2260 4681 2415 4736 niosa
2456 4680 2538 4752 (g)
2578 4680 2885 4752 diligentia;
2931 4681 3047 4737 haec
3070 4681 3163 4736 tibi
3192 4695 3300 4734 non
3328 4687 3533 4735 tantum
3568 4679 3834 4747 donante,

2262 4787 2446 4827 verum
2474 4773 2637 4827 etiam
2665 4772 2901 4828 dictante
2927 4770 3130 4841 Spiritu
3153 4769 3370 4835 Sancto,
3397 4778 3452 4824 ut
3477 4770 3530 4825 in
3554 4770 3763 4842 magnis
3784 4779 3836 4826 et

2263 4861 2548 4918 laboriosis
2587 4861 2991 4933 qumstionibus,
3043 4873 3149 4916 non
3182 4868 3432 4929 tanquam
3477 4860 3749 4918 ludentem
3788 4862 3838 4918 in

2262 4963 2454 5021 campo
2499 4951 2918 5022 Scripturarum,
2970 4947 3070 5005 sed
3096 4950 3148 5003 in
3179 4949 3459 5006 montibus
3497 4950 3836 5007 anhelantem

2262 5040 2502 5110 adjuves.
2544 5038 2603 5095 Si
2646 5050 2826 5096 autem
2873 5049 3093 5112 propter
3134 5038 3484 5108 hilaritatem,
3529 5055 3691 5109 quam
3725 5053 3839 5095 esse

2264 5135 2405 5190 inter
2438 5133 2746 5190 carissimos
2773 5135 3101 5190 disserentes
3126 5132 3298 5199 decet,
3331 5136 3531 5204 putasti
3558 5133 3837 5189 dicendum

2260 5240 2383 5282 esse
2406 5265 2421 5292 ,
2468 5223 2708 5281 (adamas
2744 5240 2765 5282 :
2807 5226 2921 5282 sive
2959 5224 3092 5281 illud
3121 5233 3367 5296 apertum
3399 5234 3454 5280 et
3482 5225 3702 5295 planum
3732 5221 3801 5278 sit
3818 5254 3836 5289 ,-

2346 5354 2401 5423 αἱ
2429 5358 2566 5423 Alias
2586 5359 2667 5409 97.
2690 5356 3045 5423 scriptapaulo
3064 5359 3173 5423 post
3186 5356 3506 5423 superiorem.

2346 5358 2399 5411 d'
2437 5358 2566 5411 Alias
2586 5359 2667 5409 97.
2690 5359 2878 5423 scripta
2995 5358 3042 5410 to
3064 5359 3173 5423 post
3186 5358 3506 5421 superiorem.

2328 5358 2401 5489 ie?
2428 5420 2759 5493 martianazus,
2783 5420 2827 5472 si
3067 5433 3142 5493 me
3165 5420 3374 5493 primum
3389 5457 3425 5493 ,Δ
3445 5421 3840 5493 eme-nempe!!!

2256 5480 2467 5536 Hiér'on-
2486 5484 2770 5553 ἐρνίρεετειιν
2788 5483 2876 5553 sed
2894 5480 3009 5553 Qui?
3028 5483 3179 5553 verba
3195 5484 3380 5553 εειιςιη
3397 5480 3837 5553 Meminisse!-

2258 5559 2403 5597 sonas
2433 5539 2609 5594 mutari
2631 5539 2883 5593 contendit
2902 5542 3162 5593 Victorius.
3195 5539 3589 5591 Et’Benediétini
3612 5540 3836 5598 quidem.

2258 5559 2403 5597 sonas
2433 5555 2609 5594 mutari
2631 5555 2883 5593 contendit
2909 5555 3162 5593 Victorius.
3198 5555 3257 5591 ut
3275 5555 3589 5591 ueneatcttnt
3648 5555 3836 5598 niuem.

2257 5616 2324 5667 te,
2347 5606 2436 5656 sed
2458 5603 2588 5716 quod
2610 5604 2671 5655 sit
2693 5617 2780 5665 pro
2801 5605 2845 5655 si
2866 5603 3066 5668 legunt,
3100 5616 3196 5653 non
3215 5602 3477 5677 probatur;
3502 5601 3597 5651 nisi
3612 5555 3749 5652 ioue
3770 5608 3837 5663 ty-

2258 5668 2473 5717 nouranh
2508 5672 2586 5717 est
2606 5665 2855 5716 mendum.

2258 5668 2878 5855 mﬁ‘i’éﬁiﬁiﬂgﬁﬁb
2899 5726 3023 5799 apud
3044 5722 3394 5777 Benedictinos
3415 5736 3514 5794 post
3537 5732 3675 5795 sunt.

2345 5801 2378 5854 9
2432 5790 2678 5845 Victorius
2700 5788 2920 5855 diligenti
2935 5788 3078 5852 jubet
3098 5784 3199 5849 legi
3223 5796 3310 5850 pro
3332 5782 3607 5851 diligentia.

2345 5782 2394 5855 '9]
2432 5790 2678 5845 Victorius
2700 5782 3078 5855 dtti'genti'jubet
3098 5784 3199 5849 legi
3223 5796 3310 5850 pro
3332 5782 3607 5851 diligentia.
