4088 6336
519 371 624 430 939

520 490 629 544 tius
669 486 828 543 etiam
871 485 1045 554 ipsum
1087 485 1326 544 credam,
1373 473 1672 546 coapostoli
1699 471 1783 528 sui
1808 468 2100 526 correctio-

522 593 646 634 nem
679 591 783 632 non
805 574 1048 645 potuisse
1074 571 1362 641 negligere,
1380 582 1539 639 quam
1560 563 1890 621 mendaciter
1903 557 2101 628 aliquid

518 675 574 728 in
601 686 698 726 sua
725 666 946 738 epistola
976 665 1236 734 posuisse.
1259 661 1335 732 (α)
1367 661 1433 716 Et
1462 660 1506 714 si
1534 657 1636 712 hoc
1663 669 1768 710 non
1796 655 1849 708 in
1875 649 2100 720 epistola

521 761 777 834 qualibet,
823 765 1021 825 quanto
1064 753 1234 824 magis
1280 753 1332 806 in
1378 750 1489 815 illa,
1542 748 1593 801 in
1642 760 1746 816 qua
1775 742 2101 834 prrelocuttts

519 829 596 910 ait
625 872 638 909 :
666 852 794 919 Qua:
821 848 1180 902 autem'scribo
1250 843 1412 916 765
1483 839 1642 904 vobis,
1671 851 1783 890 sese
1799 848 1967 889 coram
1987 829 2099 886 Deo

523 947 645 1017 quia
676 958 776 996 non
805 938 1021 992 mentior
1041 937 1068 990 i’
1103 955 1123 988 ι

591 1033 646 1088 8.
693 1050 712 1085 ι
743 1030 856 1100 Ego
885 1027 1098 1097 quidem
1127 1024 1253 1080 illud
1281 1024 1496 1079 Petrum
1523 1021 1603 1075 sic
1626 1017 1800 1088 egisse
1824 1013 2008 1078 credo,
2038 1018 2102 1066 ut

518 1133 706 1195 gentes
747 1129 965 1190 cogeret
1004 1117 1296 1188 judaizare.
1343 1113 1456 1168 Hoc
1482 1111 1624 1166 enim
1667 1109 1786 1178 lego
1821 1105 2102 1195 scripsisse

520 1194 766 1278 Paulum,
788 1226 945 1283 quem
967 1207 1246 1264 mentitum
1268 1219 1389 1261 esse
1409 1218 1515 1259 non
1540 1200 1704 1257 credo
1728 1196 1868 1268 (Gal.
1897 1197 1950 1252 1.
1966 1194 2059 1265 20)
2083 1211 2096 1248 :

518 1317 575 1364 et
604 1306 728 1362 ideo
752 1320 857 1358 non
887 1309 1033 1358 recte
1057 1298 1251 1370 agebat
1278 1297 1383 1352 hoc
1411 1295 1626 1350 Petrus.
1652 1293 1784 1349 Erat
1808 1289 1951 1346 enim
1973 1303 2103 1343 con-

521 1409 603 1453 ira
647 1393 917 1466 Evangelii
956 1391 1259 1456 veritatem,
1298 1396 1356 1442 ut
1389 1393 1638 1456 putarent
1675 1382 1765 1453 qui
1807 1379 2103 1436 credebant

519 1489 576 1544 in
616 1488 904 1550 Christum,
933 1484 1049 1539 sine
1088 1480 1193 1536 illis
1234 1477 1506 1533 veteribus
1545 1471 1896 1530 sacramentis
1923 1467 2101 1522 salvos

519 1595 580 1636 se
597 1595 718 1636 esse
738 1592 842 1633 non
865 1588 1041 1646 posse.
1067 1572 1180 1628 Hoc
1197 1571 1339 1626 enim
1361 1565 1759 1624 contendebant
1778 1560 2098 1624 Antiochite,

519 1671 610 1742 qui
634 1684 700 1724 ex
727 1663 1149 1722 Circumcisione
1171 1659 1535 1717 crediderant.
1568 1656 1766 1711 Contra
1793 1666 1928 1722 quos
1959 1651 2101 1705 Pau-

521 1762 606 1817 lus
646 1764 1054 1830 perseveranter
1095 1753 1398 1820 acriterque
1443 1747 1701 1817 conﬂigit.
1749 1745 1930 1814 Ipsum
1973 1755 2102 1796 vero

519 1850 745 1907 Paulum
773 1862 880 1902 non
922 1845 991 1900 ad
1037 1843 1140 1898 hoc
1168 1841 1220 1896 id
1248 1842 1444 1912 egisse,
1473 1836 1618 1909 quod
1649 1835 1731 1890 vel
1763 1832 2102 1888 Timotheum

517 1939 852 1998 circumcidit
894 1936 1029 2011 (Act.
1063 1934 1150 1990 16.
1188 1933 1263 2004 1),
1313 1932 1395 1987 vel
1433 1928 1728 1986 Cenchreis
1765 1935 1945 1980 votum
1977 1938 2101 1993 per-

519 2032 678 2089 solvit
702 2030 839 2103 (Act.
869 2027 956 2085 l8.
990 2026 1101 2098 18),
1130 2024 1217 2081 vel
1247 2023 1595 2094 Jerosolymis
1634 2035 1665 2074 a
1690 2018 1890 2074 Jacobo
1918 2015 2104 2070 admo-

519 2124 682 2189 nitus,
723 2136 844 2177 cum
890 2119 970 2174 cis
1009 2117 1101 2188 qui
1138 2116 1214 2189 (b)
1263 2121 1543 2175 voverant,
1577 2111 1811 2182 legitima
1841 2108 1926 2163 illa
1962 2107 2104 2162 cele-

517 2215 720 2272 branda
762 2214 1031 2282 suscepit;
1069 2220 1126 2265 tit
1166 2209 1336 2278 putari
1374 2207 1644 2262 videretur
1685 2217 1780 2272 per
1821 2215 1881 2256 ea
1923 2213 2102 2255 sacra-

521 2318 698 2365 menta
725 2308 886 2364 etiam
915 2303 1274 2360 Christianam
1298 2300 1522 2356 salutem
1545 2297 1660 2352 dari
1683 2295 1818 2368 (Art.
1847 2293 1938 2348 21.
1965 2289 2058 2362 21)
2083 2306 2098 2340 :

517 2399 614 2456 sed
656 2414 723 2455 ne
749 2398 838 2453 illa
863 2412 980 2466 qua:
1010 2394 1280 2465 prioribus
1310 2401 1364 2446 ut
1390 2388 1722 2460 congruebat
1746 2385 2098 2455 temporibus,

519 2491 574 2546 in
605 2489 805 2546 umbris
829 2502 1012 2542 rerum
1043 2484 1338 2540 futurarum
1369 2483 1508 2537 Deus
1535 2479 1648 2534 ﬁeri
1671 2478 1926 2548 iusserat,
1981 2484 2102 2528 tan-

519 2597 678 2652 quam
737 2576 1088 2634 idololatriam
1131 2573 1406 2645 gentilium
1457 2571 1714 2626 damnare
1769 2565 2099 2623 crederetur.

521 2674 637 2729 lloc
680 2682 761 2728 est
789 2671 929 2726 enim
957 2667 1098 2739 quod
1128 2667 1202 2721 illi
1231 2665 1462 2720 Jacohus
1491 2662 1566 2716 ait
1593 2679 1608 2715 :
1636 2659 1876 2714 auditum
1915 2657 1983 2711 de
2011 2657 2106 2709 illo

520 2745 662 2829 esse,
711 2759 851 2832 quod
896 2757 1268 2815 discissionem
1312 2753 1504 2808 doceat
1547 2766 1576 2804 a
1623 2749 1805 2819 Moyse
1843 2746 1977 2820 (Act.
2006 2747 2096 2800 2t.

520 2856 633 2926 2|).
661 2852 815 2920 Quod
843 2851 1025 2921 utique
1053 2846 1206 2903 nelas
1230 2854 1332 2911 est,
1361 2850 1420 2898 ut
1444 2840 1724 2896 credentes
1750 2839 1803 2894 in
1831 2838 2102 2892 Christum

521 2945 892 3000 discindantur
937 2954 968 2994 a
1016 2935 1086 3012 (c)
1127 2933 1392 3005 Propheta
1432 2931 1654 2998 Christi,
1696 2937 1944 2999 tanquam
1990 2928 2105 2995 ejus

522 3035 818 3090 doctrinam
844 3031 1174 3087 detestantes
1202 3035 1364 3095 atque
1389 3023 1741 3087 damnantes;
1773 3021 1841 3075 de
1862 3037 1966 3090 quo
1992 3020 2106 3088 ipse

521 3107 768 3180 Christus
791 3123 941 3188 dicit,
973 3121 1035 3176 st'
1059 3117 1322 3172 crederetis
1352 3114 1542 3186 Moysi,
1574 3113 1842 3169 crederetis
1869 3121 1916 3166 et
1943 3111 2108 3166 mihi:

524 3221 587 3272 de
613 3234 692 3271 me
716 3218 848 3270 enim
877 3215 964 3268 ille
991 3211 1194 3281 scripsit
1219 3207 1396 3280 (Joan.
1433 3207 1481 3262 5.
1517 3205 1628 3276 46).
1683 3223 1701 3258 ι

597 3311 651 3364 9.
699 3326 719 3361 ‹
749 3305 978 3362 Attende
1005 3303 1230 3358 obsecro
1260 3302 1370 3370 ipsa
1388 3299 1547 3353 verba
1572 3296 1752 3352 Jacobi
1785 3315 1798 3350 :
1839 3295 2004 3360 Vides,
2028 3295 2108 3348 in-

526 3402 660 3472 quit,
693 3404 852 3470 frater
871 3405 989 3467 quot
1017 3394 1178 3447 millia
1206 3403 1322 3446 sunt
1355 3392 1406 3445 in
1434 3389 1646 3455 Indica,
1678 3389 1765 3456 qui
1783 3388 2107 3442 crediderunt

527 3492 580 3544 in
613 3489 871 3544 Christum
914 3502 934 3540 :
963 3496 1009 3540 et
1039 3486 1091 3538 hi
1120 3499 1291 3537 omnes
1315 3483 1634 3536 wmulatores
1657 3489 1773 3534 sunt
1798 3477 1968 3550 Legis.
1997 3478 2108 3531 Au-

528 3583 730 3634 dierant
779 3587 948 3632 autent
996 3577 1059 3630 de
1102 3586 1181 3641 te,
1225 3575 1343 3645 quia
1388 3572 1465 3646 (ἀ)
1507 3571 1848 3625 discissionem
1892 3570 2038 3624 doces
2077 3586 2109 3623 a

529 3671 731 3742 Moyse,
781 3684 954 3724 eorunt
1002 3667 1090 3738 qui
1126 3683 1216 3736 per
1241 3674 1414 3736 gentes
1440 3671 1560 3718 sunt
1583 3661 1906 3728 Juda'orum,
1939 3662 2110 3715 dicens

529 3779 631 3816 non
675 3761 851 3815 debere
895 3757 1252 3812 circumcidere
1292 3772 1375 3810 eos
1419 3755 1553 3824 ﬁlios
1581 3769 1718 3816 suos,
1751 3767 1910 3820 neque
1933 3766 2112 3804 secun-

531 3859 652 3908 dum
693 3851 1105 3907 consuetudinem
1144 3848 1362 3920 ingredi.
1417 3847 1554 3914 Quid
1603 3861 1721 3915 ergo
1763 3844 1877 3898 cst?
1929 3842 2114 3912 Utique

527 3955 724 4016 oportet
769 3943 1031 3999 convenire
1075 3941 1489 4005 multitudinem;
1539 3939 1811 3992 audierunt
1871 3937 2006 3991 enim
2067 3945 2116 3990 te

527 4036 1032 4106 supervenisse:hoc
1075 4051 1194 4104 ergo
1241 4037 1326 4106 [ac
1367 4034 1504 4104 quod
1547 4031 1637 4085 tibi
1681 4031 1918 4084 dicimus.
1975 4029 2114 4085 Sunt

528 4129 670 4184 nobis
713 4129 806 4182 viri
855 4136 1071 4198 quatuor
1111 4136 1280 4179 uolunt
1327 4123 1564 4178 habentes
1593 4139 1746 4191 super
1796 4138 1850 4175 se
1877 4136 1896 4174 :
1923 4121 2001 4174 Itis
2031 4138 2114 4174 as-

531 4220 744 4289 sumptis
788 4219 1049 4286 sancti/ica
1091 4225 1138 4270 te
1180 4233 1292 4270 cum
1333 4217 1476 4287 ipsis,
1525 4225 1574 4270 et
1602 4215 1836 4283 impende
1865 4215 1915 4267 in
1947 4231 2030 4267 eos
2059 4222 2114 4267 ut

533 4309 722 4364 radunt
767 4309 936 4377 capita
986 4323 1004 4359 :
1051 4316 1097 4360 et
1137 4307 1290 4360 scient
1322 4305 1414 4377 [aL
1443 4302 1629 4374 sciant]
1659 4319 1830 4357 omnes
1856 4304 1974 4373 quia
2003 4318 2116 4373 qua:

532 4403 597 4456 de
621 4413 668 4455 te
695 4400 968 4454 audierunt
1007 4399 1139 4470 falsa
1167 4407 1281 4451 sunt
1298 4412 1316 4460 ;
1345 4397 1434 4452 sed
1463 4395 1684 4466 sequeris
1721 4405 1769 4448 et
1811 4395 1920 4464 ipse
1948 4407 2117 4449 custo-

533 4495 676 4548 diens
721 4492 924 4564 Legem,
970 4492 1033 4544 de
1060 4490 1290 4562 gentibus
1329 4498 1496 4541 autem
1535 4487 1623 4558 qui
1649 4486 1991 4549 crediderunt,
2027 4504 2118 4542 nos

535 4587 906 4649 mandavimus,
950 4583 1244 4654 judicantes
1290 4581 1420 4635 nihil
1461 4579 1712 4652 ejusmodi
1751 4595 1952 4634 servare
1975 4581 2111 4645 illos,

534 4677 636 4730 nisi
665 4684 718 4728 ut
745 4692 798 4729 se
827 4676 1079 4730 observent
1109 4672 1168 4726 ab
1208 4673 1363 4727 idolis
1402 4671 1686 4738 immolato,
1719 4681 1765 4726 et
1791 4689 1823 4725 α
1848 4673 2095 4744 sanguine

543 4714 616 4837 ἵε)
663 4776 711 4820 et
745 4714 797 4820 ἒ
834 4714 1167 4837 [ἓζιιίεαιὶοηε
1194 4714 1363 4835 (λέιῖ
1383 4763 1475 4818 21.
1506 4714 1576 4819 ἑο
1603 4773 1648 4817 et
1673 4714 1778 4835 'sqq

534 4857 750 4928 opinor,
779 4857 1066 4912 obscurum
1095 4865 1196 4922 cst,
1226 4865 1277 4911 et
1306 4855 1563 4912 Jacohum
1636 4857 1799 4928 766
1873 4855 2118 4912 hoc'ideo

601 4990 676 5064 ςᾳ)
702 4989 1016 5064 ξξάθηιεβςοὶῃ
1037 4987 1235 5060 epistola
1256 4989 1464 5064 qualibet
1485 5003 1502 5062 ς
1531 4995 1705 5064 quanto
1726 4988 1900 5064 magis,
1927 4997 2022 5039 etc.

596 5051 675 5117 (lt)
705 5051 1429 5117 Benedictiui,quinoverant;
1455 5051 1552 5100 nisi
1569 5052 1609 5099 si
1637 5051 2006 5117 lypophetarum
2043 5056 2121 5101 cst

534 5111 782 5168 mendum.
813 5114 978 5164 Acttr.
1003 5111 1092 5164 Ξιζ
1108 5115 1184 5164 25.
1235 5113 1335 5164 Viri
1369 5121 1572 5177 quatuor
1596 5111 1765 5161 volunt
1790 5111 2015 5161 [tabentes
2036 5126 2119 5162 su-

595 5191 711 5227 1⁸88.

533 5193 1012 5302 Ρέξεςελίιπιίθηοηις
1035 5247 1143 5301 post
1164 5237 1426 5302 Erasmum‘
1443 5236 1660 5300 plurium
1683 5245 1908 5302 numero,
1934 5243 2120 5302 a__Pro-

531 5294 714 5359 rhetis,
757 5301 884 5364 quod
909 5294 1152 5350 Victorius
1173 5300 1288 5349 olim
1313 5294 1636 5360 castigavcrat
1655 5329 1669 5356 ,
1711 5307 1821 5342 cum
1853 5294 1916 5343 de
1953 5295 2120 5359 Moyse

532 5370 717 5412 tantum
741 5377 902 5411 sermo
924 5367 984 5412 sit

596 5425 674 5486 (d)
708 5424 924 5474 Brixiani
960 5423 1379 5486 apudVictoriutn
1419 5420 1533 5486 Mss.
1561 5415 1897 5486 discessionem
1934 5417 2047 5467 heic
2071 5427 2123 5470 et

532 5478 934 5555 paulosuperins,
951 5478 1004 5533 ut
1018 5484 1223 5555 Vulgata
1250 5483 1398 5550 editio
1423 5483 1672 5555 habetkct
1691 5478 1846 5555 graec.
1871 5491 2118 5555 destructas.

531 5539 630 5598 Sed
653 5539 982 5607 discissionetrt
1003 5539 1200 5607 j‘trol‘iant
1227 5544 1481 5607 superiora
1503 5540 1674 5607 verba,
1692 5539 1918 5607 A‘efasoest
1936 5547 1987 5589 ut
2011 5555 2120 5592 creo
2147 5573 2151 5577 ι

534 5608 696 5658 dentes
721 5608 769 5657 in
791 5598 1033 5656 Christum
1057 5598 1393 5656 discutdantur
1415 5615 1446 5650 α
1471 5601 1712 5662 Propheta
1735 5598 1930 5662 ciu-isti.

599 5667 663 5728 le)
701 5669 1026 5723 Suﬂiacatum,
1067 5665 1194 5728 quod
1233 5665 1423 5728 videtur
1447 5659 1632 5728 omitti,
1675 5659 1818 5708 facile
1854 5668 2052 5728 notatur
2071 5691 2122 5714 τ..

531 5722 799 5795 sanguine;
820 5743 929 5781 nam
953 5722 1077 5778 etin
1087 5722 1285 5789 'aliquot
1309 5725 1490 5777 Graecis
1513 5724 1646 5773 libris
1667 5747 1730 5774 ut
1751 5735 1892 5773 πνικτὸν
1914 5722 2114 5775 deside-

533 5803 683 5844 ratur.

1803 353 2041 415 SANCTI
2082 323 2460 410 oratiomihi

2208 466 2502 532 monuisse,
2531 472 2589 519 ut
2609 465 2807 522 scirent
2831 465 2962 523 lalsa
2987 481 3111 524 esse
3133 483 3250 539 quae
3271 465 3339 523 de
3355 465 3450 523 illo
3471 465 3773 535 audierant,

2206 555 2262 611 hi
2291 557 2382 627 qui
2418 570 2541 611 cum
2585 555 2638 612 in
2665 555 2938 614 Christum
2968 573 3037 615 ex
3063 558 3262 615 Iudaeis
3299 557 3674 625 credidissent,
3697 568 3777 615 ta-

2203 661 2329 702 men
2351 646 2693 702 semulatores
2720 658 2874 703 erant
2894 648 3072 720 Legio,
3099 665 3167 705 ne
3191 665 3289 720 per
3307 649 3608 703 doctrinam
3627 648 3777 704 Chri-

2202 738 2293 802 sti,
2341 737 2487 792 vclut
2531 739 2812 810 sacrilega,
2855 755 2956 795 nec
2996 740 3108 796 Deo
3158 741 3444 796 mandante
3479 741 3775 812 conscripta

2201 825 2441 882 damnari
2462 837 2791 898 putarentur,
2813 846 2932 900 quae
2955 846 3049 900 per
3069 831 3283 902 Moysen
3302 832 3545 902 patribus
3571 831 3780 887 fuerant

2203 918 2499 972 ministrata
2530 936 2544 972 :
2578 919 2681 974 hoc
2715 921 2859 975 enim
2897 921 2965 976 de
3005 921 3168 977 Paulo
3200 923 3531 992 jactaverant
3559 937 3665 976 non
3705 922 3778 977 illi

2201 1011 2290 1080 qui
2314 1009 2678 1081 itttelligehant
2699 1026 2807 1082 quo
2831 1013 3012 1068 animo
3033 1029 3062 1066 a
3094 1013 3293 1069 Judzeis
3324 1015 3572 1070 ﬁdelibus
3597 1014 3778 1069 obser-

2201 1100 2313 1153 vari
2343 1109 2467 1155 tunc
2489 1103 2588 1156 ista
2612 1102 2895 1170 deberent,
2930 1116 3148 1174 propter
3165 1104 3646 1162 commendandam
3675 1105 3777 1160 sci-

2201 1189 2328 1245 licet
2370 1194 2740 1248 auctoritatem
2785 1195 3042 1261 divinam,
3085 1205 3140 1251 et
3179 1207 3638 1253 sacramentorum
3666 1196 3778 1252 illo-

2203 1298 2322 1337 rum
2369 1283 2740 1354 Propheticam
2791 1289 3147 1356 sanctitatem,
3198 1303 3302 1344 non
3347 1299 3569 1360 propter
3609 1289 3778 1360 adipi-

2203 1374 2456 1430 scendam
2503 1378 2750 1444 salutem,
2797 1395 2915 1449 qua:
2957 1380 3067 1451 jam
3099 1383 3152 1436 in
3178 1379 3394 1436 Christo
3421 1381 3774 1448 revelabatur,

2203 1476 2258 1521 et
2283 1483 2378 1538 per
2403 1468 2665 1539 baptismi
2695 1481 3090 1527 sacramentum
3122 1473 3558 1538 ministrabatnr;
3587 1472 3680 1528 sed
3706 1472 3778 1527 illi

2204 1557 2306 1613 hoc
2333 1558 2402 1613 de
2428 1559 2594 1615 Paulo
2635 1572 2964 1632 sparserant,
2996 1563 3084 1632 qui
3115 1563 3191 1618 sic
3216 1578 3278 1617 ea
3309 1563 3564 1618 volebant
3588 1562 3774 1618 obser-

2202 1649 2337 1714 vari,
2381 1658 2631 1720 tanquam
2677 1653 2793 1707 sine
2823 1652 2907 1707 his
2934 1654 2986 1707 in
3018 1652 3305 1722 Evangelio
3344 1652 3490 1708 salus
3516 1651 3782 1708 credenti-

2185 1734 2305 1794 ‘bus
2327 1753 2450 1795 esse
2469 1757 2573 1796 non
2594 1753 2794 1810 posset.
2815 1743 2992 1813 Ipsum
3015 1743 3154 1797 enim
3179 1752 3461 1799 senserant
3486 1743 3778 1799 vehemem

2205 1835 2464 1888 tissimum
2511 1836 2698 1904 gratias
2749 1835 3176 1906 praedicatorem,
3204 1845 3260 1891 et
3288 1837 3568 1891 intentioni
3595 1850 3778 1892 eorum

2203 1926 2439 1981 maxime
2465 1926 2772 1991 adversum,
2802 1929 3108 1991 docentem,
3140 1945 3246 1984 non
3273 1927 3344 2000 (Γ)
3373 1944 3471 1999 per
3499 1931 3586 1983 illa
3614 1929 3781 1985 homie

2203 2032 2326 2074 nem
2367 2019 2670 2089 justillcari,
2717 2022 2811 2077 sed
2841 2038 2936 2092 per
2961 2023 3182 2093 gratiam
3212 2021 3337 2078 Jesu
3379 2022 3600 2088 Christi,
3630 2023 3779 2093 cujus

2203 2110 2622 2178 prmnuntianda:
2660 2127 2845 2176 causa,
2879 2113 2982 2166 illa:
3011 2113 3210 2167 umbras
3259 2113 3311 2167 in
3351 2111 3492 2183 Lege
3523 2113 3782 2168 mandatas

2202 2210 2344 2254 sunt.
2377 2200 2444 2254 Et
2473 2200 2593 2256 ideo
2621 2201 2712 2258 ille
2740 2202 2993 2257 invidiam
3020 2213 3073 2256 et
3107 2204 3532 2273 persecutionem
3559 2204 3780 2258 molien-

2203 2298 2283 2346 tes
2306 2293 2602 2360 concitare,
2649 2302 2898 2363 tanquam
2927 2294 3200 2349 inimicum
3231 2296 3358 2364 legis
3384 2295 3780 2350 mandatorum-

2202 2398 2308 2452 que
2334 2384 2638 2440 divinorum
2666 2387 3088 2442 criminabantur
3118 2406 3131 2441 :
3165 2387 3316 2456 cujus
3353 2387 3502 2442 falsas
3527 2389 3782 2443 crimina-

2206 2474 2364 2528 tionis
2409 2475 2659 2528 invidiam
2702 2476 3083 2546 congruentius
3137 2478 3374 2532 devitarc
3419 2493 3525 2532 non
3578 2489 3776 2548 posset,

2203 2579 2360 2634 quam
2392 2574 2450 2620 ut
2490 2581 2552 2621 ea
2585 2568 2696 2635 ipsa
2728 2568 3042 2635 celebraret,
3088 2585 3206 2640 qua:
3232 2569 3487 2625 damnare
3531 2579 3778 2640 tanquam

2204 2655 2463 2725 sacrilega
2514 2659 2832 2724 putabatur;
2879 2667 3036 2727 atque
3075 2659 3146 2713 ita
3189 2659 3516 2724 ostenderet,
3549 2675 3648 2715 nec
3688 2660 3781 2715 Ju-

2203 2744 2350 2798 dmos
2396 2755 2521 2800 tunc
2561 2747 2629 2802 ab
2675 2749 2754 2802 eis
2785 2758 3036 2818 tanquam
3070 2765 3099 2803 a
3129 2749 3348 2805 uelariis
3395 2750 3777 2820 prohibendos,

2206 2849 2303 2890 nec
2331 2839 2556 2906 gentiles
2598 2839 2665 2894 ad
2714 2854 2776 2895 ea
2823 2852 3074 2910 tanquam
3103 2840 3169 2895 ad
3199 2842 3502 2896 necessaria
3543 2842 3781 2912 compelo

2206 2927 2412 2983 lentlos.
2452 2946 2471 2979 ι

2279 3018 2368 3073 10.
2399 3037 2417 3070 t
2443 3019 2574 3074 Nam
2594 3021 2638 3075 si
2667 3037 2851 3078 revera
2879 3024 2957 3080 sic
2983 3038 3044 3080 ea
3075 3011 3406 3093 reprobaret,
3438 3025 3784 3094 quemadmo-

2207 3106 2332 3162 dum
2359 3110 2424 3164 de
2454 3111 2545 3166 illo
2573 3113 2814 3169 auditum
2847 3124 2979 3178 erat.
3015 3125 3070 3171 et
3097 3115 3216 3170 ideo
3257 3117 3575 3171 celebranda
3604 3118 3776 3172 susci-

2209 3211 2381 3271 peret,
2444 3214 2501 3257 ut
2544 3205 2754 3260 actione
2794 3207 3040 3262 simulata
3083 3223 3232 3262 suam
3283 3219 3463 3278 posset
3509 3210 3778 3266 occultare

2207 3296 2550 3361 sontentiam,
2585 3312 2689 3350 non
2722 3299 2770 3350 ei
2800 3298 3028 3364 diceret,
3059 3298 3309 3361 Iacobus,
3333 3312 3378 3352 et
3399 3301 3557 3353 scient
3576 3317 3743 3354 omnes
3764 3313 3788 3352 :

2207 3383 2303 3438 sed
2332 3383 2554 3450 diceret,
2583 3395 2628 3439 et
2655 3388 2898 3455 putabant
2927 3405 3117 3451 omnes,
3151 3390 3387 3456 quoniam
3407 3406 3523 3460 qua:
3547 3390 3609 3443 de
3629 3401 3674 3444 te
3693 3407 3785 3444 au-

2209 3474 2429 3538 dierunt,
2472 3477 2606 3546 falsa
2646 3489 2764 3532 sunt
2804 3478 2937 3549 (Act.
2971 3479 3062 3533 2|.
3107 3479 3222 3550 24),
3269 3480 3561 3550 [ιηεεετιίηι
3587 3483 3704 3551 quia
3733 3482 3787 3535 in

2211 3565 2340 3635 ipsis
2365 3565 2719 3639 Jerosolymis
2752 3570 2988 3638 Apostoli
3011 3570 3120 3639 jam
3147 3570 3517 3636 decreverant,
3551 3589 3615 3626 ne
3639 3574 3785 3642 quis‘

2211 3672 2370 3726 quam
2393 3668 2580 3729 gentes
2605 3672 2820 3730 cogeret
2843 3662 3118 3731 jndnizare
3149 3677 3163 3714 :
3197 3679 3301 3716 non
3334 3672 3512 3718 autem
3536 3665 3788 3719 decreve‘

2213 3757 2335 3804 rant
2361 3766 2428 3804 ne
2449 3751 2732 3822 quisquam
2759 3763 2885 3808 tunc
2907 3754 3122 3809 Judteos
3140 3754 3412 3823 judaizare
3439 3757 3744 3825 prohiberet
3767 3773 3781 3810 :

2212 3841 2454 3908 quamvis
2480 3842 2642 3896 etiam
2675 3845 2816 3912 ipsos
2840 3843 2950 3912 jam
2977 3843 3217 3898 doctrina
3246 3843 3544 3900 Christiana
3578 3862 3680 3900 tton
3702 3862 3790 3901 cod

2213 3939 2385 3996 geret.
2435 3930 2668 3986 Proinde
2709 3934 2755 3987 si
2807 3944 2926 4003 post
2955 3933 3056 3988 hoc
3087 3935 3461 4003 Apostolorum
3491 3936 3786 3999 decretum,

2215 4018 2402 4074 Petrus
2445 4021 2628 4076 habuit
2673 4024 2814 4078 illam
2846 4025 2898 4078 in
2929 4026 3208 4080 Antiochia
3239 4027 3656 4094 simulationem,
3689 4043 3789 4098 qua

2215 4121 2401 4178 gentes
2430 4123 2648 4182 cogeret
2673 4114 2972 4189 judaizare,
3003 4115 3146 4186 quod
3169 4117 3278 4184 jam
3306 4133 3407 4171 nec
3431 4118 3544 4186 ipse
3568 4119 3791 4189 cogeha-

2219 4211 2324 4268 tttr,
2355 4205 2597 4272 quamvis
2619 4214 2838 4276 propter
2854 4208 3274 4262 commendanda
3303 4208 3511 4277 eloquia
3537 4209 3655 4274 Dei,
3677 4224 3792 4279 quas

2217 4289 2415 4346 Iudaeis
2439 4302 2564 4348 Sunt
2590 4297 2810 4362 credita,
2844 4312 2946 4351 non
2975 4298 3388 4366 prohibebatur;
3438 4300 3565 4366 quid
3607 4300 3794 4354 mirum

2218 4381 2262 4434 si
2289 4382 2685 4452 constringchat
2709 4401 2828 4439 cum
2849 4387 3043 4441 Paulus
3114 4387 3272 4458 767
3347 4388 3792 4454 lihcreasserere,

2219 4471 2360 4540 quod
2391 4488 2512 4526 cum
2555 4483 2770 4530 caeteris
2814 4479 3088 4546 Apostolts
3131 4492 3192 4532 se
3237 4476 3594 4551 Jerosolymis
3615 4477 3795 4536 dicre-

2221 4577 2361 4616 VISSC
2385 4575 2720 4620 meminerat.
2773 4587 2792 4620 ι

2294 4655 2380 4708 11.
2409 4673 2427 4706 t
2454 4656 2508 4708 Si
2539 4667 2717 4712 autem
2737 4658 2858 4724 hoc,
2881 4661 3020 4728 quod
3050 4661 3217 4731 magis
3241 4663 3497 4729 arbitror,
3527 4671 3650 4718 ante
3675 4659 3800 4716 illud

2220 4743 2726 4816 Jerosolymitanum
2777 4753 3061 4805 concilium
3105 4753 3298 4807 Petrus
3343 4753 3471 4808 fecit
3524 4771 3538 4807 :
3585 4767 3684 4807 nec
3727 4752 3800 4806 sic

2223 4848 2416 4902 mirum
2447 4851 2548 4908 cst,
2576 4843 2716 4914 quod
2749 4859 2870 4898 eum
2898 4844 3111 4899 Volebat
3137 4845 3332 4899 Paulus
3359 4863 3466 4902 non
3496 4849 3679 4904 timide
3703 4849 3796 4904 oh-

2223 4949 2424 5010 tegere,
2453 4939 2546 4994 sed
2577 4938 2802 4992 ﬁdenter
2830 4952 3093 5000 asserere,
3122 4938 3262 5007 quod
3294 4954 3418 4993 eum
3448 4942 3652 5010 pariter
3675 4957 3802 4996 sen-

2226 5033 2326 5084 tire
2350 5029 2460 5098 jam
2493 5035 2734 5092 noverat,
2768 5027 2883 5082 sive
2908 5027 3049 5097 quod
3073 5042 3192 5081 cum
3215 5041 3281 5082 eo
3303 5031 3610 5084 contulerat
3631 5030 3805 5085 Evan-

2223 5121 2445 5193 gelittm,
2481 5124 2595 5176 sive
2621 5119 2765 5191 quod
2798 5120 2851 5173 in
2872 5118 3111 5174 Cornelii
3136 5121 3482 5177 Centurionis
3505 5126 3803 5192 vocatione,

2225 5215 2385 5268 etiam
2411 5212 2668 5267 divinitus
2695 5227 2818 5266 eum
2845 5211 2912 5266 de
2941 5210 3040 5266 hac
3067 5227 3122 5267 re
3144 5213 3480 5268 admonitum
3507 5224 3802 5284 acceperat,

2226 5305 2337 5360 sive
2387 5303 2526 5373 quod
2568 5315 2855 5373 antequam
2909 5304 2984 5358 illi
3035 5319 3169 5372 quos
3210 5304 3486 5370 timuerat,
3538 5307 3808 5360 venissent

2226 5394 2588 5459 Antiochiam,
2637 5408 2759 5448 cum
2807 5395 3057 5464 gentibus
3116 5411 3236 5450 eum
3281 5396 3530 5449 cttnvesci
3582 5396 3808 5450 viderat.

2226 5486 2410 5556 Neque
2461 5486 2604 5541 enim
2647 5501 2900 5558 negamus
2952 5487 3005 5542 in
3055 5487 3154 5542 hac
3197 5497 3465 5542 sententia
3515 5487 3682 5544 fuisse
3705 5489 3810 5558 jam

2291 5661 2348 5728 (ι’)
2365 5663 2633 5728 ,Εηρηιιιῐη
2655 5665 2818 5714 denuo
2847 5672 3048 5716 secutus
3065 5665 3286 5714 Martian.
3309 5677 3396 5728 per
3421 5665 3560 5716 illam
3580 5679 3597 5728 ;
3620 5679 3730 5715 cum
3749 5674 3813 5714 ta-

2223 5725 2344 5791 men
2364 5725 2538 5791 legalia
2557 5765 2569 5784 ,
2595 5727 2660 5791 de
2683 5730 2859 5781 quibus
2895 5741 3039 5791 supra
3067 5728 3287 5786 dixerat,
3309 5725 3540 5777 docuerit
3565 5727 3648 5777 diu
3673 5739 3812 5776 antea

2227 5788 2466 5839 Victorius
2485 5789 2758 5848 signiﬁcari.
