4088 6336
313 425 414 484 941

317 539 556 602 Petrum,
586 532 638 588 in
663 544 764 602 qua
791 536 847 586 et
873 525 1073 585 Paulus
1105 525 1224 581 fuit.
1252 523 1368 582 Non
1397 523 1579 595 itaque
1607 530 1733 578 tunc
1758 537 1886 578 eum

317 627 444 700 quid
475 627 528 680 in
553 632 617 682 ea
647 638 708 680 re
735 636 917 676 verum
945 627 1093 676 esset
1117 617 1363 682 docebat,
1395 615 1490 672 sed
1521 614 1637 684 ejus
1672 613 1892 669 simula-

318 720 540 782 tionem,
569 731 674 788 qua
701 723 891 786 gentes
915 713 1193 782 judaizare
1237 709 1585 781 cogebantur,
1613 705 1892 776 arguebat,

320 826 425 868 non
457 809 528 865 ob
571 807 738 872 aliud,
789 807 891 861 nisi
921 807 1043 876 quia
1090 804 1168 860 sic
1216 803 1308 857 illa
1359 801 1539 857 omnia
1567 797 1897 852 simulatoria

319 899 659 974 gerebantur,
713 908 967 968 tanquam
1010 910 1197 952 verum
1239 901 1384 950 esset
1425 890 1569 960 quod
1619 889 1698 943 illi
1753 887 1900 942 dice-

321 996 472 1058 bant,
522 992 611 1061 qui
656 991 776 1046 sine
819 988 1233 1045 circumcisione
1278 983 1522 1056 przeputii
1573 989 1734 1049 atque
1778 977 1901 1032 aliis

323 1081 808 1148 observationibus,
837 1096 958 1152 qua:
989 1079 1192 1135 umbra:
1219 1085 1372 1133 erant
1399 1075 1720 1140 futurorum,
1750 1078 1903 1140 puta-

323 1177 452 1233 bant
478 1173 760 1232 credentes
782 1174 958 1228 salvos
987 1186 1107 1227 esse
1132 1185 1237 1225 non
1265 1183 1442 1238 posse.
1481 1187 1501 1222 ο

395 1263 486 1320 12.
530 1281 551 1315 «
594 1263 735 1334 Ergo
773 1271 827 1318 et
853 1260 1194 1316 Timotheum
1223 1259 1558 1315 circumcidit
1584 1268 1864 1330 propterea
1885 1297 1902 1324 ,

324 1370 394 1410 ne
436 1353 660 1418 Judaeis,
705 1360 762 1409 et
806 1352 1039 1406 maxime
1063 1350 1370 1420 cognationi
1401 1352 1517 1418 ejus
1543 1358 1802 1405 materna:
1825 1350 1906 1404 sic

326 1445 658 1510 viderentur,
687 1442 775 1512 qui
799 1457 862 1496 ex
886 1441 1132 1512 gentibus
1155 1441 1208 1494 in
1235 1438 1512 1494 Christum
1541 1439 1903 1506 crediderant,

327 1535 586 1592 detestari
641 1533 1110 1589 circumcisionem
1155 1549 1169 1585 :
1218 1533 1358 1588 sicut
1407 1531 1702 1586 idololatria
1754 1531 1907 1586 dete-

331 1628 520 1684 standa
551 1634 657 1692 est,
701 1642 822 1682 cum
868 1626 1013 1680 illam
1062 1625 1204 1680 Deus
1238 1623 1352 1677 fieri
1405 1623 1740 1693 praeceperit,
1771 1621 1910 1676 hanc

330 1720 556 1778 Satanas
585 1717 913 1788 persuaserit
961 1734 974 1769 :
1022 1715 1089 1770 Et
1128 1715 1307 1770 Titum
1353 1723 1635 1785 propterea
1667 1729 1774 1767 non
1803 1713 1910 1766 cir-

333 1807 610 1874 cumcidit,
643 1822 712 1864 ne
741 1807 1082 1862 occasionem
1112 1804 1263 1860 daret
1293 1805 1374 1858 eis
1403 1803 1496 1873 qui
1519 1801 1596 1876 (a)
1642 1803 1758 1858 sine
1804 1802 1910 1856 ulla

332 1898 743 1956 circumcisione
791 1895 1043 1951 dicebant
1085 1895 1368 1951 credentes
1413 1895 1591 1949 salvos
1643 1909 1766 1949 esse
1805 1909 1911 1948 non

335 2003 516 2061 posse,
542 1999 598 2044 et
621 1987 689 2042 ad
711 1986 1086 2057 deceptionem
1109 1986 1348 2056 gentium
1376 1985 1478 2039 hoc
1503 1985 1665 2040 etiam
1690 1983 1912 2040 Paulum

337 2081 542 2138 sentire
564 2079 854 2150 jactarent.
885 2078 1036 2144 Quod
1069 2079 1182 2145 ipse
1212 2077 1345 2132 satis
1372 2075 1657 2146 significat,
1688 2075 1778 2128 ubi
1818 2074 1912 2128 ait.

339 2171 445 2228 Sed
487 2187 646 2241 neque
694 2169 836 2226 Titus
864 2171 949 2238 qui
995 2185 1189 2222 mecum
1230 2176 1338 2223 erat
1381 2184 1496 2220 cum
1537 2153 1918 2222 esset'Grazcus

337 2263 634 2332 compulsus
662 2270 736 2315 est
763 2259 1063 2314 circumcidi
1094 2274 1112 2311 :
1155 2267 1361 2327 propter
1388 2257 1797 2312 subintroductos
1826 2274 1918 2311 nu-

339 2361 438 2408 tem
463 2350 624 2420 falsos
648 2353 853 2420 fratres,
882 2349 967 2416 qui
995 2347 1389 2402 subintroierant
1425 2348 1730 2418 perscrutari
1767 2347 1921 2401 liber-

341 2452 498 2498 tatem
529 2449 771 2503 nostram,
801 2448 856 2492 ut
885 2456 977 2493 nos
1006 2439 1059 2492 in
1087 2439 1376 2493 servitutem
1400 2439 1702 2508 redigerent,
1743 2439 1921 2508 quibus

341 2551 433 2590 nec
459 2537 529 2590 ad
557 2538 735 2592 horam
761 2539 999 2592 cessimus
1035 2536 1334 2606 subjectioni
1362 2535 1455 2608 [aL
1487 2535 1838 2606 subjectione],
1867 2544 1922 2588 ut

343 2627 526 2682 ueritas
573 2626 840 2698 Evangelii
869 2635 1183 2698 permaneret
1210 2624 1303 2697 [aL
1332 2623 1645 2698 permaneat]
1671 2625 1811 2695 apud
1836 2640 1922 2678 vos

343 2713 492 2784 (Gal.
542 2715 597 2769 2.
647 2717 700 2771 3.
749 2717 804 2771 4.
852 2715 930 2787 5).
959 2716 1093 2770 liinc
1122 2715 1220 2788 [ιιι.
1256 2714 1378 2787 Hic]
1422 2727 1642 2784 apparet
1673 2715 1799 2785 quid
1828 2729 1922 2771 eos

343 2814 561 2875 captare
589 2806 933 2872 intellexerit,
965 2816 1024 2861 ut
1052 2823 1157 2862 non
1187 2806 1388 2862 faceret
1404 2807 1544 2877 quod
1565 2807 1616 2860 in
1635 2805 1922 2861 Timotheo

344 2892 570 2962 iecerat,
600 2896 821 2965 etquod
851 2911 912 2950 ea
942 2896 1190 2951 libertate
1235 2895 1411 2951 facere
1438 2903 1668 2976 poterat,
1699 2896 1778 2966 (b)
1821 2910 1923 2965 qua

345 2986 658 3043 ostenderat
680 2988 772 3042 illa
799 2998 1157 3052 sacramenta,
1204 3003 1305 3044 nec
1334 2996 1585 3057 tanquam
1623 2987 1925 3042 necessaria

347 3076 543 3133 debere
583 3079 784 3148 appeti,
817 3094 917 3134 nec
966 3088 1217 3148 tanquam
1261 3077 1524 3148 sacrilega
1578 3076 1778 3134 debere
1830 3076 1927 3131 da-

347 3168 542 3223 mnari.
591 3187 612 3221 ι

420 3259 509 3314 15.
556 3276 576 3310 ς
623 3258 727 3315 Sed
756 3259 1048 3316 cavendum
1079 3270 1161 3316 est
1189 3259 1441 3316 videlicet
1469 3261 1524 3316 in
1555 3259 1657 3316 hac
1680 3261 1925 3331 diSputa-

351 3350 520 3415 tione,
551 3363 620 3404 ne
658 3349 797 3404 sicut
825 3350 1160 3420 Phil050phi,
1190 3349 1435 3420 quaedam
1466 3348 1606 3405 facta
1649 3352 1926 3406 hominum

349 3438 522 3496 media
567 3439 826 3506 dicamus,
875 3443 1015 3496 inter
1063 3454 1214 3497 reete
1257 3441 1452 3496 factum
1499 3450 1554 3497 et
1602 3450 1926 3512 peccatum:

351 3545 471 3600 qua:
519 3546 691 3601 neque
721 3531 773 3586 in
803 3542 952 3587 recte
979 3532 1153 3597 factis,
1183 3547 1360 3602 neque
1386 3533 1439 3586 in
1467 3534 1707 3602 peccatis
1734 3548 1926 3588 nume-

351 3629 569 3680 rentur:
645 3622 808 3694 768
879 3632 934 3677 et
982 3638 1266 3692 urgeamur
1310 3637 1398 3686 eo,
1449 3623 1593 3693 quod
1640 3623 1930 3678 observare

351 3709 511 3780 Legis
554 3713 901 3768 caeremonias
947 3728 1055 3767 non
1102 3720 1277 3780 potest
1321 3726 1442 3766 esse
1471 3711 1806 3779 indifferens,
1834 3711 1931 3767 sed

353 3810 447 3860 aut
475 3801 693 3870 bonum,
723 3811 816 3857 aut
840 3803 1059 3856 malum.
1101 3801 1173 3859 Ut
1195 3803 1240 3856 si
1274 3802 1470 3856 bonum
1497 3801 1812 3866 dixerimus,
1839 3816 1933 3857 cas

352 3906 452 3947 nos
494 3907 705 3964 quoque
745 3892 1032 3947 observare
1075 3906 1363 3961 cogamus;
1411 3893 1456 3946 si
1483 3901 1660 3948 autem
1691 3893 1930 3958 malum,

353 3997 460 4037 non
491 3997 636 4046 vere.
668 3982 763 4037 sed
793 3982 1043 4037 simulate
1067 3982 1135 4036 ab
1166 3982 1441 4050 Apostolis
1469 3982 1782 4038 observatas
1809 3997 1931 4038 esse

352 4073 656 4130 credamus.
703 4073 818 4144 Ego
863 4088 992 4128 vero
1019 4073 1313 4142 Apostolis,
1348 4088 1455 4128 non
1485 4082 1592 4128 tam
1620 4074 1930 4142 exemplum

354 4162 804 4235 Philosophorum
837 4166 1020 4227 timeo,
1052 4164 1266 4235 quando
1296 4171 1353 4218 et
1379 4164 1453 4218 illi
1483 4165 1536 4218 in
1563 4178 1659 4218 sua
1685 4163 1931 4233 disputa-

353 4255 501 4311 tione
528 4257 641 4312 veri
665 4256 869 4328 aliquid
895 4256 1100 4322 dicunt,
1125 4271 1285 4326 quam
1311 4255 1608 4312 forensium
1635 4255 1930 4311 advocato-

353 4359 494 4411 rum,
523 4345 740 4418 quando
769 4347 822 4402 in
853 4346 1148 4403 alienarum
1201 4361 1485 4402 causarum
1531 4347 1746 4402 actione
1771 4362 1927 4423 men-3

353 4439 578 4494 tiuntur.
622 4438 861 4507 Quorum
904 4440 1221 4506 similitudo,
1269 4440 1315 4494 si
1346 4442 1398 4494 in
1427 4441 1543 4509 ipsa
1587 4439 1926 4510 expositione

356 4529 602 4597 epistola:
642 4529 710 4585 ad
741 4531 958 4586 Galatas
982 4531 1051 4586 ad
1079 4531 1499 4587 conﬁrmandam
1527 4532 1925 4587 simulationem

353 4617 498 4673 Petri
548 4629 604 4673 et
647 4619 794 4672 Pauli
825 4628 1007 4688 putata
1035 4629 1120 4675 est
1147 4621 1400 4676 decenter
1426 4621 1640 4686 induci;
1670 4621 1798 4692 quid
1828 4637 1930 4692 ego

352 4707 498 4778 apud
546 4717 600 4763 te
648 4709 866 4763 timeam
912 4723 1106 4763 nomen
1149 4709 1636 4780 PliilOSOphorum,
1685 4713 1777 4781 qui
1821 4727 1929 4767 non

351 4809 637 4872 propterea
682 4799 803 4854 vani
851 4808 996 4865 sunt,
1040 4799 1163 4870 quia
1208 4801 1386 4855 omnia
1436 4801 1566 4856 falsa
1595 4803 1798 4868 dicunt,
1830 4803 1931 4859 sed

349 4891 476 4966 quia
519 4899 574 4947 et
616 4889 763 4946 falsis
793 4890 1061 4960 plerisque
1088 4889 1384 4955 conﬁdunt,
1414 4899 1470 4945 et
1499 4891 1587 4946 ubi
1616 4907 1742 4946 vera
1771 4893 1930 4948 inve-

350 4981 575 5036 niuntur
601 4979 802 5047 dicere,
829 4995 860 5034 a
885 4978 1080 5036 Christi
1106 4981 1304 5052 gratia,
1337 4979 1428 5051 qui
1457 4989 1541 5036 est
1566 4981 1678 5051 ipsa
1706 4984 1929 5050 veritas,

349 5073 512 5128 alieni
542 5079 685 5127 sunt.
722 5091 744 5125 ι

423 5164 512 5220 ﬂ.
561 5182 582 5218 s
613 5163 721 5219 Cur
739 5171 915 5218 autem
939 5177 1046 5219 non
1073 5163 1246 5218 dicam
1279 5173 1546 5234 praecepta
1571 5165 1658 5219 illa
1685 5173 1928 5222 veterum

347 5263 806 5310 sacramentorum
830 5268 930 5308 nec
953 5253 1087 5308 bona
1115 5269 1255 5317 esse,
1282 5256 1406 5325 quia
1435 5271 1539 5309 non
1569 5256 1646 5310 eis
1672 5255 1926 5312 homines

345 5347 740 5417 justifiesntur;
773 5344 976 5400 umbrat
1017 5345 1162 5400 enim
1191 5354 1316 5399 sunt
1342 5347 1762 5416 praenuntiantes
1796 5363 1927 5418 gra-

350 5440 500 5506 tiam,
546 5455 648 5509 qua
672 5436 1034 5508 justiﬁcamur
1064 5453 1078 5490 :
1107 5452 1206 5491 nec
1233 5446 1411 5493 tamen
1440 5439 1600 5505 mala,
1631 5442 1753 5511 quia
1780 5440 1925 5496 divi-

351 5530 496 5586 nitus
541 5538 804 5598 praecepta
848 5534 995 5594 sunt,
1027 5527 1356 5596 temporibus
1397 5530 1750 5600 personisque
1774 5545 1924 5590 con-

418 5680 481 5735 lal
516 5683 825 5736 Benedictini
848 5683 950 5735 sine
967 5681 1055 5733 illa
1069 5680 1447 5740 circumcisione,
1476 5689 1575 5731 tum
1591 5684 1688 5734 duo
1708 5685 1928 5738 Vaticani

351 5745 477 5808 Mss.»
491 5757 583 5796 non
605 5759 759 5808 posse,
776 5751 822 5797 et
843 5744 896 5808 id
919 5751 1176 5808 rotorem
1199 5741 1407 5808 gentium
1428 5743 1620 5808 sentire.

413 5804 481 5863 Ιοι
522 5804 636 5858 Mss".
659 5804 752 5860 sex
775 5807 898 5870 apud
918 5804 1284 5868 Benedictitios,
1311 5817 1406 5868 qua
1420 5805 1701 5860 ostenderet.

1623 387 1628 391 ’
1673 407 2002 465 EPISTOLA
2040 406 2226 465 cxvr.

3467 407 3575 466 912

1999 520 2246 592 gruentia
2307 534 2324 572 :
2389 531 2620 589 cumque
2661 532 2750 576 me
2792 520 3006 591 adjuvet
3047 523 3208 579 etiam
3249 523 3570 594 prophetica

1999 610 2284 677 sententia,
2313 625 2416 680 qua
2445 609 2575 664 dicit
2604 610 2747 664 Deus
2774 627 2834 666 se
2860 614 2934 667 illi
2963 614 3160 684 populo
3188 615 3402 672 dedisse
3433 633 3575 688 pra:-

2001 713 2145 774 cepta
2174 719 2275 758 non
2297 703 2428 757 bona
2453 702 2666 774 (Ezeclt.
2697 703 2789 758 20.
2819 703 2913 773 23)
2941 705 2963 758 ?
2991 707 3153 761 Forte
3185 707 3328 762 enim
3360 716 3578 778 propte-

2002 810 2092 851 rea
2136 810 2240 850 non
2285 795 2420 850 dixit
2460 795 2632 860 mala;
2682 795 2777 850 sed
2829 803 3038 850 tantum
3066 812 3170 852 non
3201 797 3363 862 bona,
3391 799 3443 853 id
3471 809 3576 866 est,

2002 901 2109 940 non
2139 885 2281 952 talia,
2317 895 2374 940 ιιι
2415 885 2521 940 illis
2564 884 2808 940 homines
2855 885 2980 939 boni
3015 885 3166 951 (iant,
3195 897 3290 942 aut
3315 889 3430 943 sine
3477 889 3582 943 illis

2005 976 2130 1032 boni
2160 992 2265 1032 non
2296 977 2443 1032 fiant.
2471 976 2672 1032 Vellem
2699 992 2783 1030 me
2804 977 3018 1032 doceret
3048 978 3275 1048 benigna
3300 979 3583 1034 sinceritas

2008 1076 2117 1133 tua,
2173 1076 2348 1121 utrum
2397 1067 2646 1122 simulate
2690 1068 2968 1137 quisquam
3030 1076 3250 1122 sanctus
3306 1069 3584 1124 orientalis

2006 1172 2127 1212 cum
2175 1157 2396 1211 Romam
2426 1159 2655 1225 venerit,
2683 1159 2894 1228 jejunet
2937 1158 3180 1226 sabbato,
3222 1170 3448 1229 excepto
3491 1160 3583 1214 illo

2007 1247 2097 1302 die
2121 1247 2392 1303 Paschalis
2413 1249 2626 1317 vigilite.
2652 1248 2805 1314 Quod
2826 1249 2870 1302 si
2899 1249 3098 1302 malum
3124 1263 3243 1303 esse
3267 1248 3584 1313 dixerimus,

2009 1352 2115 1392 non
2145 1339 2317 1393 solum
2348 1338 2646 1392 lloniauam
2673 1338 2988 1403 Ecclesium,
3020 1339 3114 1393 sed
3137 1340 3297 1394 etiam
3322 1337 3392 1410 (c)
3422 1341 3586 1395 intrita

2010 1429 2059 1483 ei
2109 1428 2303 1493 vicina,
2350 1438 2406 1482 et
2454 1429 2727 1499 aliquanto
2759 1431 3046 1484 remotiora
3075 1431 3468 1496 damnabimus,
3500 1430 3588 1484 ubi

2011 1533 2130 1574 tuos
2173 1519 2312 1574 idem
2361 1529 2574 1574 tenetur
2599 1531 2656 1574 et
2683 1531 2882 1575 manet.
2914 1521 2969 1575 Si
3000 1531 3178 1576 autem
3211 1537 3314 1576 non
3339 1522 3588 1591 jejnnare

2012 1611 2235 1665 sabbato
2277 1612 2475 1666 tnalum
2507 1614 2893 1682 putaverimus,
2926 1623 3004 1669 tot
3032 1614 3301 1670 Ecclesias
3330 1616 3586 1683 Orientis,

2013 1711 2068 1757 et
2111 1702 2281 1756 multo
2326 1703 2582 1771 majorem
2611 1705 2758 1758 Orbis
2797 1702 3083 1760 Christiani
3118 1717 3344 1775 partem,
3377 1722 3479 1776 qua
3513 1718 3593 1761 te-

2013 1792 2260 1846 meritate
2304 1793 2736 1848 criminabimur?
2784 1795 3034 1852 Placetne
3080 1797 3195 1862 tibi,
3248 1807 3304 1851 nt
3357 1798 3592 1854 medium

2015 1881 2266 1951 quiddam
2297 1897 2416 1937 esse
2458 1882 2719 1951 dicamus,
2751 1885 2891 1954 quod
2937 1895 3114 1941 tamen
3157 1890 3488 1957 acceptabile
3520 1891 3592 1944 sit

2017 1972 2088 2034 ei,
2132 1973 2219 2041 qui
2269 1972 2371 2028 hoc
2402 1989 2508 2028 non
2554 1975 2828 2038 simulate,
2859 1977 2954 2032 sed
2982 1981 3296 2048 congruenti
3325 1982 3590 2036 societate

2018 2073 2177 2132 atque
2221 2063 2557 2119 observantia
2589 2065 2816 2121 fecerit?
2846 2066 2914 2121 Et
2944 2077 3122 2122 tamen
3153 2069 3286 2132 nihil
3317 2071 3439 2124 inde
3467 2072 3601 2138 legi-

2021 2171 2141 2210 mus
2170 2155 2221 2209 in
2247 2155 2529 2211 Canonicis
2558 2158 2709 2212 libris
2737 2168 3065 2228 praeceptum
3090 2175 3211 2215 esse
3237 2161 3556 2216 Christianis
3584 2181 3600 2216 :

2021 2256 2221 2316 quanto
2267 2248 2437 2318 magis
2483 2248 2612 2302 illud
2655 2249 2856 2304 malum
2885 2249 3064 2306 dicere
3092 2266 3196 2305 non
3226 2250 3423 2318 audeo,
3455 2252 3600 2322 quod

2023 2337 2192 2393 Deum
2241 2339 2566 2408 praecepisse
2608 2340 2724 2410 ipsa
2770 2341 3075 2396 Christiana
3117 2342 3221 2397 fide
3267 2359 3462 2414 negare
3494 2359 3602 2400 non

2023 2442 2246 2496 passum
2274 2445 2288 2480 :
2319 2442 2422 2498 qua
2465 2427 2560 2500 (al.
2597 2430 2717 2499 quia
2761 2429 2922 2485 didici
2955 2447 3059 2485 non
3088 2447 3156 2486 eo
3185 2448 3270 2486 me
3295 2433 3600 2502 justilicari,

2024 2519 2119 2574 sed
2163 2520 2335 2588 gratia
2380 2519 2476 2574 Dei
2517 2533 2612 2589 per
2656 2519 2836 2577 Jesum
2890 2521 3167 2577 Christum
3195 2523 3478 2578 Dominum
3504 2539 3605 2580 no-

2025 2610 2228 2664 strum?
2273 2625 2294 2659 s
2971 2655 2985 2667 .

2099 2700 2184 2754 15.
2233 2718 2252 2752 ε
2280 2700 2407 2754 Dico
2431 2715 2559 2770 ergo
2584 2702 3044 2758 circumcisionem
3095 2707 3359 2774 praeputii,
3445 2708 3609 2779 769

2027 2796 2081 2844 ct
2097 2798 2290 2844 caetera
2323 2790 2646 2860 hnjusmodi,
2667 2793 2829 2862 priori
2851 2796 3048 2865 pupula
3071 2813 3165 2866 per
3181 2797 3605 2861 Testamentum.

2028 2880 2169 2950 quod
2199 2889 2352 2936 vetus
2380 2882 2596 2950 dicitur,
2625 2884 2884 2940 divinitus
2911 2887 3032 2941 data
3065 2888 3129 2942 ad
3160 2890 3607 2959 significationem

2031 2972 2354 3037 futurorum,
2402 2989 2521 3042 qua:
2561 2989 2665 3044 per
2711 2975 2983 3031 Christum
3032 2979 3317 3046 oportebat
3346 2980 3605 3049 impleri:

2029 3063 2224 3133 quibus
2251 3062 2660 3120 advenientibus
2687 3070 3013 3125 remansisse
3045 3071 3131 3125 illa
3178 3071 3497 3128 Christianis
3528 3075 3609 3130 le-

2030 3155 2200 3224 genda
2233 3164 2435 3211 tantum
2455 3157 2520 3212 ad
2544 3159 2947 3229 ittlelligvnliam
2970 3163 3259 3231 prtemissm
3281 3165 3608 3236 Prophetiae,

2031 3263 2138 3303 non
2168 3259 2347 3305 autem
2373 3255 2675 3308 necessaria
2707 3254 2944 3311 facienda
2981 3275 2993 3310 :
3024 3258 3174 3326 quasi
3217 3259 3392 3316 adhuc
3441 3277 3610 3331 expe-

2032 3341 2284 3396 ctandum
2313 3352 2479 3410 esset,
2501 3353 2558 3398 ut
2576 3346 2784 3402 veniret
2815 3346 2936 3402 ﬁdei
2967 3350 3242 3414 revelatio,
3276 3367 3396 3420 qua:
3425 3352 3508 3406 his
3538 3353 3612 3406 si-

2033 3432 2384 3503 gniﬁcabatur
2451 3451 2575 3491 esse
2621 3446 2866 3492 ventura.
2917 3439 3022 3494 Sed
3073 3442 3314 3509 quamvis
3365 3443 3614 3512 gentibus

2035 3523 2356 3592 imponenda
2402 3541 2506 3581 non
2537 3539 2740 3592 essent,
2773 3544 2878 3582 non
2913 3539 3090 3585 tamen
3138 3532 3215 3585 sic
3243 3532 3494 3587 debuisse
3519 3549 3617 3587 au-

2037 3612 2161 3668 ferri
2183 3630 2212 3668 a
2237 3617 2624 3676 consuetudine
2647 3618 2974 3684 Judinorum,
3003 3629 3254 3690 tanquam
3300 3621 3614 3677 detestanda

2037 3712 2197 3772 atque
2244 3703 2567 3759 damnanda.
2617 3706 2826 3761 Sensim
2876 3710 3100 3776 proinde
3149 3721 3310 3780 atque
3357 3713 3613 3781 paulatim

2036 3792 2277 3850 fervente
2322 3809 2451 3850 sana
2484 3797 2864 3865 praedicatione
2891 3802 3074 3869 gratia:
3117 3801 3338 3870 Christi,
3371 3819 3472 3872 qua
3501 3805 3617 3859 sola

2038 3896 2259 3942 nossent
2303 3887 2587 3944 credentes
2632 3905 2691 3944 se
2714 3891 3018 3959 justiticari,
3050 3893 3336 3963 salvosque
3361 3893 3476 3949 fieri
3507 3910 3618 3950 non

2038 3976 2142 4046 illis
2159 3977 2362 4032 umbris
2380 3993 2560 4034 rerum
2584 3988 2738 4035 antea
2762 3980 3082 4049 futurarum,
3108 3993 3235 4039 tunc
3257 3985 3366 4054 jam
3391 3986 3619 4041 reuien-
3717 4014 3722 4022 -

2040 4069 2170 4123 tium
2201 4079 2360 4140 atque
2386 4073 2754 4142 prmsentium,
2792 4085 2849 4128 ut
2879 4075 2930 4128 in
2959 4075 3170 4129 illorum
3194 4077 3504 4132 Judteorum
3526 4092 3621 4132 νοδ

2037 4162 2270 4226 catione,
2301 4177 2437 4232 quos
2469 4165 2755 4230 praesentia
2783 4166 2957 4221 carnis
2991 4165 3200 4222 Domini
3227 4177 3282 4222 et
3310 4167 3618 4236 Apostoliea

2041 4260 2282 4319 tempora
2329 4252 2405 4307 sic
2454 4253 2789 4320 invenerant,
2820 4256 2995 4310 omnis
3026 4257 3114 4310 illa
3141 4258 3286 4313 actio
3315 4258 3399 4329 (at)
3421 4271 3621 4312 consu-

2038 4352 2275 4398 meretur
2319 4344 2648 4410 umbrarum,
2686 4347 2791 4402 hoc
2822 4349 2899 4402 eis
2927 4348 3207 4414 suil'ccisse
3235 4349 3301 4404 ad
3340 4365 3620 4405 commcn-

2038 4433 2304 4490 dationem
2331 4476 2347 4502 ,
2398 4446 2455 4490 ut
2513 4453 2620 4491 non
2670 4446 2921 4508 tanquam
2967 4439 3291 4496 detestanda
3323 4452 3379 4496 et
3425 4443 3617 4500 similis

2038 4525 2356 4580 idololatria:
2400 4527 2681 4593 vitaretur,
2733 4529 2869 4583 ultra
2913 4545 3043 4584 vero
3084 4547 3190 4587 non
3237 4533 3458 4590 haberet
3489 4551 3619 4605 pro-

2036 4630 2313 4684 gressum;
2368 4632 2435 4672 ne
2471 4627 2744 4684 putaretur
2773 4621 3095 4686 necessaria,
3146 4633 3396 4696 tanquam
3435 4629 3519 4683 vel
3549 4631 3619 4685 ab

2037 4707 2126 4760 illa
2162 4707 2309 4760 salus
2353 4716 2514 4771 esset,
2563 4708 2646 4763 vel
2688 4710 2805 4763 sine
2834 4710 2924 4764 illa
2951 4726 3073 4767 esse
3100 4729 3204 4770 non
3233 4726 3430 4786 posset.
3461 4719 3617 4787 Quod

2039 4803 2360 4864 putaverunt
2405 4795 2668 4864 bzrretici,
2710 4800 2799 4868 qui
2845 4801 2971 4856 dum
3015 4801 3086 4875 (ε)
3142 4805 3327 4862 volunt
3363 4818 3415 4863 et
3443 4809 3616 4866 Judaei

2037 4901 2158 4942 esse
2185 4897 2241 4941 et
2293 4887 2604 4955 Christiani,
2656 4907 2758 4947 nec
2800 4893 2970 4949 Judazi
3025 4911 3125 4952 nec
3165 4897 3451 4956 Christiani
3495 4917 3618 4957 esse

2037 4989 2346 5049 potuerunt.
2416 4982 2652 5049 Quorum
2725 4989 3046 5042 sententiam
3099 4990 3228 5044 mihi
3280 4993 3615 5058 cavendam,

2035 5071 2283 5138 quamvis
2329 5072 2382 5126 in
2435 5086 2498 5128 ea
2544 5091 2810 5146 nunquam
2841 5077 3053 5146 fuerim,
3089 5090 3264 5138 tamen
3293 5083 3618 5139 benevolen-

2037 5162 2246 5216 tissime
2287 5163 2580 5220 admonere
2621 5168 2871 5238 dignatus
2912 5185 2970 5226 es
3005 5189 3018 5226 :
3069 5172 3120 5226 in
3148 5174 3302 5244 cujus
3329 5175 3612 5229 sententia:

2035 5268 2142 5308 non
2169 5257 2604 5322 consensionem,
2637 5262 2729 5314 sed
2764 5262 3161 5318 sinmlationem
3191 5265 3382 5318 Petrus
3412 5265 3605 5319 timore

2034 5345 2313 5415 inciderat,
2361 5355 2421 5402 ut
2445 5348 2513 5403 de
2540 5349 2636 5405 illo
2663 5351 2858 5406 Paulus
2902 5354 3183 5408 verissime
3211 5354 3471 5408 scriberet
3501 5370 3516 5408 :
3544 5352 3613 5425 (θ’)

2102 5500 2163 5568 (c)
2202 5502 2448 5568 Victorius
2469 5503 2594 5567 legit
2615 5505 2791 5568 multus
2811 5503 2860 5554 ei
2889 5504 3096 5568 vicinas,
3120 5511 3166 5554 et
3186 5503 3432 5568 aliquanto
3454 5518 3610 5556 remo-

2034 5562 2178 5638 tiore}
2192 5562 2614 5638 ,_im.pressamtiue
2637 5567 2904 5616 lectionem
2921 5562 3278 5627 reprehendit,
3299 5567 3425 5628 quod
3448 5579 3610 5617 sermo

2031 5627 2097 5675 de
2119 5626 2354 5680 Ecclesiis
2369 5629 2449 5677 sit.
2531 5626 2548 5629 “
2983 5626 2993 5627 ί

2101 5685 2171 5760 ζα)
2202 5687 2326 5760 ἓξὲξ.
2351 5690 2569 5760 quinque
2592 5691 3031 5760 consummareturz

2120 5746 2168 5810 ej
2202 5746 2448 5798 Victorius
2469 5746 2714 5810 voluerunt
2735 5762 2820 5810 pro
2842 5746 3000 5810 votum
3018 5747 3256 5799 immutat.

2162 5812 2171 5817 '
2194 5809 2522 5873 Bcnedicti‘ni,
2546 5809 2674 5873 quod
2699 5807 2810 5862 eum
2839 5807 3050 5860 viti‘swt.
