4088 6336
517 478 630 563 ut.

516 590 664 672 quod
703 601 825 665 cum
867 599 990 656 eum
1030 582 1255 644 vidisset
1292 595 1408 659 non
1429 587 1578 638 recte
1605 576 1992 650 ingredientem
2023 572 2090 672 ad

516 663 794 758 veritatem
837 675 1130 747 Evangelii,
1177 674 1336 746 eique
1365 672 1645 729 verissime
1690 668 1918 732 diceret,
1949 663 2095 740 quod

515 754 705 850 gentes
741 770 1018 841 iudaizare
1058 764 1286 840 cogebat
1323 761 1465 838 (Gal.
1495 763 1550 825 2.
1586 759 1693 829 Η).
1721 755 1875 850 Quod
1900 754 2094 850 Paulus

517 844 703 936 utique
730 878 834 918 non
864 861 1112 938 cogebat,
1139 858 1212 913 ob
1243 858 1345 928 hoc
1371 856 1459 910 illa
1486 862 1667 922 vetera
1691 849 1973 914 veraciter,
2001 844 2096 916 ubi

501 968 650 1029 topus
675 963 838 1021 esset,
866 954 1183 1021 observans,
1215 957 1274 1006 ut
1299 945 1599 1022 damnanda
1643 958 1746 997 non
1777 954 1899 1007 esse
1941 951 2094 994 mon-

515 1058 711 1108 straret
741 1064 761 1102 :
788 1046 1087 1118 praedicans
1116 1030 1293 1097 tamen
1322 1042 1585 1108 instanter
1614 1050 1719 1102 non
1746 1034 1860 1097 eis;
1891 1029 1985 1086 sed
2010 1043 2096 1084 re-

512 1141 686 1208 velata
710 1138 875 1208 gratia
903 1135 1045 1198 ﬁdei,
1071 1132 1257 1187 ﬁdeles
1277 1131 1452 1186 salvos
1479 1127 1616 1188 ﬁeri.
1641 1140 1710 1180 ne
1734 1123 1800 1178 ad
1821 1138 1880 1177 ea
1908 1135 2094 1192 quem-

513 1247 677 1302 quam
706 1229 868 1286 velut'
895 1225 1197 1282 necessaria
1239 1218 1578 1300 suscipienda
1607 1215 1974 1286 compelleret.
2004 1210 2095 1274 Sic

513 1331 694 1391 autem
722 1319 886 1376 credo
915 1317 1228 1390 Apostolum
1262 1314 1483 1370 Paulum
1511 1310 1776 1366 veraciter
1795 1314 1984 1365 cuncta
2004 1304 2094 1360 illa

513 1413 770 1483 gessisse,
802 1424 902 1465 nec
929 1417 1106 1462 tamen
1148 1419 1292 1460 nunc
1329 1416 1650 1474 quemquam
1690 1398 1886 1454 factum
1911 1411 1975 1451 ex
2001 1395 2093 1450 Ju-

495 1489 638 1558 ’(1ωο
681 1501 1065 1564 Christianum,
1095 1497 1178 1552 vel
1219 1511 1376 1565 cogo,
1405 1495 1488 1549 vel
1525 1493 1648 1555 sino
1677 1491 1804 1545 talia
1832 1488 2095 1563 veraciter

517 1593 793 1664 celebrare
821 1610 834 1647 :
864 1591 1002 1646 sicut
1032 1603 1133 1644 nec
1162 1597 1242 1653 tu,
1273 1587 1360 1642 cui
1389 1585 1598 1639 videtur
1623 1581 1818 1638 Paulus
1839 1593 1902 1634 ea
1929 1579 2097 1637 simu-

518 1669 679 1758 lasse,
703 1685 850 1754 cogis
877 1684 1037 1756 istum
1066 1680 1150 1734 vel
1178 1679 1311 1734 sinis
1337 1675 1463 1742 talia
1492 1674 1771 1736 simulare.

533 1763 536 1767 ’
586 1777 676 1834 16.
707 1795 726 1830 ι
748 1777 828 1831 An
850 1775 932 1837 vis
952 1773 1187 1838 utetiam
1211 1783 1313 1842 ego
1335 1767 1509 1823 dicam
1532 1765 1669 1836 hanc
1690 1777 1808 1818 esse
1828 1775 2092 1832 summam

513 1870 859 1942 quaestionis,
913 1867 1021 1922 imo
1083 1862 1362 1921 sententia:
1417 1871 1556 1920 tute.
1632 1857 1795 1929 770
1865 1864 1923 1910 ut
1975 1861 2096 1924 post

515 1963 860 2033 Evangelium
889 1959 1124 2029 Christi,
1158 1958 1296 2013 bene
1329 1955 1406 2023 (a)
1446 1952 1640 2007 faciant
1677 1948 1953 2004 credentes
1995 1947 2093 2020 Ju-

512 2057 634 2120 dmi,
664 2055 708 2110 si
729 2052 985 2119 sacriﬁcia
1009 2050 1256 2114 offerant,
1275 2062 1393 2116 quze
1415 2041 1604 2100 obtulit
1633 2041 1856 2104 Paulus;
1885 2038 1927 2093 si
1958 2037 2094 2107 ﬁlios

513 2147 933 2223 circumcidant,
981 2144 1025 2198 si
1062 2141 1338 2211 sabbatum
1381 2137 1689 2198 observent,
1719 2141 1776 2186 ut
1817 2131 2011 2185 Paulus
2039 2129 2092 2183 in

513 2218 797 2293 Timotheo
827 2237 961 2307 (Act.
996 2233 1084 2289 l6.
1110 2233 1190 2300 ὅ),
1217 2239 1272 2285 et
1296 2242 1484 2282 omnes
1509 2225 1860 2280 observavere
1883 2218 2089 2284 Judaei,

513 2308 802 2384 dummodo
822 2326 938 2381 hmc
957 2323 1204 2380 simulate
1224 2336 1287 2374 ac
1311 2318 1567 2374 fallaciter
1589 2313 1782 2385 agant?
1809 2312 1922 2366 Hoc
1947 2311 1990 2364 si
2020 2310 2092 2365 ita

511 2427 616 2484 est,
660 2433 767 2473 non
808 2417 918 2486 jam
963 2414 1016 2470 in
1065 2413 1314 2468 haeresim
1357 2409 1593 2472 Ebionis,
1622 2405 1715 2470 vel
1736 2417 1921 2460 eorum
1959 2415 2093 2470 quos

511 2509 670 2578 vulgo
693 2507 973 2563 Nazarmos
993 2510 1323 2576 nuncupant,
1346 2499 1428 2555 vel
1449 2495 1742 2572 quamlibet
1763 2493 1919 2548 aliam
1943 2498 2092 2554 vete-

510 2615 660 2669 rem;
691 2599 784 2669 sed
811 2597 993 2668 nescio
1021 2595 1074 2649 in
1106 2604 1488 2662 quam-novam
1525 2585 1846 2646 delabimur,
1877 2595 1995 2649 qum
2020 2579 2092 2634 sit

511 2663 578 2759 eo
608 2663 972 2757 perniciosior,
1000 2697 1107 2754 quo
1138 2695 1242 2748 non
1268 2691 1474 2741 errore,
1501 2673 1594 2746 sed
1623 2670 1895 2742 proposito
1923 2675 2006 2726 est
2029 2680 2093 2728 ac

510 2758 784 2845 voluntate
814 2775 1009 2830 fallaci.
1053 2770 1206 2838 Quod
1250 2770 1294 2844 si
1341 2765 1698 2836 respondeas,
1732 2769 1789 2816 ut
1819 2770 1870 2815 te
1899 2761 1966 2814 ab
1995 2758 2093 2814 hac

511 2883 706 2939 purges
751 2864 1052 2930 sententia,
1099 2870 1226 2926 tunc
1270 2857 1556 2926 Apostolos
1604 2853 1702 2907 ista
1757 2850 2092 2934 laudabiliter

510 2935 816 3032 simulasse,
845 2970 912 3010 ne
942 2951 1430 3009 scandalizarentur
1451 2945 1665 3008 inﬁrmi,
1688 2943 1777 3012 qui
1802 2957 1867 3007 ex
1892 2935 2092 2995 Ιυάίιείε

511 3050 666 3118 multi
697 3044 1056 3108 crediderant,
1089 3051 1144 3096 et
1171 3056 1235 3106 ea
1265 3037 1560 3108 respuenda
1581 3079 1595 3102 ,
1623 3035 1860 3103 nondum,
1888 3033 2089 3104 intelli-

511 3143 706 3214 gebant
731 3157 746 3194 :
772 3153 913 3194 nunc
931 3150 1060 3190 vero
1078 3132 1386 3193 conﬁrmata
1415 3147 1509 3199 per
1535 3138 1612 3184 tot
1635 3137 1821 3198 gentes
1848 3125 2092 3183 doctrina

513 3233 698 3306 gratia:
725 3229 1068 3292 Christianae,
1091 3224 1400 3293 conﬁrmata
1422 3223 1582 3277 etiam
1603 3237 1696 3290 per
1722 3233 1909 3273 omnes
1938 3217 2092 3273 Chri-

513 3322 581 3375 sti
603 3319 875 3382 Ecclesias
896 3317 1123 3370 lectione
1145 3314 1300 3384 Legis
1318 3321 1373 3367 et
1393 3311 1799 3380 PrOphetarum,
1822 3307 2092 3378 quomodo

516 3414 635 3478 haec
658 3409 1018 3480 intelligenda,
1038 3424 1140 3463 non
1163 3404 1492 3474 observanda
1516 3404 1828 3466 recitentur,
1851 3399 2092 3470 quisquis

515 3519 578 3580 ea
621 3501 923 3569 simulando
955 3501 1030 3573 (ρ)
1059 3514 1219 3570 agere
1247 3497 1511 3560 voluerit,
1541 3494 1782 3551 videatur
1809 3492 2042 3547 insanire
2073 3507 2088 3544 :

515 3609 612 3673 cur
638 3592 765 3648 mihi
797 3606 901 3646 non
934 3591 1057 3645 licet
1081 3589 1258 3644 dicere
1282 3586 1592 3656 Apostolum
1619 3583 1863 3649 Paulum,
1885 3593 1938 3637 et
1959 3582 2093 3650 alios

517 3696 678 3763 recta:
708 3685 829 3740 ﬁdei
858 3683 1221 3751 Christianos,
1253 3689 1379 3746 tunc
1414 3679 1502 3733 illa
1532 3685 1713 3747 vetera
1759 3681 2092 3730 sacramenta

517 3777 789 3852 paululum
809 3773 1143 3831 observando
1155 3771 1416 3837 veraciter
1430 3767 1807 3834 commendare
1821 3765 2090 3832 debuisse,

517 3885 587 3944 ne
607 3876 918 3940 putarentur
936 3865 1038 3930 illa:
1061 3862 1391 3933 Prophelicm
1416 3856 1817 3932 signiﬁcationis
1841 3855 2096 3910 observa-

517 3960 694 4014 tiones
719 3973 756 4028 a
780 3954 1031 4029 piissimis
1059 3953 1300 4024 patribus
1337 3950 1617 4006 custodita;
1647 3955 1897 4024 tanquam
1925 3945 2093 4012 sacri~

515 4051 653 4120 legia
681 4046 938 4102 diabolica
965 4060 995 4099 a
1023 4043 1252 4113 posteris
1292 4041 1363 4111 (ο)
1399 4037 1762 4095 detestandae?
1803 4036 1920 4091 .lam
1952 4035 2095 4096 enim

516 4155 640 4212 cum
684 4139 919 4210 venisset
961 4136 1114 4200 fides,
1144 4149 1263 4203 qua:
1307 4133 1454 4202 prius
1491 4131 1597 4185 illis
1633 4125 2098 4198 observationibus

517 4229 894 4313 praenuntiata,
923 4234 1046 4296 post
1066 4232 1295 4288 mortem
1324 4231 1379 4278 et
1400 4220 1848 4276 resurrectionem
1882 4216 2095 4287 Domini

519 4306 760 4392 revelata.
781 4326 883 4382 est,
914 4317 1204 4369 amiserant
1232 4310 1672 4392 tanquamvitam
1703 4308 1788 4375 (Δ)
1810 4306 1970 4362 ofﬁcii
1991 4307 2096 4362 sui.

519 4385 902 4477 Verumtamen
933 4407 1070 4480 sicut
1099 4385 1345 4464 defuncta
1373 4385 1598 4471 corpora
1618 4439 1634 4467 ,
1666 4399 2092 4471 necessariorum

519 4502 744 4568 ofﬁciis,
783 4479 1094 4556 deducenda
1133 4501 1288 4551 erant
1322 4479 1715 4564 quodamm,0do
1752 4490 1818 4545 ad
1861 4491 2100 4559 sepultu-

519 4610 657 4668 ram.
684 4607 786 4666 nec
808 4591 1056 4660 simulate
1075 4631 1091 4655 ,
1128 4586 1229 4655 sed
1267 4585 1550 4656 religiose;
1596 4573 1702 4638 non
1730 4592 1908 4636 autem
1937 4582 2096 4646 dese-

521 4683 684 4754 renda
717 4667 989 4755 continuo,
1010 4681 1090 4736 vel
1114 4679 1447 4738 inimicorum
1476 4674 1953 4755 obtrectationibus
1984 4681 2101 4752 tan-

522 4749 679 4844 quam
727 4749 914 4834 cauum
972 4771 1237 4840 morsibus
1285 4765 1632 4838 projicienda.
1684 4749 1912 4820 Proinde
1958 4749 2098 4819 nunc

523 4862 765 4931 quisquis
792 4860 1234 4933 Christianorum.
1257 4845 1499 4927 quamvis
1528 4856 1598 4909 sit
1622 4870 1685 4922 es
1715 4853 1934 4921 Judtcis,
1959 4854 2101 4908 simi-

525 4936 648 5006 liter
685 4966 746 5006 ea
789 4951 1061 5020 celebrare
1099 4948 1348 5020 voluerit,
1383 4957 1632 5022 tanquam
1658 4946 1862 5014 sopitos
1888 4945 2103 5020 cineres

523 5055 742 5114 eruens,
773 5054 881 5094 non
906 5039 1007 5094 erit
1031 5039 1147 5107 pius
1171 5035 1449 5116 deductor,
1479 5035 1565 5090 vel
1587 5033 1808 5115 baiulus.
1829 5033 2097 5109 corporis,

523 5130 620 5206 sed
649 5129 842 5200 impius
869 5127 1157 5198 sepultura:
1174 5127 1419 5204 violator.
1437 5143 1456 5178 ι

595 5221 683 5275 l7.
717 5237 738 5272 ι
767 5209 960 5286 Fateor
998 5231 1128 5273 sane
1169 5201 1220 5270 in
1263 5229 1350 5280 eo,
1397 5213 1536 5284 quod
1581 5211 1808 5287 epistola
1853 5212 2098 5285 continet

525 5325 665 5378 mea,
688 5293 828 5380 quod
860 5306 980 5387 ideo
1014 5312 1350 5387 sacramenta
1388 5301 1694 5382 Judtcorum
1731 5293 1924 5373 Paulus
1952 5302 2100 5359 cele-

526 5400 725 5480 branda
751 5385 1080 5471 susceperat,
1109 5385 1228 5464 cum
1253 5394 1361 5479 jam
1390 5392 1588 5476 Christi
1615 5387 1758 5470 esset
1785 5395 2098 5475 Apostolus,

525 5473 582 5574 ut
603 5475 818 5548 doceret
843 5505 949 5572 non
975 5503 1095 5564 esse
1125 5476 1422 5565 perniciosa
1453 5471 1650 5558 bisqui
1679 5502 1741 5556 ea
1769 5471 1988 5559 vellent,
2017 5471 2097 5541 si?

591 5643 656 5750 iui
693 5643 836 5714 Olim,
859 5649 1056 5716 notante
1072 5641 1304 5713 Victorio,
1330 5638 1446 5711 bene
1469 5639 1662 5702 recidit.

605 5707 632 5750 ὁ
689 5705 992 5750 Benedtcltm
1011 5740 1024 5750 .
1063 5715 1274 5750 manu
1296 5714 1354 5750 ea
1375 5702 1648 5750 simulando

531 5764 540 5775 ὓ
591 5698 992 5775 (biBenedictini
1011 5740 1024 5764 ,
1063 5701 1274 5775 quisqui};
1296 5714 1354 5752 ea
1375 5698 1648 5754 εῡηίιιαηαο
1684 5711 1829 5764 agere
1863 5698 2095 5771 voluerit,

522 5763 749 5822 insanire.
776 5772 889 5823 Cur,
916 5771 1013 5812 etc.
1075 5763 1104 5823 ’γ
1182 5763 1188 5765 ⁷
1243 5765 1253 5780 ¹
1529 5821 1541 5823 ,
1718 5763 1727 5764 ί
1805 5821 1813 5823 _
2042 5763 2049 5779 ³

555 5827 562 5841 ’
593 5823 660 5935 (εὶ
691 5823 832 5872 Falso
855 5821 1044 5884 legerat
1061 5822 1368 5892 Martianaeus
1382 5831 1488 5885 post
1506 5821 1756 5874 Erasmum
1781 5821 2032 5896 detestata.

587 5884 640 5935 id
697 5883 853 5934 Deest
872 5896 964 5933 vox
984 5880 1125 5935 ollim
1148 5895 1195 5931 in
1217 5882 1296 5930 22.
1319 5883 1432 5932 Mss.

587 5880 664 5953 {al
697 5883 853 5959 Deest
872 5880 967 5959 vos
984 5880 1127 5959 ofﬁcii
1148 5883 1196 5958 in
1217 5882 1299 5954 22.
1319 5880 1432 5957 Mss.
1927 5893 1932 5896 '

1795 459 2038 519 SADICTI
2073 457 2472 519 HIERONYML

3674 461 3776 524 ωλι

2197 581 2289 628 cut
2323 587 2355 627 a
2392 571 2700 642 parentibus
2740 584 2839 642 per
2881 571 3082 645 Legem
3121 581 3440 646 acceperant
3477 561 3770 646 custodire,

2202 661 2380 716 minus
2405 676 2492 717 me
2518 661 2780 739 posuisse,
2803 663 2893 740 illo
2911 661 3163 740 duntaxat.
3179 673 3418 734 tempore,
3437 681 3539 732 quo
3559 668 3776 737 primum

2201 753 2322 824 ﬁdei
2345 753 2508 822 gratia
2533 754 2750 808 revelata
2774 762 2848 823 est
2873 771 2893 808 :
2922 762 3049 809 tunc
3070 754 3213 809 enim
3242 753 3345 809 hoc
3372 771 3481 809 non
3510 764 3630 810 erat
3655 772 3775 826 pcr-

2199 844 2482 918 nicio-sum.
2556 845 2714 925 771
2791 844 3080 924 Progressu
3105 861 3232 900 vero
3263 845 3521 914 temporis
3549 849 3626 917 (e)
3675 849 3776 904 illa:

2200 937 2600 992 observationes
2628 937 2697 991 ab
2723 937 2973 991 omnibus
3004 937 3322 996 Christianis
3350 937 3730 994 desererentur
3757 957 3779 1003 :g

2200 1042 2268 1082 ne
2294 1029 2341 1100 si
2370 1038 2494 1083 tunc
2513 1029 2684 1093 ﬁeret,
2708 1042 2816 1094 non
2837 1027 3228 1100 discerneretttr
3245 1028 3386 1099 quod
3416 1029 3558 1084 Deus
3584 1032 3782 1104 populo.

2199 1133 2298 1193 suo
2322 1133 2420 1188 per
2448 1119 2664 1190 Moysen
2696 1119 2965 1190 precepit,
2989 1120 3056 1196 ab
3081 1133 3146 1174 eo
3173 1119 3314 1189 quod
3342 1120 3400 1194 in
3430 1120 3646 1196 templis
3670 1121 3775 1176 dte-

2199 1191 2498 1286 moniorum
2516 1209 2734 1280 spiritus
2749 1191 3052 1270 immundus
3070 1209 3314 1286 instituit.
3346 1191 3581 1278 Proinde
3593 1191 3776 1283 potius

2199 1282 2461 1373 culpanda
2487 1307 2572 1354 est
2598 1299 2920 1368 negligentia
2949 1313 3066 1354 mea
3097 1315 3111 1352 :
3143 1282 3264 1368 quia
3291 1298 3397 1354 hoc
3423 1315 3530 1354 non
3561 1300 3772 1368 addidi,

2198 1404 2358 1460 quam
2387 1388 2685 1463 obiurgatio
2726 1397 2836 1444 tua.
2867 1389 3244 1459 Verumtamen
3283 1391 3445 1459 longe
3489 1399 3773 1465 antequam

2199 1470 2404 1558 litteras
2448 1491 2564 1536 tuas
2603 1481 2966 1552 accepissem,
3009 1481 3248 1549 scribens
3285 1492 3472 1554 contra
3519 1481 3773 1549 Faustum

2197 1571 2566 1638 Maniclttcum,
2593 1571 2862 1642 quomodo
2887 1571 3132 1634 eumdem
3160 1573 3354 1638 locum,
3385 1573 3629 1642 quamvis
3654 1560 3775 1628 hre4

2197 1665 2336 1721 viter
2374 1659 2746 1734 explicaverim
2765 1705 2780 1730 ,
2810 1671 2866 1720 et
2899 1664 3001 1718 hoc
3030 1664 3137 1719 illic
3169 1679 3272 1728 non
3302 1664 3772 1734 pretermiserim;

2197 1767 2252 1814 et
2273 1758 2450 1830 legere
2475 1757 2688 1826 poterit,
2717 1757 2760 1812 si
2788 1771 2893 1828 non
2922 1755 3238 1826 dedignetur
3265 1748 3564 1827 beﬁignitas
3590 1764 3698 1821 tua,
3721 1741 3773 1826 et

2197 1862 2228 1902 a
2254 1848 2542 1918 carissimis
2565 1848 2784 1922 nostris,
2804 1862 2900 1917 per
2927 1861 3062 1918 quos
3092 1862 3231 1906 nunc
3261 1846 3376 1902 hmo
3403 1848 3601 1916 scripta
3632 1833 3771 1914 misi,

2197 1939 2464 2010 quomodo
2493 1939 2746 2004 volueris,
2790 1938 2883 1993 tibi
2919 1937 3055 2009 ﬁdes
3094 1937 3205 2004 ﬁet,
3236 1936 3366 2013 illud
3404 1952 3492 1991 me
3528 1945 3654 1992 ante
3691 1927 3774 1992 di;

2197 2043 2372 2087 ctasse
2401 2046 2417 2086 :
2447 2032 2682 2101 mihique
2720 2030 2788 2086 de
2830 2032 3010 2086 animo
3048 2045 3170 2086 meo
3207 2029 3398 2095 crede,
3425 2028 3569 2099 quod
3595 2044 3777 2106 coram;

2198 2123 2309 2178 Deo
2339 2124 2580 2204 loquens,
2609 2124 2728 2192 jure
2764 2123 3002 2178 caritatis
3033 2137 3296 2190 exposco,
3326 2137 3595 2191 nunquam
3645 2123 3776 2196 mihi

2196 2214 2369 2268 visum
2389 2213 2576 2280 fuisse,
2601 2214 2761 2288 etiam
2783 2228 2926 2269 nunc
2944 2212 3278 2295 Christianos
3299 2227 3363 2292 es
3384 2211 3585 2281 intimis
3607 2211 3773 2267 factos

2197 2315 2526 2373 Sacramenta
2556 2307 2641 2361 illa
2669 2316 2847 2361 vetera
2885 2305 2954 2377 (f)
2999 2305 3237 2376 quolibet
3275 2303 3501 2366 affectu,
3536 2303 3775 2374 quolibet

2196 2399 2376 2452 animo
2393 2398 2666 2453 celebrare
2685 2397 2900 2463 debere,
2923 2407 3013 2452 aut
3031 2397 3110 2452 eis
3131 2396 3237 2451 ullo
3258 2395 3417 2461 modo
3437 2395 3631 2459 licere;
3653 2410 3774 2474 cunt

2197 2488 2325 2543 illud
2355 2489 2422 2545 de
2449 2489 2613 2543 Paulo
2633 2503 2846 2558 semper
2866 2490 2935 2542 ita
2957 2488 3237 2560 senserim,
3256 2502 3321 2564 es
3343 2500 3451 2551 quo
3477 2486 3619 2540 illius
3643 2485 3771 2546 mihi

2197 2578 2390 2648 litterae
2428 2580 2775 2656 innotuerunt
2807 2596 2822 2632 :
2851 2579 2989 2643 sicut
3015 2592 3114 2644 nec
3145 2578 3236 2631 tibi
3269 2567 3492 2635 videtur'
3506 2577 3608 2632 hoc
3635 2586 3769 2632 temo

2199 2685 2327 2739 pore
2363 2670 2610 2740 cuiquam
2649 2683 2772 2725 esse
2809 2668 3107 2742 simulanda
3135 2669 3233 2728 ista
3254 2708 3271 2736 ,
3300 2683 3422 2742 cum
3449 2669 3552 2724 hoc
3578 2667 3775 2737 fecisse.

2196 2739 2749 2829 Apostoloscredas.r
2854 2739 2857 2742 ’
2998 2743 3002 2747 ’
3363 2739 3367 2744 ’
3419 2743 3422 2746 ’

2268 2851 2354 2910 t8.
2393 2869 2412 2902 ι
2440 2851 2669 2927 Proinde
2691 2852 2831 2908 sicut
2859 2859 2913 2905 tu
2940 2865 2972 2906 e
3000 2849 3269 2921 contrario
3293 2849 3552 2920 loqueris.
3575 2859 3627 2904 et
3649 2849 3774 2927 licet

2195 2942 2544 3008 reclamante,
2564 2924 2700 2997 sicut
2723 2942 2932 3007 scribis,
2954 2942 3171 3006 mundo,
3192 2941 3357 3014 libera
3381 2953 3510 3009 voce
3535 2923 3772 3011 pronuné

2197 3031 2672 3112 tias.ca:remouias
2689 3021 2994 3105 Judaeurnm
3012 3042 3066 3085 et
3083 3031 3409 3100 perniciosas
3425 3041 3776 3104 esse,etmorg

2198 3120 2380 3175 tiferas
2390 3119 2735 3200 Christianis;
2758 3129 2814 3183 et
2830 3122 3150 3192 quicumque
3164 3135 3257 3176 eas
3269 3122 3650 3187 observaverit,
3664 3123 3774 3177 sive

2197 3228 2261 3268 ex
2291 3213 2508 3278 Judaris,
2525 3215 2637 3269 sive
2657 3230 2720 3283 ex
2741 3215 3006 3284 gentibus,
3032 3231 3153 3275 eum
3175 3216 3225 3269 in
3250 3216 3558 3286 barathrum
3579 3215 3775 3284 diaboli

2197 3304 2501 3374 devolutum
2533 3322 2546 3358 :
2574 3305 2644 3383 ita
2675 3319 2774 3370 ego
2802 3305 2940 3365 hanc
2964 3321 3145 3378 vocem
3171 3315 3311 3367 tuam
3340 3291 3560 3373 omnino
3585 3305 3775 3360 conﬁr-

2197 3412 2286 3452 mo
2309 3437 2324 3463 ,
2352 3405 2408 3457 et
2442 3395 2580 3451 addo
2611 3413 2624 3449 :
2655 3396 2986 3466 Quicumque
3009 3410 3101 3451 eas
3127 3397 3524 3465 observaverit,
3565 3397 3677 3452 sive
3710 3411 3775 3479 es

2175 3487 2416 3557 _.iuda:is,
2435 3488 2547 3542 sive
2574 3503 2644 3542 ex
2672 3488 2938 3558 gentibus,
2968 3502 3072 3541 non
3103 3488 3272 3547 solum
3296 3488 3576 3550 veraciter,
3592 3501 3774 3542 verum

2198 3584 2360 3638 etiam
2383 3583 2648 3651 simulate,
2670 3597 2792 3660 eum
2817 3582 2867 3635 in
2892 3581 3200 3636 barathrum
3226 3581 3423 3648 diaboli
3445 3581 3774 3636 devolutum.

2199 3673 2336 3748 Quid
2385 3673 2583 3743 quaeris
2623 3674 2892 3743 amplius?
2938 3672 3044 3738 Sed
3095 3673 3230 3744 sicut
3276 3683 3331 3727 tu
3381 3673 3780 3738 simulationem.

2199 3746 2577 3834 Apostolorum
2603 3763 2673 3820 ab
2699 3764 2857 3833 hujus
2877 3746 3137 3832 temporis
3167 3763 3375 3830 ratione
3401 3765 3639 3818 secernis
3659 3804 3676 3828 ,
3707 3765 3775 3816 ita

2199 3869 2299 3926 ego
2330 3852 2479 3922 Pauli
2500 3853 2738 3922 Apostoli
2764 3867 3009 3916 veracem
3037 3861 3165 3926 tunc
3189 3853 3241 3907 in
3271 3852 3353 3906 his
3378 3851 3629 3906 omnibus
3652 3866 3782 3924 conf

2201 3945 2553 4004 versationem
2579 3945 2647 3999 ab
2677 3944 2833 4023 huius
2859 3945 3116 4013 temporis
3141 3985 3157 4010 ,
3187 3943 3431 4015 quamvis
3461 3942 3678 3996 minime
3703 3941 3778 3996 si-

2202 4036 2398 4114 mulata
2427 4039 2867 4109 ceremoniarum
2897 4036 3234 4105 Iudaicarum
3264 4036 3658 4097 observatione,
3691 4048 3777 4090 se-

2201 4141 2398 4194 cerno;
2448 4129 2698 4197 quoniam
2742 4137 2868 4205 tunc
2902 4128 3000 4181 fuit
3039 4125 3380 4196 approbanda
3403 4166 3418 4190 ,
3452 4140 3593 4180 nunc
3629 4125 3776 4179 dete-

2202 4207 2410 4274 standa.
2432 4220 2507 4275 lta
2528 4220 2775 4288 quamvis
2795 4219 3082 4288 legerimus
3103 4235 3116 4271 :
3139 4217 3246 4271 Lea:
3261 4227 3308 4270 et
3336 4216 3608 4286 PrOpItettr
3629 4233 3782 4288 usque

2203 4311 2272 4364 ad
2289 4310 2539 4380 Joannem
2559 4311 2839 4378 Baptista»:
2862 4309 3013 4384 (Luc.
3040 4310 3122 4379 16.
3151 4309 3266 4384 lli);
3299 4316 3354 4361 ct
3373 4307 3495 4377 quia
3520 4318 3783 4377 propterea

2203 4402 2489 4478 qua’rebant
2515 4401 2687 4462 Judaei
2709 4391 2964 4463 Christum
2987 4401 3270 4468 interﬁcere
3291 4438 3306 4462 ,
3337 4399 3460 4469 quia
3486 4415 3589 4451 non
3618 4399 3787 4466 solum‘

2205 4492 2424 4547 solvebat
2452 4491 2712 4557 sabbatum
2733 4533 2748 4559 ,
2779 4492 2868 4558 sed
2891 4499 2936 4545 et
2967 4490 3171 4550 Patrem
3195 4504 3344 4542 suum
3374 4487 3570 4541 dicebat
3598 4485 3777 4551 Deum,

2204 4580 2448 4654 mqualem
2467 4597 2520 4634 se
2539 4582 2729 4650 faciens
2750 4579 2860 4639 Deo
2882 4579 3061 4646 (Joau.
3084 4579 3139 4634 5.
3169 4578 3260 4643 18)
3289 4593 3302 4630 :
3336 4585 3393 4630 et
3417 4577 3542 4644 quia
3569 4577 3783 4646 gratiam

2205 4687 2298 4742 pro
2319 4672 2484 4743 gratia
2504 4673 2784 4748 accepimus
2808 4670 2985 4748 (dona.
3011 4670 3061 4723 Ι.
3086 4667 3178 4735 16)
3205 4686 3218 4722 :
3241 4675 3295 4720 et
3312 4666 3554 4735 quoniam
3573 4664 3680 4718 Lex
3701 4679 3784 4723 per

2208 4764 2421 4839 Moysen
2448 4747 2568 4819 data
2586 4743 2680 4830 est,
2702 4743 2865 4834 gratia
2886 4771 3052 4838 autem
3073 4769 3119 4814 et
3138 4759 3314 4812 veritas
3336 4773 3429 4828 per
3444 4757 3622 4811 Iesum
3641 4753 3785 4810 Chri-

2205 4867 2338 4913 stum
2368 4859 2506 4926 facta
2555 4865 2627 4910 est
2671 4855 2832 4922 (Ibid.
2861 4853 2948 4923 l7)
2975 4869 2988 4906 :
3015 4860 3073 4906 ct
3122 4865 3218 4922 per
3261 4849 3552 4904 Jeremiam
3627 4848 3791 4923 7⁷2,

2208 4951 2528 5020 promissum
2555 4957 2658 5014 est,
2677 4948 2925 5024 daturum
2953 4946 3117 5000 Deum
3145 4944 3545 4999 Testamentum
3590 4933 3793 4994 novum"

2207 5042 2388 5115 domui
2416 5041 2550 5098 Juda
2567 5081 2582 5106 ,
2611 5022 3040 5106 nauseoundum
3075 5035 3478 5089 Testamentum
3505 5029 3646 5100 quod
3673 5027 3786 5083 dis-

2206 5133 2385 5205 posuit
2420 5130 2656 5201 patribus
2681 5143 2864 5200 eorum
2893 5125 3110 5196 (Jerem.
3140 5125 3229 5179 5|.
3258 5124 3350 5177 3|.
3377 5122 3490 5192 5‘2)
3521 5137 3537 5174 :
3569 5135 3675 5174 non
3704 5129 3788 5172 ta-

2207 5238 2332 5279 men
2367 5219 2597 5276 arbitror
2624 5218 2797 5289 ipsum
2826 5215 3109 5272 Dominum
3137 5212 3394 5268 fallaciter
3416 5226 3453 5290 a_
3477 5208 3788 5282 parentibus

2277 5398 2340 5464 tet
2375 5393 2605 5464 mittam
2623 5431 2644 5464 ν.
2677 5411 2701 5441 ι
2719 5393 2993 5464 Progressa
3016 5403 3134 5464 vero
3156 5389 3392 5464 tempore
3417 5393 3524 5464 se!
3542 5386 3790 5464 estetsi?-

2207 5446 2342 5519 sur‘n:
2367 5457 2456 5506 nisi
2486 5451 2587 5506 illis
2602 5446 2972 5519 observationes
2997 5454 3058 5502 ab
3079 5446 3300 5519 omnibus
3321 5446 3612 5519 Christianis
3632 5446 3787 5519 dese-

2206 5505 2465 5582 figi-aiam”;
2487 5505 2552 5582 ne
2571 5519 2610 5582 si
2629 5522 2754 5582 tunc
2773 5518 2946 5582 ﬁerent
2964 5549 2991 5582 ,_
3004 5524 3100 5563 non
3123 5515 3545 5582 discernerentur.
3565 5505 3790 5582 induo-

2208 5568 2313 5636 ἰείη
2333 5568 2639 5636 Πειιόόίοιίοί
2662 5591 2688 5627 a
2709 5579 2824 5630 Mss.
2846 5578 2925 5626 20.
2951 5568 3129 5626 abesse
3147 5577 3293 5624 verba
3313 5578 3420 5636 erat
3442 5568 3787 5636 perniciem,

2205 5630 2319 5702 nisi.
2343 5630 2536 5692 Deinde
2557 5637 2695 5704 ﬁeret
2718 5640 2847 5689 idem
2884 5651 2998 5688 esse
3019 5648 3078 5686 ac
3110 5649 3174 5685 ne
3196 5636 3237 5684 si
3275 5633 3434 5696 primo
3445 5630 3543 5680 illo
3567 5637 3791 5693 tempore

2205 5701 2577 5752 desererentur:
2589 5712 2592 5714 '
3556 5750 3565 5752 _
3756 5749 3772 5752 _

2299 5707 2577 5751 ererentttr.’
2589 5712 2592 5714 '

2275 5749 2333 5828 in
2367 5749 2676 5828 Martianaus
2698 5761 2837 5828 juxta
2861 5768 3062 5828 veteres
3096 5757 3366 5828 editiones,
3412 5749 3791 5828 asinali-beta]:

2207 5809 2338 5874 fectu
2362 5809 2669 5880 celebrare,
2689 5809 3054 5880 quovisanimo
3089 5819 3277 5870 debere
3315 5809 3379 5866 ab
3414 5809 3491 5867 eis
3527 5811 3630 5864 ullo
3651 5809 3792 5862 modo

2209 5835 2338 5874 tectu
2362 5835 2649 5880 ceteorare,
2723 5835 2860 5870 uovts
2893 5835 3048 5870 animo

2209 5884 2299 5936 coli
2315 5923 2328 5948 ,
2351 5896 2460 5957 cum
2483 5882 2598 5935 illud
2620 5835 2873 5946 decl‘aulo,
2897 5898 2920 5929 ι
2951 5888 3048 5932 etc.
