4088 6336
330 431 424 488 νεὶ
1688 411 2007 471 EPISTULA
2047 410 2226 464 CXVI.

331 536 719 598 circumcisum.
746 537 851 594 Aut
876 537 919 591 si
946 536 1045 591 hoc
1067 542 1282 605 propter
1297 539 1505 588 aetatem
1528 529 1747 584 minime
1769 539 1891 595 pro-

331 629 578 694 hibebat,
621 643 720 683 nec
769 627 894 682 illud
946 626 1176 681 arbitror
1221 637 1343 678 eum
1392 621 1590 677 dixisse
1639 616 1894 672 fallaciter

331 722 562 792 leproso,
598 734 756 790 quem
786 727 931 774 certe
959 732 1064 772 non
1105 715 1193 771 illa
1237 730 1332 784 per
1366 713 1580 783 Moysen
1628 715 1893 779 prmeepta

330 811 653 872 observatio,
676 810 769 864 sed
798 809 909 878 ipse
936 805 1280 862 mandaverat
1303 822 1317 857 :
1345 801 1484 857 Vade
1506 809 1552 855 et
1581 799 1708 866 offer
1729 815 1820 868 pro
1849 806 1896 852 te

331 901 632 970 sacriﬁcium
669 899 801 970 quod
830 899 1065 968 prwcepit
1109 891 1310 968 Moyses
1339 895 1391 948 in
1416 892 1751 949 testimonium
1795 889 1896 943 illis

333 991 521 1068 (Marc.
555 992 605 1045 l.
630 992 743 1058 44).
775 989 881 1044 Nec
905 989 1162 1044 fallaciter
1189 986 1427 1042 ascendit
1446 984 1511 1038 ad
1538 983 1675 1038 diem
1706 983 1893 1036 festum

333 1097 500 1152 usque
535 1081 668 1135 adeo
709 1095 813 1139 non
852 1095 1011 1152 causa
1054 1076 1422 1133 ostentationis
1463 1089 1641 1129 coram
1670 1071 1896 1126 homini.

331 1151 450 1236 bus,
471 1181 527 1225 ut
549 1185 652 1225 non
677 1151 950 1226 evidenter
967 1168 1287 1234 ascenderit,
1307 1165 1400 1227 sed
1421 1167 1644 1220 latenter
1667 1183 1686 1216 ι
1717 1161 1892 1233 (Joan.

333 1262 386 1316 ει.
416 1260 526 1333 l0).
1437 1321 1462 1344 Α

405 1353 491 1408 i9.
528 1370 548 1404 ι
576 1353 643 1406 At
667 1352 807 1408 enim
833 1352 964 1406 dixit
988 1352 1124 1406 idem
1152 1342 1466 1421 Apostolus}
1490 1348 1621 1401 Ecce
1640 1361 1728 1418 ego
1752 1342 1895 1397 Pau-

335 1445 412 1505 lus
453 1446 565 1499 dico
604 1445 766 1508 vobis,
797 1446 913 1513 quia
950 1445 996 1499 si
1031 1441 1478 1508 circumcidamini,
1511 1439 1735 1494 Christus
1763 1435 1898 1489 vobis

333 1537 461 1590 nihil
484 1537 702 1606 proderit
728 1534 870 1608 (Gal.
893 1537 946 1590 5.
968 1535 1046 1604 9.).
1078 1534 1294 1604 Decepit
1314 1547 1440 1603 ergo
1465 1528 1823 1593 Timotheum,
1847 1534 1900 1580 et

336 1627 461 1690 fecit
479 1630 526 1683 ei
549 1626 676 1684 nihil
701 1629 950 1698 prodesse
969 1624 1269 1682 Christum?
1295 1631 1374 1680 An
1396 1626 1515 1696 quia
1530 1622 1628 1677 hoc
1644 1620 1902 1676 fallaciter

337 1719 530 1774 factum
553 1729 650 1785 est,
681 1720 799 1774 ideo
823 1735 927 1774 non
949 1719 1151 1774 obfuit?
1177 1722 1243 1773 At
1270 1718 1384 1785 ipse
1419 1719 1516 1770 hoc
1545 1728 1649 1768 non
1676 1712 1852 1782 posuit
1883 1726 1898 1766 :

337 1825 433 1868 uec
460 1811 555 1876 ait,
583 1813 626 1864 si
653 1810 1108 1865 circumcidamini
1136 1810 1413 1870 veraciter,
1444 1807 1578 1860 sicut
1615 1820 1712 1859 nec
1752 1802 1903 1857 falla-

335 1903 500 1966 citer,
532 1899 627 1955 sed
657 1901 772 1956 sine
801 1901 906 1954 ulla
938 1899 1256 1969 exceptione
1281 1898 1411 1952 dixit
1441 1913 1454 1950 :
1486 1895 1545 1951 Si
1571 1891 1903 1949 circumcida-

336 1991 478 2055 utini,
502 1989 729 2045 Christus
749 1991 885 2045 vobis
905 1991 1034 2043 nihil
1055 1989 1294 2058 proderit.
1324 1987 1470 2043 Sicut
1494 1999 1620 2054 ergo
1640 1993 1694 2037 tu
1717 1983 1796 2036 vis
1820 1979 1904 2034 hic

337 2080 510 2133 locum
538 2079 666 2134 dare
693 2081 968 2134 sententiic
1001 2089 1125 2144 tum,
1166 2087 1224 2132 ut
1253 2077 1384 2132 velis
1412 2072 1733 2141 subintelligi
1756 2112 1768 2135 ,
1803 2071 1902 2124 nisi

338 2171 628 2239 fallaciter,
661 2172 730 2226 ita
770 2187 876 2226 non
925 2171 1000 2242 (a)
1049 2170 1382 2239 impudenter
1421 2166 1628 2236 ﬂagito,
1657 2163 1900 2218 utetiam

286 2305 287 2308 η
337 2275 435 2320 nos
475 2262 583 2316 illic
622 2262 918 2330 intelligere
944 2261 1087 2314 sinas
1113 2262 1193 2313 eis
1217 2259 1413 2312 dictum
1451 2275 1464 2311 :
1500 2257 1542 2310 si
1568 2253 1904 2309 circumcida-

336 2351 493 2418 mini,
523 2351 609 2420 qni
636 2360 914 2420 pr0pterea
944 2350 1190 2404 volebant
1216 2347 1555 2414 circumcidi,
1586 2346 1726 2417 quod
1752 2344 1907 2399 aliter

337 2457 397 2498 se
444 2443 696 2510 putabant
740 2441 791 2494 in
835 2440 1048 2495 Christo
1077 2440 1250 2496 salvos
1289 2455 1408 2496 esse
1443 2453 1547 2494 non
1588 2452 1761 2507 posse.
1795 2436 1906 2490 lloc

339 2547 468 2601 ergo
497 2533 698 2602 animo,
719 2531 818 2587 hac
846 2534 1115 2586 voluntate
1135 2572 1150 2597 ,
1194 2531 1292 2586 ista
1334 2531 1623 2585 intentione
1666 2528 1907 2598 quisquis

340 2629 465 2676 tunc
497 2622 1000 2688 eircumcidebatur,
1031 2622 1274 2676 Christus
1298 2621 1346 2676 ei
1374 2621 1500 2674 nihil
1530 2619 1746 2674 omnino
1780 2635 1903 2688 pro-

339 2711 518 2778 derat;
567 2713 703 2767 sicut
742 2713 864 2768 alibi
909 2722 1089 2782 aperte
1132 2712 1280 2777 dicit,
1321 2711 1476 2778 Nam,
1508 2711 1552 2766 si
1593 2728 1681 2780 per
1723 2709 1904 2779 Legem

338 2803 553 2872 iustitia,
574 2819 690 2872 ergo
725 2802 949 2858 Christus
992 2804 1146 2873 gratis
1185 2812 1411 2858 mortuus
1431 2811 1502 2857 est
1533 2801 1672 2870 (Gal.
1711 2800 1760 2854 2.
1788 2800 1902 2869 2|).

340 2891 451 2946 Hoc
474 2905 602 2958 ergo
629 2892 881 2959 declarat,
904 2891 1045 2963 quod
1071 2902 1123 2946 et
1152 2891 1264 2960 ipse
1293 2890 1734 2954 commemorasti,
1768 2887 1906 2942 Eva-

340 2982 476 3042 cuati
498 2983 615 3037 estis
638 2999 669 3036 a
694 2981 914 3048 Christo,
943 2986 1028 3054 qui
1055 2983 1107 3036 in
1137 2981 1270 3054 Lege
1288 2981 1665 3052 justi/Scantini,
1692 2996 1723 3032 a
1742 2980 1907 3050 gratia

341 3072 593 3128 cecidistis
623 3071 762 3142 (Gal.
787 3073 841 3128 5.
870 3072 948 3142 4).
980 3072 1102 3126 Illos
1130 3071 1306 3142 itaque
1331 3073 1525 3141 arguit,
1553 3070 1642 3140 qui
1668 3084 1726 3125 se
1747 3071 1907 3140 justi-

342 3161 485 3216 licari
516 3161 567 3216 in
593 3161 732 3230 Lege
752 3161 1069 3225 credebant;
1101 3176 1206 3216 non
1233 3160 1320 3231 qui
1352 3159 1582 3230 legitima
1604 3160 1693 3213 illa
1720 3159 1769 3214 in
1792 3159 1909 3229 ejus

343 3251 622 3318 honorem,
651 3268 680 3305 a
717 3266 823 3322 quo
863 3251 1110 3306 mandata
1154 3259 1278 3304 sunt
1319 3249 1673 3304 observabant
1711 3249 1909 3303 intelli-

341 3351 547 3411 gentes,
580 3351 633 3396 et
671 3357 772 3412 qua
810 3339 1224 3411 prmnuntiandm
1251 3339 1487 3394 veritatis
1518 3339 1724 3394 ratione
1755 3354 1908 3393 man-

343 3429 463 3487 data
493 3429 618 3493 sint,
645 3437 698 3484 et
735 3444 1007 3500 quousque
1033 3429 1260 3483 debeant
1299 3428 1607 3497 perdurare.
1649 3427 1800 3484 Unde
1828 3435 1910 3482 est

345 3517 474 3583 illud
499 3517 637 3588 quod
663 3519 736 3572 ait
760 3537 772 3572 :
799 3518 859 3573 Si
885 3519 1066 3587 spiritu
1089 3517 1351 3583 ducimiui,
1373 3533 1471 3570 non
1493 3517 1658 3570 adhuc
1677 3519 1795 3571 estis
1820 3516 1910 3570 sub

345 3605 476 3674 Lege
501 3605 660 3677 (Ibid.
694 3607 804 3677 l8).
831 3605 1005 3670 Unde,
1025 3607 1167 3660 velut
1187 3606 1412 3675 colligis,
1446 3603 1516 3675 (b)
1551 3615 1789 3675 apparet,
1822 3605 1909 3674 qui

345 3697 444 3750 sub
461 3696 595 3766 Lege
606 3705 708 3762 est,
722 3711 826 3751 non
839 3697 1216 3766 dispensative,
1231 3705 1287 3748 ut
1301 3703 1508 3748 nostros
1522 3706 1671 3764 putas
1685 3696 1913 3750 voluisse

345 3785 608 3855 majores;
651 3786 745 3841 sed
785 3801 939 3850 vere,
967 3795 1026 3840 ut
1065 3800 1165 3856 ego
1207 3783 1470 3854 intelligo,
1501 3799 1622 3845 eum
1657 3785 1911 3854 Spiritum

345 3873 596 3939 Sanctum
623 3889 726 3928 non
755 3874 970 3930 habere.
1001 3894 1018 3927 ι

413 3964 504 4020 20.
544 3983 564 4018 ‹
590 3965 775 4034 Magna
820 3965 949 4019 mihi
987 3963 1198 4018 videtur
1239 3963 1484 4033 quaestio,
1510 3963 1636 4034 quid
1683 3966 1752 4019 sit
1796 3978 1916 4018 esse

345 4055 446 4110 sub
473 4055 614 4125 Lege
640 4054 718 4109 sic
738 4096 753 4122 ,
786 4052 1227 4123 quemadmodum
1255 4053 1542 4122 Apostolus
1568 4055 1766 4123 culpat.
1805 4053 1914 4108 Ne-

346 4159 448 4216 que
471 4145 612 4200 enim
645 4152 858 4214 propter
881 4144 1342 4203 circumcisionem
1387 4143 1487 4197 hoc
1523 4158 1644 4199 eum
1685 4145 1916 4200 arbitror

346 4235 545 4301 dicere,
572 4243 664 4290 aut
692 4235 780 4290 illa
807 4235 1064 4294 sacrificia
1085 4275 1100 4300 ,
1131 4249 1249 4306 quas
1275 4241 1398 4290 tunc
1428 4231 1564 4289 facta
1589 4249 1620 4291 a
1655 4236 1913 4305 patribus,

346 4343 489 4388 nunc
520 4343 552 4385 a
592 4327 905 4384 Christianis
930 4343 1035 4382 non
1066 4327 1230 4392 fiunt,
1258 4334 1312 4382 et
1346 4335 1538 4382 caetera
1575 4327 1877 4396 hujusmodi
1898 4368 1913 4392 ,

346 4419 506 4498 7'73
578 4419 674 4475 sed
718 4418 818 4474 hoc
844 4418 1016 4489 ipsum
1048 4416 1206 4474 etiam
1256 4417 1331 4489 (c)
1379 4417 1521 4488 quod
1563 4416 1672 4472 Lex
1716 4417 1915 4487 jubet;

350 4501 473 4565 Non
500 4509 818 4579 concupisces
846 4509 867 4579 (
881 4507 1049 4563 Exod.
1076 4507 1164 4568 20.
1195 4509 1260 4570 Π
1284 4506 1322 4579 ),
1349 4507 1489 4578 quod
1519 4507 1745 4562 fatemur
1771 4516 1918 4563 certe

350 4600 682 4658 Christianos
707 4601 902 4656 debere
921 4601 1227 4663 observare,
1245 4609 1406 4669 atque
1426 4602 1729 4670 evangeliea
1751 4599 1921 4656 maxi-

347 4704 436 4746 me
481 4687 833 4744 illustratione
875 4687 1169 4756 praedicari.
1219 4687 1412 4757 Legem
1456 4689 1584 4744 dicit
1622 4704 1742 4744 esse
1791 4703 1918 4750 san-

349 4790 509 4847 ctam,
550 4788 605 4834 et
644 4779 951 4834 mandatum
995 4786 1238 4832 sanctum
1285 4788 1339 4834 et
1377 4779 1577 4847 justum
1624 4788 1678 4834 et
1721 4780 1920 4834 bonum

350 4871 524 4947 (Rom.
553 4871 746 4940 7.12).
790 4869 992 4925 Deinde
1029 4868 1330 4939 subiungit,
1383 4871 1532 4937 Quod
1573 4887 1689 4941 ergo
1735 4870 1920 4924 bonum

348 4975 440 5031 est,
472 4963 596 5018 mihi
618 4965 806 5035 factum
832 4970 904 5016 est
933 4959 1104 5014 more?
1131 4957 1270 5012 Absit
1298 4974 1316 5012 :
1341 4960 1429 5014 sed
1456 4969 1713 5027 peccatum
1738 4970 1794 5012 ut
1817 4975 1918 5026 ap-

348 5066 526 5128 pareat
548 5063 823 5126 peccatum,
847 5069 937 5124 per
956 5051 1138 5106 bonum
1159 5051 1282 5110 mihi
1301 5061 1562 5121 operatum
1590 5061 1660 5104 est
1688 5060 1916 5116 mortem,

349 5148 430 5221 (ά)
455 5156 508 5204 ut
536 5147 628 5216 fiat
655 5160 810 5216 supra
846 5147 1051 5199 modum
1089 5151 1354 5216 peccator,
1386 5151 1477 5200 aut
1516 5152 1794 5214 peccatum,
1833 5159 1922 5212 per

779 5298 1027 5350 rudenter.

410 5303 462 5364 (α
516 5300 658 5352 Idem
674 5300 1027 5363 Imprudenter.

411 5303 649 5476 (ὸξοΕᾳὶιὶ
670 5361 897 5436 plerique
918 5359 1042 5410 velut
1059 5358 1243 5434 colligis
1263 5372 1520 5472 Vomere,
1535 5358 1628 5432 sed
1641 5359 1922 5410 concinnith

410 5438 446 5475 ιο
511 5431 703 5476 aticam.
727 5427 946 5476 apparet,
973 5423 1245 5471 notantibus
1311 5422 1618 5473 enedtctmts.

348 5423 446 5494 duo
463 5422 703 5494 Vaticani,
727 5427 946 5494 apparet,
973 5422 1618 5494 notantibus‘Benedictiuis.

433 5488 481 5544 c)
513 5481 838 5542 Benedictini,
859 5481 986 5544 quod
1005 5481 1114 5544 Legi
1137 5481 1273 5544 dicit.

473 5543 491 5611 )
516 5548 696 5596 Locum
709 5543 960 5611 emendari
975 5545 1119 5611 jubet
1134 5555 1198 5591 ex
1215 5543 1418 5605 Vulgata
1436 5543 1695 5602 Victorius,
1716 5543 1774 5592 ad
1795 5543 1923 5611 hunc

348 5603 542 5670 modum
557 5644 571 5670 ,
610 5613 663 5657 ut
698 5604 783 5665 fiat
805 5618 955 5670 supra
976 5603 1178 5670 'modtun
1200 5603 1403 5665 peccans
1425 5611 1674 5664 peccatum
1690 5638 1705 5663 ,
1745 5605 1923 5670 quibus

351 5666 570 5739 graecum
593 5674 782 5720 textum
804 5666 1173 5739 aitIeonsentir‘e
1195 5677 1404 5739 emrtua
1423 5678 1446 5725 ἦ
1461 5678 1640 5739 ament,
1666 5673 1717 5739 et
1736 5666 1831 5715 duo
1854 5680 1919 5739 ex

349 5726 598 5782 Florentia
621 5727 939 5794 exemplaria,
963 5739 1057 5778 nec
1075 5726 1209 5777 enim
1233 5726 1332 5777 vult
1349 5726 1666 5790 Augustinum
1691 5738 1712 5788 ἦ
1737 5740 1822 5789 pro
1840 5735 1922 5778 aut

349 5796 609 5849 accepisse.

3457 421 3562 477 986

1999 521 2292 575 mandatum
2316 518 2477 593 (Ibid.
2509 536 2555 576 v.
2585 523 2697 593 15).
2725 525 2874 593 Quod
2901 536 3077 585 autem
3110 529 3195 586 hic
3215 531 3360 594 dicit,
3387 544 3578 603 pecca-'

2001 619 2114 666 tum
2143 626 2239 682 per
2266 611 2712 669 mandatum-ﬂeri
2737 629 2894 685 supra
2917 619 3154 685 modum,
3180 621 3280 676 hoe
3300 623 3422 678 alibi
3448 625 3523 678 ait
3547 643 3567 683 ιη

1998 701 2108 760 Lex
2149 702 2476 772 subintrcvit,
2527 713 2582 759 ut
2625 703 2902 763 abundaret
2951 710 3203 766 delictum.
3253 711 3353 768 Ubi
3397 724 3567 769 autem

2000 793 2270 848 abundavit
2295 793 2562 863 delictum,
2601 795 3024 864 superabundavit
3049 809 3095 853 et
3121 803 3287 871 gratia
3309 801 3482 873 (Rom.
3507 804 3564 860 5.

1999 882 2113 954 20).
2157 885 2221 939 Et
2253 885 2412 950 alibi,
2443 901 2562 940 cum
2603 887 2846 958 superius
2870 886 2938 942 de
2963 889 3357 959 dispensatione
3383 895 3578 963 gratiae

2001 972 2340 1043 loqueretur,
2381 975 2522 1045 quod
2570 974 2683 1045 ipsa
2722 975 3017 1044 justifieet,
3047 978 3192 1034 velut
3233 981 3580 1052 interrogans

2001 1063 2107 1120 ait:
2140 1063 2276 1128 Quid
2299 1080 2417 1135 ergo
2446 1064 2590 1120 Lex?
2619 1067 2788 1135 Atque
2818 1065 2940 1123 huic
2966 1066 3369 1138 interrogationi
3395 1072 3571 1124 conti-

2003 1169 2108 1210 nuo
2131 1157 2432 1225 respondit:
2453 1155 2892 1212 Prtevaricationis
2916 1158 3081 1228 gratia
3106 1161 3269 1228 posita
3297 1170 3390 1226 est,
3413 1162 3572 1216 donec

2001 1247 2158 1300 veniet
2177 1261 2363 1308 semen,
2395 1248 2480 1300 cui
2505 1249 2804 1316 promissum
2831 1256 2902 1303 est
2923 1247 3062 1319 (Gal.
3086 1250 3138 1306 5.
3171 1248 3285 1318 i9).
3316 1250 3423 1305 Hos
3444 1266 3573 1321 ergo

2001 1335 2374 1390 darnnabiliter
2399 1337 2524 1391 dicit
2549 1351 2666 1393 esse
2685 1338 2787 1393 sub
2812 1339 2971 1409 Lege,
2996 1345 3270 1409 quos-reos
3291 1339 3417 1396 facit
3439 1341 3569 1408 Lex,

2005 1441 2108 1481 non
2141 1427 2422 1496 implentes
2461 1429 2654 1497 Legem
2678 1469 2692 1492 ,
2719 1429 2843 1484 dum
2877 1445 2981 1484 non
3014 1430 3357 1499 intelligendo
3390 1432 3575 1502 gratia:

2002 1515 2320 1571 beneficium
2352 1517 2419 1572 ad
2449 1515 2688 1572 facienda
2719 1519 2811 1574 Dei
2842 1527 3101 1589 prmcepta
3121 1560 3135 1585 ,
3168 1519 3316 1588 quasi
3357 1520 3424 1576 de
3463 1522 3576 1576 suis

2004 1606 2204 1660 viribus
2227 1606 2454 1675 superba
2482 1607 2713 1661 elatione
2740 1618 3087 1673 praesumunt.
3135 1608 3405 1663 Plenitudo
3443 1613 3577 1664 enim

2004 1696 2153 1768 Legis
2180 1697 2362 1750 caritas
2387 1695 2574 1768 (Rom.
2606 1699 2692 1754 15.
2725 1698 2792 1753 10
2810 1697 2852 1769 ).
2889 1697 3087 1754 Caritas
3122 1715 3235 1754 vero
3265 1699 3360 1753 Dei
3387 1700 3588 1767 cli/fusa?

2006 1796 2078 1840 est
2105 1788 2156 1840 in
2186 1785 2419 1841 cordibus
2442 1789 2647 1853 nostris,
2679 1801 2786 1842 non
2814 1802 2910 1857 per
2933 1789 3199 1858 nosipsos,
3226 1790 3314 1846 sed
3341 1802 3427 1860 per
3455 1791 3579 1860 Spi-

2005 1879 2155 1932 ritum
2185 1877 2450 1941 Sanctum,
2475 1879 2562 1949 qui
2587 1877 2736 1931 datus
2755 1888 2828 1932 est
2857 1879 2998 1934 nobis
3024 1878 3213 1948 (Rom.
3247 1881 3298 1935 5.
3329 1882 3362 1936 5
3387 1881 3426 1951 ).
3471 1881 3578 1937 Sed

2007 1967 2130 2023 huic
2149 1968 2226 2023 rei
2248 1977 2501 2038 quantum
2531 1968 2662 2023 satis
2689 1978 2771 2022 est
2793 1969 3126 2038 explicanda:
3148 2011 3162 2035 ,
3194 1971 3451 2040 prolixior
3472 1971 3580 2027 for-

2007 2066 2148 2113 tasse
2175 2067 2230 2114 et
2258 2059 2338 2113 sui
2369 2058 2569 2129 proprii
2589 2059 2875 2116 voluminis
2893 2074 3074 2114 sermo
3097 2059 3342 2116 debetur.
3375 2062 3432 2118 Si
3452 2077 3582 2134 ergo

2009 2149 2160 2214 illud,
2188 2148 2328 2220 quod
2360 2149 2467 2205 Lex
2495 2151 2590 2216 ait,
2623 2147 2743 2206 Non
2766 2153 3088 2218 concupisces
3115 2152 3291 2224 (Rom.
3319 2155 3405 2210 15.
3431 2155 3510 2226 9),
3535 2158 3581 2210 si

2009 2241 2238 2296 humana
2277 2240 2556 2296 infirmitas
2599 2242 2765 2311 gratia
2805 2242 2896 2296 Dei
2933 2243 3111 2312 adjuta
3140 2259 3244 2299 non
3271 2244 3450 2311 fuerit,
3483 2248 3583 2302 sub

2008 2347 2067 2387 se
2108 2347 2256 2387 roum
2296 2340 2460 2398 tenet,
2501 2341 2551 2386 et
2595 2333 3057 2402 praevaricatorem
3116 2335 3292 2404 potius
3336 2335 3578 2399 damnat,

2009 2439 2166 2495 quam
2197 2426 2386 2480 liberat
2415 2435 2773 2497 peecatnrem,
2807 2437 3006 2498 quanto
3034 2429 3202 2498 magis
3229 2430 3338 2494 illa,
3366 2445 3485 2500 qua:
3512 2431 3592 2485 δῖαν

2007 2516 2363 2588 gniﬂcationis
2402 2533 2559 2573 causa
2609 2528 2874 2590 praecepta
2924 2528 3075 2585 sunt,
3115 2520 3486 2584 circumcisio,
3527 2530 3584 2576 et

2008 2619 2198 2665 czetera
2221 2651 2236 2677 ,
2263 2624 2384 2680 quae
2421 2610 2748 2667 revelatione
2775 2611 2958 2681 gratiae
2984 2610 3144 2665 latius
3175 2611 3543 2666 innotescent'e
3566 2653 3583 2676 ,

2009 2715 2228 2757 necesse
2249 2701 2424 2756 fuerat
2444 2700 2666 2767 aboleri,
2682 2701 2982 2770 justiticare
3007 2702 3276 2756 neminem
3299 2704 3584 2771 poterant?

2008 2792 2126 2848 Non
2157 2801 2334 2847 tamen
2376 2793 2500 2847 ideo
2539 2792 2749 2846 fuerant
2778 2799 3029 2863 tanquam
3059 2793 3320 2848 diabolica
3345 2792 3583 2863 gentium

2009 2881 2286 2953 sacrilegia
2313 2883 2585 2954 fugienda,
2615 2883 2778 2937 etiam
2805 2898 2927 2938 cum
2953 2884 3066 2952 ipsa
3090 2883 3258 2953 gratia
3281 2883 3390 2952 jam
3413 2895 3585 2951 emptu

2009 2982 2093 3028 rat
2116 2975 2360 3040 revelari,
2389 2989 2507 3044 qum
2537 2975 2740 3029 umbris
2772 2974 2963 3029 talibus
2989 2973 3162 3030 fuerat
3193 2976 3584 3045 praenuntiata;

2010 3065 2102 3120 sed
2141 3065 2490 3134 permittenda
2526 3067 2796 3136 paululum
2839 3066 2939 3130 eis,
2985 3066 3215 3121 maxime
3247 3065 3340 3136 qui
3381 3079 3450 3120 ex
3492 3064 3594 3120 illo-

2012 3156 2241 3225 populo,
2271 3156 2356 3210 cui
2393 3155 2513 3210 data
2553 3167 2703 3222 sunt,
2748 3167 3024 3212 venerant.
3067 3158 3258 3212 Postea
3296 3171 3425 3213 vero
3466 3167 3586 3216 tan.-

2011 3261 2168 3315 quam
2205 3261 2324 3301 cum
2356 3247 2559 3302 honore
2585 3248 2790 3317 sepulta
2823 3256 2977 3314 sunt,
3012 3263 3046 3303 a
3068 3248 3384 3306 Christianis
3413 3251 3587 3311 omni.-

2011 3334 2110 3390 bus
2136 3337 2554 3404 irreparabiliter
2577 3337 2896 3393 deserenda.
2926 3355 2946 3390 ι

2081 3428 2172 3484 2|.
2210 3447 2228 3482 ι
2257 3429 2370 3484 llue
2395 3438 2594 3496 autem,
2617 3429 2761 3500 quod
2785 3428 2918 3484 dicis
2943 3428 2963 3500 (
2994 3444 3103 3484 non
3127 3428 3504 3500 dispensative,
3530 3438 3589 3485 ut

2013 3519 2182 3574 nostri
2209 3519 2427 3574 voluere
2463 3518 2740 3590 majores),
2769 3518 2900 3588 quid
2926 3519 3026 3573 sibi
3059 3517 3202 3583 vult,
3229 3533 3326 3574 oro
3354 3519 3447 3574 te?
3485 3520 3594 3572 Aut

2013 3610 2154 3664 enim
2196 3609 2296 3664 hoc
2335 3617 2452 3676 est,
2481 3610 2620 3678 quod
2649 3624 2750 3679 ego
2787 3609 3001 3678 appello
3029 3608 3326 3664 ofﬁciosum
3365 3609 3590 3663 menda-

2015 3697 2176 3763 cium,
2206 3706 2266 3752 ut
2293 3697 2408 3752 ιιεεο
2432 3697 2757 3768 diSpensatio
2793 3698 2864 3752 sit
2898 3696 3156 3762 ofﬁcium,
3187 3698 3335 3752 velut
3363 3697 3593 3752 honeste

2015 3785 2307 3841 mentiendi
2330 3802 2344 3840 :
2369 3795 2460 3840 aut
2483 3786 2608 3856 quid
2631 3787 2772 3840 aliud
2798 3787 2888 3850 sit,
2911 3786 3129 3840 omnino
3155 3800 3260 3840 non
3283 3785 3462 3847 video.
3487 3786 3592 3842 nisi

2016 3873 2181 3940 forte,
2223 3874 2405 3929 addito
2451 3874 2668 3928 nomine
2707 3873 3156 3943 dispensationis,
3189 3873 3281 3928 fiat
3307 3872 3400 3945 (al.
3430 3873 3507 3945 ﬁt]
3535 3885 3592 3929 ut

2017 3965 2348 4021 mendacium
2380 3979 2486 4021 non
2513 3965 2582 4020 sit
2608 3965 2944 4020 mendacium
2979 3982 2994 4020 :
3023 3964 3164 4034 quod
3205 3965 3251 4020 si
3296 3965 3592 4018 absurdum

2016 4065 2125 4121 est;
2167 4071 2263 4111 cur
2303 4070 2431 4126 ergo
2473 4069 2578 4110 non
2625 4064 2809 4125 aperte
2851 4054 2984 4110 dicis
3028 4053 3327 4110 officiosum
3367 4053 3590 4110 menda~

2018 4151 2158 4205 cium
2184 4145 2594 4210 defendendum,
2666 4145 2829 4223 774
2900 4147 3001 4205 nisi
3023 4146 3163 4201 for-te
3182 4161 3377 4202 nomen
3395 4156 3448 4202 te
3470 4161 3593 4202 mo-

2019 4247 2108 4294 vet
2147 4256 2162 4296 :
2204 4238 2327 4307 quia
2375 4252 2480 4292 non
2525 4244 2633 4292 tam
2680 4238 2928 4292 usitatum
2972 4244 3054 4292 est
3101 4237 3154 4291 in
3200 4236 3594 4292 Eeelesiasticis

2021 4328 2168 4384 libris
2189 4326 2500 4382 vocabulum
2525 4325 2695 4382 Ofﬁcii
2715 4367 2733 4391 ,
2762 4325 2904 4398 quod
2933 4325 3246 4381 Ambrosius
3272 4336 3456 4381 noster
3484 4340 3594 4379 non

2021 4419 2216 4483 timuit,
2243 4417 2334 4487 qui
2360 4431 2487 4472 suos
2519 4416 2775 4487 quosdam
2819 4416 2984 4471 libros
3027 4415 3238 4470 utilium
3273 4414 3594 4485 praeceptio-

2021 4523 2147 4563 num
2178 4507 2382 4578 plenos,
2411 4507 2480 4563 de
2511 4506 2716 4562 Ol'tleiis
2746 4506 2914 4561 voluit
2956 4505 3244 4575 appellare.
3291 4506 3373 4559 An
3403 4505 3449 4559 si
3476 4504 3596 4559 otti-

2021 4599 2166 4655 oiose
2192 4599 2480 4653 mentiatur
2516 4596 2742 4665 quisque
2773 4593 3067 4664 culpandus
3092 4601 3209 4659 est;
3240 4592 3289 4648 si
3317 4594 3596 4663 dispensa-

2023 4691 2129 4744 tive
2151 4730 2167 4756 ,
2207 4686 2614 4758 approbandus?
2656 4686 2806 4755 Rogo
2833 4694 2903 4751 te,
2937 4686 3225 4740 mentiatur
3254 4687 3344 4742 ubi
3373 4687 3597 4756 elegerit

2021 4781 2110 4850 qui
2142 4778 2243 4833 hoc
2281 4785 2426 4846 putat
2453 4792 2467 4831 :
2496 4776 2616 4846 quia
2647 4785 2702 4831 et
2727 4776 2779 4830 in
2812 4775 2915 4830 hoc
2941 4789 3128 4846 magna
3155 4776 3378 4845 qumstio
3403 4784 3506 4842 est,
3527 4777 3598 4831 sit

2024 4885 2093 4926 ne
2114 4867 2398 4938 aliquando
2431 4866 2642 4922 mentiri
2663 4866 2763 4921 viri
2796 4867 2918 4921 boni
2940 4907 2955 4933 ,
2998 4866 3107 4920 imo
3143 4865 3242 4920 viri
3285 4865 3598 4932 Christiani,

2023 4958 2268 5028 qualibus
2292 4957 2489 5012 dictum
2515 4965 2632 5022 est,
2675 4957 2759 5012 Sit
2785 4957 2838 5010 in
2866 4972 2952 5010 ore
2974 4965 3166 5024 vestro,
3199 4964 3292 5024 est,
3329 4965 3422 5020 est,
3455 4971 3554 5011 non
3579 4998 3594 5020 ,

2024 5065 2145 5114 non,
2171 5057 2227 5103 ut
2255 5064 2355 5103 non
2377 5048 2468 5103 sub
2481 5047 2682 5119 judicio
2711 5047 2996 5102 decidatis?
3024 5046 3161 5120 (Jac.
3188 5049 3243 5106 5.
3273 5048 3374 5114 13;
3406 5047 3596 5102 Matth.

2024 5139 2077 5196 5.
2110 5138 2240 5211 57.)
2281 5138 2350 5193 Ει
2387 5138 2476 5210 qui
2512 5153 2634 5192 cum
2665 5136 2769 5192 ﬁde
2794 5137 3054 5206 audiunt,
3096 5137 3288 5194 Perdes
3317 5153 3489 5193 omnes
3514 5137 3600 5207 qui

2026 5230 2295 5301 loquuntur
2317 5229 2628 5284 mendacium
2651 5247 2669 5280 ›
2707 5227 2826 5300 (Ps.
2851 5228 2905 5285 5.
2933 5229 3008 5299 7).

2093 5321 2181 5375 22.
2233 5337 2250 5371 t
2281 5318 2388 5374 Sed
2415 5319 2543 5384 haec,
2579 5327 2634 5374 ut
2662 5319 2804 5386 dixi,
2837 5328 2891 5374 et
2930 5319 3032 5374 alia
3071 5329 3126 5375 et
3152 5332 3340 5389 magna
3371 5319 3600 5388 qumstio

2026 5421 2109 5468 est
2138 5430 2152 5466 :
2178 5411 2337 5481 eligat
2377 5411 2520 5480 quod
2554 5412 2822 5479 voluerit,
2867 5413 2957 5483 qui
3004 5412 3107 5467 hoc
3151 5411 3459 5476 existimat,
3507 5409 3599 5465 ubi

2027 5504 2334 5572 mentiatur,
2353 5503 2478 5559 dum
2503 5511 2678 5560 tamen
2704 5517 2733 5557 a
2761 5501 3121 5558 scribentibus
3146 5499 3452 5554 auctoribus
3474 5513 3600 5554 san-

2026 5609 2230 5654 clarum
2245 5597 2659 5668 Scripturarum,
2679 5603 2732 5650 et
2748 5594 2980 5649 maxime
2991 5591 3400 5658 Canonicaruni,
3421 5591 3600 5646 incon-

2026 5704 2180 5746 cusse
2207 5689 2476 5756 credatur,
2496 5698 2550 5742 et
2576 5685 2894 5741 defendatur
2917 5681 3136 5738 omnino
3160 5681 3349 5737 abesse
3376 5680 3605 5737 menda-

2028 5782 2166 5839 cium
2201 5799 2213 5837 ;
2246 5796 2311 5837 ne
2339 5780 2735 5851 dispensatores
2779 5772 3020 5843 Christi,
3060 5772 3126 5831 de
3170 5774 3360 5853 quibus
3397 5773 3599 5834 dictum
3679 5837 3692 5862 Ξ
