4088 6336
552 483 657 568 est,
680 500 782 556 Hic
792 501 903 573 jam
922 499 1163 570 quierim
1182 498 1312 553 inter
1333 496 1724 566 dispensatores,
1746 503 1802 548 tu
1830 494 1998 563 ﬁdelis
2013 495 2126 563 quis

551 591 838 644 inueniatur
867 589 944 662 (t.
976 589 1091 644 Cor.
1123 588 1179 644 4.
1208 585 1304 661 2),
1345 595 1596 658 tanquam
1636 600 1884 656 magnum
1927 583 2126 655 aliquid

551 681 654 736 sibi
695 680 926 737 fideliter
961 679 1214 738 didicisse
1244 679 1561 743 videantur,
1591 693 1690 749 pro
1726 677 1968 738 veritatis
2013 675 2125 731 dis-

549 773 866 841 pensatione
904 771 1142 836 mentiri,
1164 787 1284 826 eum
1311 775 1422 843 ipsa
1444 771 1576 831 ﬁdes
1606 773 1657 824 in
1683 770 1849 824 latino
1878 782 2128 824 sermone

548 860 618 915 ab
645 876 712 916 eo
740 859 949 924 dicatur
987 861 1288 932 appellata,
1318 864 1440 931 quia
1480 861 1538 914 fit
1578 860 1719 930 quod
1760 858 1978 924 dicitur.
2027 857 2127 922 Ubi

547 962 726 1012 autem
772 952 832 1006 fit
873 953 1016 1024 quod
1061 952 1279 1019 dicitur,
1326 951 1618 1010 mentiendi
1666 951 1849 1020 utique
1889 965 1995 1003 non
2045 957 2129 1005 est

544 1042 717 1097 locus.
763 1042 966 1100 Fidelis
1006 1043 1165 1114 igitur
1208 1044 1545 1112 dispensator
1588 1042 1880 1111 Apostolus
1926 1040 2127 1095 Paulus

542 1135 730 1204 procul
758 1133 920 1188 dubio
949 1135 1103 1189 nobis
1126 1134 1342 1189 exhibet
1371 1135 1424 1187 iu
1457 1132 1742 1188 scribendo
1764 1130 1925 1188 ﬁdem
1953 1149 1969 1185 :
2001 1130 2124 1200 quia

541 1225 788 1281 veritatis
816 1225 1158 1294 dispensator
1178 1233 1312 1288 erat,
1348 1239 1453 1279 non
1485 1224 1751 1278 falsitatis.
1797 1224 1875 1278 Ac
1901 1237 1997 1291 per
2024 1221 2125 1276 hoc

541 1332 728 1373 verum
757 1318 1006 1388 scripsit,
1038 1318 1234 1372 vidisse
1263 1331 1323 1372 sc
1347 1317 1566 1372 Petrum
1608 1331 1714 1371 non
1757 1323 1906 1370 recte
1944 1313 2123 1382 ingre-

542 1408 786 1465 dientem
808 1410 874 1464 ad
898 1410 1180 1467 veritatem
1209 1410 1508 1479 Evangelii,
1541 1411 1698 1480 eique
1728 1410 1780 1463 in
1809 1408 1995 1463 faciem
2032 1421 2121 1461 re-

540 1500 763 1566 stitisse,
787 1500 926 1570 quod
953 1509 1136 1570 gentes
1164 1511 1383 1570 cogeret
1409 1501 1686 1568 judaizare
1716 1501 1735 1570 (
1758 1499 1856 1554 Gal
1902 1498 1958 1552 2.
1988 1499 2054 1554 14
2078 1497 2118 1567 ).

542 1590 666 1660 Ipse
694 1607 824 1648 vero
863 1593 1054 1647 Petrus
1073 1633 1088 1658 ,
1115 1593 1257 1663 quod
1287 1607 1315 1646 a
1347 1593 1516 1647 Paulo
1545 1592 1704 1647 fiebat
1734 1593 1934 1646 utiliter
1961 1590 2121 1644 liber-

541 1692 653 1740 tate
691 1684 953 1752 caritatis,
982 1693 1165 1739 saneta
1202 1699 1266 1739 ac
1303 1684 1530 1754 benigna
1573 1684 1770 1752 pietate
1805 1679 2118 1738 humilitatis

537 1773 747 1843 accepit
776 1781 973 1844 :atque
999 1774 1068 1829 ita
1099 1775 1274 1833 rarius
1309 1784 1363 1830 et
1404 1775 1641 1829 sanctius
1680 1773 1983 1841 exemplum
2025 1785 2120 1840 po-

537 1864 699 1920 steris
740 1864 1001 1934 prmhuit,
1040 1879 1148 1935 quo
1188 1880 1294 1920 non
1337 1863 1757 1934 dedignarentur
1785 1862 1952 1918 sicubi
1983 1860 2119 1916 forte

538 1955 671 2010 recti
719 1956 985 2013 tramitem
1027 1956 1402 2026 reliquissent,
1446 1957 1606 2009 etiam
1656 1968 1686 2006 a
1737 1951 2118 2022 posterioribus

537 2045 768 2118 corrigi;
816 2061 975 2117 quam
1018 2047 1250 2112 Paulus,
1297 2061 1404 2116 quo
1449 2045 1782 2100 confidenter
1823 2044 2114 2108 auderent,

535 2137 698 2193 etiam
727 2138 966 2194 minores
991 2137 1284 2208 majoribus
1308 2152 1404 2207 pro
1433 2135 1766 2192 defendenda
1792 2133 2114 2204 Evangelica

535 2231 784 2295 veritate,
819 2231 966 2286 salva
996 2230 1229 2288 fraterna
1269 2230 1492 2285 caritate
1531 2230 1802 2284 resistere.
1833 2226 1966 2282 Nam
1992 2239 2116 2280 cum

533 2323 704 2384 sitius
722 2323 811 2388 sit,
837 2337 866 2377 a
895 2322 1128 2379 tenendo
1154 2323 1344 2378 itinere
1370 2322 1425 2376 in
1451 2322 1599 2378 nullo
1621 2362 1636 2386 ,
1665 2336 1824 2391 quam
1853 2320 1908 2375 in
1935 2319 2115 2388 aliquo

533 2413 837 2481 declinare;
880 2429 1061 2471 ιω.το
1101 2429 1198 2470 es'r
1239 2423 1414 2469 tamen
1457 2413 1756 2468 mirabilius
1781 2420 1837 2466 et
1866 2408 2112 2466 laudabi-

534 2504 656 2569 lius,
684 2504 915 2560 libenter
947 2508 1192 2577 accipere
1225 2505 1582 2575 corrigentem
1603 2546 1618 2571 ,
1659 2518 1820 2574 quam
1860 2502 2114 2558 audacter

539 2597 811 2667 corrigere
838 2597 1160 2653 deviantem.
1203 2597 1300 2652 Est
1329 2598 1444 2652 laus
1469 2598 1644 2667 itaque
1666 2596 1826 2665 justte
1850 2593 2113 2649 libertatis

533 2687 589 2742 in
611 2688 775 2744 Paulo
789 2698 843 2744 et
860 2698 1057 2744 sach
1074 2688 1388 2744 humilitatis
1407 2690 1458 2744 in
1481 2689 1674 2744 Petro:
1698 2703 1838 2757 quae,
1854 2695 2110 2755 quantum

534 2778 665 2832 milii
695 2794 791 2848 pro
820 2779 1036 2834 modulo
1059 2794 1186 2834 meo
1207 2779 1437 2844 videtur,
1461 2781 1630 2849 magis
1660 2780 1830 2834 fuerat
1855 2777 2112 2832 adversus

530 2867 940 2924 calumniantem
962 2869 1312 2940 Porphyrium
1335 2867 1690 2935 defendenda,
1707 2884 1868 2939 quam
1883 2868 2002 2922 utei
2018 2867 2114 2922 da-

529 2964 680 3011 retur
697 2958 1026 3013 obtrectaudi
1056 2958 1225 3027 major
1245 2959 1479 3024 occasio,
1495 2973 1598 3028 qua
1619 2959 1788 3012 multo
1811 2957 2112 3012 mordacius

530 3049 904 3105 criminaretur
927 3050 1259 3106 Christianos
1301 3049 1563 3104 fallaciter
1633 3051 1795 3122 775
1868 3050 1949 3104 vel
1986 3063 2112 3104 suas

530 3139 734 3196 litteras
750 3141 1008 3202 scribere,
1032 3141 1114 3196 vel
1143 3142 1234 3196 Dei
1257 3142 1336 3196 sui
1360 3150 1691 3202 sacramenta
1713 3142 1788 3210 (a)
1811 3147 2060 3196 tractare.
2085 3158 2104 3192 ι

601 3228 694 3289 25.
753 3229 1036 3298 tFlagitas
1073 3245 1103 3284 a
1141 3245 1245 3294 me,
1303 3240 1363 3284 ut
1415 3229 1644 3298 aliquem
1702 3230 1890 3284 saltem
1948 3243 2110 3282 unum

531 3318 830 3382 ostendam,
863 3319 1014 3386 cujus
1053 3320 1106 3372 iu
1145 3318 1246 3374 hac
1283 3335 1341 3374 re
1377 3320 1693 3374 sententiam
1731 3321 1832 3372 sita
1869 3326 2107 3384 secutus,

530 3423 655 3464 cum
685 3415 738 3461 tu
767 3417 872 3466 tam
904 3408 1080 3476 plures
1109 3409 1415 3465 nominatim
1445 3408 1944 3468 commemoraveris
1969 3448 1983 3473 ,
2018 3407 2108 3477 qui

532 3509 584 3556 te
623 3499 677 3552 in
716 3513 782 3553 eo
805 3539 820 3562 ,
860 3499 1000 3568 quod
1037 3502 1234 3555 astruis
1271 3510 1691 3572 prarcesseruut;
1734 3510 1922 3570 petens
1959 3509 2017 3554 ut
2055 3500 2108 3554 in

529 3605 616 3656 eo,
657 3594 797 3662 quod
838 3605 890 3649 te
927 3593 1262 3664 reprehendo
1289 3603 1585 3656 errantem,
1608 3595 1799 3663 ‘patiar
1839 3602 1890 3648 te
1925 3607 2108 3648 errare

527 3701 650 3740 eum
678 3687 906 3750 talibus;
939 3701 1164 3756 quorum
1191 3700 1294 3755 ego
1319 3685 1490 3741 fateor
1525 3686 1792 3740 neminem
1832 3685 1969 3755 legi;
2011 3684 2109 3741 sed

528 3792 648 3832 eum
685 3777 850 3833 ferme
879 3792 971 3832 sex
997 3820 1010 3843 ,
1039 3778 1119 3832 vel
1146 3788 1370 3845 septem,
1400 3776 1588 3830 horum
1617 3784 1846 3845 quatuor
1870 3777 2106 3831 auctori-

535 3877 696 3926 tatem
725 3877 777 3922 tu
807 3883 1018 3938 quoque
1058 3867 1326 3936 iufriugis.
1370 3867 1502 3922 Nam
1541 3868 1922 3931 Laodicenum,
1954 3867 2107 3936 cujus

535 3973 728 4013 nomen
770 3967 912 4013 taces
935 3997 952 4024 ,
995 3957 1066 4014 de
1110 3958 1348 4014 Ecclesia
1398 3957 1532 4014 dicis
1576 3973 1748 4027 nuper
1793 3971 2102 4026 egressum;

524 4050 890 4104 Alexandrum
930 4059 1109 4104 autem
1153 4061 1388 4105 veterem
1430 4050 1768 4114 hzereticum;
1814 4050 2103 4118 Origenem

525 4155 655 4195 vero
679 4156 742 4196 ac
770 4140 1051 4212 Dydimum
1077 4142 1444 4212 reprehensos
1461 4142 1556 4196 abs
1588 4151 1670 4206 te,
1692 4142 1812 4211 lego
1843 4143 1892 4195 in
1918 4157 2105 4196 recen-

525 4231 753 4286 tioribus
776 4233 1174 4300 quarstionibus,
1205 4232 1445 4301 quamvis
1469 4231 1755 4299 Origenem
1788 4231 2106 4286 mirabiliter

523 4331 652 4375 ante
681 4321 1001 4375 laudaveris.
1028 4321 1164 4376 Cum
1193 4321 1274 4374 his
1295 4336 1420 4390 ergo
1446 4335 1629 4374 errare
1658 4329 1782 4388 puto
1804 4361 1820 4383 ,
1853 4322 1974 4390 quia
2005 4336 2103 4375 nec

523 4421 578 4467 te
601 4413 718 4482 ipse
746 4412 996 4481 patieris;
1026 4412 1268 4482 quamvis
1285 4413 1386 4466 hoc
1407 4411 1625 4481 perinde
1649 4411 1856 4468 dicatur
1880 4430 1943 4467 ac
1973 4416 2016 4469 si
2047 4416 2102 4469 in

524 4503 626 4557 hac
669 4504 932 4558 sententia
973 4517 1079 4556 non
1124 4503 1437 4557 erraverint.
1470 4501 1602 4556 Nam
1630 4503 1748 4572 quis
1775 4512 1854 4558 est
1877 4546 1889 4566 ,
1923 4505 2102 4573 quise

521 4596 652 4651 velit
679 4609 801 4650 cum
828 4593 1068 4664 quolibet
1091 4593 1308 4647 errare?
1337 4593 1468 4648 Tres
1497 4593 1657 4662 igitur
1682 4603 1904 4658 restant,
1937 4595 2103 4650 Euse-

525 4685 644 4739 bius
689 4684 1007 4750 Emisenus,
1054 4684 1369 4739 Theodorus
1416 4684 1799 4749 Heracleotes,
1839 4695 1893 4740 ct
1941 4701 2100 4755 quem

523 4777 684 4846 paulo
707 4787 828 4843 post
845 4790 1253 4837 commemoras,
1275 4775 1526 4840 Joannes,
1549 4775 1638 4844 qui
1665 4775 1864 4829 dudum
1888 4776 1938 4829 in
1963 4777 2102 4831 Pon-

526 4867 704 4920 tilieali
726 4866 890 4936 gradu
910 4866 1554 4934 Constantinopolitanatn
1583 4868 1720 4921 rexit
1748 4867 2093 4922 Ecclesiam.s

595 4955 687 5008 ﬁt.
721 4972 740 5006 ι
765 4955 932 5009 Porro
953 4955 996 5009 si
1027 4969 1258 5024 quaeras,
1289 4955 1374 5008 vel
1413 4955 1636 5020 recolas,
1667 4956 1792 5024 quid
1823 4956 1945 5011 hinc
1977 4971 2100 5012 sen-

525 5045 658 5100 serit
696 5053 877 5099 noster
899 5043 973 5116 (ιν)
1001 5046 1351 5100 Ambrosius:
1383 5046 1509 5116 quid
1548 5056 1731 5101 noster
1775 5046 1957 5102 itidem
1997 5049 2101 5118 Cy-

609 5185 660 5247 u)
693 5183 1017 5247 Benedictinl,
1038 5191 1342 5247 sacramenta
1363 5193 1574 5247 portare.

696 5245 984 5316 Diﬂicilegiu
1001 5246 1076 5294 his
1097 5258 1210 5316 quae
1229 5245 1490 5308 supersunt
1511 5245 1749 5316 Ambrosii
1772 5253 1964 5312 scriptis
1981 5255 2100 5316 quid

521 5307 681 5358 simile
703 5307 1321 5373 occurt'atAAugustiniange
1357 5311 1636 5373 sentcntiae.
1673 5311 1851 5373 Utique
1870 5307 1934 5362 'in
1958 5307 2098 5368 Gom-

521 5370 774 5420 mentariis
799 5371 844 5432 in
870 5367 1100 5432 epistolas
1121 5367 1255 5416 Pauli
1281 5370 1326 5416 iu
1351 5369 1628 5432 Appendice
1661 5367 1861 5422 secundi
1885 5379 1997 5424 tomi
2025 5378 2097 5426 in-

523 5432 723 5496 venias,
772 5430 1190 5496 «interveniente
1228 5443 1370 5496 causa
1397 5430 1749 5496 negligentes,
1779 5432 1864 5482 vel
1888 5439 2095 5496 erroris,

521 5490 759 5543 dissidere
793 5494 925 5554 inter
935 5505 992 5540 se
1009 5493 1233 5540 videntur
1244 5490 1478 5554 Apostoli.
1498 5490 1568 5550 et,
1586 5490 2000 5554 lleprebeusibilis
2012 5490 2100 5551 uti;

557 5568 620 5604 ue
636 5555 697 5616 ab
713 5552 1004 5616 Evangelica
1023 5555 1230 5602 veritate
1247 5591 1260 5608 ,
1288 5552 1361 5602 cui
1383 5553 1471 5602 hoc
1491 5552 1670 5602 factum
1697 5556 2091 5607 adversabatur.»

557 5568 620 5604 ue
636 5567 697 5602 at)
713 5567 1004 5616 nvaugettca
1023 5567 1230 5602 veritate
1247 5591 1260 5608 ,
1288 5567 1361 5602 cm
1383 5567 1471 5602 uoc
1491 5567 1661 5602 tactum
1697 5567 2091 5607 adversabatur.»

521 5567 642 5672 δαῖε
665 5615 788 5664 forte
815 5628 876 5664 ex
900 5615 1128 5678 genuinis
1149 5616 1390 5663 Ambrosii
1413 5616 1719 5678 monimentis
1737 5625 1967 5678 excerpta
1985 5628 2099 5671 sunt

519 5687 550 5724 a
567 5680 818 5726 neoterice
834 5676 1200 5742 interpolatore.
1220 5679 1382 5737 Quoad
1402 5676 1618 5742 Cypriani
1639 5676 1983 5742 testimonium,
2001 5691 2096 5742 est,

523 5745 577 5802 ut
602 5746 827 5802 putamus
840 5775 854 5802 ,
883 5738 1016 5802 locus
1040 5741 1133 5788 iste
1156 5753 1302 5802 quem
1328 5738 1486 5793 timuit
1510 5738 1758 5802 epist._7l.
1776 5741 1841 5802 ad
1866 5738 2094 5798 Quintum

521 5795 736 5848 fratrem.
773 5817 793 5846 ι
813 5800 917 5850 Nec
937 5795 1208 5848 Petrus...'..
1236 5815 1342 5851 cum
1367 5813 1530 5851 secum
1543 5795 1733 5850 'Pauius
1754 5801 1816 5850 de
1841 5795 2094 5854 circumci-

1834 376 2076 436 SANCTI
2112 377 2492 442 lllERONYMl

3713 393 3814 455 ωε

2239 494 2477 564 prianus,
2507 493 2751 556 invenies
2775 495 3022 564 fortasse,
3051 511 3150 555 nec
3183 498 3337 557 nobis
3371 499 3610 562 defuisse
3632 543 3652 573 ,
3683 523 3812 579 quos

2235 583 2290 638 in
2315 599 2402 649 eo,
2431 584 2576 656 quod
2603 586 2917 654 asserimus,
2945 603 3308 660 sequeremur,
3339 608 3650 666 quanquam
3679 603 3814 661 sicut

2233 675 2392 744 paulo
2431 684 2558 731 ante
2599 675 2745 743 dixi,
2791 693 3150 744 ηκτωωοιιο
3191 681 3486 752 Scripturis
3529 689 3812 755 Canonieis

2235 763 2372 818 hanc
2397 764 2680 833 ingenuam
2709 765 2932 822 debeam
2959 771 3293 837 servitutem,
3322 789 3427 844 qua
3454 791 3550 832 eas
3575 781 3720 836 solas
3745 785 3810 841 ita

2233 867 2446 926 sequar,
2473 864 2528 908 ut
2554 857 2950 925 conscriptores
2988 875 3170 916 earum
3213 863 3346 922 nihil
3389 867 3441 920 in
3477 869 3560 924 eis
3596 846 3810 933 omnino

2232 958 2465 1010 errasse,
2493 945 2622 1004 nihil
2654 945 2919 1012 fallaciter
2945 952 3189 1020 posuisse
3229 970 3334 1009 non
3375 956 3641 1020 dubitem.
3682 963 3812 1021 Pro-

2231 1032 2355 1089 inde
2383 1049 2504 1090 cum
2532 1052 2717 1108 quer
2753 1040 2966 1096 tertium
2989 1082 3004 1108 ,
3051 1053 3108 1100 ut
3153 1054 3262 1100 tres
3303 1048 3468 1107 etiam
3509 1067 3611 1119 ego
3647 1055 3810 1115 tribus

2230 1139 2515 1196 apponam,
2555 1145 2764 1198 possem
2805 1134 3040 1202 quidem,
3081 1147 3134 1191 ut
3178 1138 3437 1207 arbitror,
3465 1142 3622 1200 facile
3661 1163 3811 1218 repe-

2228 1218 2360 1310 rire,
2386 1220 2431 1274 si
2462 1221 2624 1276 multa
2652 1223 2924 1293 legissem.
2957 1227 3338 1286 Verumtamen
3387 1234 3506 1303 ipse
3546 1238 3676 1293 mihi
3717 1255 3810 1310 pro

2229 1305 2316 1363 his
2339 1309 2606 1378 omnibus,
2637 1313 2745 1368 imo
2771 1329 2933 1385 supra
2960 1315 3056 1371 hos
3081 1333 3270 1378 omnes
3294 1325 3588 1392 Apostolus
3615 1305 3805 1388 Paulus

2227 1403 2461 1456 occurrit
2489 1419 2502 1457 :
2527 1404 2594 1460 ad
2634 1406 2805 1474 ipsum
2843 1408 3120 1478 confugio;
3167 1411 3234 1468 ad
3264 1413 3442 1482 ipsum
3469 1417 3539 1472 ab
3565 1422 3807 1481 omnibus

2227 1491 2316 1583 qui
2351 1493 2495 1547 aliud
2533 1496 2773 1556 sentiunt
2816 1497 3116 1561 litterarum
3148 1508 3529 1563 tractatoribus
3555 1526 3802 1583 provoco,

2225 1579 2398 1648 ipsum
2424 1583 2758 1655 interrogans
2797 1586 3082 1656 interpello
3121 1599 3176 1645 et
3214 1595 3432 1664 requiro
3460 1597 3512 1652 in
3543 1579 3628 1665 eo,
3662 1579 3801 1672 quod

2224 1672 2437 1742 scripsit
2479 1674 2545 1730 ad
2587 1676 2824 1744 Galatas,
2857 1679 3056 1740 vidisse
3082 1697 3141 1736 se
3175 1682 3389 1740 Petrum
3421 1703 3530 1743 non
3558 1702 3704 1749 recte
3727 1694 3804 1752 in-

2221 1761 2552 1831 gredientem
2599 1765 2667 1819 ad
2711 1767 2990 1822 veritatem
3024 1769 3318 1841 Evangelii,
3350 1778 3508 1846 eique
3534 1780 3585 1832 in
3615 1780 3800 1841 faciem

2227 1861 2501 1943 propterea
2528 1855 2788 1915 restitisse
2807 1898 2823 1923 ,
2855 1858 2996 1927 quod
3028 1860 3114 1914 illa
3145 1864 3481 1923 simulatione
3505 1880 3694 1938 gentes
3719 1876 3802 1943 jus-

2221 1938 2431 2032 daizare
2456 1946 2678 2012 cogebat
2704 1945 2898 2014 (Galat.
2923 1948 2976 2002 2.
3013 1949 3125 2017 l4),
3156 1962 3330 2007 utrum
3359 1971 3544 2012 verum
3571 1938 3800 2032 scripse,

2221 2030 2321 2096 rit,
2350 2046 2417 2085 an
2460 2032 2598 2089 forte
2630 2037 2810 2091 nescio
2837 2053 2942 2108 qua
2973 2039 3336 2110 dispensativa
3384 2046 3617 2106 falsitate
3656 2030 3799 2110 men.

2222 2122 2345 2178 titus
2384 2123 2472 2180 sit.
2519 2125 2585 2180 Et
2623 2127 2782 2181 audio
2810 2144 2931 2184 eum
2964 2133 3121 2198 paulo
3150 2136 3432 2203 superius,
3467 2139 3520 2193 in
3558 2141 3797 2211 ejusdem

2221 2215 2540 2301 narrationis
2579 2219 2799 2274 exordio
2844 2219 3089 2290 religiosa
3117 2238 3247 2278 voce
3288 2227 3417 2281 mihi
3456 2229 3795 2301 clamantem,

2223 2296 2348 2370 Qua:
2369 2310 2536 2389 autem
2812 2303 3002 2389 scribo
3032 2306 3188 2375 vobis,
3215 2325 3327 2365 ecce
3345 2327 3518 2367 coram
3547 2314 3656 2370 Deo
3681 2296 3797 2389 quiq

2218 2397 2318 2435 non
2343 2383 2557 2437 mentior
2579 2401 2596 2434 ι
2633 2383 2777 2452 (Gal.
2804 2386 2855 2440 1.
2896 2385 3016 2456 20.)

2287 2463 2374 2519 25.
2425 2481 2444 2516 r
2477 2465 2610 2520 Dent
2641 2468 2847 2521 veniam
2889 2471 3112 2539 quilibet
3153 2474 3294 2529 aliud
3341 2478 3653 2550 opinantes;
3698 2500 3795 2556 ego

2217 2557 2384 2623 magis
2424 2556 2586 2649 credo
2629 2566 2776 2649 tanto
2811 2561 3064 2630 Apostolo
3105 2564 3156 2618 in
3201 2568 3310 2622 suis
3356 2569 3546 2627 litteris
3569 2575 3792 2649 juranti,

2215 2659 2371 2729 quam
2415 2648 2607 2717 cuique
2653 2648 2960 2716 doctissimo
3002 2652 3070 2708 de
3113 2655 3302 2712 alienis
3337 2658 3651 2733 disputanti.
3689 2648 3793 2724 Nec

2216 2736 2317 2790 dici
2347 2738 2529 2802 timeo,
2555 2755 2640 2795 me
2661 2739 2738 2795 sic
2765 2741 2982 2797 Paulum
3012 2744 3317 2816 defendere,
3340 2754 3482 2824 quod
3505 2771 3609 2811 non
3633 2759 3794 2815 simu.-

2214 2825 2337 2890 larit
2376 2843 2614 2884 errorem
2654 2831 2994 2900 Judaeorum,
3039 2836 3134 2892 sed
3168 2853 3292 2895 vere
3319 2841 3479 2898 fuerit
3505 2845 3559 2900 in
3587 2862 3786 2912 errore.

2214 2917 2474 3012 Quoniam
2505 2937 2676 2990 neque
2701 2924 2981 2990 simulabat
3007 2944 3241 2984 errorem
3271 2935 3358 3004 qui
3386 2935 3631 2994 libertate
3651 2915 3792 3012 Apo}

2213 3010 2398 3064 stolica
2425 3051 2440 3076 ,
2471 3012 2605 3066 sicut
2634 3013 2704 3067 illi
2737 3016 2959 3082 tempori
2989 3021 3347 3088 congruebat,
3373 3035 3554 3082 vetera
3585 3029 3674 3086 illa
3701 3010 3790 3087 sa-

2213 3110 2481 3162 eramenta
2509 3143 2523 3166 ,
2556 3103 2642 3154 ubi
2676 3119 2808 3171 opus
2839 3091 2952 3159 erat
2980 3109 3186 3186 agendo
3208 3153 3223 3176 ,
3253 3118 3667 3175 commendabat
3691 3138 3750 3178 ea
3770 3163 3788 3192 ι

2212 3205 2317 3244 non
2360 3193 2528 3244 solum
2573 3190 2783 3248 Satanze
2824 3197 3051 3250 versutia
3095 3199 3422 3271 decipiendis
3467 3190 3787 3281 hominibus,

2213 3283 2305 3337 sed
2362 3283 2452 3337 Dei
2503 3285 2871 3354 providentia,
2919 3293 3335 3358 prmtittntiandis
3386 3298 3548 3354 rebus
3601 3301 3790 3373 futuris

2215 3375 2524 3442 prophetice
2561 3379 2864 3433 constituta.
2897 3379 3008 3436 Nec
3033 3398 3158 3438 vere
3185 3383 3358 3441 fuerat
3397 3390 3447 3443 in
3488 3407 3672 3449 errore
3695 3396 3788 3451 Ju-

2211 3463 2468 3529 damrum,
2501 3468 2590 3536 qui
2620 3484 2723 3522 non
2746 3471 2919 3525 solum
2947 3484 3190 3541 noverat,
3223 3477 3316 3532 sed
3341 3481 3501 3535 etiam
3534 3484 3788 3554 instanter

2211 3566 2264 3647 et
2292 3559 2486 3622 acriter
2517 3561 2837 3634 prmdicnbat
2862 3579 2953 3619 eos
2981 3582 3184 3633 errare,
3212 3571 3301 3640 qui
3331 3575 3589 3641 putabant
3616 3580 3785 3647 genti-

2209 3645 2306 3700 bus
2333 3647 2685 3718 imponenda,
2714 3653 2802 3708 vel
2840 3655 3206 3724 juStificationi
3233 3645 3696 3738 quorumcumque
3720 3649 3782 3736 li}

2211 3738 2406 3794 dolium
2433 3745 2790 3802 necessarias

2278 3823 2369 3877 26.
2429 3843 2446 3875 ι
2484 3825 2634 3893 Quod
2673 3839 2849 3883 autem
2889 3833 2999 3888 dixi
3037 3850 3158 3903 eum
3200 3835 3391 3894 factum
3429 3841 3630 3900 Judrcis
3669 3856 3776 3907 tam

2208 3922 2363 3974 quam
2389 3907 2660 3976 Iudicum,
2705 3921 2758 3966 et
2805 3922 3051 3984 tanquam
3094 3923 3343 3991 gentilem
3381 3927 3650 3996 gentibus,
3678 3947 3784 3989 non

2210 4000 2517 4054 mentientis
2554 4011 2670 4056 astu
2702 4043 2722 4072 ι
2759 4005 2852 4060 sed
2891 4012 3262 4086 cornpatientis
3299 4013 3488 4070 affectu
3529 4022 3783 4090 quemad-

2207 4091 2425 4143 modum
2461 4090 2723 4159 dixerim,
2769 4109 2954 4163 parum
3002 4099 3130 4154 mihi
3171 4102 3313 4156 visus
3356 4120 3414 4159 es
3460 4110 3779 4180 attendisse;

2209 4177 2314 4229 imo
2341 4195 2438 4249 ego
2469 4181 2693 4242 fortasse
2728 4199 2832 4238 non
2873 4187 2999 4240 satis
3037 4190 3138 4243 hoc
3174 4191 3459 4260 explanare
3499 4177 3779 4267 potuerim.

2206 4267 2388 4338 Neque
2419 4272 2558 4324 enim
2592 4272 2690 4327 hoc
2731 4273 2850 4330 ideo
2881 4276 3019 4344 dixi,
3059 4279 3201 4348 quod
3240 4283 3661 4344 miseriCorditer
3697 4293 3779 4346 illa

2206 4359 2562 4426 simulaverit;
2594 4365 2686 4420 sed
2714 4361 2833 4436 quia
2864 4368 2940 4422 sic
2974 4386 3034 4424 ea
3075 4387 3179 4425 non
3219 4375 3526 4444 simulavit,
3561 4397 3676 4450 qua:
3703 4385 3778 4442 fa:

2205 4449 2378 4518 ciebat
2415 4453 2605 4508 similia
2645 4453 2883 4522 Judmis;
2915 4461 3360 4530 quemadmodum
3403 4484 3502 4523 nec
3543 4471 3626 4524 illa
3666 4487 3780 4543 qum

2209 4540 2436 4596 frciebat
2466 4545 2655 4597 similia
2684 4549 2950 4615 gentibus,
2984 4567 3100 4632 qua:
3132 4564 3183 4608 tu
3215 4571 3424 4628 quoque
3455 4540 3779 4619 commemo-

2210 4632 2335 4725 Iasii
2371 4651 2382 4684 :
2405 4644 2566 4725 atque
2593 4637 2641 4698 in
2669 4653 2732 4689 eo
2759 4654 2862 4708 me,
2886 4642 3025 4710 quod
3057 4659 3158 4700 non
3192 4646 3394 4716 ingrate
3423 4652 3610 4718 fateor,
3637 4657 3782 4725 adju:

2207 4720 2344 4774 visti.
2391 4720 2522 4776 Cum
2554 4727 2692 4778 enim
2721 4727 2816 4781 abs
2850 4741 2899 4784 te
2925 4734 3234 4807 qumsissem
3270 4739 3322 4790 in
3363 4741 3586 4809 epistola
3629 4720 3778 4819 mea,

2205 4815 2470 4881 quomodo
2493 4827 2703 4883 putetur
2726 4820 2845 4874 ideo
2867 4821 3037 4881 factus
3054 4823 3251 4880 Judwis
3272 4841 3518 4900 tanquam
3545 4815 3780 4904 ludat-us,
3870 4816 3878 4835 ’

2206 4905 2326 4973 quia
2366 4904 2622 4960 fullaciter
2657 4911 2892 4980 suscepit
2928 4929 3258 4977 sacramenta
3297 4920 3625 4992 Judmorum,
3663 4944 3781 4982 cum

2207 5004 2261 5050 et
2305 4999 2546 5066 gentibus
2595 5009 2842 5080 tauquam
2887 5008 3100 5080 gentilis
3143 5007 3311 5065 factus
3341 5015 3430 5080 sit,
3467 5033 3566 5072 nec
3608 5027 3781 5074 tamen

2206 5089 2439 5158 suscepit
2471 5091 2724 5160 fallaciter
2752 5097 3008 5163 sacrificia
3039 5101 3312 5168 gentium;
3362 5114 3414 5158 tu
3458 5083 3782 5191 respondisti

2206 5181 2260 5235 in
2289 5196 2353 5235 eo
2382 5181 2575 5236 factum
2603 5186 2847 5252 gentibus
2880 5197 3125 5257 tanquam
3153 5195 3402 5262 gentilem
3426 5238 3441 5262 ,
3473 5181 3614 5266 quod
3645 5216 3782 5270 prte-

2204 5271 2407 5342 putium
2441 5274 2733 5342 receperit;
2761 5277 2902 5345 quod
2929 5278 3294 5339 indifferenter
3315 5289 3618 5353 permiserit
3646 5293 3783 5346 vesci

2203 5385 3008 5464 ξῬΗὶυοὲἓῐηρρξ[τιζίηδςονωνρι,
3050 5394 3307 5464 vindicavit
3327 5399 3418 5446 sibi
3444 5400 3627 5464 aliquid
3655 5404 3780 5452 inso-

2203 5443 2386 5523 lenter,
2413 5456 2495 5523 aut
2517 5457 2803 5523 arroganter
2819 5443 3120 5523 assumpsit,
3157 5443 3209 5505 ut
3232 5443 3418 5509 diceret
3444 5443 3783 5523 gs'TIi-iina'iﬁm

2204 5510 2830 5587 teneretet‘obtejutperari
2854 5525 2893 5587 ξι
2919 5510 3146 5587 novellis,
3188 5525 3240 5587 e_t
3254 5523 3472 5587 posteris
3509 5510 3786 5587 sibiﬂpotiu—s‘

2203 5569 2585 5648 oportereran‘ee
2602 5569 2832 5648 despjexit
2856 5574 3074 5648 Paulum.
3100 5569 3228 5648 quod
3254 5569 3488 5648 Ecclesiae
3514 5569 3648 5646 prius
3666 5569 3785 5648 per:

2202 5628 2406 5704 secutor
2421 5628 2623 5691 fuisset;
2643 5628 3015 5704 sed-consilium
3031 5628 3259 5704 veritatis
3280 5628 3782 5704 a‘uuiils'ai'ﬂli‘ﬁdiain

2203 5687 2452 5763 legitimae,
2477 5687 2620 5763 quam
2643 5693 2822 5763 Paulus
2840 5687 3129 5763 vindicabat,
3153 5687 3621 5757 nisuééatiééhiiiit'
3636 5687 3783 5760 illia;

2203 5748 2520 5827 Ξένῳ-ψει]ιῇ
2547 5754 2652 5827 ipse
2674 5757 2856 5827 reeitat
2871 5748 3172 5827 Augustinus
3193 5748 3252 5810 ad
3270 5748 3422 5827 alii]?
3433 5748 3782 5819 iﬁh'é's'ezii'tSE

2203 5817 2316 5860 tiam
2343 5817 2652 5864 asserendam
2681 5817 2782 5866 init.
2811 5817 2893 5867 lib.
2920 5817 2969 5867 ἓξ
2991 5823 3053 5869 de
3077 5823 3195 5872 Baut
3228 5825 3462 5877 adversus
3486 5817 3776 5881 Donatistas
