4088 6336
270 390 379 449 sta
611 387 895 469 ,εει

266 504 399 567 cibis
417 542 433 567 ,
462 515 601 572 quos
624 499 878 559 damnant
910 498 1103 558 Judaei.
1147 497 1245 556 libi
1274 509 1373 567 ego
1400 508 1584 566 quaero
1615 513 1629 549 :
1655 502 1833 550 utrum

264 603 323 651 et
344 593 445 649 hoc
468 593 719 649 simulate
741 591 957 648 fecerit?
980 588 1129 659 Quod
1152 589 1200 643 si
1218 586 1659 642 absurdissimum
1679 596 1840 654 alque

265 682 606 737 falsi~siutum
628 690 708 738 est
734 698 749 735 :
773 682 850 736 sic
875 695 1005 750 ergo
1026 692 1079 733 et
1104 679 1213 741 illa,
1240 678 1291 730 in
1313 677 1503 747 quibus
1529 675 1837 732 Inda-orum

265 772 634 839 consitetudini
664 772 988 841 eongruebat
1015 771 1258 823 libertate
1290 766 1568 835 prudenti,
1597 781 1701 818 non
1741 780 1837 817 ne-

265 865 514 925 cessitate
535 863 736 921 servili.
751 874 839 914 ant
861 860 1001 926 quod
1023 871 1106 914 e~t
1128 857 1418 929 indignius,
1439 855 1840 925 dispensatione

266 955 443 1011 fallaci
473 956 648 1022 potius
672 970 830 1024 qnam
858 953 1021 1007 fideli.
1051 970 1070 1003 ι

337 1045 427 1101 27.
465 1064 483 1096 t
506 1045 772 1099 Fidelihus
802 1044 944 1098 enim
962 1084 977 1105 ,
1009 1053 1062 1095 et
1088 1042 1170 1095 bis
1199 1041 1291 1109 qui
1319 1046 1681 1109 cognoverunt
1704 1035 1845 1090 veri-

269 1144 457 1195 tatem,
488 1135 626 1188 sicut
653 1134 766 1201 ipse
791 1140 1016 1186 testatur
1045 1131 1166 1200 (nisi
1194 1129 1332 1184 forte
1349 1139 1411 1184 et
1440 1128 1526 1182 hic
1555 1124 1708 1195 fallit)
1738 1141 1846 1179 om-

268 1228 348 1284 nis
382 1236 615 1282 creatura
658 1225 750 1278 Dei
780 1226 783 1231 ’
821 1223 979 1296 777
1054 1225 1184 1277 bona
1228 1231 1322 1287 est,
1363 1230 1409 1275 et
1446 1219 1573 1277 nihil
1601 1217 1845 1288 objicien-

270 1320 412 1383 ήκω,
435 1317 569 1387 quod
593 1332 709 1375 cum
735 1316 1011 1387 gratiarum
1036 1314 1232 1370 actione
1258 1311 1505 1382 accipitur
1530 1309 1607 1382 (Ι.
1636 1308 1767 1362 Tim.
1786 1308 1853 1366 4.,

268 1410 345 1481 4).
392 1409 534 1480 Ergo
568 1417 624 1463 et
661 1407 761 1477 ipsi
801 1407 965 1463 Paulo
1011 1420 1117 1461 non
1159 1405 1329 1463 solum
1374 1401 1448 1475 (α)
1489 1403 1621 1466 viro,
1658 1411 1845 1454 verum

269 1503 431 1569 etiam
465 1499 822 1570 dispensatori
858 1500 1088 1554 maxime
1123 1496 1298 1561 lideli,
1330 1510 1436 1550 non
1471 1493 1643 1550 solum
1669 1490 1843 1560 cogni-

270 1582 606 1655 tori,'verum
631 1590 792 1645 etiam
827 1588 1030 1644 doctori
1059 1586 1329 1652 veritatis,
1360 1584 1533 1640 omnis
1573 1582 1755 1651 utique
1793 1580 1849 1635 io

268 1682 406 1740 cibis
426 1690 669 1737 creatura
700 1681 818 1745 Dei,
844 1694 952 1735 non
979 1679 1246 1742 simulate,
1274 1675 1367 1731 sed
1395 1689 1521 1729 vere
1547 1673 1684 1727 bona
1707 1678 1865 1726 erat.

269 1772 377 1828 Cur
403 1771 561 1843 igitur
581 1771 715 1826 nihil
738 1770 983 1827 simulate
1002 1765 1344 1839 suscipiendo
1363 1778 1660 1827 sacrorum,
1681 1775 1851 1815 caere-v

267 1866 674 1933 moniarumque
696 1861 994 1933 gentilium,
1012 1858 1109 1915 sed
1128 1857 1195 1919 de
1218 1856 1351 1913 cibis
1370 1864 1425 1911 et
1446 1852 1702 1924 praeputio
1722 1864 1848 1903 vera

269 1954 578 2017 sentiendo,
609 1961 769 2023 atque
804 1949 1085 2017 docendo,
1128 1958 1303 2004 tamen
1346 1956 1597 2016 lanata-tm
1635 1941 1849 2013 gentilis

267 2044 440 2103 iactus
465 2050 548 2101 est
571 2045 841 2116 gentibus,
872 2051 927 2097 et
957 2056 1063 2098 non
1104 2040 1276 2111 potuit
1317 2037 1435 2093 fieri
1471 2046 1723 2104 tanquam
1753 2032 1848 2088 lu-

248 2136 418 2197 .dteus
448 2135 681 2202 ludatis,
717 2136 819 2191 nisi
865 2134 1123 2190 fallaciter
1146 2127 1487 2199 suscipiendo
1515 2133 1849 2181 sacramenta

265 2225 611 2285 dedecorum?
651 2226 758 2281 Cur
796 2225 1032 2280 oleastro
1075 2222 1278 2277 inserto
1301 2217 1605 2274 observavit
1631 2215 1850 2284 dispeu-u

265 2317 491 2377 nationis
510 2330 757 2373 veracem
784 2314 942 2369 ﬁdem
965 2330 979 2365 :
1003 2319 1060 2366 et
1082 2309 1414 2365 naturalibus
1436 2306 1602 2361 ramis
1627 2318 1732 2359 non
1754 2317 1853 2358 εις

267 2415 370 2473 tra,
398 2405 495 2462 sed
522 2406 574 2459 in
600 2405 793 2460 arbore
820 2401 1124 2459 constitutis
1149 2440 1164 2465 ,
1190 2399 1374 2455 nescio
1396 2395 1538 2467 quod
1566 2394 1848 2465 dispensa-

262 2499 419 2557 toriat
448 2497 691 2552 velamen
715 2493 1071 2550 simulationis
1093 2489 1371 2546 obtendit?
1398 2488 1506 2542 Cur
1534 2486 1703 2541 factus
1732 2492 1853 2540 tan.

262 2604 426 2659 quam
450 2588 664 2658 gentilis
687 2586 937 2656 gentibus
958 2584 1145 2656 ,‘quod
1178 2582 1338 2639 sentit
1369 2579 1559 2644 (locet,
1597 2575 1740 2648 quod
1772 2575 1849 2648 (lt)

262 2682 362 2747 ait,
393 2682 557 2736 sentit
586 2698 601 2733 :
630 2679 802 2735 factus
841 2687 1021 2734 autem
1058 2684 1309 2744 tanquam
1351 2671 1569 2727 Judaeus
1608 2668 1808 2724 iudicis
1830 2706 1847 2733 ,

262 2770 410 2831 aliud
450 2770 651 2826 claudit
693 2770 746 2826 in
795 2778 1031 2839 pectore,
1063 2764 1208 2822 aliud
1246 2761 1441 2832 promit
1478 2763 1531 2817 in
1566 2759 1761 2825 verbis,
1793 2757 1846 2813 in

260 2861 440 2928 factis,
485 2861 538 2915 in
577 2859 824 2930 scriptis?
856 2858 974 2914 Sed
1019 2856 1158 2913 absit
1201 2854 1302 2910 boo
1339 2866 1546 2923 sapere.
1596 2848 1847 2916 Utrisque

261 2955 407 3011 enim
437 2952 666 3009 debebat
689 2951 965 3007 caritatem
987 2949 1056 3005 de
1078 2946 1243 3003 corde
1269 2960 1424 3016 puro,
1446 2951 1501 3000 et
1519 2939 1845 2998 conscientia

261 3045 424 3109 bona,
453 3054 506 3100 et
551 3043 656 3100 fide
699 3058 803 3101 non
845 3042 989 3097 (icta.
1022 3041 1101 3095 Ac
1142 3055 1235 3108 per
1264 3037 1367 3096 hoc
1393 3034 1641 3091 omnibus
1666 3031 1848 3087 omnia

260 3136 433 3191 lactus
454 3143 559 3198 est,
586 3143 644 3189 ut
665 3148 852 3189 omnes
875 3130 1232 3194 lucrifaceret,
1252 3144 1357 3183 non
1380 3124 1684 3182 mentientis
1703 3131 1845 3188 astu,

262 3225 359 3281 sed
389 3225 762 3294 compatientis
784 3222 1000 3286 all‘ectu,
1028 3220 1081 3276 id
1105 3230 1207 3283 est,
1240 3234 1346 3274 non
1373 3216 1551 3271 omnia
1578 3215 1725 3269 mala.
1747 3214 1846 3267 ho-

263 3314 467 3374 minum
494 3313 753 3369 fallaciter
777 3311 1016 3382 agendo;
1051 3309 1146 3366 sed
1173 3309 1399 3365 aliorum
1423 3306 1662 3360 omnium
1690 3301 1848 3358 malis

263 3404 513 3460 munibus
533 3444 551 3469 ,
576 3413 833 3475 tanquam
857 3402 904 3457 si
930 3416 1023 3456 sua
1050 3409 1251 3467 essent,
1280 3395 1645 3453 misericordis
1670 3392 1845 3449 medi-

263 3498 402 3553 cina:
427 3494 756 3566 diligentiam
788 3491 1141 3563 procurando.
1174 3509 1195 3543 ι

332 3588 424 3644 28.
461 3605 482 3640 t
508 3587 642 3643 Cum
691 3587 870 3655 itaque
919 3584 1009 3638 illa
1056 3572 1380 3637 Tectamenti
1425 3578 1622 3634 veteris
1659 3588 1844 3631 sacra-

264 3688 467 3745 menta,
493 3678 655 3733 etiam
699 3676 801 3731 sibi
840 3673 1044 3745 agenda
1093 3671 1312 3725 minime
1360 3667 1678 3730 recusabat,
1734 3678 1841 3718 non

264 3768 686 3829 misericorditer
714 3766 968 3829 fallebat;
1012 3761 1108 3818 sed
1133 3760 1357 3815 omnino
1382 3772 1489 3813 non
1518 3756 1707 3811 fallens
1726 3793 1742 3817 ,
1768 3761 1850 3806 at-

264 3875 372 3932 que
393 3859 497 3915 hoc
522 3858 682 3914 modo
705 3873 735 3912 a
763 3856 989 3912 Domino
1016 3853 1130 3907 Deo
1154 3851 1245 3904 illa
1272 3863 1441 3918 usque
1460 3846 1527 3901 ad
1552 3844 1684 3901 certi
1713 3852 1850 3898 tem—

265 3951 413 4023 poris
434 3949 883 4021 dispensationem
897 3947 1044 4017 jnssa
1060 3958 1181 3998 esse
1203 3937 1602 4002 commendans,
1622 3951 1652 3989 a
1669 3932 1846 3989 sacri-

265 4041 403 4113 legis
443 4042 610 4097 sacris
631 4040 870 4112 gentium
905 4033 1281 4103 distinguebat.
1318 4031 1477 4086 Tunc
1493 4038 1708 4092 autem,
1741 4041 1846 4079 non

266 4131 576 4187 mentientis
612 4141 749 4196 astu,
776 4127 908 4183 ‘sed
948 4122 1322 4194 compatientis
1371 4120 1598 4186 allecto,
1648 4115 1848 4173 Judzcis

268 4232 519 4293 tanquam
561 4222 778 4279 JudtBtlS
819 4219 1001 4284 ﬁebat,
1046 4214 1259 4288 quando
1302 4226 1397 4269 eos
1421 4213 1490 4268 ab
1514 4211 1608 4265 illo
1635 4214 1849 4274 errore,1

267 4327 374 4383 quo
396 4312 478 4368 vel
508 4313 563 4368 in
601 4313 871 4368 Christum
910 4308 1133 4365 credere
1161 4306 1428 4370 nolebant,
1464 4303 1545 4357 vel
1575 4316 1671 4373 per
1696 4310 1848 4355 vete-

268 4418 327 4459 ra
348 4404 425 4474 (c)
439 4404 732 4461 sacerdotia
760 4417 854 4459 sua
876 4398 1421 4467 ctercmoniarumque
1444 4392 1848 4451 observationes

268 4508 330 4550 se
354 4507 387 4549 ι
413 4496 646 4566 peccatis
674 4498 831 4565 pos'Se
855 4490 1118 4554 mundari,
1140 4488 1359 4558 ﬁerique
1377 4484 1555 4542 salvus
1577 4483 1851 4539 existima;

267 4584 398 4641 bant
424 4602 439 4638 :
470 4587 551 4640 sic
577 4586 807 4639 liberare
834 4583 1080 4652 cupiebat
1108 4588 1356 4649 tanquam
1398 4578 1512 4647 ipse
1543 4576 1636 4630 illo
1663 4586 1851 4630 errore

270 4684 584 4730 teneretur:
615 4673 844 4741 diligens
886 4672 1067 4739 utique.
1106 4669 1414 4738 proximum
1465 4677 1713 4736 tanquam
1754 4680 1847 4720 se-

269 4763 464 4831 ipsum,
488 4768 544 4816 et
570 4758 684 4813 haec
705 4759 824 4812 aliis
845 4757 1064 4820 faciens,
1093 4771 1217 4825 qua:
1240 4756 1340 4809 sibi
1360 4754 1429 4809 ab
1452 4754 1572 4809 aliis
1602 4753 1715 4808 ﬁeri
1737 4754 1849 4807 γει-ε

269 4852 366 4919 let,
416 4850 463 4905 si
490 4847 595 4905 hoc
643 4848 717 4903 illi
745 4862 878 4918 opus
902 4853 1063 4902 esset.
1093 4843 1245 4910 Quod
1287 4858 1408 4898 cum
1450 4843 1706 4897 Dominus
1734 4856 1854 4895 mo-

267 4944 498 5007 nuisset,
542 4940 786 5011 adjunxit
811 4958 827 4996 :
855 4937 982 4995 Haec
1026 4946 1098 4993 est
1126 4936 1259 4995 enim
1295 4933 1405 4989 Lex
1431 4942 1478 4989 et
1518 4932 1791 5005 Propheta:
1821 4952 1842 4987 ι

269 5033 291 5106 (
319 5032 487 5087 Marc.
513 5030 605 5086 22.
631 5029 761 5101 40).

337 5127 432 5184 29.
484 5141 504 5177 ι
536 5123 688 5180 Hunc
710 5120 1080 5192 compatientis
1105 5117 1376 5185 allectum,
1407 5116 1460 5171 in
1499 5114 1686 5172 eadem
1713 5113 1848 5184 Epi-

267 5219 406 5277 stola
433 5215 501 5272 ad
541 5214 755 5272 Galatas
784 5211 1042 5281 proscipit,
1096 5209 1280 5265 dicens
1309 5226 1324 5263 :
1357 5207 1419 5263 Si
1469 5215 1853 5279 praeoccupatus

269 5309 421 5381 fuerit
457 5307 608 5363 homo
646 5305 701 5359 in
741 5303 909 5373 aliqua
979 5301 1143 5372 778
1211 5299 1423 5364 delicto,
1460 5314 1546 5353 vos
1574 5297 1661 5369 qui
1688 5296 1845 5367 spiri-

266 5438 618 5554 ﬂagiti}?
646 5436 764 5489 edit.
789 5447 919 5487 vero.
944 5434 1008 5484 At
1037 5431 1146 5487 alite
1169 5432 1309 5490 editt.
1336 5438 1390 5483 et
1412 5432 1528 5482 Mss.
1568 5431 1849 5482 notantibus

336 5552 407 5636 uti
434 5562 615 5620 Notaui
644 5557 958 5611 Benedictiui
993 5556 1043 5605 in
1072 5552 1190 5607 uss.
1236 5553 1310 5603 tt.
1342 5553 1547 5631 haberi,
1587 5554 1717 5619 quod
1744 5556 1848 5617 agit

269 5808 451 5861 favent.

1508 5687 1539 5726 e
1560 5676 1847 5737 impressam

1506 5736 1776 5790 aedictinos
1796 5740 1847 5790 ei

1631 370 1958 433 EPISTULA
1994 372 2177 430 CXVI.

1951 494 2110 548 (uales
2134 495 2273 560 estis,
2298 495 2527 555 instruit:
2547 496 2839 568 huiusmodi
2860 500 2916 557 in
2952 502 3133 574 spiritu
3160 503 3397 571 leuitatis,
3441 478 3528 559 ἐπ.

1948 584 2153 639 tandem
2179 586 2410 655 teipsum,
2438 602 2502 640 ne
2519 596 2563 640 et
2593 597 2647 641 tu
2674 594 2873 646 tenteris
2893 591 2913 665 (
2934 592 3053 650 Gal.
3079 594 3130 649 6.
3166 594 3257 660 l).
3292 595 3423 650 Vide
3443 593 3526 669 (ἀ)

1949 671 1993 729 li
2014 687 2121 727 non
2148 674 2317 728 dixit:
2344 676 2471 731 liere
2519 685 2766 746 tanquam
2797 682 2904 742 ille.
2944 694 2999 737 nt
3030 684 3177 739 illum
3202 685 3525 740 lucrifacias.

1948 764 2064 820 Non
2096 768 2294 836 utique.
2328 780 2383 822 ut
2414 769 2585 837 ipsnnt
2613 771 2863 826 dileetum
2897 774 3155 831 fallaciter
3190 789 3405 846 agt-rut;
3436 788 3529 833 aut

1949 870 2008 911 se
2052 856 2101 911 id
2150 858 2345 913 habere
2383 861 2653 913 sitnulnri-t
2690 879 2702 915 :
2735 862 2828 915 sed
2875 875 2927 915 ut
2957 865 3007 916 in
3048 867 3264 920 alterius
3291 868 3485 921 delicto
3508 907 3525 934 ,

1952 948 2078 1017 quid
2109 951 2267 1004 etiam
2306 952 2405 1006 sibi
2432 953 2675 1007 accidere
2699 965 2896 1022 posset,
2926 957 3245 1018 intenderet,
3270 971 3427 1025 atque
3457 960 3527 1011 ita

1950 1040 2125 1103 alteri,
2153 1048 2399 1110 tanquam
2449 1042 2549 1097 sibi
2593 1044 2660 1098 ab
2702 1045 2870 1098 altern
2901 1044 3079 1110 vellet,
3113 1047 3531 1102 misericorditer

1952 1128 2279 1194 subveniret,
2301 1131 2401 1189 huc
2416 1144 2520 1199 est,
2546 1150 2652 1191 non
2676 1134 2983 1193 mentientis
3008 1144 3147 1199 astu,
3166 1138 3259 1189 sed
3281 1151 3401 1191 cum
3432 1153 3527 1206 pa-

1951 1219 2129 1273 tientis
2153 1219 2364 1275 ali‘ectu.
2413 1222 2502 1277 Sic
2524 1223 2730 1290 Iudaeo,
2760 1227 2839 1279 sic
2861 1217 3066 1295 gentili.
3089 1228 3167 1282 sic
3195 1228 3410 1283 cuilibet
3434 1229 3532 1283 hos-

1950 1308 2078 1360 mini
2111 1308 2303 1364 Paulus
2335 1312 2384 1365 in
2407 1327 2612 1375 errore.
2636 1315 2718 1369 vel
2751 1329 2969 1384 peccato
2997 1318 3176 1388 aliquo
3211 1322 3529 1386 constituto,

1950 1411 2056 1455 non
2079 1398 2399 1468 simulando,
2418 1402 2560 1471 quod
2581 1419 2686 1457 non
2709 1414 2843 1471 erat,
2872 1407 2964 1461 sed
2990 1407 3393 1478 contpatlendo,
3405 1409 3535 1478 quia

1949 1502 2070 1543 esse
2108 1490 2405 1557 potuisset,
2450 1500 2699 1562 tanquam
2729 1495 2816 1563 qui
2840 1510 2898 1550 se
2928 1493 3197 1550 hominem
3232 1497 3491 1566 cogitaret
3513 1536 3532 1564 ,

1950 1579 2197 1633 omnibus
2222 1580 2403 1633 Omnia
2425 1580 2594 1636 factus
2610 1593 2712 1648 est,
2734 1592 2792 1638 ut
2819 1600 3007 1639 omnes
3034 1586 3395 1642 lucrifacerct.
3418 1606 3440 1640 ι

2019 1668 2107 1723 '50.
2143 1686 2163 1721 t
2191 1668 2465 1737 Teipsum,
2492 1671 2536 1725 si
2563 1672 2754 1741 placet,
2786 1674 3032 1739 obsecro,
3072 1684 3122 1731 te
3152 1678 3417 1747 paulisper
3447 1679 3533 1733 in-
3599 1726 3610 1732 -

1951 1765 2099 1817 tuere
2131 1773 2147 1811 :
2180 1759 2430 1831 teipsum,
2458 1760 2667 1830 inquam
2688 1802 2706 1829 ,
2734 1780 2858 1833 erga
2887 1766 3184 1833 meipsum;
3216 1779 3271 1823 et
3316 1769 3533 1836 reCole.

1948 1847 2032 1907 vel
2056 1847 2101 1903 si
2129 1848 2293 1908 habes
2319 1851 2639 1918 conscripta,
2677 1852 2857 1923 relege
2893 1856 3055 1911 verba
3085 1865 3172 1911 tua
3199 1858 3252 1912 in
3281 1858 3368 1913 illa
3414 1861 3535 1928 epi—

1948 1938 2108 2004 stola,
2133 1954 2290 2009 quam
2318 1940 2445 1995 mihi
2470 1957 2566 2012 per
2594 1941 2812 1999 fratrem
2840 1956 3102 2014 nostrum,
3128 1948 3239 2018 jam
3276 1951 3537 2023 collegam

1950 2046 2127 2085 meum
2173 2031 2497 2104 Cyprianum
2526 2036 2826 2094 breviorem
2866 2041 3079 2107 misisti,
3112 2060 3273 2113 quam
3319 2048 3536 2115 veraci,

1948 2135 2107 2192 quam
2138 2137 2414 2192 germano,
2473 2142 2630 2194 quam
2661 2128 2819 2195 pleno
2863 2132 3100 2186 caritatis
3137 2134 3332 2190 afl'eclu
3355 2176 3370 2201 ,
3413 2152 3540 2196 cum

1948 2212 2192 2282 quaedam
2231 2229 2316 2270 me
2345 2215 2397 2270 in
2440 2224 2492 2271 te
2517 2220 2848 2275 commisisse
2872 2224 3263 2290 expostulasses
3279 2226 3538 2295 graviter,

1949 2303 2265 2373 subiunxisti
2298 2325 2319 2373 ξ
2347 2307 2366 2377 (
2385 2305 2438 2360 1η
2470 2308 2570 2363 hoc
2603 2308 2814 2365 laeditur
2838 2312 3092 2379 amicitia,
3127 2314 3177 2368 in
3223 2314 3322 2369 hoc
3350 2332 3539 2372 neces-

1948 2394 2196 2459 situdinis
2217 2396 2340 2466 jura
2370 2399 2654 2465 viulantur,
2685 2414 2754 2457 ne
2784 2400 3061 2456 videamur
3081 2412 3291 2458 certare
3311 2406 3536 2475 puerili-

1950 2493 2029 2544 ter
2051 2498 2106 2542 et
2151 2488 2444 2565 fautoribus
2474 2489 2722 2558 invicem,
2773 2492 2856 2546 vel
2908 2492 3300 2549 detractoribus
3339 2498 3537 2553 nostris

1948 2579 2182 2634 tribuere
2202 2582 2476 2647 materiam
2509 2582 2935 2654 contendendL):
2969 2568 3095 2643 Haec
3111 2587 3208 2639 abs
3235 2595 3286 2642 te
3333 2586 3492 2641 verba
3516 2627 3535 2653 ,

1948 2687 2054 2726 non
2076 2672 2249 2727 solum
2278 2689 2345 2731 ex
2381 2675 2561 2735 animo
2586 2674 2750 2743 dicta,
2796 2677 2990 2741 sentio,
3035 2692 3221 2732 verum
3247 2677 3408 2735 etiam
3440 2678 3537 2735 be-

1947 2762 2111 2834 nigno
2135 2764 2320 2823 animo.
2334 2763 2402 2819 ad
2429 2765 2815 2822 consulendum
2836 2767 2986 2822 ntibi.
3006 2767 3209 2824 Deinde
3232 2766 3338 2841 [aL
3370 2769 3535 2825 Deni-

1945 2853 2071 2927 que]
2101 2855 2277 2924 addis,
2304 2856 2445 2926 quod
2469 2861 2629 2913 etiam
2657 2859 2703 2914 si
2732 2874 2838 2915 non
2859 2859 3102 2924 adderes,
3135 2869 3419 2931 appareret
3440 2901 3457 2929 ,
3478 2871 3536 2921 et

1946 2946 2081 3041 dicis
2119 2946 2285 3020 (Haec
2305 2950 2503 3041 scribo,
2531 2951 2653 3020 quia
2676 2960 2733 3041 te
2775 2961 2975 3041 puRet
2993 2950 3295 3013 Christiane
3313 2953 3536 3024 diligere

1946 3038 2125 3108 cupio,
2184 3054 2285 3094 nec
2329 3040 2619 3110 quidquam
2672 3040 2726 3094 in
2754 3056 2871 3095 mea
2910 3038 3089 3096 mente
3132 3044 3365 3098 retinere
3389 3042 3534 3112 quod

1944 3128 2108 3189 distet
2133 3144 2162 3184 a
2194 3130 2372 3201 labiis)
2403 3144 2420 3184 :
2448 3129 2494 3185 Ο
2523 3130 2604 3184 vir
2621 3141 2807 3186 sancte
2826 3130 3059 3200 mihique
3092 3132 3111 3203 (
3137 3142 3193 3185 ut
3225 3134 3364 3188 Deus
3391 3133 3537 3191 videt

1944 3220 2177 3276 animam
2207 3221 2421 3292 meant)
2444 3224 2616 3282 veraci
2640 3221 2803 3277 corde
2822 3222 3034 3285 dilecte,
3058 3222 3159 3278 huc
3179 3224 3372 3293 ipsum,
3390 3223 3537 3294 quod,

1947 3311 2170 3382 posuisti
2202 3315 2254 3367 in
2298 3312 2490 3373 litteris
2517 3314 2640 3379 tuis,
2669 3327 2776 3382 quo
2804 3325 2855 3368 te
2900 3314 3028 3366 mihi
3073 3315 3385 3382 exposuisse
3425 3329 3535 3371 non

1946 3401 2153 3470 dubito,
2183 3402 2286 3463 hoc
2313 3404 2484 3474 ipsum
2511 3404 2730 3457 omnino
2768 3404 3082 3472 Apostolnm
3123 3402 3345 3458 Paulum
3372 3405 3538 3460 credo

1945 3494 2254 3550 exhibuisse
2283 3495 2336 3548 in
2365 3493 2554 3548 litteris
2584 3494 2728 3559 suis,
2782 3508 2887 3547 non
2917 3493 3004 3547 uni
3047 3493 3265 3552 cuilibet
3292 3479 3534 3559 homini,

1946 3584 2042 3641 sed
2071 3583 2286 3650 Iudaeis,
2310 3594 2363 3638 et
2390 3584 2612 3645 Graecis,
2634 3594 2688 3636 et
2711 3583 2958 3637 omnibus
2981 3585 3226 3656 gentibus
3249 3582 3372 3637 [iliis
3398 3583 3541 3651 suis,

1947 3688 2082 3747 quos
2110 3674 2163 3726 in
2195 3673 2483 3743 Evangelia
2511 3680 2786 3742 genui-rat,
2826 3682 2878 3724 ct
2904 3686 3037 3740 quos
3067 3672 3320 3740 pariendo
3352 3682 3533 3738 partu-

1947 3762 2162 3817 riebat:
2200 3772 2252 3817 ct
2282 3762 2477 3817 deinde
2520 3773 2853 3830 posterorum
2903 3768 2980 3813 tut
3018 3761 3249 3814 millibus
3296 3760 3535 3823 fidelium

1947 3852 2386 3915 Christianorum,
2413 3857 2628 3921 prepter
2655 3863 2790 3920 quos
2814 3849 2901 3904 illa
2934 3850 3209 3904 memoria:
3239 3850 3534 3904 mandaba-

1948 3954 2034 3999 tur
2085 3943 2194 4004 lal.
2220 3940 2698 4014 commendabatur]
2739 3940 3000 4010 epistola,
3056 3949 3112 3994 ut
3162 3939 3297 3995 nihil
3338 3941 3391 3995 in
3434 3955 3537 3998 sua

1948 4046 2126 4093 mente
2150 4037 2422 4111 retineret,
2445 4035 2585 4101 quod
2603 4032 2827 4086 distaret
2851 4048 2878 4084 a
2898 4030 3068 4085 labiis.
3109 4048 3130 4083 ι

2021 4130 2109 4184 51.
2144 4146 2162 4179 t
2201 4125 2356 4185 Certe
2388 4125 2558 4186 factus
2582 4139 2641 4179 es
2670 4124 2828 4179 etiam
2859 4131 2936 4188 tu,
2982 4132 3228 4192 tanquam
3272 4136 3393 4193 ego,
3425 4136 3537 4183 non

1948 4220 2254 4276 mentientis
2279 4226 2417 4280 astu,
2451 4216 2543 4271 sed
2582 4213 2955 4284 compatientis
2998 4211 3207 4279 allecto,
3231 4227 3352 4267 cum
3382 4214 3535 4283 cogi-.

1948 4321 2091 4366 tarcs
2117 4318 2224 4363 tam
2251 4323 2338 4362 me
2362 4322 2467 4361 non
2485 4304 2889 4376 relinquendum
2964 4303 3126 4376 779
3196 4302 3250 4357 iit
3271 4319 3333 4358 ea
3351 4303 3529 4373 culpa,

1949 4402 2005 4457 in
2023 4416 2179 4473 quam
2199 4415 2284 4455 me
2301 4400 2603 4470 prolapsum
2626 4398 2958 4460 existimaSti,
2977 4413 3134 4465 quam
3155 4412 3252 4452 nec
3274 4405 3324 4452 te
3340 4397 3533 4463 velles,

1948 4494 1994 4551 si
2016 4508 2080 4549 co
2100 4491 2258 4548 modo
2285 4492 2565 4561 prolapsus
2587 4503 2753 4544 esses.
2789 4487 2938 4546 Unde
2962 4500 3122 4557 agens
3145 4488 3343 4557 gratias
3370 4489 3533 4542 benc-

1949 4587 2082 4649 volie
2112 4586 2273 4640 menti
2294 4598 2418 4653 erga
2459 4597 2544 4635 me
2572 4591 2698 4645 tute,
2724 4579 2881 4633 simul
2928 4593 3091 4648 posco
3129 4587 3184 4631 nt
3212 4580 3370 4634 etiam
3399 4579 3526 4643 mil;

1950 4694 2054 4734 non
2081 4691 2419 4741 succenseas.
2445 4673 2587 4744 quod
2609 4688 2727 4726 cum
2756 4671 2810 4726 in
2839 4672 3110 4740 opusculis
3133 4673 3236 4728 tuis
3254 4672 3427 4741 aliqua
3446 4688 3535 4729 me

1949 4779 2243 4831 moverent,
2275 4775 2476 4827 motum
2506 4778 2680 4823 meum
2711 4762 2945 4817 intitnavi
2979 4761 3070 4816 tibi
3095 4780 3112 4817 ι
3142 4761 3244 4827 hoc
3273 4777 3396 4832 erga
3442 4778 3536 4820 me

1947 4865 2017 4919 ab
2038 4860 2285 4917 omnibus
2309 4856 2513 4917 servari
2549 4856 2656 4928 [aL
2688 4854 2974 4928 observari]
3005 4855 3209 4919 volens,
3235 4855 3374 4925 quod
3404 4870 3530 4925 erga

1952 4964 2003 5010 te
2028 4954 2142 5025 ipse
2161 4951 2384 5013 servari,
2422 4958 2479 5004 ut
2507 4946 2759 5019 quidquid
2806 4947 3210 5016 improhandum
3244 4956 3429 5016 putant
3474 4945 3531 5003 in

1947 5045 2159 5115 scriptis
2178 5043 2333 5110 meis,
2360 5055 2458 5096 nec
2485 5041 2556 5110 (ε)
2589 5038 2805 5095 laudent
2829 5037 3052 5093 subdolo
3076 5048 3309 5109 pectore,
3331 5051 3431 5093 nec
3455 5037 3527 5092 ita

1948 5137 2339 5210 reprehendant
2365 5134 2502 5205 apud
2540 5134 2693 5199 alios,
2738 5141 2796 5186 ut
2848 5140 3056 5186 taceant
3083 5130 3223 5200 apud
3251 5128 3530 5193 tne;-hiue

1949 5232 2123 5303 potius
2162 5228 2471 5289 existimans
2516 5224 2636 5281 laedi
2680 5223 2985 5291 amicitiam,
3020 5230 3073 5277 et
3115 5218 3527 5279 necessitudinis

2034 5366 2088 5427 ά)
2120 5360 2532 5427 Ῑόειιιηθῃρωιξιὶι
2560 5360 2623 5427 εἰ,
2639 5356 3042 5427 ιτοριξιδωλψιιῃ
3066 5352 3347 5427 redundare
3362 5350 3530 5427 anget

1947 5416 2095 5478 nullis
2117 5427 2167 5475 in
2188 5416 2435 5474 codicibus
2460 5422 2687 5471 inveniri.
2714 5419 2825 5469 Mox
2848 5416 3160 5478 Benedictiui
3184 5417 3367 5478 notant,
3387 5416 3530 5459 Fiere

1948 5472 2388 5553 inﬂammato
2404 5486 2466 5553 ab
2481 5482 2753 5553 Augustino
2768 5481 2818 5530 in
2838 5479 2951 5553 biles.
2971 5472 3326 5553 alilii:usurpari
3348 5504 3363 5527 .
3378 5482 3529 5522 unum

1945 5533 2417 5604 ait-{einwvaiicanum
2442 5533 2628 5595 habere
2654 5539 2778 5599 ms,
2792 5539 2956 5604 editos
2983 5533 3123 5604 Fieri.

2011 5588 3527 5674 ῐὲῖιίδέῖῖλῖῖιιιιῖιῖἱέεῖηῶίέἰίίιρεεΑ’ἒξξ.,.εέί3¹ἐάξ¹ῐ3ζ.ξέίέ’ἐ¹.ε’¹.9

1947 5653 2289 5739 κὶῖὂνξξῖιιιῖ
2576 5653 2703 5739 forte
2724 5653 3523 5739 voluissenhu‘g‘usting?

1947 5716 2095 5786 ἷῖὲῖ
2111 5716 2394 5794 innatum
2420 5716 2589 5789 {vei-ba,
2613 5736 2700 5776 nec
2730 5721 2993 5786 quidquam
3011 5717 3063 5767 in
3098 5726 3206 5767 mea
3235 5717 3389 5764 mente
3412 5716 3527 5765 reti-

1948 5810 2081 5858 uere,
2105 5802 2200 5847 etc.
