4088 6336
575 377 685 443 ast

572 492 688 562 jura
717 489 922 548 violari.
951 492 1142 549 Nescio
1171 491 1313 550 enim
1337 501 1514 549 utrum
1556 493 1802 550 amicitia:
1828 494 2144 552 Christiana:

573 584 821 654 putanda:
848 585 976 648 sint,
1008 585 1061 640 in
1087 585 1278 654 quibus
1307 586 1472 656 magis
1504 587 1646 641 valet
1683 586 1899 657 vulgare
1927 599 2146 656 prover-

573 673 738 742 bium,
792 673 1095 746 Obsequium
1133 677 1339 743 amicos,
1370 677 1550 731 veritas
1591 677 1760 732 odium
1793 678 1946 746 parit,
1988 691 2144 746 quam

573 763 999 832 Ecclesiaticum,
1029 766 1296 822 Fideliora
1315 779 1432 824 sunt
1451 769 1657 823 vulnera
1681 769 1850 837 amici,
1880 784 2030 838 quant
2059 783 2146 829 tto-

572 853 796 920 ittntaria
823 858 996 911 oscula
1026 859 1236 914 inimici.
1276 877 1297 914 ι

641 946 733 1000 52.
787 965 807 999 t
841 947 1071 1006 Proinde
1107 953 1410 1010 carissimos
1455 961 1688 1019 nostros,
1725 952 1815 1022 qui
1845 951 2041 1007 nostris
2071 952 2148 1005 la-

569 1037 788 1096 boribus
814 1041 1174 1105 sincerissime
1202 1032 1402 1114 favent,
1424 1044 1524 1100 hoc
1551 1047 1724 1115 potius
1742 1052 1935 1115 quanta
1961 1059 2146 1113 passu-.-

569 1146 690 1188 mus
719 1132 966 1190 instantia
1013 1137 1320 1202 doceamus,
1368 1154 1473 1208 quo
1516 1139 1687 1194 sciant
1729 1138 1840 1192 fieri
1881 1151 2058 1207 posse,
2092 1145 2148 1190 ut

569 1223 712 1290 inter
737 1227 1044 1282 carissimos
1085 1228 1283 1298 aliquid
1313 1228 1568 1283 alterutro
1594 1242 1845 1284 sermone
1876 1225 2146 1282 contradi-

569 1323 739 1380 catur,
770 1330 869 1370 nec
895 1326 1070 1382 tamen
1111 1317 1224 1387 ipsa
1257 1319 1454 1374 caritas
1487 1319 1772 1383 minuatur,
1823 1331 1921 1372 nec
1951 1318 2146 1375 veritas

569 1404 748 1468 odium
776 1408 964 1477 pariat,
991 1424 1111 1477 quae
1130 1409 1356 1476 debetur
1378 1411 1654 1476 amicitizc;
1685 1411 1796 1466 sive
1815 1409 1939 1464 illud
1964 1423 2146 1472 verum

569 1499 660 1562 sit,
690 1499 828 1568 quod
857 1501 1272 1569 contradicitur,
1301 1504 1414 1558 sive
1441 1503 1602 1558 corde
1635 1504 1806 1559 veraci
1835 1505 2140 1574 qualecum-

569 1605 674 1660 que
695 1591 764 1644 sit
791 1590 1004 1657 dicitur,
1036 1607 1142 1654 non
1172 1592 1452 1647 retinendo
1473 1594 1525 1647 in
1545 1605 1742 1659 mente,
1776 1594 1916 1665 quod
1939 1609 1966 1646 a
1993 1595 2146 1650 labiis

568 1683 748 1751 distet.
778 1681 1008 1738 Credaat
1047 1683 1208 1753 igitur
1247 1683 1442 1740 fratres
1485 1687 1674 1751 nostri,
1715 1684 2002 1742 familiares
2031 1688 2144 1754 tui,

567 1774 761 1842 quibus
791 1775 1151 1834 testimonium
1175 1775 1440 1844 perhibes,
1473 1776 1613 1846 quod
1643 1776 1750 1843 sint
1774 1791 1897 1830 vasa
1928 1775 2144 1841 Christi,

567 1879 655 1932 me
683 1864 848 1919 invito
873 1864 1092 1931 factum,
1124 1880 1223 1926 nec
1253 1865 1574 1933 mediocrem
1599 1865 1668 1922 de
1697 1866 1796 1922 hac
1823 1881 1884 1921 re
1906 1865 2146 1921 dolorem

568 1956 744 2016 inesse
763 1956 912 2012 cordi
939 1972 1078 2020 meo.
1095 1958 1237 2028 quod
1262 1959 1451 2020 littera:
1472 1974 1603 2016 mea:
1626 1959 1769 2028 prius
1790 1959 1842 2012 in
1859 1958 2144 2014 munitorum

567 2063 756 2104 manus
778 2059 1040 2104 venerunt
1065 2049 1172 2122 [δι.
1202 2051 1422 2110 uenerint
1441 2049 1482 2122 ],
1516 2066 1671 2134 quam
1701 2050 1768 2114 ad
1795 2059 1865 2113 te,
1897 2050 1964 2104 ad
1989 2064 2145 2118 quem

567 2138 780 2209 scripta:
808 2149 953 2210 sunt,
984 2141 1264 2211 pervenire
1290 2150 1594 2211 potuerunt.
1621 2141 1738 2208 Quo
1775 2149 1953 2196 autem
1989 2140 2148 2199 modo

569 2229 622 2294 id
647 2229 923 2297 acciderit,
953 2239 1008 2286 et
1028 2231 1242 2302 longum
1264 2241 1345 2287 est
1370 2247 1616 2287 enarrare
1649 2231 1753 2306 [aL
1779 2231 2044 2304 narrare],
2071 2241 2144 2297 et,

570 2321 670 2386 nisi
698 2319 868 2386 fallor,
899 2322 1223 2391 superﬂuum
1263 2341 1276 2377 :
1307 2338 1427 2378 cum
1454 2321 1682 2391 sufficiat
1711 2323 1754 2378 si
1780 2322 1907 2393 quid
1935 2321 2065 2376 mibi
2095 2323 2146 2376 in

569 2410 672 2475 hoc
702 2411 958 2477 creditur,
982 2428 1087 2467 non
1114 2427 1180 2468 eo
1215 2415 1410 2468 factum
1433 2415 1632 2478 animo,
1659 2429 1767 2484 quo
1788 2422 2027 2484 putatur;
2052 2427 2150 2478 nec

569 2503 790 2564 omnino
817 2517 954 2558 mea:
995 2501 1161 2560 fuisse
1188 2504 1495 2571 voluntatis,
1525 2512 1616 2560 aut
1642 2505 2028 2576 dispositionis,
2058 2513 2151 2560 aut

569 2594 958 2662 consensionis,
1010 2605 1101 2650 aut
1147 2597 1338 2652 saltem
1383 2596 1460 2668 (α)
1503 2599 1860 2669 cogitationis,
1887 2607 1947 2652 ut
1977 2597 2148 2654 fleret.

572 2683 684 2753 iloc
712 2685 758 2740 si
783 2700 888 2740 non
911 2685 1155 2754 credunt,
1182 2689 1323 2758 quod
1355 2689 1464 2752 Deo
1486 2698 1622 2745 teSte
1647 2689 1854 2760 loquor,
1883 2689 2009 2760 qttid
2039 2703 2146 2742 am-

571 2773 712 2844 plius
739 2774 926 2830 faciam
977 2790 1083 2831 non
1124 2777 1315 2833 habeo.
1363 2781 1474 2850 Ego
1520 2789 1695 2840 tamen
1751 2779 1910 2847 absit,
1961 2788 2019 2833 ut
2055 2793 2152 2840 eos

571 2865 808 2929 credam,
832 2867 948 2923 haec
973 2876 1076 2923 tute
1094 2871 1360 2934 sanctitati
1393 2871 1650 2926 malevola
1671 2880 1849 2932 mente
1867 2885 2152 2942 suggerere

570 2956 637 3025 ad
665 2958 970 3014 excitandas
995 2959 1132 3014 inter
1161 2975 1258 3015 nos
1281 2960 1612 3027 inimicitias;
1639 2976 1771 3032 quas
1789 2961 2150 3016 misericordia

570 3049 781 3111 Domini
837 3051 935 3106 Dei
993 3053 1163 3107 nostri
1192 3061 1396 3108 avertat
1423 3067 1454 3106 a
1485 3052 1672 3118 nobis;
1721 3052 1836 3117 sed,
1879 3053 1995 3108 sine
2042 3052 2152 3108 ullo

570 3139 802 3209 nocendi
822 3139 1020 3206 animo,
1051 3141 1209 3196 facile
1234 3142 1300 3196 de
1329 3143 1544 3198 homine
1567 3143 1796 3198 humana
1822 3144 1948 3200 vitia
1974 3143 2150 3212 suspi-

570 3230 704 3297 cari.
737 3229 848 3285 Hoc
889 3231 1033 3285 enim
1070 3247 1157 3286 me
1180 3232 1248 3286 de
1273 3233 1377 3289 illis
1419 3249 1628 3303 acquum
1677 3242 1761 3288 est
1811 3233 2051 3300 credere,
2106 3235 2150 3288 si

571 3333 699 3389 vasa
725 3329 849 3375 sunt
873 3320 1091 3390 Christi,
1121 3337 1226 3376 non
1253 3324 1305 3377 in
1333 3325 1731 3390 contumeliam,
1763 3325 1857 3380 sed
1889 3325 1940 3380 in
1979 3324 2152 3380 llOllO-

571 3425 688 3468 rem
738 3411 872 3467 facta
892 3453 909 3478 ,
959 3422 1014 3468 et
1057 3413 1310 3482 disposita
1339 3416 1390 3469 in
1417 3415 1578 3472 domo
1619 3432 1806 3488 magna
1831 3433 1860 3471 a
1889 3420 1997 3474 Deo
2035 3419 2111 3492 (b)
2133 3461 2149 3487 ,

573 3503 738 3590 780
806 3501 872 3556 ad
915 3517 1077 3558 omne
1128 3518 1262 3574 opus
1312 3504 1529 3560 bonum.
1569 3505 1720 3572 Quod
1770 3508 1814 3562 si
1851 3516 1972 3576 post
2017 3510 2152 3564 hanc

571 3595 968 3650 attestationem
1014 3609 1227 3664 meam,
1269 3596 1317 3656 si
1366 3598 1418 3652 in
1473 3597 1713 3652 notitiam
1761 3613 1944 3655 eorum
1986 3615 2151 3657 vene-

571 3685 680 3747 rit;
711 3683 887 3741 facere
915 3685 1210 3756 voluerint;
1247 3702 1405 3758 quam
1441 3704 1545 3744 non
1575 3699 1721 3750 recte
1754 3689 1982 3756 faciant,
2020 3700 2072 3747 et
2097 3701 2152 3750 tu

571 3775 740 3832 vides.
776 3795 796 3829 ι

642 3867 731 3921 '53.
769 3884 789 3918 ι
822 3865 974 3935 Quod
1012 3882 1141 3924 sane
1181 3869 1522 3938 scripseram,
1574 3871 1777 3929 nullum
1827 3889 1914 3929 me
1959 3873 2150 3929 librum

571 3956 827 4021 adversus
853 3966 904 4012 te
932 3958 1155 4025 Romam
1186 3961 1396 4016 misisse
1417 4003 1433 4027 ,
1479 3962 1600 4018 ideo
1642 3965 1960 4032 scripseram
1980 4005 1995 4029 ,
2027 3966 2148 4033 quia

569 4057 626 4102 et
655 4047 773 4102 libri
801 4063 995 4111 nomen
1043 4049 1109 4114 ab
1153 4051 1264 4122 ipsa
1309 4053 1531 4122 epistola
1579 4053 1969 4131 discernebam.
2001 4054 2150 4110 Unde

568 4139 789 4192 omnino
811 4139 992 4194 nescio
1018 4141 1144 4210 quid
1169 4141 1309 4196 aliud
1345 4152 1395 4200 te
1433 4144 1644 4206 audisse
1686 4145 2146 4212 existimaveram;

571 4235 628 4283 ct
652 4227 876 4282 Romam
903 4245 1001 4285 nec
1021 4231 1186 4304 ipsam
1215 4234 1513 4301 epistolam,
1545 4234 1638 4290 sed
1669 4233 1759 4288 tibi
1785 4234 2033 4290 miseram
2057 4253 2072 4301 ;
2097 4245 2151 4291 et

568 4317 826 4375 adversus
855 4330 905 4375 te
931 4335 1036 4376 non
1058 4339 1178 4379 esse
1196 4325 1510 4390 arbitrabar,
1533 4328 1672 4397 quod
1693 4331 1998 4388 sinceritate
2017 4329 2152 4384 amis

567 4410 731 4476 citize,
764 4412 878 4467 sive
921 4415 1331 4482 admonendum,
1360 4420 1471 4474 sive
1516 4421 1583 4475 ad
1623 4431 1704 4488 te,
1737 4423 1821 4478 vel
1849 4439 1933 4481 me
1974 4423 2070 4478 abs
2098 4430 2150 4484 te

567 4502 938 4573 corrigendum
989 4504 1181 4562 fecisse
1228 4524 1314 4563 me
1361 4526 1629 4569 noveram.
1677 4513 1928 4584 Exceptis
1968 4521 2150 4572 autem

567 4592 916 4650 familiaribus
962 4598 1092 4661 tuis,
1124 4599 1348 4669 teipsum
1397 4603 1618 4659 obsecro
1647 4621 1742 4675 per
1763 4606 2009 4676 gratiam,
2043 4621 2146 4674 qua

567 4682 830 4754 redempti
870 4702 1073 4754 sttmus,
1105 4697 1162 4744 ut
1203 4706 1546 4762 qumcumque
1573 4703 1657 4748 tua
1704 4694 1863 4760 bona,
1892 4711 2010 4766 quae
2037 4696 2147 4754 D02

541 4817 543 4820 .
568 4771 700 4826 mini
728 4773 964 4833 bonitate
991 4780 1082 4834 tibi
1111 4795 1362 4838 concessa
1399 4793 1541 4851 sunt,
1585 4786 1640 4840 in
1672 4787 1858 4842 litteris
1886 4789 2019 4845 meis
2045 4805 2145 4860 po-

567 4862 670 4922 sui,
696 4879 800 4918 non
825 4882 910 4922 me
929 4870 1203 4925 existimes
1225 4872 1477 4928 insidioso
1501 4875 1861 4947 blandiloquio
1878 4881 2138 4948 posuisse.

566 4947 620 5005 Si
652 4952 779 5019 quid
803 4967 981 5010 autem
1003 4957 1054 5011 in
1085 4967 1134 5013 te
1165 4963 1650 5028 peccavi,dimittas
1674 4968 1822 5032 mihi.
1853 4947 1960 5024 Nec
1988 4971 2140 5037 illud,

565 5040 706 5109 quod
744 5041 812 5096 de
841 5048 1022 5100 nescio
1049 5051 1198 5117 cujus
1227 5051 1400 5108 Poeta:
1431 5052 1570 5112 facto
1610 5056 1838 5126 ineptius
1879 5059 2140 5130 fortasse,

565 5144 722 5199 quam
751 5132 1036 5191 litteratius
1063 5153 1092 5192 a
1124 5155 1208 5193 me
1241 5153 1712 5201 commemoratum
1755 5158 1867 5214 est,
1916 5140 2142 5220 amplius

563 5233 721 5289 quam
767 5223 899 5284 dixi.
931 5225 996 5282 ad
1027 5235 1080 5283 te
1105 5231 1280 5285 trahas
1307 5248 1320 5282 τ
1349 5246 1468 5290 cum
1499 5236 1752 5290 continuo
1779 5239 2099 5310 subiecerim
2121 5285 2137 5311 ,

559 5325 670 5385 non
699 5311 803 5369 hoc
849 5315 971 5378 ideo
991 5333 1076 5372 me
1110 5319 1327 5384 dixisse,
1361 5332 1416 5377 ut
1436 5326 1618 5382 oculos
1645 5329 1818 5384 cordis
1840 5332 2136 5402 reciperes,

561 5413 696 5469 quos
721 5403 860 5458 absit
905 5421 1136 5475 unquam
1166 5420 1221 5464 ut
1249 5412 1525 5478 amiseris;
1567 5416 1657 5471 sed
1693 5429 1748 5473 ut
1791 5421 2097 5478 adverteres
2119 5465 2135 5490 ,

563 5504 700 5558 quos
721 5508 880 5551 sanos
907 5512 970 5553 ac
991 5498 1174 5570 vigiles
1199 5501 1438 5566 haberes.
1472 5507 1695 5580 Propter
1718 5513 1886 5568 solam
1912 5530 2039 5586 ergo
2064 5515 2137 5588 (α)

621 5646 695 5769 id)
728 5648 948 5724 Martiau.
969 5666 1094 5728 cum.
1104 5657 1248 5709 editis
1267 5661 1639 5728 antiquioribus,
1664 5666 1958 5732 cognitionis.

645 5709 692 5769 lt)
727 5709 1049 5769 Benedicttut.
1074 5731 1124 5766 sn
1147 5731 1264 5769 onus
1285 5721 1476 5769 (roman.

645 5709 692 5833 ll]
727 5709 1049 5774 Benedictini,
1074 5717 1124 5766 s'n
1147 5731 1264 5781 οριιε
1285 5709 1458 5774 ιιοηιωιη
1420 5709 1639 5775 inn"
1664 5709 1832 5732 "3"“-

646 5785 674 5818 c
728 5769 922 5828 Revera
955 5775 1004 5827 in
1044 5778 1304 5833 Ausustini
1345 5787 1589 5833 veriorem
1625 5791 1839 5833 sententi

628 5778 691 5833 ,ιη
731 5778 922 5828 nevere
955 5778 1004 5827 in
1044 5778 1304 5849 Augustini
1345 5787 1589 5839 veriorem
1625 5791 1920 5844 sententiam
1938 5805 2138 5848 conces-

1858 380 2094 438 SANCTI
2134 379 2509 438 IIIERONYMI

3723 399 3824 457 931

2255 501 2540 568 παλινῳδίαν
2559 500 2604 555 si
2629 499 2997 570 scripserimus
3014 492 3228 574 aliquid,
3252 505 3392 575 quod
3417 509 3620 579 scripto
3647 523 3828 581 poste..-

2253 585 2396 640 riore
2423 587 2700 644 destruere
2740 589 3421 664 debeamusVEmitandam,
3465 613 3572 653 non
3614 611 3830 671 propter

2252 673 2540 736 Stesichori
2564 680 2878 746 caecitatem,
2909 697 3067 752 quam
3099 680 3364 739 cordi‘tuo
3392 701 3492 742 nec
3521 689 3705 756 tribui,
3735 706 3832 748 nec

2255 765 2424 830 timui,
2456 771 2833 840 attengendum
2862 773 2988 827 illud
3013 774 3310 836 existimavi
3329 793 3343 829 :
3361 787 3521 847 atque
3539 779 3830 842 identidem

2253 870 2418 926 rogo,
2467 868 2523 912 ut
2567 875 2652 915 me
2677 860 2903 916 fidenter
2927 864 3193 934 corrigas,
3225 866 3313 920 ubi
3367 868 3494 924 milii
3548 869 3654 926 hoc
3701 887 3831 942 opus

2252 960 2373 1001 esse
2411 948 2486 1017 (ά)
2515 952 2868 1018 perspexeris.
2897 952 3208 1025 Quanquam
3237 957 3378 1018 enim
3408 959 3704 1014 secundum
3737 961 3831 1014 ho-

2253 1050 2440 1091 norum
2483 1041 2753 1107 vocabula,
2793 1026 2931 1112 quae
2951 1043 3061 1113 jam
3107 1045 3361 1101 Ecclesia:
3401 1063 3531 1103 usus
3560 1049 3828 1107 obtinuit:

2254 1125 2602 1196 Episcopatus
2646 1130 2984 1204 Presbyterio
3013 1136 3180 1205 major
3217 1137 3324 1194 sit:
3356 1147 3534 1192 tamen
3563 1139 3615 1193 in
3657 1142 3832 1196 multis

2253 1215 2411 1269 rebus
2435 1217 2753 1287 Augustinus
2777 1219 3101 1293 Hieronymo
3137 1226 3311 1279 minor
3338 1235 3419 1280 est
3451 1245 3464 1281 :
3497 1241 3652 1282 Ltcs'r
3679 1243 3832 1283 aruis

2253 1318 2282 1357 a
2312 1304 2515 1359 minore
2542 1309 2778 1376 quolibet
2801 1325 2904 1365 non
2933 1313 3001 1366 sit
3027 1313 3333 1384 refugienda
3355 1357 3370 1383 ,
3397 1318 3482 1372 vel
3501 1318 3833 1390 dedignanda

2252 1397 2531 1450 correctio.
2567 1415 2586 1458 ι

2322 1484 2410 1552 54.
2447 1502 2466 1542 t
2503 1488 2576 1541 De
2601 1487 3040 1557 interpretatione
3063 1501 3148 1549 tua
3185 1495 3294 1564 jam
3324 1498 3456 1554 mihi
3488 1503 3829 1572 persuasisti,

2252 1586 2352 1654 qua
2367 1575 2588 1630 utilitate
2600 1576 2898 1648 Scripturas
2918 1582 3149 1638 volueris
3176 1586 3462 1643 transferre
3476 1589 3544 1643 de
3568 1590 3831 1663 Hebraeis;

2249 1671 2310 1714 ut
2330 1663 2534 1722 scilicet
2549 1681 2632 1735 ea,
2655 1683 2777 1737 qua:
2797 1685 2826 1723 a
2847 1668 3044 1734 Iudaeis,
3063 1675 3445 1742 praetermissa,
3475 1679 3561 1732 vel
3588 1692 3833 1751 corrupta

2252 1762 2394 1821 sunt,
2441 1756 2706 1823 proferres
2733 1758 2788 1812 in
2829 1761 3060 1814 medium
3095 1779 3108 1815 :
3149 1763 3253 1819 Sed
3285 1765 3559 1825 insinuare
3595 1769 3834 1840 digneris

2253 1853 2397 1916 peto,
2427 1859 2456 1898 a
2483 1847 2675 1918 quibus
2709 1849 2908 1906 ludatis
2927 1893 2944 1918 ,
2976 1863 3149 1908 utrum
3191 1855 3260 1910 ab
3297 1858 3374 1912 eis
3404 1859 3566 1930 ipsis,
3597 1863 3690 1931 qui
3715 1872 3835 1919 ante

2253 1936 2540 1992 adventum
2571 1939 2779 2000 Domini
2809 1943 3140 2015 interpretati
3166 1959 3322 2014 sunt;
3353 1960 3408 2004 et
3433 1953 3478 2005 si
3502 1953 3574 2007 ita
3601 1963 3705 2021 est,
3732 1957 3835 2025 qui-

2251 2027 2372 2093 bus,
2404 2030 2489 2085 vel
2517 2045 2747 2101 quonam
2775 2049 2960 2099 eorum
2986 2053 3002 2102 ;
3051 2053 3119 2092 an
3147 2039 3215 2098 ab
3249 2041 3370 2096 istis
3417 2045 3720 2112 poSterius,
3751 2047 3835 2116 qui

2253 2128 2532 2191 propterea
2559 2124 2730 2190 putari
2771 2137 3012 2194 possunt,
3040 2127 3212 2198 aliqua
3232 2129 3300 2184 de
3327 2132 3604 2187 codicibus
3639 2135 3837 2197 Gracia

2253 2210 2340 2267 vel
2367 2211 2717 2282 subtraxisse,
2742 2217 2824 2272 vel
2851 2217 2905 2276 in
2928 2219 3007 2274 eis
3026 2221 3350 2290 corrupisse,
3379 2239 3447 2279 ne
3468 2226 3573 2280 illis
3599 2228 3838 2291 testium:

2254 2299 2357 2362 niis
2385 2300 2454 2355 de
2500 2302 2800 2364 Christiana
2854 2307 2956 2362 fide
3002 2311 3484 2374 convincerentur?
3532 2316 3612 2374 Illi
3664 2329 3840 2382 autem

2253 2390 2550 2454 anteriores
2574 2407 2672 2455 cur
2697 2396 2798 2451 hoc
2827 2395 3003 2460 facere
3029 2400 3309 2465 voluerint,
3385 2406 3545 2485 781
3623 2423 3730 2463 non
3759 2411 3836 2463 iu-

2255 2481 2428 2534 venio.
2462 2481 2665 2538 Deinde
2691 2487 2844 2544 nobis
2863 2489 3061 2552 mittas,
3085 2491 3312 2548 obsecro
3336 2481 3829 2565 interpretationem

2256 2580 2400 2627 tuam
2425 2573 2492 2628 de
2529 2575 2902 2647 Septuaginta;
2953 2596 3113 2650 quam
3159 2593 3210 2638 te
3249 2584 3484 2643 edidisse
3514 2591 3834 2645 nesciebam.

2256 2662 2472 2724 Librum
2519 2681 2732 2738 quoque
2781 2679 2948 2737 tuum,
2993 2673 3144 2744 cujus
3180 2681 3506 2743 mentionem
3549 2680 3743 2748 fecisti,
3778 2683 3838 2738 ds

2256 2755 2442 2824 optimo
2488 2772 2668 2826 genere
2716 2759 3096 2830 interpretandi,
3131 2765 3288 2843 cupio
3314 2767 3526 2843 legere;
3571 2781 3627 2826 et
3669 2772 3838 2837 adhuc

2255 2859 2415 2901 nosse
2455 2847 2724 2922 quomodo
2765 2852 3087 2922 corequanda
3134 2855 3207 2908 sit
3249 2854 3303 2910 in
3330 2857 3626 2928 interprete
3653 2862 3838 2930 peritia

2257 2938 2576 3008 linguarum,
2604 2941 2926 3011 coniecturis
2949 2959 3157 3011 eorum,
3195 2947 3286 3017 qui
3309 2950 3604 3020 scripturas
3631 2952 3838 3008 edisse-

2255 3031 2420 3086 rendo
2450 3040 2804 3104 pertractant;
2852 3049 2984 3105 quos
3025 3050 3246 3100 necesse
3271 3050 3374 3107 est,
3427 3042 3638 3099 etiamsi
3685 3053 3840 3100 recta

2256 3128 2414 3190 atque
2445 3121 2601 3175 unius
2631 3121 2752 3177 lldei
2796 3122 3014 3191 fuerint,
3053 3128 3229 3182 varias
3255 3143 3442 3198 parere
3471 3133 3525 3186 in
3557 3133 3839 3192 multorum

2256 3207 2494 3266 locorum
2519 3212 2842 3270 obscuritate
2870 3215 3164 3270 sententias
3196 3234 3209 3270 :
3239 3221 3484 3287 quamvis
3510 3237 3837 3294 nequaquam

2256 3297 2370 3368 ipsa
2392 3301 2618 3356 varietas
2639 3302 2707 3357 ab
2737 3303 2976 3373 ejusdem
3003 3304 3124 3368 ﬁdei
3148 3307 3348 3363 unitate
3367 3309 3674 3376 discordet;
3705 3315 3840 3370 sicut

2256 3388 2416 3454 etiam
2439 3405 2574 3444 unus
2601 3400 2873 3458 tractator,
2891 3395 3184 3449 secundum
3210 3398 3454 3454 eamdem
3479 3399 3659 3465 fidem,
3689 3403 3840 3468 aliter

2253 3488 2414 3553 atque
2433 3483 2589 3540 aliter
2611 3486 2859 3541 eumdem
2883 3487 3065 3557 locum
3086 3497 3261 3558 potest
3281 3505 3573 3562 exponere,
3593 3494 3715 3570 quia
3742 3493 3841 3552 hoc

2256 3570 2371 3641 ejus
2390 3573 2685 3628 obscuritas
2715 3576 2929 3645 patitur.
2961 3595 2981 3631 ι

2256 3685 2265 3705 ι
2326 3663 2417 3718 55.
2454 3683 2472 3716 ι
2513 3664 2637 3721 Ideo
2674 3661 2849 3722 autem
2895 3667 3146 3724 desidero
3176 3670 3668 3742 interpretationem
3699 3684 3840 3739 tuam

2256 3749 2324 3814 de
2344 3751 2706 3823 Septuaginta,
2742 3765 2799 3809 ut
2841 3764 2896 3811 et
2935 3767 3078 3813 tanta
3104 3759 3414 3817 Latinorum
3460 3764 3837 3834 interpretum,

2256 3843 2345 3911 qui
2373 3843 2786 3922 qualescumque
2813 3846 2915 3911 hoc
2948 3851 3064 3904 ausi
3094 3862 3242 3918 sunt,
3266 3863 3522 3922 quantum
3560 3870 3840 3924 possumus

2257 3931 2518 4000 imperitia
2547 3948 2824 3994 careamus
2861 3953 2875 3991 :
2912 3946 2967 3994 et
3017 3939 3111 4007 hi,
3139 3942 3229 4011 qui
3272 3957 3365 4003 me
3391 3944 3629 3999 invidere
3658 3955 3839 4014 putant

2257 4021 2478 4077 utililuts
2519 4023 2792 4080 laboribus
2841 4030 2980 4095 tuis,
3027 4030 3239 4087 tandem
3276 4034 3592 4104 aliquando,
3639 4037 3685 4091 si
3729 4040 3837 4092 licri

2255 4121 2452 4183 potest,
2501 4113 2814 4185 intelligant,
2846 4129 3128 4189 propterea
3157 4138 3242 4177 me
3279 4126 3425 4180 nolle
3461 4135 3604 4181 tuam
3638 4143 3704 4183 ex
3735 4129 3836 4184 Ile-

2256 4199 2402 4256 braeo
2432 4202 2922 4274 interpretationem
2972 4210 3025 4264 in
3058 4211 3314 4268 Ecclesiis
3355 4213 3504 4285 legis,
3550 4233 3620 4272 ne
3656 4229 3835 4273 contra

2255 4289 2598 4362 Septuaginta
2640 4299 3044 4367 auctoritatem,
3093 4311 3346 4373 tanquam
3392 4321 3587 4361 novum
3642 4309 3837 4378 aliquid

2257 4381 2623 4452 proferentes,
2694 4402 2886 4458 magno
2931 4391 3183 4447 seandalo
3233 4395 3606 4466 perturbemus
3659 4397 3840 4466 plebes

2254 4469 2474 4538 Christi,
2503 4490 2724 4543 quarum
2754 4492 2930 4541 aures.
2974 4489 3028 4534 et
3066 4482 3227 4537 corda
3267 4483 3414 4539 illam
3441 4486 3834 4556 interpretatio-

2254 4576 2380 4620 nem
2418 4564 2602 4620 audire
2647 4580 3056 4636 consueverunt,
3097 4587 3216 4643 qua:
3259 4575 3422 4630 etiam
3460 4577 3530 4632 ab
3573 4579 3837 4647 Apostolis

2255 4655 2544 4724 approbata
2573 4665 2673 4713 est.
2707 4657 2857 4716 Unde
2897 4670 2950 4714 et
2995 4663 3120 4726 illud
3161 4663 3298 4732 apud
3340 4665 3528 4731 Ionam
3554 4667 3835 4738 virgultum

2256 4741 2446 4813 (Jona.
2472 4745 2525 4802 4.
2557 4747 2652 4818 6),
2695 4749 2738 4803 si
2781 4752 2833 4804 in
2863 4750 3090 4812 Hebraeo
3112 4769 3211 4816 nec
3237 4753 3436 4811 hedera
3479 4768 3580 4822 est,
3615 4775 3715 4814 nec
3741 4775 3835 4815 cu-

2253 4835 2478 4902 curbita,
2495 4837 2588 4892 sed
2612 4841 2790 4894 nescio
2810 4841 2932 4910 quid
2950 4843 3113 4905 aliud,
3131 4845 3270 4915 quod
3289 4857 3481 4908 trunco
3501 4863 3600 4904 suo
3617 4851 3820 4918 nisum,

2253 4927 2413 4982 nullis
2428 4931 2825 4991 sustentandum
2847 4934 3179 5002 adminiculis
3201 4939 3468 5008 erigatur;
3493 4942 3706 4997 mallem
3727 4943 3838 5013 jam

2252 5017 2306 5072 in
2332 5018 2579 5073 omnibus
2609 5020 2806 5076 Latinis
2832 5025 3138 5078 cucurtn'tam
3164 5026 3286 5098 legi.
3317 5028 3433 5084 Non
3462 5031 3605 5086 enim
3639 5033 3832 5090 frustra

2252 5106 2354 5164 boc
2381 5119 2506 5178 puto
2538 5110 2880 5182 Septuaginta
2929 5116 3189 5186 posuisse,
3236 5119 3337 5174 nisi
3378 5121 3502 5192 quia
3529 5134 3584 5179 et
3611 5124 3736 5182 huic
3759 5127 3804 5182 si

2251 5199 2376 5254 mile
2401 5200 2658 5256 sciebant.
2698 5219 2718 5254 s

2248 5314 2741 5385 sissehﬂieronymum
2765 5325 2952 5385 post_ea_,
2977 5318 3106 5385 docti
3130 5322 3216 5371 viri
3251 5333 3658 5385 argumentantur
3681 5342 3745 5379 ex
3771 5341 3830 5379 eo

2249 5372 2828 5453 logzcont'ra
2853 5372 3141 5452 Pelagianos
3157 5396 3203 5453 _c.
3229 5372 3387 5453 8.ίῇρί
3413 5372 3830 5453 iulg-331;:

2247 5437 2500 5513 neminem
2511 5497 2520 5506 _
2531 5446 2614 5486 aut
2622 5451 2795 5513 rarum
2807 5453 2932 5513 esse
2963 5437 3457 5513 irret,irebensibilem_
3477 5437 3677 5509 dicetis,

2246 5495 2401 5576 south
2417 5494 2820 5576 quamquam
2836 5501 2926 5576 sibi
2948 5494 3194 5568 denegari.
3222 5507 3352 5576 αιιοιέ
3371 5494 3830 5576 ρνεηὶὲᾶῖωόἔιῖἶ

2247 5555 2409 5637 lorum.
2433 5555 2542 5637 non
2558 5558 2720 5637 {tabuit
2740 5559 3024 5637 {Caeterum
3063 5555 3206 5628 quam
3229 5555 3301 5616 ex
3318 5555 3600 5637 quisiequ
3635 5555 3829 5626 r5671}.

2245 5619 2440 5678 scriptis
2462 5619 2546 5668 ille
2568 5621 2813 5683 hauserat,
2841 5619 3311 5700 Cassianqs'quoque
3334 5619 3505 5682 Collat.
3630 5619 3831 5708 alia};

2484 5681 2817 5759 amplexatus;
2841 5686 3254 5759 "Augustimanam
3295 5703 3415 5741 vero
3455 5693 3685 5759 plerique
3725 5697 3823 5758 alii,

2244 5741 2462 5808 atquein
2488 5741 2813 5808 priinisquos’
2840 5741 3160 5800 Scholasticos
3181 5759 3369 5802 vocant.

2327 5801 2383 5863 ά)
2416 5800 2634 5862 Iis'rtian.
2657 5800 2798 5869 juxta
2828 5816 3029 5866 veteres
3049 5812 3308 5874 editiones,
3325 5800 3661 5878 prospexeris.
