4088 6336
257 464 361 532 ἓ53

327 577 419 632 56.
474 571 671 638 tSatis
711 583 828 636 me,
876 568 984 622 imo
1021 564 1244 643 fortasse
1288 561 1407 633 plus
1458 575 1618 632 quam
1665 559 1830 632 satis,

255 666 425 728 tribus
477 662 718 732 epistolis
772 659 876 712 tuis
922 653 1260 725 respondisse
1305 651 1567 716 arbitror;
1611 662 1836 719 quarum

251 733 384 828 duas
409 769 506 825 per
531 751 858 829 Cyprianum
887 745 1088 815 accepi,
1122 758 1277 800 unam
1317 757 1414 813 per
1432 740 1693 810 Firmum.
1733 737 1838 829 Be-

252 845 426 916 scribe
453 843 595 913 quod
623 842 792 898 visum
813 838 972 892 fuerit
993 835 1059 890 ad
1093 849 1188 889 nos
1212 834 1295 889 vel
1317 833 1450 886 alios
1474 828 1832 885 instruendos.

251 917 399 990 Dabo
444 942 623 986 autem
653 942 870 1003 operam
899 925 1289 996 diligentiorem
1319 932 1574 987 quantum
1603 933 1690 985 me
1736 917 1834 971 ad-

250 1023 398 1092 juvat
423 1021 697 1099 Dominus,
725 1027 781 1071 ut
803 1017 1014 1097 litterae,
1048 1029 1180 1092 quas
1205 1013 1271 1070 ad
1299 1023 1348 1067 te
1378 1011 1572 1076 scribo,
1591 1011 1741 1081 prius
1770 1007 1837 1062 ad

251 1108 304 1168 te
333 1112 664 1183 perveniant,
693 1124 848 1180 quam
887 1107 953 1161 ad
998 1120 1342 1177 quemquam,
1367 1119 1394 1156 a
1425 1117 1532 1172 quo
1579 1101 1734 1154 latius
1759 1099 1838 1152 di-
1879 1145 1885 1152 .

251 1210 586 1274 spergantur.
617 1200 811 1274 Fateor
837 1199 1001 1262 enim,
1029 1211 1130 1252 nec
1173 1195 1302 1249 mihi
1337 1193 1440 1250 hoc
1469 1191 1582 1246 ﬁeri
1610 1190 1747 1245 velle
1771 1187 1838 1244 de

252 1297 356 1354 tuis
376 1294 442 1348 ad
463 1309 570 1357 me,
594 1274 736 1363 quod
763 1291 830 1346 de
852 1290 986 1344 meis
1005 1288 1074 1365 ad
1105 1299 1156 1342 te
1183 1286 1376 1355 factum
1401 1283 1693 1358 justissimc
1739 1296 1837 1338 cx-

251 1386 510 1456 postulas.
541 1383 743 1438 Tamen
785 1383 986 1451 placeat
1029 1380 1181 1434 nobis
1209 1378 1434 1433 invicem
1485 1389 1591 1429 non
1635 1381 1836 1427 tantum

252 1476 484 1544 caritas,
531 1487 719 1548 verum
763 1473 923 1527 etiam
969 1471 1186 1525 libertas
1232 1467 1510 1529 amicitiae;
1558 1477 1656 1518 nec
1697 1460 1837 1531 apud

252 1583 339 1631 me
365 1577 564 1630 taceas,
591 1565 676 1619 vel
700 1579 800 1636 ego
849 1562 987 1632 apud
1017 1575 1098 1628 te,
1125 1561 1266 1632 quod
1303 1561 1356 1614 in
1399 1557 1596 1630 nostris
1647 1555 1838 1609 litteris

253 1657 490 1718 vicissim
517 1671 614 1712 nos
635 1663 844 1717 movet;
872 1668 938 1717 eo
967 1653 1172 1711 scilicet
1191 1650 1369 1704 animo
1391 1647 1480 1726 qui
1507 1646 1674 1701 oculis
1700 1644 1791 1699 Dei
1818 1685 1834 1711 ,

253 1748 306 1827 in
344 1747 574 1824 fraterna
602 1747 922 1821 dilectione,
959 1760 1066 1811 non
1139 1745 1300 1824 782
1373 1739 1640 1827 diSpqlieet.
1683 1735 1836 1803 Quod

255 1843 297 1908 si
324 1841 463 1896 inter
482 1857 578 1896 nos
597 1841 712 1904 ﬁeri
732 1855 885 1910 posse
905 1839 1020 1914 sine
1041 1827 1206 1906 ipsius
1221 1834 1518 1890 dilectionis
1540 1829 1837 1902 perniciosa

253 1931 550 1987 oll'cnsioue
576 1947 681 1987 non
708 1943 891 2001 putas;
912 1945 1014 1984 non
1033 1929 1142 1984 ﬁat.
1162 1928 1253 1982 llla
1270 1927 1410 1982 enini
1435 1925 1650 1989 caritas,
1679 1937 1836 1993 quam

254 2030 427 2101 tecum
459 2022 657 2096 habere
680 2021 835 2085 velim
856 2061 872 2087 ,
901 2019 1137 2090 profecto
1158 2017 1327 2101 major
1343 2025 1427 2083 est
1453 2032 1467 2068 :
1497 2013 1592 2081 sed
1620 2014 1698 2084 (tt)
1726 2026 1838 2080 me-

256 2098 357 2170 lius
383 2113 498 2170 lucc
524 2115 718 2181 minor,
747 2128 903 2183 quam
937 2110 1081 2182 nulla
1106 2117 1210 2164 est.
1245 2098 1265 2170 ἡ

718 2219 1046 2278 EPISTULA
1067 2217 1254 2293 cxvu
1279 2215 1374 2286 (ιι).

326 2352 394 2390 an
421 2349 638 2398 urant
667 2348 735 2388 ar
763 2347 942 2410 rius!
969 2328 1039 2402 (ci
1070 2343 1121 2384 is
1147 2342 1336 2405 CALLIA
1365 2336 1765 2396 consonans.

254 2443 413 2520 Docet
429 2443 594 2498 viduis
617 2450 665 2496 et
681 2439 956 2515 virginibus
979 2437 1234 2491 vitandam
1252 2451 1355 2490 esse
1376 2432 1697 2488 domesticam
1717 2447 1840 2494 con-,-

324 2533 642 2589 sueludinem
666 2546 861 2594 eorum,
888 2528 1023 2582 unde
1047 2527 1111 2580 sit
1138 2525 1414 2594 periculum
1441 2522 1517 2593 uel
1561 2520 1834 2590 pndicitiw,

326 2623 405 2678 vel
427 2625 598 2692 [αηιαυ.
619 2621 977 2692 Argumentum
995 2614 1222 2696 epistolae
1243 2615 1350 2684 ipse
1369 2611 1616 2684 capiosins
1635 2610 1842 2685 exponit

325 2715 378 2769 in
409 2711 735 2782 Prwfatione.

856 2819 1243 2876 PREFATIO.

326 2938 379 2994 ι.
417 2935 622 2992 Retulit
645 2933 776 2990 mihi
809 2933 1022 3004 quidam
1053 2933 1214 2988 frater
1241 2946 1272 2988 e
1308 2929 1477 2986 Gallia
1499 2969 1513 2994 ,
1541 2943 1601 2990 se
1641 2925 1839 2982 habere

257 3045 498 3101 sororem
519 3026 799 3100 virginem,
826 3035 1158 3094 matremque
1177 3023 1412 3089 viduam,
1433 3037 1551 3092 quae
1571 3021 1624 3076 in
1651 3019 1838 3075 eadem
1919 3041 1922 3044 ’

255 3123 386 3188 urbe
411 3121 596 3178 divisis
623 3119 922 3174 habitarent
948 3116 1153 3173 cellulis
1181 3132 1195 3170 :
1223 3124 1278 3171 et
1304 3114 1386 3169 vel
1415 3114 1484 3169 ob
1514 3111 1730 3182 hospitii
1758 3109 1836 3183 (ά)

253 3211 618 3273 solitudinem.
647 3208 734 3265 vel
761 3207 830 3261 ob
850 3205 1224 3262 custodiendas
1251 3204 1601 3266 facultatulas,
1632 3216 1838 3271 praesu-

253 3301 333 3373 les
363 3301 467 3356 sibi
503 3299 762 3371 quosdam
811 3296 1047 3352 Clericos
1072 3293 1516 3364 assumpsissent;
1547 3299 1606 3345 ut
1636 3291 1840 3360 majore

253 3395 518 3470 dedecore
544 3392 895 3462 iungerentur
922 3387 1132 3453 alienis,
1179 3401 1336 3456 quam
1365 3401 1393 3437 a
1423 3399 1483 3440 se
1521 3382 1727 3449 fuerant
1755 3395 1842 3436 sc-

253 3496 476 3572 param.
517 3485 756 3554 Cumque
785 3495 886 3551 ego
922 3479 1351 3552 ingemiscercm,
1385 3485 1438 3530 et
1483 3474 1650 3528 multo
1687 3473 1838 3544 plura

254 3565 486 3634 iacendo
535 3591 690 3645 quam
742 3571 1010 3643 loquendo
1071 3567 1450 3638 signiﬁcarem.
1505 3565 1697 3631 Quzeso
1749 3574 1838 3629 te,

253 3668 448 3739 inquit,
488 3666 746 3738 corripias
772 3676 862 3718 eas
901 3660 1094 3715 litteris
1119 3660 1243 3723 tuis,
1288 3667 1342 3712 et
1385 3655 1451 3710 ad
1499 3654 1840 3710 concordiam

254 3743 516 3822 revoces;
548 3765 603 3809 ut
641 3763 812 3818 mater
863 3751 1048 3815 ﬁliam,
1080 3757 1134 3804 et
1173 3748 1277 3802 lilia
1323 3755 1544 3800 matrem
1567 3751 1838 3813 agnoscat.

255 3828 354 3923 Cui
383 3863 484 3920 ego
517 3867 531 3906 :
561 3847 848 3922 Optimam,
902 3844 1137 3912 inquam,
1179 3839 1306 3894 mihi
1353 3834 1585 3904 injungis
1624 3835 1841 3904 provin-

257 3943 395 4018 ciam
420 3959 435 3994 :
460 3949 518 3994 ut
545 3939 752 3994 alienus
791 3934 1096 3999 conciliem,
1121 3945 1252 4000 quas
1281 3929 1420 3986 lilius
1441 3929 1709 3996 fraterque
1736 3941 1842 3980 non

259 4033 452 4108 potuit.
475 4031 634 4100 Quasi
658 4045 784 4085 vero
805 4024 1172 4096 Episcopalem
1201 4020 1510 4080 cathedram
1538 4026 1768 4082 teneam,
1790 4024 1847 4108 et

261 4106 369 4188 non
397 4123 608 4178 clausus
647 4119 862 4182 cellula,
907 4131 969 4171 ac
998 4113 1182 4186 procul
1221 4128 1251 4167 a
1276 4111 1444 4166 turbis
1470 4119 1730 4173 remotus.
1757 4106 1844 4164 vel

259 4187 532 4300 praeterita
560 4213 804 4286 plangam
858 4209 1007 4272 vitia,
1056 4204 1139 4260 vel
1179 4204 1346 4264 vitare
1373 4201 1510 4268 nitar
1536 4199 1840 4276 prmsentia.

262 4290 367 4366 Sed
395 4315 448 4360 et
468 4304 816 4372 incongruum
839 4306 922 4353 est
950 4298 1115 4350 latere
1139 4307 1394 4362 corpore,
1435 4300 1489 4346 et
1527 4290 1700 4360 lingua
1749 4302 1846 4358 per

262 4384 429 4461 totum
459 4394 643 4450 orbem
665 4391 862 4462 vagari.
891 4389 957 4444 Et
979 4389 1066 4444 ille
1091 4405 1104 4442 :
1126 4386 1379 4450 Nimium,
1403 4384 1497 4465 ait,
1530 4381 1846 4458 formidolo-

262 4503 354 4543 sus
376 4503 456 4544 es.
485 4487 583 4543 Ubi
605 4487 691 4541 illa
712 4465 977 4556 quondam
1001 4477 1321 4543 constantia,
1346 4476 1398 4530 in
1423 4489 1526 4544 qua
1551 4473 1717 4529 multo
1735 4471 1847 4526 sale

262 4579 447 4633 orbem
471 4575 738 4631 defricans
764 4573 858 4642 (ε),
890 4570 1237 4646 Lucillianum
1279 4566 1547 4646 quippiam
1577 4561 1850 4632 retulistiz

262 4669 376 4724 Hoc
405 4676 508 4732 est,
536 4666 644 4730 aio,
670 4641 925 4734 quodme
965 4663 1144 4730 fugat,
1175 4641 1231 4716 et
1270 4641 1416 4714 labra
1457 4659 1696 4714 dividere
1739 4671 1849 4732 non

264 4760 412 4825 sinit.
461 4756 745 4829 Postquam
781 4755 921 4808 enim
950 4753 1218 4822 arguendo
1246 4753 1492 4817 crimina,
1526 4751 1698 4805 factus
1724 4763 1842 4812 sum

267 4831 610 4932 criminosus,
651 4851 707 4920 et
738 4843 887 4924 juxta
937 4842 1115 4925 tritum
1146 4841 1287 4910 vulgi
1333 4854 1578 4918 sermone
1621 4852 1848 4910 prover-

355 5018 406 5077 η)
437 5017 654 5077 Veteres
674 5015 792 5066 editi
813 5023 866 5065 et
880 5015 1204 5074 Martianaeus,
1229 5012 1416 5070 mlier.

356 5072 406 5134 bi
444 5072 574 5128 Alias
597 5072 673 5126 4'7.
700 5077 886 5134 scripta
906 5072 1168 5126 011110405.

339 5134 567 5206 (cLOIim
588 5138 812 5206 absolute
835 5145 958 5196 erat,
986 5146 1055 5206 [ge
1077 5134 1849 5206 eitandosuspectocontubennjo.

270 5196 371 5254 Nos
390 5196 509 5265 Mss.
529 5200 890 5265 inscriptionem
906 5196 1401 5265 praeferimusadditis
1425 5196 1603 5255 verbis,
1629 5198 1679 5265 in
1699 5196 1855 5265 Gallia

272 5262 634 5315 cornmorantes.
661 5259 771 5322 Ipse
789 5259 989 5309 Hieron.
1015 5264 1181 5322 contra
1203 5259 1435 5322 Vigilant.
1469 5272 1603 5314 num.
1628 5260 1676 5308 5.
1710 5276 1733 5305 ι
1751 5259 1852 5308 Ma-

277 5324 460 5388 lignus,
482 5340 506 5369 ι
537 5321 711 5388 inquit,
742 5323 1036 5388 sinterpres
1069 5321 1233 5388 dic’at,_
1253 5321 1456 5388 ﬂetama
1479 5323 1852 5388 me_'.materiam,

274 5382 368 5456 cui
385 5382 1005 5456 ruetoricu_declaitiati011e
1027 5383 1365 5456 respondeam,
1393 5385 1517 5456 sicut
1539 5382 1854 5456 illam,_quam

275 5448 446 5510 scripsi
469 5446 528 5495 ad
547 5444 746 5503 Gallias,
770 5444 940 5491 matris
961 5450 1013 5492 et
1042 5439 1152 5500 ﬁliae
1180 5445 1305 5492 inter
1325 5457 1382 5499 se
1412 5439 1803 5507 discordantium.
1825 5459 1848 5488 ι

277 5507 508 5558 Erasmus
525 5519 722 5570 quoque
744 5503 1084 5553 declamatorio
1107 5517 1239 5552 more
1263 5509 1502 5570 sumptum
1534 5504 1684 5553 fuisse
1705 5511 1856 5568 atque

279 5577 532 5620 tractatum
546 5566 956 5628 'abs‘Hieronymo
975 5573 1316 5628 argumentum
1338 5567 1610 5628 suSpicatus
1633 5574 1730 5617 est.

365 5629 419 5696 ἀ)
446 5627 790 5696 yeronen._ob
811 5624 1002 5696 hospitii
1023 5624 1404 5696 sollicitudinem.

446 5691 665 5740 hauian.
693 5685 922 5746 detulisti,
941 5695 1043 5750 quo
1077 5689 1226 5736 verbo
1253 5689 1340 5750 qui
1382 5695 1581 5750 utuntur
1616 5686 1733 5738 Mss.
1769 5696 1858 5738 Lu-

279 5747 472 5814 gia'niim
508 5749 780 5814 quempiam
812 5747 1056 5814 corrupte
1075 5750 1221 5814 etiam
1235 5747 1442 5814 legunt.
1482 5749 1670 5814 Dicitur
1691 5756 1856 5814 autem

281 5809 593 5874 Lucillius'ab
611 5809 810 5874 Horatio
834 5809 920 5860 lib.
944 5809 990 5861 ί.
1024 5809 1172 5860 Satir.
1201 5810 1277 5872 lo,
1308 5809 1464 5874 idem,
1487 5809 1570 5874 qui
1592 5809 1692 5861 sale
1713 5809 1861 5862 multo

289 5873 462 5926 Urbem
483 5871 727 5930 defricuit,
759 5879 856 5923 etc.

1629 441 1953 502 EPISTOLA
1987 442 2190 500 CXVII.

3413 447 3519 516 95b

1943 557 2090 614 bium
2145 573 2162 612 :
2206 555 2272 629 (f)
2298 556 2672 627 Iurgautibus,
2721 566 2775 614 et
2821 560 3133 629 negantibus
3169 559 3394 627 cunctis,
3421 577 3521 618 nec

1941 665 2098 706 aures
2124 665 2211 705 me
2237 648 2400 704 credo
2431 647 2652 716 habere,
2685 664 2782 704 nec
2807 660 3036 706 tactum:
3065 651 3269 723 ipsique
3288 651 3522 721 parietes

1939 740 1992 795 in
2034 755 2119 795 me
2157 740 2441 796 maledicto
2469 746 2820 804 resonarunt,
2851 741 2978 794 etin
3020 757 3100 796 me
3124 739 3403 812 psallebant
3436 740 3522 809 qui

1939 831 2165 890 bibebant
2203 832 2370 886 vinum
2422 829 2609 901 (Psal.
2636 828 2740 903 68)
2789 839 3049 894 :coactns
3143 831 3306 903 783
3380 829 3523 884 malo

1941 929 2116 976 tacere
2136 921 2317 998 didici,
2346 924 2542 976 rectius
2571 935 2690 978 esse
2718 919 3001 984 arbitrans,
3027 935 3226 988 ponere
3244 920 3524 988 custodiant

1939 1014 2018 1074 ori
2037 1030 2165 1078 meo,
2190 1023 2238 1068 et
2258 1015 2438 1070 ostium
2466 1016 2708 1076 munitum
2731 1011 2877 1081 labiis
2897 1011 3204 1079 meis(Psal.
3228 1011 3339 1082 38),
3363 1026 3523 1081 quam

1939 1104 2207 1160 declinare
2244 1122 2333 1158 cor
2358 1121 2521 1160 meum
2548 1105 2601 1158 in
2629 1103 2777 1167 verba
2806 1104 3014 1163 malitiae
3041 1117 3061 1157 :
3107 1111 3160 1157 et
3197 1102 3323 1157 dum
3363 1117 3525 1172 carpo

1939 1194 2084 1256 vitia.
2130 1194 2187 1248 in
2232 1194 2417 1266 vitium
2458 1193 2801 1264 detractionis
2848 1193 3142 1249 incurrere.
3191 1193 3342 1260 Quod
3395 1207 3521 1248 cum

1938 1283 2192 1346 dixissem
2220 1303 2233 1337 :
2265 1284 2379 1340 Non
2402 1295 2505 1350 est,
2531 1287 2720 1355 inquit,
2747 1285 3054 1354 detrahere,
3087 1299 3273 1342 verum
3307 1283 3520 1348 dicere;

1939 1388 2038 1432 nec
2061 1373 2259 1442 privata
2285 1375 2551 1442 correptio
2571 1373 2872 1442 generalem
2901 1373 3027 1428 facit
3045 1373 3373 1434 doctrinam;
3401 1386 3524 1428 eum

1937 1471 2030 1516 aut
2074 1478 2250 1528 rarus,
2288 1471 2380 1524 aut
2416 1463 2594 1519 nullus
2637 1463 2726 1530 sit,
2768 1463 2858 1533 qui
2886 1464 2985 1518 sub
3025 1462 3184 1533 hujus
3213 1462 3384 1532 culpae
3410 1476 3504 1516 rea

1941 1560 2048 1606 tum
2077 1551 2152 1623 (g)
2182 1553 2356 1607 cadat.
2395 1552 2588 1621 Quaeso
2625 1568 2754 1622 ergo
2782 1562 2856 1617 te,
2905 1567 2974 1608 ne
3021 1568 3108 1608 me
3149 1561 3298 1608 tanto
3337 1552 3530 1608 itinere

1938 1652 2207 1709 vexatura,
2237 1643 2430 1716 frustra
2451 1646 2659 1698 venisse
2682 1643 2921 1713 patiaris.
2947 1642 3059 1699 Scit
3077 1643 3220 1698 enim
3249 1641 3527 1712 Dominus,

1937 1733 2078 1802 quod
2110 1741 2229 1802 post
2274 1735 2537 1807 visionem
2585 1743 2890 1792 sanctorum
2933 1717 3223 1804 Locoruin,
3265 1731 3404 1787 hanc
3444 1731 3528 1802 vel

1937 1824 2177 1880 maxime
2220 1839 2434 1880 causam
2491 1823 2673 1889 habui,
2728 1830 2786 1876 ut
2829 1836 2949 1878 cum
2994 1822 3100 1876 tuis
3132 1821 3322 1876 litteris
3351 1820 3526 1887 sorori

1939 1914 2184 1980 mederer
2207 1928 2270 1968 ac
2298 1913 2478 1968 matri.
2520 1914 2586 1967 Et
2625 1927 2769 1988 ego:
2798 1911 3043 1981 Jamjam,
3093 1912 3330 1981 inquam,
3379 1909 3521 1982 quod

1937 2005 2020 2060 vis
2060 2005 2288 2060 faciam:
2319 2019 2441 2060 nam
2486 2013 2541 2060 et
2582 2003 2824 2072 epistolae
2869 2003 3241 2062 transmarina:
3287 2008 3528 2073 sunt,et_

1937 2096 2237 2165 specialiter
2262 2110 2441 2150 sermo
2467 2094 2714 2158 dictatus,
2743 2107 2867 2156 raro
2908 2101 3085 2164 potest
3122 2091 3361 2146 invenire
3387 2105 3523 2162 quos
3589 2082 3602 2090 “

1938 2185 2193 2240 mordeat.
2230 2185 2307 2239 Te
2330 2193 2508 2239 autem
2538 2183 2781 2248 obsecro,
2812 2191 2870 2237 ut
2888 2183 3026 2236 clam
3051 2196 3353 2239 sermOuem
3378 2181 3522 2237 hunc

1939 2276 2158 2331 habeas.
2186 2276 2425 2345 Cumque
2455 2274 2751 2346 portaveris
2770 2289 2890 2332 eum
2923 2288 3018 2344 pro
3041 2273 3233 2328 viatico
3252 2313 3267 2339 ,
3298 2273 3342 2328 si
3371 2271 3525 2333 audi:

1941 2376 2025 2438 tus
2049 2365 2229 2433 fuerit,
2260 2351 2504 2420 lzetemur
2530 2365 2748 2434 pariter,
2777 2365 3022 2432 siautem
3047 2371 3384 2432 contemptus
3414 2362 3531 2418 fue-

1937 2458 2026 2522 rit,
2048 2455 2191 2518 quod
2227 2465 2278 2511 et
2297 2457 2466 2525 magis
2494 2469 2637 2524 reor,
2663 2468 2764 2526 ego
2793 2454 2955 2518 verba
2979 2452 3327 2525 perdiderim,
3359 2460 3417 2508 tu
3444 2451 3532 2524 iti-

1939 2547 2084 2625 neris
2117 2545 2523 2624 longitudinem.
2992 2530 2995 2537 ’
3052 2566 3056 2570 λ

2467 2657 2694 2729 Επριὶεξι
2727 2655 2999 2729 Prtefatia.

2007 2774 2063 2830 2.
2092 2774 2327 2830 Primum
2348 2787 2446 2828 vos
2470 2773 2609 2830 scire
2624 2773 2782 2842 cupio
2810 2770 2893 2846 (It)
2914 2786 3068 2844 soror
3084 2781 3137 2833 et
3159 2771 3287 2838 illia,
3316 2769 3532 2831 me’non

1939 2865 2138 2923 idcirco
2165 2864 2423 2931 scribere,
2455 2865 2576 2934 quia
2605 2863 2806 2934 aliquid
2841 2865 2910 2920 de
2933 2864 3084 2919 vobis
3108 2863 3380 2931 sinistrum
3407 2879 3533 2920 sus-

1938 2955 2087 3024 picer
2105 2970 2120 3021 ;
2141 2953 2233 3009 sed
2257 2969 2326 3008 ne
2357 2953 2542 3024 caeteri
2563 2955 2903 3023 suspicentur
2925 2951 2986 3026 (ἱ)
3007 2963 3239 3009 vestram
3267 2968 3354 3007 me
3376 2966 3534 3010 orare

1939 3043 2302 3100 concordiam.
2351 3043 2600 3112 Alioquin
2643 3042 2818 3113 (quod
2875 3042 3048 3112 absit)
3094 3042 3142 3097 si
3189 3050 3534 3112 peccatorum

1939 3147 2035 3187 vos
2062 3133 2424 3188 existimarem
2453 3131 2660 3202 glutino
2687 3132 2977 3200 cohaesisse
2997 3174 3012 3198 ,
3035 3148 3304 3202 nunquam
3330 3131 3534 3188 scribe-

1939 3237 2090 3287 rem;
2129 3223 2429 3292 sciremque
2456 3238 2542 3276 me
2580 3222 2758 3277 surdis
2788 3237 3007 3276 narrare
3042 3221 3297 3288 fabulam.
3331 3221 3535 3292 Deinde

1939 3312 2044 3366 hoc
2067 3311 2315 3376 obsecro,
2352 3320 2406 3365 ut
2422 3311 2470 3367 si
2489 3310 2794 3367 mordacius
2817 3310 3088 3382 quippiam
3112 3313 3401 3381 scripsero,
3425 3326 3534 3374 non

1940 3409 2046 3455 tam
2076 3417 2209 3456 mea:
2256 3403 2451 3471 putetis
2495 3402 2820 3457 austeritatis
2868 3401 2977 3475 [ιιι.
3005 3401 3354 3476 auctoritatis]
3381 3417 3532 3472 esse,

1939 3509 2098 3564 quam
2118 3495 2310 3549 morbi.
2336 3494 2568 3549 Putrida:
2598 3509 2789 3548 carnes
2817 3493 2960 3549 ferro
2985 3506 3242 3549 curantur
3270 3505 3325 3550 et
3348 3505 3532 3550 caute.

1939 3586 2022 3640 rio
2046 3602 2059 3637 :
2085 3600 2287 3640 venena
2311 3586 2620 3655 serpentino
2643 3586 2912 3654 pelluntur
2936 3587 3198 3640 antidoto.
3231 3585 3383 3654 Quod
3403 3588 3540 3654 satis

1940 3673 2120 3739 dolet,
2153 3674 2341 3742 majori
2373 3675 2561 3729 dolore
2601 3675 2906 3742 expellitur.
2947 3674 3028 3729 Ad
3081 3683 3380 3730 extremum
3434 3675 3538 3729 hoc

1943 3764 2087 3830 dico,
2119 3764 2260 3834 quod
2290 3763 2334 3817 si
2377 3764 2538 3818 etiam
2571 3763 2686 3818 haec
2728 3765 3051 3819 conscientia
3083 3765 3322 3819 criminis
3347 3763 3538 3822 vulnus

1943 3870 2048 3908 nou
2077 3855 2289 3921 habeat,
2320 3853 2482 3909 habet
2508 3864 2680 3909 tamen
2713 3855 2849 3910 fama
2895 3856 3259 3924 ignominiam.
3289 3855 3456 3909 Mater
3484 3865 3539 3910 et

1943 3944 2072 4011 lilia,
2115 3946 2326 3999 nomina
2358 3945 2604 4015 pietatis,
2652 3945 2948 3999 officiorum
2998 3945 3289 4011 vocabula,
3320 3947 3539 4019 vincula

1945 4043 2148 4090 naturae
2167 4076 2183 4100 ,
2207 4035 2438 4090 secunda
2469 4043 2585 4104 post
2610 4035 2775 4090 Deum
2820 4035 3121 4096 foederatio.
3152 4036 3267 4091 Non
3291 4048 3372 4092 est
3399 4039 3542 4114 laus,

1944 4127 1990 4181 si
2015 4141 2110 4181 vos
2152 4124 2412 4196 diligitis:
2441 4125 2616 4180 scelus
2663 4137 2782 4190 est,
2833 4125 2976 4197 quod
3027 4125 3237 4181 odistis.
3278 4126 3541 4191 Dominus

1944 4214 2100 4270 Jcsus
2129 4213 2402 4284 subjectus
2427 4224 2542 4270 erat
2566 4217 2877 4285 parentibus
2903 4216 3055 4286 suis.(
3076 4216 3206 4272 Luc.
3233 4216 3307 4289 ἓ)
3336 4233 3542 4283 ενεηετ

1946 4306 2165 4361 rabatur
2214 4315 2476 4372 matrem,
2520 4304 2674 4376 cujus
2765 4305 2932 4379 78hI
3019 4315 3137 4363 erat
3192 4307 3307 4377 ipse
3362 4317 3531 4376 pater.

1947 4395 2165 4450 Colcbat
2212 4396 2508 4459 nutritium,
2555 4411 2714 4466 quem
2767 4398 3063 4451 nutriverat
3108 4414 3122 4450 :
3163 4409 3546 4468 chIatumque

1947 4500 2010 4550 se
2045 4489 2359 4555 meminerat
2386 4487 2604 4542 alterius
2629 4497 2801 4551 utero,
2855 4488 3075 4544 alterius
3105 4487 3355 4542 brachiis.
3386 4488 3542 4546 Unde

1949 4586 2002 4633 et
2050 4579 2102 4633 in
2152 4593 2311 4634 cruce
2361 4577 2617 4646 pendens,
2668 4575 3014 4632 commendat
3059 4587 3330 4646 parentem
3377 4579 3538 4640 disci-

1949 4667 2287 4740 pulo(.loan._
2323 4667 2447 4738 l9),
2481 4681 2640 4736 quam
2677 4682 2946 4738 nunquam
2985 4678 3108 4722 ante
3141 4682 3358 4723 crucem.
3384 4669 3546 4732 dimi.~

1949 4768 2112 4825 serat.

2038 4893 2081 4955 fi
2111 4891 2222 4955 Ilua
2243 4891 2357 4943 Mss.
2368 4889 2670 4955 jar-antibus,
2695 4894 2742 4940 et
2763 4888 3062 4955 negantibus.

2038 4951 2091 5018 ῃ)
2127 4952 2286 5018 Falso,
2308 4951 2654 5018 ut’_v_ideha_tur_,
2682 4960 2732 5000 et
2765 4951 3007 5018 contrario
3035 4965 3204 5018 sensu,
3225 4951 3401 5017 legunt
3421 4957 3541 5008 buc-

1951 5011 2112 5125 usq'u'e
2150 5015 2266 5062 editi
2301 5027 2358 5062 ac
2380 5013 2494 5086 Mss:
2522 5011 2747 5084 plerique
2769 5011 2858 5063 sub
2876 5012 3201 5086 ltujus'i‘nlpw
3229 5011 3416 5087 (catum
3445 5033 3541 5069 non

1953 5089 2012 5125 ca
2047 5081 2115 5125 at.
2151 5075 2251 5124 Nos
2282 5075 2489 5125 uorandi
2537 5073 2818 5125 particulam
2854 5079 3138 5124 vetusttoris
3183 5076 3413 5125 editionis
3453 5093 3536 5125 an.

1953 5073 2115 5138 cadat.
2151 5075 2251 5138 Nos
2282 5075 2489 5138 negandi
2504 5073 2818 5138 _’particulam
2854 5073 3138 5124 vetustioris
3183 5076 3413 5128 editionis
3453 5093 3536 5130 an.

1954 5137 2168 5202 ll96._et
2184 5135 2482 5202 Yeroaénsis
2504 5135 2594 5185 Ms.
2616 5138 2908 5186 auctoritate
2927 5139 3270 5200 expunximus,
3297 5141 3546 5202 veriorem

1954 5197 2080 5248 hanc
2101 5197 2365 5246 lectionem
2387 5197 2496 5245 rati.
2737 5243 2745 5254 ,
2994 5197 3010 5200 ’
3212 5217 3215 5219 ·

2016 5259 2092 5322 (h)
2127 5259 2209 5324 Sic
2253 5259 2369 5324 Mss.
2394 5271 2567 5324 omnes
2613 5265 2765 5324 atque
2789 5259 2928 5324 editi,
2946 5259 3431 5324 praeter‘Victorium,
3455 5261 3544 5324 qui

1955 5319 2191 5370 cum'sub
2222 5323 2401 5383 sororis
2432 5321 2480 5369 iu
2513 5319 2704 5372 Christo
2737 5323 2933 5383 nomine
2948 5319 3144 5383 'allaqui
3188 5319 3543 5383 Hieronymum

1955 5381 2481 5432 seniorem-mulierem
2513 5395 2609 5431 non
2632 5382 2936 5439 attendisset,
2963 5395 3028 5443 ex
3060 5381 3257 5443 ingenio
3287 5381 3549 5441 supposuit

1954 5450 2220 5518 mqtgrpro
2240 5455 2393 5518 soror,
2412 5455 2507 5518 qua
2529 5443 2594 5492 de
2614 5456 2672 5492 re
2697 5444 2889 5518 vapulat
2911 5455 2939 5514 a
2962 5442 3259 5518 Martialiuqu

2021 5505 2082 5567 (ἰ)
2115 5498 2293 5570 Veram
2330 5498 2593 5570 lectionem
2617 5517 2681 5554 ex
2706 5498 3020 5570 ambrosian.
3045 5499 3302 5570 codic..66..
3326 5498 3542 5570 Erasmg,

1960 5573 2014 5616 et
2030 5563 2304 5626 vetustiori,
2329 5579 2424 5628 qua
2445 5568 2623 5628 smpius
2640 5567 2846 5628 utimur,
2871 5563 3085 5628 editione
3108 5563 3425 5628 restituimus.
3463 5563 3548 5612 vi.

1958 5629 2084 5677 tiose
2110 5637 2162 5678 et
2181 5622 2448 5689 incongrua
2463 5622 2618 5689 se'nsu
2639 5626 2818 5675 Victor.
2835 5622 2897 5672 et
2916 5622 3133 5689 Martian.
3157 5626 3363 5670 usti-am
3377 5633 3549 5689 eia-are

1959 5683 2420 5754 concordiamtc'um
2458 5688 2726 5754 liquea_t__ex
2755 5692 2856 5735 toto
2889 5688 3146 5754 contextu,
3171 5693 3342 5754 earum.
3369 5683 3547 5754 mulie-

1959 5762 2072 5814 rum
2094 5742 2570 5802 concordiamvorai'e
2586 5746 2977 5814 _Hi_erouymum,
3004 5753 3130 5814 Δ(ιιιεξ
3157 5755 3266 5791 cum
3294 5742 3551 5814 discordes

1960 5813 2092 5860 inter
2115 5814 2384 5868 se'esseut,
2408 5814 2556 5871 atque
2584 5807 2793 5857 invicem
2827 5810 3066 5872 separatae
3087 5807 3330 5865 viverent,
3355 5810 3551 5860 caeteris

1963 5873 2221 5934 suspicioni
2245 5875 2403 5919 erant.
