4088 6336
598 423 706 484 955

665 539 719 594 3.
774 537 856 596 τα
892 520 1060 604 vero,
1099 538 1207 594 ﬁlia
1245 525 1396 612 (jam
1412 527 1577 596 “enim
1615 540 1803 598 desino
1839 542 1905 598 ad
1944 552 2169 599 matrem

594 629 760 700 loqui,
791 645 948 700 quam
978 629 1197 687 forsitan
1225 641 1279 687 et
1315 641 1446 688 mtas
1469 641 1524 688 et
1548 633 1883 690 imbecillitas
1902 677 1918 700 ,
1948 651 2012 690 ac
2045 635 2176 690 soli-

594 721 721 778 tudo
759 721 1113 776 excusabilem
1144 721 1298 794 facit)
1328 734 1414 789 tu,
1463 725 1696 794 inquam,
1740 726 1846 780 tilia
1868 767 1882 789 ,
1926 726 2042 796 ejus
2076 725 2176 780 do-

592 825 736 867 mum
781 821 1058 881 angustam
1100 812 1348 882 judicas,
1393 815 1545 884 cujus
1587 830 1690 870 non
1724 817 1816 870 tibi
1861 815 1958 871 fuit
1987 827 2173 873 venter

590 905 884 973 angustus?
915 903 1103 960 Decem
1143 907 1414 961 mensibus
1461 918 1613 963 utero
1648 907 1828 962 clausa
1875 909 2075 974 vixisti,
2115 917 2171 964 et

591 1008 699 1048 uno
725 993 812 1047 die
836 993 890 1047 in
929 1008 1035 1048 uno
1081 994 1324 1049 cubiculo
1361 1010 1482 1050 cum
1512 1006 1680 1051 matre
1707 1011 1812 1052 non
1859 997 2058 1052 duras?
2085 1001 2168 1053 An

589 1082 774 1137 oculos
801 1083 915 1152 ejus
940 1083 1080 1138 ferre
1098 1099 1200 1138 non
1224 1086 1411 1154 potes?
1431 1095 1503 1151 et,
1531 1102 1648 1155 quae
1673 1085 1775 1158 [aL
1801 1085 1949 1159 quia]
1980 1103 2168 1144 omnes

588 1181 765 1227 motus
792 1183 928 1238 tuos,
952 1182 1134 1243 utpote
1160 1173 1266 1239 illa,
1296 1189 1414 1244 qua:
1436 1175 1636 1244 genuit,
1661 1192 1778 1242 quat
1817 1177 1968 1243 aluit,
1996 1186 2051 1232 et
2099 1176 2168 1231 ad

589 1261 728 1318 bane
750 1262 998 1332 perduxit
1026 1275 1259 1332 mtatem,
1310 1266 1514 1321 facilius
1540 1267 1804 1338 intelligit,
1854 1277 2044 1324 testem
2071 1268 2166 1324 do-

588 1355 861 1408 mesticam
888 1353 1062 1424 fugis?
1100 1357 1157 1410 Si
1205 1356 1354 1426 virgo
1379 1371 1458 1423 es,
1490 1358 1615 1427 quid
1657 1359 1814 1414 times
1856 1359 2164 1430 diligentem

586 1443 880 1500 custodiam
893 1446 916 1498 ?
931 1447 974 1500 si
996 1457 1264 1517 corrupta,
1282 1463 1377 1502 cur
1393 1465 1496 1503 non
1517 1450 1689 1518 palam
1709 1451 1900 1506 nubis?
1922 1452 2164 1509 Secunda

588 1543 712 1602 post
738 1534 1067 1605 naulragium
1095 1536 1272 1616 tabula
1302 1546 1405 1605 est,
1431 1538 1573 1607 quod
1602 1539 1739 1594 male
1772 1542 2020 1610 coeperis,
2051 1541 2160 1596 sal-

586 1634 692 1683 tem
724 1627 824 1681 hoc
853 1627 1088 1683 remedio
1141 1638 1454 1698 temperare.
1483 1629 1667 1700 Neque
1709 1646 1837 1687 vero
1874 1632 1977 1688 hoc
1998 1633 2120 1689 dico
2143 1675 2159 1701 ,

584 1715 724 1784 quod
743 1725 864 1786 post
884 1726 1158 1784 peccatum
1181 1719 1362 1774 tollam
1380 1722 1768 1789 paenitentiam,
1787 1732 1842 1778 ut
1862 1723 2002 1794 quod
2024 1725 2163 1781 male

582 1807 764 1876 coapit,
809 1807 948 1862 male
990 1820 1294 1877 perseveret
1319 1809 1420 1882 [aL
1449 1813 1657 1880 coeperis
1701 1822 1747 1867 et
1800 1814 2160 1888 persevera]:

581 1895 675 1952 sed
703 1897 843 1966 quod
863 1897 1142 1966 desperem
1169 1899 1220 1953 in
1245 1900 1544 1957 istiusmodi
1570 1904 1760 1973 copula
1783 1905 2157 1961 divulsionem.

580 1989 792 2058 Alioqui
817 1990 864 2044 si
880 1990 945 2044 ad
968 1999 1192 2046 matrem
1210 1991 1525 2061 migraveris
1552 2002 1672 2063 post
1698 1998 1925 2062 ruinam,
1952 1996 2160 2054 facilius

583 2081 784 2150 poteris
820 2095 940 2135 cum
970 2096 1032 2134 ea
1062 2081 1332 2151 plangere,
1359 2083 1505 2152 quod
1556 2097 1650 2154 per
1681 2085 1822 2140 illius
1863 2087 2157 2143 absentiam

578 2168 876 2239 perdidisti.
901 2170 1050 2238 Quod
1077 2172 1123 2226 si
1149 2171 1321 2227 adhuc
1347 2173 1548 2244 integra
1575 2190 1656 2242 es,
1693 2184 1750 2232 et
1794 2192 1898 2233 non
1931 2180 2160 2249 perdidi-

575 2261 679 2326 sti,
707 2275 862 2316 serva
889 2275 955 2316 ne
985 2261 1193 2332 perdas.
1229 2261 1366 2328 Quid
1387 2263 1480 2318 tibi
1501 2277 1724 2320 necesse
1747 2276 1829 2322 est
1857 2267 1911 2324 in
1938 2283 2000 2323 ea
2029 2284 2153 2324 ver-

575 2352 685 2407 sari
713 2352 893 2419 domo,
926 2353 979 2407 in
1013 2368 1117 2423 qua
1145 2368 1364 2410 necesse
1390 2353 1555 2411 habes
1580 2357 1817 2426 quotidie
1839 2367 1932 2414 aut
1957 2363 2155 2430 perire,

574 2450 670 2497 aut
706 2442 959 2500 vincere?
1009 2443 1368 2514 Quisquamne
1408 2445 1712 2502 mortalium
1738 2447 1886 2517 juxta
1916 2455 2154 2520 viperam

573 2549 794 2591 securos
821 2550 1039 2591 somnos
1063 2538 1239 2606 capit?
1276 2552 1396 2608 qua:
1421 2539 1521 2594 etsi
1562 2555 1670 2596 non
1699 2542 1978 2611 percutiat,
2007 2555 2155 2600 certe

572 2627 841 2682 sollicitat.
904 2627 1159 2683 Securius
1220 2637 1303 2684 εει
1366 2631 1540 2700 perire
1587 2648 1695 2686 non
1749 2647 1937 2702 posse,
1990 2649 2151 2704 quam

573 2715 719 2787 juxta
755 2717 1045 2788 periculum
1074 2733 1177 2773 non
1204 2720 1428 2786 perisse.
1474 2721 1531 2775 In
1583 2723 1752 2777 altero
1797 2726 2153 2794 tranquillitas

572 2818 694 2875 est,
749 2808 806 2864 in
850 2810 1020 2866 altero
1051 2810 1384 2882 gubernatio.
1434 2812 1505 2869 lbi
1544 2814 1869 2885 gaudemus,
1913 2817 1998 2873 hic
2028 2834 2154 2874 eva-

571 2899 769 2956 dimus.

640 2993 695 3048 4.
728 2991 835 3048 Sed
878 2992 1014 3053 forte
1033 2994 1358 3064 respondeas
1387 3014 1400 3051 :
1431 2995 1544 3051 Non
1572 2997 1709 3054 bene
1737 3009 1941 3057 morata
1978 3010 2150 3058 mater

569 3092 673 3150 est,
699 3098 787 3139 res
814 3085 991 3140 saeculi
1018 3086 1183 3156 cupit,
1213 3096 1356 3142 amat
1378 3087 1609 3154 divitias,
1635 3089 1838 3160 ignorat
1861 3091 2147 3162 jejunium,

569 3174 753 3230 oculos
795 3175 953 3229 stibio
983 3175 1129 3242 linit,
1157 3177 1268 3231 vult
1295 3187 1504 3246 compta
1547 3179 1869 3248 procedere,
1899 3192 1954 3237 et
1993 3193 2150 3239 nocet

571 3262 843 3338 pr0posito
863 3279 1013 3328 meo,
1048 3280 1147 3320 nec
1180 3281 1396 3335 possum
1429 3282 1548 3321 cum
1596 3268 1900 3337 hujusmodi
1947 3271 2144 3327 vivere.

571 3350 805 3410 Primum
833 3353 1042 3422 quidem
1072 3355 1276 3409 etiamsi
1319 3357 1438 3410 talis
1465 3367 1565 3423 cst,
1598 3366 1654 3412 ut
1680 3359 1935 3423 causaris,
1978 3361 2148 3431 majus

571 3437 791 3495 habebis
815 3443 1120 3512 praemium,
1163 3446 1211 3499 si
1237 3446 1395 3501 talem
1424 3461 1529 3501 non
1555 3449 1794 3511 deseras.
1827 3450 1915 3506 Illa
1963 3461 2015 3507 te
2055 3453 2146 3508 diu

570 3530 800 3600 portavit
821 3531 872 3592 in
894 3542 1080 3601 utero,
1109 3535 1198 3589 diu
1239 3537 1390 3600 aluit,
1435 3547 1488 3592 et
1531 3538 1858 3596 difficiliores
1908 3542 2145 3602 infantia:

569 3635 749 3676 mores
820 3621 1010 3678 blanda
1058 3625 1252 3694 pietate
1307 3629 1574 3683 sustinuit.
1645 3629 1797 3686 Lavit
1847 3647 2145 3702 pannorum

568 3710 729 3789 785
802 3713 1007 3782 sordes,
1036 3723 1091 3770 et
1133 3716 1405 3774 immundo
1449 3735 1592 3791 saepe
1630 3719 1824 3777 foedata
1874 3733 1964 3778 est
2011 3734 2147 3780 ster-

567 3815 710 3855 core.
743 3802 956 3858 Assedit
979 3809 1288 3876 mgrotanti;
1324 3819 1378 3864 et
1412 3827 1531 3881 qua:
1557 3827 1657 3885 pro
1696 3822 1747 3868 te
1792 3829 1888 3869 sua
1935 3815 2144 3874 fastidia

566 3892 834 3962 sustinuit,
868 3905 953 3950 tua
979 3913 1190 3968 quoque
1239 3917 1392 3970 passa
1433 3914 1536 3959 est.
1587 3905 1668 3960 Ad
1715 3905 1851 3964 hanc
1901 3910 2146 3979 perduxit

564 3990 811 4048 atatem;
839 3993 898 4039 ut
921 3983 1190 4046 Chrismm
1215 4005 1443 4056 amares,
1474 3993 1673 4049 docuit.
1699 3994 1812 4050 Non
1843 3997 1933 4052 tibi
1962 3999 2145 4070 diSpli-

562 4081 687 4128 ceat
723 4074 841 4144 ejus
886 4081 1254 4148 conversatio,
1301 4099 1419 4152 qua:
1450 4093 1501 4140 te
1541 4101 1740 4154 sponso
1767 4099 1855 4142 tuo
1881 4092 2141 4161 virginem

562 4165 914 4219 consecravit.
942 4165 1091 4242 Quod
1116 4169 1158 4221 si
1190 4167 1328 4224 ferre
1363 4187 1467 4226 non
1505 4185 1738 4250 poteset
1783 4177 1999 4234 delicias
2027 4181 2142 4250 ejus

563 4248 704 4320 fugis
733 4269 746 4305 :
777 4263 935 4324 atque
973 4255 1064 4326 (ut
1091 4257 1192 4312 hoc
1214 4259 1371 4328 vulgo
1414 4261 1552 4315 solet
1583 4247 1716 4336 dici)
1762 4267 2034 4323 saecularis
2055 4247 2142 4331 est

563 4349 757 4408 mater,
790 4342 952 4398 habes
978 4346 1108 4401 alias
1142 4349 1391 4418 virgines,
1425 4349 1587 4406 babes
1607 4363 1847 4410 sanctum
1877 4358 2142 4428 pudicitia:

563 4431 810 4488 chorum.
839 4433 976 4504 Quid
1005 4447 1225 4498 matrem
1251 4438 1525 4506 deserens,
1553 4458 1674 4499 eum
1698 4446 1847 4517 eligis
1876 4447 1981 4521 [ει.
2015 4451 2137 4505 dili-

563 4523 641 4591 gis
660 4521 680 4595 ]
701 4566 716 4590 ,
744 4525 833 4594 qui
870 4525 1087 4581 forsitan
1114 4544 1263 4583 suam
1285 4531 1500 4604 reliquit
1528 4548 1768 4592 sororem
1797 4549 1852 4593 et
1876 4544 2137 4603 matrem?

562 4613 656 4668 Illa
687 4614 946 4683 difficilis;
976 4619 1068 4674 sed
1090 4621 1189 4676 iste
1215 4620 1404 4677 facilis.
1435 4623 1524 4678 Illa
1551 4625 1808 4698 iurgatrix
1844 4648 1857 4684 :
1887 4647 2014 4700 ergo
2039 4637 2139 4691 iste

562 4703 856 4772 placabilis.
883 4707 1095 4775 Qmero,
1137 4719 1312 4766 utrum
1364 4714 1538 4769 virum
1567 4727 1747 4772 secuta
1787 4720 1896 4785 sis,
1945 4736 2010 4776 an
2041 4739 2139 4794 po-

562 4806 678 4848 stea
722 4795 1021 4851 inveneris?
1045 4799 1103 4854 Si
1141 4815 1261 4855 eum
1308 4813 1487 4858 secuta
1532 4819 1620 4870 es,
1666 4808 2004 4865 manifestum
2052 4821 2137 4867 est

561 4891 788 4938 matrem
819 4885 1118 4955 reliqueris.
1141 4888 1196 4944 Si
1223 4899 1405 4960 postea
1432 4895 1677 4963 reperisti
1695 4937 1712 4961 ,
1751 4900 1986 4952 ostendis
2009 4901 2136 4970 quid

561 4971 615 5024 in
646 4972 831 5028 matris
857 4973 1084 5044 ltoSpitio
1111 4993 1215 5034 non
1239 4982 1477 5050 pomeris
1502 4983 1758 5040 invenire.
1793 4986 1965 5043 Durus
1981 4989 2136 5045 dolor

561 5071 665 5128 est,
707 5072 765 5119 et
808 5079 930 5118 meo
965 5082 1217 5125 mucrone
1261 5085 1348 5126 me
1377 5072 1682 5128 vulnerans.
1735 5075 1835 5140 Qui
1875 5078 2131 5146 ambulat,

559 5152 767 5222 inquit,
818 5155 1138 5224 simpliciter,
1188 5161 1409 5213 ambulat
1446 5162 1754 5230 confidenter
1792 5164 1984 5236 (Prov.
2011 5167 2130 5240 10).

562 5243 817 5302 Tacerem
849 5246 929 5316 (a)
953 5287 968 5312 ,
1000 5247 1045 5302 si
1075 5264 1161 5304 me
1185 5265 1288 5305 non
1315 5251 1584 5306 morderet
1610 5256 1932 5311 conscientia
1950 5299 1966 5323 ,
1995 5269 2049 5315 et
2076 5261 2132 5316 in

557 5337 675 5392 aliis
702 5352 879 5393 meum
902 5339 1102 5395 crimen
1129 5355 1234 5395 non
1261 5343 1705 5412 reprehenderem
1734 5362 1748 5400 :
1777 5364 1878 5404 nec
1899 5365 1996 5422 per
2023 5361 2132 5408 tra-

623 5507 1194 5591 Lajﬂgipunctatertium
1217 5518 1682 5591 negandiiparticula
1700 5525 1758 5573 ad
1777 5525 1912 5591 hunc
1917 5528 2127 5591 modum,

555 5577 610 5644 ut
629 5582 806 5646 sensus
824 5583 1032 5651 constet,
1055 5575 1307 5651 legendus:
1319 5575 1512 5651 videtur
1530 5583 1612 5651 hic
1633 5583 1766 5634 locus
1791 5599 1803 5633 :
1831 5604 1853 5633 ι
1875 5575 2128 5651 Tacerem:

551 5633 592 5678 si
616 5641 696 5701 me
722 5633 1025 5701 remorderet
1046 5633 1353 5697 conscientia,
1391 5650 1441 5691 et
1465 5643 1514 5690 in
1537 5644 1640 5693 aliis
1658 5633 1821 5696 meum
1843 5633 2130 5701 maciei;

552 5693 929 5762 prehenderem,
949 5705 1010 5762 _et
1047 5713 1136 5760 per
1158 5693 1352 5752 trabem
1365 5704 1492 5753 oculi
1526 5709 1622 5755 mei
1655 5693 2125 5762 a'tt'eiiiié'iééiiicjaﬁi

554 5752 960 5831 ἕιρεςειιιρεεό
980 5752 1091 5831 cuin
1108 5765 1430 5831 emendationi
1455 5752 1633 5831 nostris
1652 5752 1795 5831 opem
1805 5752 2124 5823 iiuiiiiifc‘o“;

551 5807 708 5862 feram
731 5824 929 5868 veteucs
951 5807 1376 5883 chartae,
1384 5807 1638 5882 iii’iiiééié

1894 429 2133 488 ssnon
2169 429 2538 489 HIERONYMI
2557 391 2571 410 ”

2283 543 2404 599 bem
2424 545 2562 600 oculi
2587 544 2690 601 mei
2717 533 2938 603 alterius
2959 548 3211 606 festucam
3233 551 3488 611 viderem.
3511 545 3856 616 Νυῖῐόέυιεηι

2278 649 2399 689 cum
2426 636 2566 691 inter
2610 637 2804 694 fratres
2829 643 3013 709 procul
3049 635 3312 711 habitans,
3343 662 3634 719 eorumque
3679 649 3854 706 fruens

2277 725 2624 781 contubernio
2653 727 2876 785 honeste
2898 731 2998 786 sub
3025 734 3240 790 arbitris
3258 777 3274 801 ,
3303 745 3359 791 et
3387 737 3594 793 videam
3621 755 3774 806 raro,
3803 750 3853 797 et

2279 815 2498 870 videar:
2529 817 3044 887 impudentissimum
3077 835 3159 879 est
3193 824 3349 896 hujus
3391 837 3444 882 te
3482 831 3853 888 verecundiam

2275 921 2382 961 non
2429 910 2600 979 sequi,
2633 911 2788 980 cujus
2815 915 2965 983 sequi
3007 919 3218 973 testeris
3258 922 3582 990 exemplum.
3631 922 3783 990 Quod
3809 923 3850 978 si

2275 995 2477 1053 dixeris
2524 1016 2540 1052 :
2589 999 2658 1054 Et
2705 1002 2835 1056 mihi
2873 1003 3073 1060 sufficit
3111 1009 3433 1063 conscientia
3485 1025 3605 1066 mea
3643 1012 3852 1068 :habea

2275 1086 2442 1142 Deum
2482 1088 2740 1158 iudicem,
2767 1093 2857 1162 qui
2903 1110 3036 1150 mea;
3065 1097 3184 1150 vita:
3211 1107 3294 1152 est
3331 1099 3516 1164 testis;
3573 1115 3682 1156 non
3725 1117 3851 1156 curo

2271 1177 2398 1246 quid
2444 1179 2729 1248 loquantur
2759 1181 3002 1240 homines
3032 1203 3046 1238 :
3079 1186 3203 1241 audi
3247 1189 3563 1258 Apostolum
3612 1191 3849 1247 scriben-

2272 1276 2378 1322 tem
2411 1287 2426 1323 :
2459 1268 2786 1328 Providentes
2812 1275 2961 1342 bona,
3006 1293 3108 1331 non
3157 1278 3320 1332 solum
3361 1296 3534 1334 coram
3581 1279 3714 1344 Deo,
3764 1284 3848 1336 sed

2270 1359 2421 1412 etiam
2445 1376 2615 1415 coram
2644 1364 2874 1418 omnibus
2901 1366 3183 1421 hominibus
3221 1369 3398 1440 (Rom.
3423 1369 3530 1442 l2).
3557 1370 3628 1434 Si~
3651 1373 3773 1442 quis
3799 1380 3849 1428 te

2270 1449 2460 1518 carpit,
2485 1452 2625 1521 quod
2655 1453 2728 1508 sis
2757 1453 3074 1522 Christiana,
3107 1458 3249 1527 quod
3275 1460 3350 1515 sis
3377 1461 3546 1530 virgo,
3575 1476 3645 1517 ne
3671 1477 3842 1530 cures,

2269 1541 2409 1608 quod
2435 1540 2554 1597 ideo
2577 1543 2842 1600 dimiseris
2875 1556 3121 1612 matrem,
3150 1557 3209 1602 ut
3260 1549 3312 1603 iu
3350 1551 3676 1606 monasterio
3714 1552 3848 1608 inter

2268 1630 2498 1700 virgines
2522 1633 2726 1690 vivirres
2750 1653 2762 1688 :
2806 1638 2928 1692 talis
2952 1637 3210 1693 detractio
3239 1638 3352 1693 laus
3381 1651 3468 1694 tua
3491 1651 3596 1696 est.
3625 1641 3722 1698 UBI
3745 1657 3845 1698 nos

2268 1735 2495 1777 Lusium
2527 1724 2579 1778 in
2611 1727 2781 1794 puella
2808 1727 2919 1792 Dei,
2949 1728 3042 1782 sed
3065 1729 3257 1783 duritia
3279 1731 3532 1800 carpitur,
3559 1733 3844 1790 crudelitas

2267 1810 2366 1864 ista
2416 1812 2582 1880 pietas
2628 1824 2731 1870 est.
2781 1815 2933 1872 Illum
2983 1819 3127 1873 enim
3176 1820 3394 1897 prmfers
3423 1820 3525 1892 [aL
3561 1823 3843 1897 praeferas]

2266 1901 2458 1967 matri,
2523 1919 2681 1972 quem
2754 1907 3005 1976 prmferre
3064 1907 3267 1978 juberis
3333 1896 3390 1965 et
3453 1911 3646 1967 animm
3723 1896 3838 1969 tum.

2265 1994 2435 2062 Quem
2485 1998 2530 2051 si
2574 2007 2630 2053 et
2674 1999 2789 2069 ipsa
2834 2000 3160 2071 praetulerit,
3191 2012 3246 2057 ει
3271 2001 3431 2057 ﬁliam
3477 2012 3530 2060 te
3568 2005 3765 2061 sentiet
3791 2015 3842 2062 et

2263 2099 2504 2141 sororem
2514 2125 2525 2138 .

2335 2176 2389 2232 5.
2413 2177 2549 2244 Quid
2579 2178 2774 2248 igitur?
2811 2180 2990 2236 scelus
3018 2192 3102 2236 est
3130 2183 3310 2253 sancti
3337 2184 3436 2240 viri
3476 2184 3675 2241 habere
3714 2200 3839 2242 con-

2265 2265 2603 2322 tubernium?
2627 2269 2851 2326 Obtorto
2873 2272 3014 2326 collo
3033 2288 3118 2330 me
3143 2274 3194 2328 in
3216 2275 3303 2344 jus
3331 2275 3498 2329 trahis
3524 2286 3581 2330 ut
3608 2288 3697 2330 aut
3720 2292 3838 2348 pro-

2262 2354 2384 2410 bem
2422 2357 2561 2427 quod
2617 2360 2760 2425 uolo,
2812 2371 2906 2416 aut
2951 2362 3238 2417 multorum
3296 2364 3550 2419 invidiam
3595 2365 3832 2422 subeam.

2261 2444 2486 2502 Sanctus
2503 2447 2584 2502 vir
2604 2465 2870 2521 nunquam
2907 2467 2936 2505 a
2965 2463 3135 2509 matre
3163 2453 3322 2508 ﬁliam
3345 2455 3576 2526 sejuugit
3601 2473 3614 2509 :
3641 2468 3837 2512 utram-

2261 2550 2365 2605 que
2403 2537 2659 2607 suscipit,
2689 2549 2742 2594 et
2783 2550 3061 2612 utramque
3151 2545 3314 2615 786
3401 2555 3712 2601 veneratur.
3756 2547 3835 2603 Sit

2259 2625 2744 2694 quamlibetsaucta
2770 2629 2898 2694 ﬁlia,
2926 2644 3096 2686 mater
3121 2633 3276 2686 vidua
3302 2633 3554 2689 indicium
3576 2637 3832 2692 castitatis

2260 2723 2362 2767 est.
2385 2713 2441 2770 Si
2476 2731 2688 2772 comvus
2720 2728 2838 2775 tuus
2860 2731 2941 2774 est
2967 2721 3052 2776 ille
3083 2723 3261 2777 nescio
3282 2723 3422 2792 quis,
3446 2734 3671 2780 matrem
3695 2737 3832 2782 tuam

2260 2801 2488 2859 honoret
2511 2815 2566 2859 ut
2591 2822 2741 2862 suam
2781 2825 2795 2863 :
2845 2809 2891 2864 si
2916 2810 3127 2876 senior,
3169 2820 3220 2866 te
3248 2823 3304 2867 ut
3334 2811 3496 2866 ﬁliam
3525 2814 3744 2886 diligat,
3781 2825 3833 2872 et

2259 2895 2492 2963 parentis
2539 2897 2789 2966 subjiciat
2813 2898 3134 2969 disciplinae.
3166 2901 3280 2956 Non
3308 2905 3526 2972 expedit
3558 2908 3832 2964 amborum

2256 2983 2410 3039 fama:
2435 3027 2450 3052 ,
2484 2987 2604 3056 plus
2650 2999 2700 3043 te
2745 2989 2895 3044 illum
2925 3008 3108 3048 amare
3137 3009 3294 3062 quam
3326 3007 3549 3050 matrem
3580 3013 3594 3049 :
3624 3013 3689 3052 ne
3726 3015 3830 3057 non

2255 3075 2497 3131 videatur
2522 3077 2575 3135 in
2601 3087 2653 3133 te
2683 3079 2933 3138 aﬁ'ectum
2963 3083 3193 3154 eligere,
3221 3084 3316 3139 sed
3343 3095 3578 3142 mtatem.
3625 3089 3691 3143 Ει
3719 3089 3834 3146 hmc

2255 3165 2510 3232 dicerem,
2543 3172 2586 3224 si
2619 3171 2835 3226 fratrem
2868 3173 3182 3228 Monachum
3209 3192 3313 3230 non
3345 3177 3576 3234 haberes
3603 3220 3621 3246 ,
3661 3181 3704 3233 si
3731 3180 3828 3234 do-

2254 3259 2490 3314 mesticis
2518 3274 2730 3331 careres
2778 3264 3062 3332 prmsidiis.
3091 3264 3240 3321 Nunc
3266 3282 3431 3331 vero,
3466 3267 3602 3338 prob
3652 3269 3827 3332 dolor.

2255 3358 2396 3404 inter
2419 3361 2644 3407 matrem
2674 3363 2834 3423 atque
2863 3371 3196 3426 germanum,
3237 3367 3291 3412 et
3335 3370 3561 3419 matrem
3593 3362 3825 3427 viduam,

2252 3436 2580 3511 fratremque
2625 3443 2968 3513 Monachum,
3001 3462 3097 3501 cur
3151 3462 3210 3502 se
3258 3449 3465 3504 alienus
3512 3451 3828 3507 interserit?

2252 3528 2456 3584 Bonum
2485 3533 2696 3602 quidem
2720 3545 2819 3598 est,
2868 3545 2926 3590 ut
2969 3546 3020 3594 te
3063 3545 3117 3591 et
3147 3537 3309 3593 ﬁliam
3350 3543 3563 3595 noveris
3593 3555 3647 3597 et
3675 3557 3826 3597 soro-

2251 3633 2386 3679 mm.
2416 3621 2471 3677 Si
2492 3633 2670 3678 autem
2701 3636 2981 3695 utrumque
3011 3641 3114 3680 non
3146 3638 3295 3696 potes
3319 3670 3334 3693 ,
3381 3639 3440 3688 et
3471 3641 3644 3686 mater
3677 3632 3826 3703 quasi

2250 3709 2384 3767 dura
2413 3713 2699 3783 respuitur,
2720 3715 2908 3770 saltem
2941 3715 3105 3771 frater
3130 3717 3358 3786 placeat.
3391 3719 3445 3774 Si
3478 3723 3642 3776 frater
3667 3737 3822 3791 aspe-

2249 3799 2362 3859 lior
2390 3811 2472 3857 est
2499 3842 2514 3867 ,
2548 3803 2759 3858 mollior
2785 3805 2854 3859 sit
2879 3805 2966 3859 illa
3013 3821 3132 3876 qua:
3188 3809 3391 3877 genuit.
3443 3809 3582 3876 Quid
3627 3812 3825 3881 palles?

2249 3891 2378 3967 quid
2404 3895 2636 3948 mstuas?
2663 3895 2789 3962 quid
2838 3895 3044 3950 vultum
3065 3896 3260 3953 rubore
3287 3898 3552 3955 sull'undis
3576 3941 3592 3966 ,
3637 3910 3693 3957 et
3722 3910 3825 3958 tre-

2249 3982 2521 4037 mentibus
2566 3983 2719 4039 labiis
2768 3984 3156 4059 impatientiam
3191 3991 3421 4058 pectoris
3468 3991 3822 4047 contestarisi

2247 4071 2365 4127 Non
2402 4085 2617 4142 superat
2644 4090 2882 4131 amorem
2911 4076 3100 4132 matris
3148 4085 3203 4133 et
3244 4076 3426 4137 fratris
3449 4120 3465 4148 ,
3518 4079 3623 4136 nisi
3659 4082 3823 4138 solius

2249 4163 2429 4224 uxoris
2456 4163 2705 4223 affectus.

2320 4249 2373 4305 6.
2417 4252 2589 4306 Audio
2617 4261 2875 4323 przeterea
2921 4263 2972 4310 te
3014 4255 3320 4313 suburbana
3365 4273 3488 4313 rura
3515 4299 3531 4325 ,
3578 4261 3819 4317 villarum

2246 4340 2585 4396 amoenitates
2613 4357 2732 4397 cum
2763 4343 3015 4401 afﬁnibus
3044 4356 3203 4416 atque
3229 4348 3470 4419 cognatis
3493 4389 3510 4415 ,
3538 4358 3594 4404 et
3643 4351 3818 4405 istius-

2246 4429 2390 4482 modi
2420 4431 2632 4498 generis
2659 4431 2968 4488 hominibus
2995 4435 3301 4491 circumire.
3332 4436 3440 4492 Nec
3469 4438 3652 4494 dubito
3696 4442 3818 4510 quin

2246 4517 2330 4576 vel
2356 4521 2674 4574 consobrina
2700 4563 2715 4588 ,
2748 4523 2833 4577 vel
2862 4537 3018 4578 soror
3059 4525 3162 4591 sit,
3215 4525 3267 4582 in
3299 4542 3524 4595 quarum
3575 4531 3824 4588 solatium

2248 4609 2371 4664 novi
2402 4611 2615 4678 generis
2640 4611 2856 4670 ducaris
2883 4616 3109 4670 assecla.
3143 4617 3295 4670 Absit
3323 4619 3540 4688 quippe,
3562 4628 3818 4689 utquam-

2247 4699 2330 4752 vis
2355 4699 2588 4776 proximi
2617 4703 2724 4755 sint
2753 4711 2807 4756 et
2829 4705 3060 4773 cognati.
3090 4706 3325 4760 virorum
3378 4719 3429 4762 te
3467 4712 3708 4780 suspicer
3734 4727 3820 4766 ca-

2246 4773 2398 4859 ptare
2435 4791 2719 4847 consortia.
2765 4793 3001 4848 Obsecro
3025 4809 3153 4871 ergo
3176 4805 3245 4860 te,
3273 4795 3446 4868 virgo,
3496 4773 3709 4856 ut'mihi
3739 4817 3819 4860 re-

2243 4877 2511 4946 spondeas
2541 4897 2554 4933 :
2586 4880 2708 4936 Sola
2737 4883 2887 4936 vadis
2919 4884 2971 4937 in
2999 4887 3248 4940 comitatu
3281 4890 3732 4960 propinquorum,
3753 4909 3819 4950 an

2244 4979 2366 5018 cum
2417 4969 2620 5023 amasio
2661 4971 2787 5024 tuo?
2845 4971 3097 5043 Quamvis
3122 4974 3203 5030 sis.
3237 4976 3545 5048 impudens,
3595 4985 3818 5039 saecula-

2245 5057 2382 5110 rium
2413 5061 2581 5114 oculis
2607 5077 2729 5116 eum
2765 5063 3009 5134 ingerere
3035 5083 3139 5121 non
3174 5067 3418 5125 audebis.
3451 5071 3509 5126 Si
3540 5075 3683 5128 enim
3720 5073 3819 5129 hoc

2243 5145 2473 5214 feceris,
2529 5159 2583 5204 et
2628 5160 2678 5206 te
2718 5162 2771 5207 et
2825 5154 2970 5208 illum
3003 5157 3203 5212 familia
3243 5160 3495 5216 universa
3539 5166 3816 5219 cantabit:

2241 5253 2341 5295 vos
2363 5248 2678 5294 cunctorum
2700 5241 2847 5313 digiti
2871 5244 3196 5303 denatabuut
3225 5265 3240 5302 :
3270 5251 3388 5319 ipsa
3403 5269 3618 5324 quoque
3645 5271 3816 5326 soror,

2239 5341 2333 5384 aut
2363 5329 2556 5397 afﬁnis,
2587 5334 2698 5389 sive
2722 5347 3105 5410 cognata,qu:e
3126 5343 3178 5396 in
3193 5343 3553 5400 adulationem
3583 5350 3818 5414 tui,san-

2236 5431 2380 5477 ctum
2397 5430 2450 5475 et
2467 5420 2540 5494 (b)
2561 5423 2804 5482 Nonnum
2821 5443 2999 5484 coram
3018 5441 3070 5487 te
3095 5443 3304 5500 vocant,
3321 5450 3442 5490 cum
3469 5451 3529 5493 se
3546 5440 3818 5508 paululum

2403 5594 2619 5674 Xeteres
2647 5599 2788 5674 editi.
2807 5610 3383 5674 Sanctumnonnunquam
3422 5623 3588 5661 coram
3627 5617 3690 5674 te,
3720 5620 3816 5663 etc.

2230 5655 2379 5732 quam
2402 5655 2664 5732 lectionet‘u
2687 5655 2924 5732 Victorius
2947 5655 3132 5732 t_t_'obat,
3162 5655 3280 5732 vera
3303 5655 3818 5732 desiﬁ'sgéériTt-hé'a'd

2230 5721 2503 5798 variantes;
2515 5721 2739 5798 rejects.
2762 5724 2914 5796 Porro
2941 5721 3181 5798 ﬁouuos‘
3194 5721 3336 5780 olitn'
3353 5731 3506 5798 fuisse
3551 5721 3820 5798 appellatos

2238 5750 2478 5788 νξιιιωυῒνο
2516 5750 2739 5794 ιυδῠυιαο.
2762 5750 2914 5796 uarix}
2941 5750 3152 5798 .uuuuus
3194 5750 3309 5780 Ulllu
3354 5750 3506 5802 tuisse
3551 5750 3815 5846 amantes

2230 5789 2531 5888 ζέξυέιιόε,
2570 5788 2621 5832 ει
2658 5796 2742 5852 qui
2781 5795 3107 5852 virginitatem
3143 5789 3250 5841 Deo
3282 5801 3554 5857 vovissent,
3594 5812 3603 5822 ·
3646 5802 3649 5804 ’
3696 5811 3710 5848 ι
3741 5798 3815 5850 dt-

2232 5852 2260 5887 Χ
2267 5849 2409 5887 imus.
