4088 6336
253 525 564 586 avertennt,
587 518 993 588 portentuosn'm
1028 497 1285 567 ridebunt
1311 505 1580 562 maritum.
1611 503 1704 560 Sin
1733 519 1832 557 au-

254 621 363 669 tem
392 610 507 665 sola
558 609 685 664 ieris
713 605 888 680 (quod
931 611 984 659 et
1027 601 1200 672 magis
1228 596 1514 669 existimo)
1542 595 1722 665 utique
1753 593 1837 648 in-

256 711 340 759 ter
363 716 550 756 servos
574 699 970 759 adolescentes,
1003 695 1144 749 inter
1173 692 1445 747 maritatas
1478 689 1701 744 feminas
1749 694 1832 740 at-

261 807 367 864 que
397 799 677 861 nupturas,
703 788 841 842 inter
883 786 1110 840 lascivas
1135 783 1368 853 puellas,
1398 790 1453 836 et
1478 781 1718 834 comatos
1762 771 1835 847 ((ι)

257 881 580 951 liniatosque
606 881 846 948 juvenes,
882 878 1149 930 furvarum
1177 873 1406 927 vestium
1427 871 1600 937 puella
1629 867 1839 939 gradie-

257 975 354 1030 ris.
379 974 533 1028 Dabit
557 971 653 1026 tibi
682 970 989 1024 barbatulus
1019 969 1246 1034 quilibet
1274 980 1515 1030 manum,
1567 972 1840 1017 suslenta-

259 1066 335 1121 bit
359 1065 589 1128 lassam;
619 1071 674 1117 et
701 1062 897 1130 pressis
921 1054 1121 1129 digitis,
1152 1068 1244 1111 aut
1271 1056 1560 1110 tentabitur
1583 1093 1598 1118 ,
1675 1052 1836 1123 787

259 1165 349 1210 aut
388 1153 633 1209 tentabit.
677 1151 791 1206 Erit
830 1150 922 1206 tibi
955 1150 1092 1204 inter
1117 1149 1260 1202 viros
1306 1152 1683 1213 matronasque
1711 1157 1842 1196 eun.

261 1245 462 1300 vivium
521 1261 536 1298 :
591 1241 860 1312 spectabis
906 1233 1079 1295 aliena
1127 1239 1204 1311 (Ι)
1239 1239 1443 1303 oscula,
1487 1244 1838 1307 przegustatos

260 1334 442 1399 cibos;
473 1341 528 1388 et
553 1347 660 1386 non
695 1332 896 1400 absque
943 1330 1198 1384 seandalo
1227 1338 1342 1394 tuo,
1395 1329 1446 1382 in
1495 1327 1610 1381 aliis
1641 1330 1840 1381 sericas

257 1407 469 1487 vestes,
499 1431 820 1489 auratasque
847 1419 1148 1473 miraberis.
1183 1417 1238 1472 In
1271 1419 1389 1486 ipso
1420 1431 1631 1487 quoque
1659 1413 1842 1470 convi-

259 1512 347 1567 vio
375 1521 436 1567 ut
478 1511 714 1566 vescaris
753 1508 1041 1576 carnibus,
1087 1509 1237 1578 quasi
1284 1500 1447 1561 invita
1501 1505 1728 1574 cogeris.
1770 1495 1841 1559 Ut

259 1601 442 1656 viuum
474 1601 645 1668 bibas,
681 1600 773 1655 Dei
801 1599 1101 1653 laudabitur
1120 1606 1388 1653 creatura.
1417 1591 1488 1652 Ut
1537 1597 1680 1651 laves
1726 1594 1840 1648 bal-

258 1692 398 1756 neis,
426 1689 672 1745 sordibus
700 1687 1013 1744 detrahetur
1045 1702 1058 1740 ;
1087 1697 1141 1743 et
1167 1702 1356 1741 omnes
1379 1697 1458 1749 te,
1489 1701 1609 1740 cum
1639 1685 1838 1754 aliquid

260 1795 468 1845 eorum,
491 1795 611 1851 quae
633 1779 880 1842 suadent,
905 1777 980 1851 (lt)
999 1778 1044 1832 si
1061 1786 1357 1833 retrectaus
1373 1772 1586 1842 feceris,
1624 1791 1836 1844 puram,

259 1869 558 1940 simplicem
581 1912 597 1936 ,
624 1870 926 1936 dominam,
958 1879 1012 1923 et
1044 1883 1168 1923 vere
1198 1862 1480 1938 ingenuam
1535 1867 1842 1920 conclama-

259 1959 413 2016 bunt.
449 1961 764 2016 Personabit
813 1960 1028 2014 interim
1056 1959 1248 2028 aliquis
1299 1966 1546 2011 cantator
1575 1957 1641 2010 ad
1693 1970 1843 2008 tuen-

260 2069 376 2108 sam
400 2095 415 2116 ,
447 2061 502 2107 et
529 2055 667 2108 inter
691 2053 923 2122 psalmos
951 2048 1095 2105 dulci
1145 2049 1510 2103 modulamine
1539 2041 1839 2114 currentes,

260 2143 515 2213 quoniam
545 2144 747 2199 alienas
777 2157 882 2196 non
909 2141 1127 2195 audebit
1156 2152 1379 2196 uxores.
1412 2145 1484 2198 te,
1511 2152 1629 2204 qua:
1665 2145 1846 2189 custo-

261 2231 384 2287 dem
411 2247 514 2287 non
544 2232 730 2294 babes.
760 2231 958 2299 saepius
979 2227 1322 2298 respecmbit.
1377 2225 1650 2294 Loquetur
1693 2226 1840 2280 nuti-

261 2321 384 2386 bus,
415 2332 470 2377 et
489 2323 742 2393 quidquid
765 2322 952 2375 metuit
977 2319 1176 2384 dicere,
1203 2317 1520 2387 significabit
1545 2315 1843 2372 affectibus.

263 2409 532 2466 lnter.has
557 2421 612 2465 et
640 2421 810 2464 tantas
837 2409 1116 2464 illecebras
1158 2407 1514 2476 voluptatum,
1546 2410 1706 2464 etiam
1735 2408 1842 2463 fer-

261 2519 387 2560 reas
415 2513 619 2558 mentes
643 2501 809 2557 libido
837 2501 1020 2568 domat
1049 2519 1061 2552 :
1097 2516 1216 2569 quae
1256 2499 1514 2568 majorem
1547 2500 1598 2554 in
1638 2500 1847 2568 virgini-

263 2593 369 2648 bus
393 2592 590 2662 patitur
611 2590 802 2646 famem
829 2629 846 2656 ,
878 2590 1003 2644 dum
1049 2590 1256 2644 dulcius
1286 2598 1436 2659 putat
1491 2605 1651 2645 omne
1699 2589 1841 2659 quod

264 2683 454 2737 nescit.
482 2681 710 2736 Narrant
732 2681 1007 2750 gentilium
1038 2680 1250 2745 fabulte,
1279 2681 1526 2735 cantibus
1547 2682 1844 2736 sirenarum

264 2787 457 2832 nautas
487 2777 592 2831 isse
623 2777 674 2829 in
712 2790 838 2829 saxa
863 2775 1205 2844 praecipites:
1237 2781 1294 2828 et
1341 2772 1408 2828 ad
1434 2771 1632 2842 Orphei
1675 2773 1846 2828 citha-

265 2882 406 2932 ram,
435 2867 682 2932 _arbores
732 2865 1036 2934 bestiasque
1057 2905 1073 2930 ,
1120 2879 1184 2918 ac
1221 2863 1434 2918 silicum
1465 2863 1595 2918 dura
1622 2865 1844 2918 mollita.

267 2957 498 3012 Difficile
530 2957 672 3010 inter
701 2957 885 3025 epulas
925 2965 1173 3009 servatur
1197 2953 1472 3025 pudicitia.
1501 2953 1698 3010 Nitens
1711 2956 1848 3010 cutis

264 3048 540 3104 sordidum
567 3048 801 3102 ostendit
826 3048 1086 3100 animum.

338 3137 392 3194 7.
411 3131 660 3208 Legimus
691 3139 740 3192 itt
772 3132 974 3192 scholis
1003 3136 1174 3206 pueri,
1205 3144 1259 3191 et
1283 3133 1541 3206 spirantia
1573 3136 1625 3190 in
1653 3137 1848 3207 plateis

267 3245 373 3283 tera
396 3230 790 3299 perspeximus,
817 3228 1047 3298 aliquem
1077 3227 1292 3281 ossibus
1321 3227 1406 3280 vix
1434 3227 1750 3293 haerentem,
1783 3229 1847 3282 il-

267 3314 428 3375 licitis
472 3321 667 3374 arsisse
711 3319 1003 3382 amoribus,
1032 3327 1084 3372 et
1113 3325 1237 3372 ante
1265 3316 1369 3371 vita
1396 3318 1656 3382 caruisse,
1688 3334 1847 3387 quam

269 3421 440 3482 peste.
475 3413 612 3480 Quid
664 3422 718 3467 tu
745 3413 908 3467 facies
939 3411 1116 3482 puella
1162 3411 1275 3464 sani
1301 3411 1566 3478 corporis,
1597 3411 1845 3478 delicata,

269 3504 500 3573 pinguis,
526 3504 744 3568 rubens,
771 3515 1004 3558 aestuans
1032 3503 1169 3555 inter
1188 3515 1411 3564 carnes,
1446 3501 1586 3554 inter
1607 3502 1747 3567 vina,
1795 3511 1850 3556 et

268 3595 508 3658 balneas,
530 3594 676 3663 juxta
707 3595 925 3647 maritos
959 3591 1071 3664 [aL
1097 3588 1520 3660 maritas],juxta
1543 3591 1852 3645 adolescen-

269 3686 408 3740 tulos
439 3684 542 3756 [a|.
565 3682 1031 3754 adolescentulus]?
1056 3684 1185 3749 Qum
1213 3691 1266 3735 et
1284 3682 1328 3734 si
1357 3691 1535 3750 rogata
1572 3692 1676 3734 n‘on
1710 3682 1851 3736 fece-

267 3780 366 3845 ris,
391 3787 566 3832 tanten
595 3777 666 3849 (ο)
695 3778 763 3832 de
788 3777 957 3832 forma
985 3782 1140 3843 putes
1181 3773 1542 3827 testimonium
1562 3812 1577 3834 ,
1625 3773 1666 3825 si
1697 3786 1852 3840 roge-

267 3872 364 3924 ris.
398 3870 704 3924 Libidinosa
724 3884 874 3922 mens
899 3866 1170 3920 ardentius
1195 3863 1475 3916 inhonesta
1496 3863 1847 3932 persequitur;

270 3969 325 4015 et
368 3961 508 4030 quod
541 3975 645 4013 non
702 3961 848 4025 licet,
885 3957 1093 4013 dulcius
1141 3953 1462 4022 suspicatur.
1525 3951 1696 4006 Vesus
1737 3953 1852 4020 ipsa

273 4054 396 4107 vilis
426 4063 480 4106 et
499 4053 667 4123 pulla,
697 4051 860 4106 animi
885 4049 1115 4105 tacentis
1142 4046 1394 4099 indicium
1425 4052 1534 4109 est;
1585 4044 1627 4097 si
1665 4057 1850 4111 rugam

272 4161 381 4202 non
420 4144 647 4208 habeat;
678 4145 722 4198 si
770 4158 867 4213 per
897 4135 1231 4209 terram,(d)
1283 4144 1341 4191 ut
1390 4135 1551 4189 altior
1599 4133 1850 4197 videaris,

274 4237 544 4300 trahatur;
575 4236 618 4289 si
646 4233 714 4290 de
735 4232 998 4288 industria
1027 4231 1226 4284 dissuta
1249 4229 1318 4283 sit
1342 4226 1539 4291 tunica,
1570 4234 1625 4279 ut
1655 4223 1853 4294 aliquid

275 4327 419 4382 intus
445 4333 720 4396 appareat,
747 4324 1060 4394 Operiatque
1083 4319 1222 4389 quod
1255 4317 1452 4373 ftedum
1479 4325 1562 4370 est
1583 4357 1596 4380 ,
1627 4324 1682 4371 et
1722 4330 1851 4386 ape-

275 4419 378 4474 riat
428 4418 572 4489 quod
602 4416 918 4478 formosum.
951 4413 1028 4486 (2)
1069 4412 1248 4481 Caliga
1279 4423 1489 4480 quoque
1526 4407 1854 4461 ambulantis

276 4511 472 4582 nigella
499 4525 562 4565 ac
592 4511 766 4564 nitens
790 4507 1021 4563 stridore
1042 4505 1106 4559 ad
1126 4519 1183 4558 se
1201 4503 1428 4572 juvenes
1443 4511 1617 4555 vocat.
1640 4497 1856 4566 Pupilla:

276 4602 513 4659 fasciolis
532 4601 978 4668 comprimuntur,
1001 4607 1054 4651 et
1070 4596 1323 4664 crispanti
1349 4593 1561 4662 cingulo
1581 4591 1858 4659 angustius

277 4701 467 4762 pectus
493 4698 748 4742 arctatur.
789 4685 999 4755 Capilli,
1023 4685 1108 4738 vel
1141 4685 1190 4736 in
1226 4684 1478 4746 frontem,
1513 4681 1595 4733 vel
1621 4681 1672 4733 in
1700 4695 1858 4734 aures

279 4780 540 4836 defluunt.
618 4778 782 4848 788
854 4775 1132 4830 Palliolum
1167 4773 1432 4826 interdum
1459 4771 1618 4833 cadit,
1648 4779 1704 4822 ut
1732 4784 1863 4822 can-

349 4914 413 4981 ta)
451 4913 635 4981 Εξοιιεί
660 4909 892 4981 lineales
929 4906 1008 4956 νθ¹
1026 4904 1321 4981 festivae}
1346 4902 1551 4981 {Wilf-
1582 4899 1861 4981 ἓῗῖβυῖἓὲτέῖ

281 4961 412 5028 tura
434 4961 644 5037 scriptis,
669 4979 721 5020 ιιι
745 4961 987 5031 intelligas
1024 4967 1209 5016 fucatos
1240 4963 1321 5014 vel
1356 4965 1546 5012 liniatos
1580 4961 1706 5019 fuco,
1740 4973 1866 5022 quos

284 5040 398 5089 alibi
416 5035 766 5087 calamistratos
789 5039 942 5080 vocat.
1003 5091 1012 5094 _
1165 5089 1176 5094 Α
1461 5085 1472 5094 _
1653 5083 1680 5094 η
1705 5083 1714 5092 ,

351 5081 650 5166 ῖδῇἶξέίίίίε
667 5093 853 5156 legeris
875 5091 1013 5155 quasi
1035 5103 1120 5152 ιντο
1135 5089 1193 5149 si,
1210 5101 1319 5152 qua:
1337 5085 1503 5138 vocula
1520 5081 1735 5132 nonnihil
1753 5095 1866 5132 sen-

284 5161 598 5211 sum'turhat.

352 5204 623 5286 (2)15th
647 5215 1058 5286 verosimill'trnum
1090 5213 1246 5286 nobis
1259 5219 1336 5261 est
1364 5214 1428 5286 ita
1459 5204 1867 5286 scripsissenllig-

286 5264 840 5347 ronvinumftfe‘fortna
861 5264 993 5339 putes
1016 5273 1350 5331 testimonium,
1375 5274 1420 5321 id
1447 5278 1525 5347 est
1636 5264 1870 5347 interpel:

288 5331 470 5395 latione
512 5331 736 5395 coniicias
772 5331 1026 5387 formosam
1055 5347 1166 5383 esse
1206 5344 1256 5384 te
1295 5348 1351 5382 ae
1389 5331 1634 5395 reputari;
1683 5342 1779 5395 non
1816 5336 1871 5378 ut

287 5391 474 5456 lit-astri.
494 5391 550 5453 ac
573 5391 879 5452 blartiauzeus
902 5399 1047 5446 habet
1067 5409 1162 5460 uno
1181 5397 1348 5453 verbo,
1374 5391 1605 5456 defbrmc,
1625 5391 1872 5460 Quodvul-

288 5452 577 5518 uitio-seum
600 5471 754 5519 caret,
789 5469 838 5510 et
879 5469 1043 5509 contra
1073 5458 1321 5516 scriptoris
1339 5452 1420 5505 est
1438 5452 1683 5503 'mentem.
1721 5452 1874 5502 Nobis

289 5528 445 5579 facem
470 5526 682 5590 praetulit
704 5524 961 5576 Victorius,
983 5519 1280 5590 quitegcrat
1305 5520 1489 5590 fort‘tfe,
1554 5578 1563 5586 .

356 5578 435 5654 (ti)
470 5578 756 5654 Perperam,
793 5578 1199 5654 etfrettuentibus
1237 5578 1350 5626 Mss.
1388 5578 1628 5628 Victorius
1649 5588 1759 5625 cum
1784 5587 1873 5624 ne-

294 5643 435 5715 gandi
460 5643 708 5715 particula,
734 5660 826 5715 non
852 5643 1088 5714 trahatur.

357 5716 428 5770 fl)
460 5703 646 5770 Corrigi
674 5703 773 5757 vult
793 5708 997 5759 Gravius
1010 5703 1246 5770 _P0€"‘fl-__
1439 5767 1447 5770 _
1615 5759 1626 5770 .
1690 5760 1701 5770 .

362 5763 425 5840 βε
465 5763 728 5840 Addi‘heic
763 5773 810 5819 in
843 5767 1064 5840 vetustis
1082 5763 1365 5840 etxlicibusa
1387 5763 1666 5840 181-110!!qu
1672 5763 1875 5840 Iurene:

297 5820 788 5890 ωὑὲἲιιῖἶᾷᾑὸάήιηιυη
812 5828 1064 5880 mutabunt
1085 5833 1331 5888 stuprum;
1356 5830 1564 5874 “35mm
1589 5820 1807 5870 Gm'ius'

1611 375 1938 448 l-zrtsrout
1976 373 2178 444 exvit.

1939 499 2092 555 didos
2132 497 2296 554 nudet
2325 498 2596 566 humeros,
2625 510 2678 557 et
2705 494 2854 572 quasi
2884 493 3051 561 videri
3090 503 3342 573 noluerit,
3372 505 3519 561 celat

1939 588 2149 654 festina,
2182 589 2322 660 quod
2354 590 2538 645 volens
2559 589 2851 648 detexerat.
2885 596 2948 648 Et
2977 595 3194 664 quando
3224 596 3276 650 in
3306 595 3518 665 publico

1940 677 2090 746 quasi
2137 694 2232 747 per
2269 680 2644 734 verecundiam
2704 684 2878 749 operit
2927 684 3150 751 facient,
3183 686 3518 755 lupanarium

1942 764 2043 838 [ιιι.
2073 767 2340 841 (aput-um]
2359 780 2473 825 arte
2514 771 2564 825 id
2593 771 2765 825 solum
2801 775 3051 840 ostendit,
3078 777 3219 844 quod
3244 787 3518 834 ostensum

1941 859 2109 927 magis
2137 862 2346 929 placere
2372 872 2565 932 potest.

2013 948 2065 1003 8.
2108 946 2476 1019 llespuhdebis
2510 969 2524 1007 :
2557 943 2712 1008 Unde
2738 968 2822 1008 me
2849 950 3022 1008 nosti?
3043 966 3097 1010 et
3123 959 3391 1026 quomodo
3413 969 3520 1016 tam

1940 1040 2097 1110 longe
2144 1042 2368 1110 positus,
2414 1044 2582 1113 jactas
2621 1047 2674 1100 in
2702 1062 2787 1100 me
2812 1047 2994 1101 oeulos
3020 1051 3176 1103 tuos?
3200 1051 3400 1108 Fratris
3446 1056 3520 1108 tui

1942 1127 2044 1184 hoc
2083 1132 2214 1186 mihi
2255 1147 2607 1189 narraverunt
2634 1136 2906 1207 lacrymte,
2937 1147 2991 1192 et
3039 1140 3397 1197 intolerabiles
3426 1156 3523 1213 per

1942 1236 2214 1279 momenta
2238 1225 2524 1296 singultus.
2561 1231 2736 1297 Atque
2788 1232 2989 1284 utinam
3022 1227 3112 1286 ille
3137 1235 3389 1288 mentitus
3418 1239 3521 1300 sit,

1942 1323 1996 1370 et
2022 1315 2191 1384 magis
2234 1316 2426 1370 timens
2449 1320 2550 1371 hoc
2579 1327 2736 1388 quam
2765 1323 3249 1389 arguetts,dixcrit.
3267 1324 3369 1378 Sed
3393 1319 3523 1381 mihi

1941 1406 2101 1460 crede
2129 1423 2142 1458 :
2168 1420 2328 1461 nemo
2372 1409 2636 1462 mentiens
2665 1407 2857 1478 plorat.
2889 1409 3041 1465 Dolet
3087 1412 3188 1466 sibi
3243 1415 3523 1483 praelatum

1935 1494 2212 1565 jchnem,
2237 1513 2342 1551 non
2371 1499 2584 1568 quidem
2611 1505 2903 1568 comatum,
2939 1519 3041 1556 non
3078 1505 3304 1558 'vestium
3335 1508 3524 1561 set-ida-

1942 1601 2083 1652 rum,
2113 1586 2182 1657 (e)
2207 1587 2301 1641 sed
2331 1589 2625 1643 torosulum
2650 1595 2706 1645 et
2746 1592 2798 1644 in
2825 1591 3073 1647 sordibus
3103 1591 3388 1648 delicatum
3433 1597 3524 1666 qui

1943 1677 2062 1747 ipse
2087 1678 2355 1732 sacculum
2387 1679 2581 1748 signet,
2606 1683 2897 1736 textrinum
2933 1694 3128 1750 teneat,
3161 1701 3321 1754 pensa
3344 1681 3524 1742 distri-

1943 1762 2090 1831 buat,
2137 1777 2286 1837 regat
2315 1762 2606 1833 familiam,
2638 1781 2777 1824 emat
2809 1770 3064 1841 quidquid
3090 1773 3158 1826 de
3187 1775 3399 1843 publico
3427 1783 3523 1831 ne-

1943 1859 2232 1911 cessarium
2260 1868 2361 1912 est.
2390 1859 2733 1926 Dispensator
2754 1873 2809 1916 et
2835 1862 3177 1930 dominus,et
3195 1872 3526 1936 przeveniens

1943 1947 2118 2000 ofltcia
2149 1949 2508 2014 servulorum,
2537 1965 2694 2019 quem
2735 1967 2923 2007 omnes
2971 1956 3163 2010 rodant
3211 1957 3394 2013 famuli
3431 1979 3445 2013 :
3475 1972 3530 2016 et

1943 2039 2199 2109 quidquid
2227 2039 2443 2094 domina
2474 2057 2580 2095 non
2605 2041 2847 2110 dederit,
2897 2045 3043 2098 illum
3085 2048 3358 2104 clamitent
3403 2047 3528 2106 sub-

1947 2131 2191 2183 traxisse.
2211 2129 2502 2196 Querulum
2535 2133 2871 2187 servulorum
2894 2150 3062 2204 genus
3088 2147 3192 2202 est,
3222 2149 3274 2192 et
3302 2151 3529 2210 quanta-

1944 2231 2170 2288 cumque
2210 2219 2446 2286 dederis,
2497 2237 2712 2290 semper
2739 2223 2820 2278 eis
2849 2225 3023 2278 minus
3067 2234 3167 2279 est.
3218 2226 3333 2282 Non
3383 2232 3528 2286 enim

1945 2307 2290 2362 considerant
2319 2308 2386 2364 de
2401 2320 2620 2379 quanto.
2644 2312 2737 2366 sed
2761 2315 3016 2380 quantum
3044 2313 3232 2380 detur;
3264 2317 3530 2373 dolorema

1950 2409 2056 2468 qUe
2092 2414 2246 2453 suum
2279 2401 2431 2465 solis,
2459 2405 2600 2470 quod
2630 2407 2872 2470 possunt,
2898 2404 3374 2463 obtrectationibus
3403 2427 3530 2465 con-

1949 2491 2210 2543 solantur.
2244 2490 2338 2544 Ille
2366 2494 2680 2560 parasitum,
2705 2495 2804 2547 iste
2832 2493 3200 2562 itnpostorem,
3246 2496 3333 2552 hic
3363 2498 3531 2553 Ιιίιιτοδ

1947 2579 2203 2648 dipetam,
2219 2581 2354 2635 alius
2377 2598 2516 2636 novo
2537 2583 2774 2651 quolibet
2789 2583 3019 2653 appellat
3042 2587 3319 2642 vocabulo.
3353 2587 3530 2657 Ipsum

1944 2675 2148 2740 jactaut
2196 2673 2436 2727 assidere
2465 2674 2659 2727 lectulo
2684 2714 2699 2738 ,
2755 2676 3072 2729 obstetrices
3103 2676 3359 2733 adhibere
3412 2679 3531 2733 lan-

1947 2761 2153 2832 guenti,
2187 2773 2400 2831 portare
2444 2764 2718 2831 matulam,
2775 2766 3070 2821 calefacere
3120 2768 3302 2834 lintea,
3334 2771 3533 2839 plicare

1949 2849 2220 2908 fasciolas.
2252 2851 2484 2907 Facilius
2525 2856 2661 2908 mala
2689 2857 2916 2911 credunt
2943 2851 3218 2924 homines,
3265 2872 3319 2915 et
3359 2865 3534 2932 quod-

1950 2957 2177 3011 cumque
2205 2942 2349 2997 domi
2391 2943 2642 3014 fingitur,
2694 2957 2878 3000 mmor
2920 2948 2971 3001 itt
3001 2949 3272 3018 publicum
3313 2951 3390 3004 fit.
3422 2952 3533 3010 Nec

1950 3034 2183 3098 mireris,
2207 3035 2249 3087 si
2273 3031 2479 3089 aucillm
2502 3047 2554 3090 et
2577 3034 2776 3091 servuli
2822 3039 2890 3092 de
2910 3040 3059 3092 vobis
3084 3042 3183 3093 ista
3206 3043 3532 3112 contingant,

1951 3137 2072 3177 cum
2103 3135 2274 3180 mater
2300 3141 2512 3196 quoque
2533 3127 2759 3196 idipsum
2800 3139 3052 3199 queratur
3073 3141 3126 3184 et
3165 3130 3349 3186 frater.

2021 3218 2076 3273 9.
2118 3218 2227 3274 Fac
2255 3220 2415 3290 igitur
2441 3221 2581 3290 quod
2611 3237 2804 3275 moneo
2827 3263 2842 3285 ,
2893 3222 3032 3292 qutd
3067 3237 3256 3292 precor
3280 3265 3295 3291 ,
3329 3233 3384 3279 ut
3429 3218 3537 3296 pri-

1951 3325 2096 3364 mum
2138 3315 2292 3366 malli
2315 3354 2332 3378 ,
2386 3313 2579 3367 dehinc
2602 3355 2617 3379 ,
2647 3315 2691 3367 si
2726 3314 2776 3367 id
2808 3313 2921 3368 ﬁeri
2978 3330 3080 3368 non
3113 3325 3308 3384 potest,
3335 3318 3528 3373 saltent

1952 3401 2101 3456 fratri
2128 3404 2514 3458 reconcilieris.
2542 3404 2648 3458 Aut
2683 3405 2726 3458 si
2760 3405 2857 3458 ista
2911 3417 3016 3458 tam
3043 3422 3166 3460 cara
3195 3409 3407 3461 nomina
3439 3411 3537 3463 ho-

1951 3495 2145 3549 stiliter
2173 3495 2457 3549 detestaris
2487 3495 2750 3559 dividere,
2779 3496 2846 3548 ab
2875 3512 2962 3560 eo,
3006 3513 3163 3566 quem
3193 3501 3295 3552 luis
3339 3492 3536 3556 diceris

1953 3586 2273 3653 praetulisse.
2299 3578 2355 3639 Si
2387 3595 2564 3640 autem
2587 3598 2637 3639 et
2671 3587 2771 3639 hoc
2800 3602 2904 3638 non
2930 3599 3080 3653 potes
3110 3587 3180 3656 (Ι)
3211 3593 3538 3658 (reverteris

1953 3676 2096 3728 enim
2123 3675 2188 3728 ad
2210 3685 2349 3739 tuos,
2377 3676 2422 3728 si
2455 3667 2603 3727 illum
2635 3675 2804 3742 possis
2836 3675 3123 3746 deserere)
3153 3679 3233 3729 vel
3260 3677 3538 3734 honestius

1953 3763 2126 3817 Sodali
2179 3774 2268 3817 tuo
2300 3775 2470 3818 utere.
2500 3764 2825 3833 Separentur
2854 3765 3043 3816 dotnns
3074 3776 3262 3818 vestr-.e
3282 3806 3298 3831 ,
3330 3768 3538 3821 divida-

1954 3861 2144 3923 turque
2167 3855 2492 3916 convivium,
2513 3869 2579 3908 ne
2609 3855 2853 3908 maledici
2930 3856 3092 3926 789
3167 3858 3412 3912 homines
3434 3860 3536 3913 sub

1955 3963 2062 4002 uno
2092 3949 2288 4002 tectulo
2307 3963 2412 4007 ,vos
2430 3959 2727 4011 manentes,
2751 3949 2998 4002 lcetnlutn
3022 3965 3232 4018 quoque
3249 3952 3538 4005 criminen-

1959 4047 2044 4091 tur
2067 4038 2264 4092 habere
2286 4053 2644 4092 communem.
2672 4038 2830 4092 Potes
2862 4047 2916 4092 et
2939 4038 3006 4091 ad
3040 4041 3392 4094 necessitates
3422 4051 3538 4093 tuas

1955 4129 2111 4198 quale
2155 4127 2367 4182 voluisti
2400 4127 2597 4182 habere
2627 4127 2920 4194 solatium,
2961 4137 3016 4182 et
3039 4128 3214 4198 aliqua
3269 4143 3336 4184 ex
3391 4141 3542 4198 parte

1957 4219 2162 4289 publica
2192 4233 2374 4272 carere
2398 4217 2636 4271 infamia.
2685 4218 2998 4287 Quanquam
3031 4217 3265 4272 cavenda
3308 4220 3380 4273 sit
3427 4236 3542 4272 nta-

1957 4310 2099 4376 cula,
2127 4324 2244 4379 quze
2269 4309 2415 4362 nttllo
2447 4310 2588 4362 nitro
2609 4308 2902 4362 secundum
2923 4301 3234 4374 Jeremiam,
3267 4309 3412 4362 nulla
3440 4301 3580 4377 ξιιμ,

1960 4399 2142 4454 louunt
2174 4399 2335 4454 herba
2371 4401 2474 4454 elui
2500 4397 2602 4471 [aL
2631 4399 2790 4471 dilui]
2817 4409 3014 4470 potest.
3062 4401 3286 4466 Quando
3336 4402 3413 4453 vis
3436 4440 3450 4462 ,
3485 4411 3542 4452 ttt

1961 4499 2014 4546 te
2042 4491 2289 4546 videatet
2314 4492 2529 4555 invisat,
2561 4489 2757 4543 adhibe
2788 4489 3042 4552 arbitros,
3067 4495 3290 4552 amicos,
3320 4490 3544 4544 libertos

1962 4583 2068 4656 [ιιι.
2087 4584 2266 4637 liberos
2286 4582 2306 4655 ]
2330 4624 2344 4648 ,
2371 4583 2635 4636 servulos.
2659 4581 2802 4634 Bona
2831 4581 3158 4632 conscientia
3184 4580 3380 4633 nullius
3410 4593 3543 4634 ocu-

1963 4675 2044 4728 los
2086 4673 2234 4744 fugit.
2270 4673 2457 4734 Intret,
2500 4669 2834 4737 intrepidus,
2890 4683 3113 4721 securus
3149 4679 3322 4723 exeat.
3379 4669 3548 4724 Taciti

1965 4764 2128 4826 oculi,
2160 4773 2214 4817 et
2234 4777 2412 4817 sermo
2440 4761 2627 4822 silens,
2660 4769 2713 4814 et
2743 4759 2902 4812 totius
2933 4760 3172 4828 Corporis
3204 4759 3416 4814 habitus
3439 4761 3546 4826 vel,

1968 4856 2374 4925 trepidationem
2409 4852 2697 4919 interdum,
2752 4852 2833 4907 vel
2865 4854 3205 4907 securitatem
3238 4854 3545 4924 loquuntur.

1967 4948 2132 5017 Aperi
2161 4960 2342 5016 qua-so
2372 4959 2529 4998 aures
2562 4954 2700 5006 tuas,
2734 4955 2786 4998 et
2815 4946 3101 4998 clamorem
3131 4946 3290 5000 totius
3318 4947 3552 5002 civitatis

1969 5039 2185 5096 exaudi.
2214 5039 2328 5094 Jam
2364 5037 2666 5106 perdidistis
2697 5047 2868 5091 vestra
2901 5038 3175 5104 vocabula,
3197 5047 3251 5092 et
3279 5051 3461 5092 mutuo
3486 5055 3550 5093 ex

1971 5132 2125 5187 vobis
2151 5131 2468 5200 cognomina
2491 5122 2801 5200 suzcepistis
2826 5148 2838 5182 :
2873 5140 2925 5183 tu
2955 5125 3094 5184 illius
3117 5131 3333 5194 diceris,
3359 5141 3414 5186 et
3459 5131 3549 5186 ille

1977 5234 2116 5280 tuus.
2151 5224 2276 5280 llatc
2302 5233 2473 5277 mater
2493 5220 2639 5276 audit
2672 5234 2723 5276 et
2745 5223 2914 5277 frater
2949 5239 2961 5277 :
2998 5225 3271 5292 paratique
3299 5231 3444 5289 sunt,
3501 5233 3554 5278 et

2039 5382 2110 5446 (e)
2144 5382 2447 5432 Ambrosiam
2483 5378 2590 5446 cod.
2634 5379 2885 5446 trosutrtm,
2927 5377 3006 5426 alii
3048 5382 3213 5446 autem
3244 5375 3358 5446 Mss.
3400 5381 3553 5446 atque

1975 5437 2102 5496 editi
2117 5446 2410 5495 vetustiores
2429 5442 2658 5498 randum,
2683 5443 2858 5504 eodem
2873 5437 3048 5504 sensu.
3082 5439 3204 5504 Sunt
3231 5441 3346 5484 vero
3377 5437 3554 5504 quiut

1975 5508 2068 5556 sibi
2095 5520 2182 5569 per
2204 5506 2364 5555 omnia
2389 5511 2581 5569 constet
2600 5497 2790 5569 ισόιιφλον,
2817 5499 3080 5569 legendum
3106 5497 3260 5569 velint
3281 5509 3374 5544 non
3387 5497 3556 5546 vatim

1975 5559 2251 5625 setic'tuwn,
2278 5580 2364 5628 pro
2385 5559 2904 5628 vestiuutsericarnm';
2929 5562 3072 5628 nimis
3087 5559 3314 5628 delicate.
3468 5617 3481 5628 _
3545 5620 3556 5628 _
3637 5573 3642 5578 α

2039 5617 2107 5694 (Ῑ)
2140 5617 2370 5694 γιιὶἓιίιιιρ
2404 5636 2549 5694 antea
2589 5625 2744 5694 locum
2786 5626 2852 5694 ita
2885 5617 2949 5670 ex
2986 5617 3557 5694 Veronensiexemplari

1980 5680 2315 5748 ettieitdamus,
2343 5696 2448 5738 erat
2473 5691 2602 5736 enim
2637 5684 2769 5749 nullo
2801 5683 2956 5732 ferme
2979 5693 3129 5749 sensu
3162 5680 3558 5749 penes'editores

1978 5739 2169 5812 omnes,
2193 5739 2411 5803 reici-ere
2434 5755 2563 5798 certe
2585 5754 2707 5812 tuos,
2727 5744 2883 5812 sinon
2900 5749 3035 5812 potes
3047 5739 3286 5812 deserere.
3311 5739 3558 5812 Lectionis

1983 5801 2167 5866 nostra,
2185 5801 2378 5873 veritas,
2403 5822 2552 5871 atque
2579 5801 2824 5870 elegantia
2846 5801 2908 5854 ex
2932 5809 3162 5853 contextu
3188 5801 3359 5865 liquet.
3419 5862 3422 5864 γ
