4088 6336
602 373 729 452 οῦδ,

1909 367 2146 427 SANCTI
2184 367 2551 431 lllERONYMl

3755 379 3850 438 σω

670 497 725 550 4.
766 490 1008 548 Laudent
1030 491 1159 560 ergo
1187 487 1238 544 ιθ
1264 483 1380 554 alii,
1427 493 1484 542 et
1527 491 1646 540 tuas
1685 491 1872 540 contra
1899 482 2172 582 diabolum
2473 499 2530 546 ut
2555 501 2734 563 parte;
2762 506 2948 550 eorum
2977 505 3084 549 non
3112 490 3168 548 in
3196 489 3416 548 divitias
3455 491 3663 549 sororis
3693 456 3850 564 proli.

599 585 851 640 victorias
891 580 1222 651 panegyricis
1263 586 1672 649 prosequantur,
1707 575 1848 646 quod
1876 575 1999 629 ltcto
2026 573 2174 628 vultu

599 684 799 729 mortes
839 672 1024 726 tuleris
1056 671 1302 735 filiarum,
1349 669 1491 739 quod
1543 672 1596 723 in
1647 667 2053 737 quadragesimo
2084 665 2173 719 die

599 763 934 818 dormitionis
964 777 1146 815 earum
1198 760 1480 828 lugubrem
1528 767 1729 812 vestem
1774 755 2089 819 mutaveris,
2121 761 2176 808 et
2209 837 2214 842 ‘

599 855 861 911 dedicatio
880 855 1080 907 ossium
1104 853 1349 924 Martyris
1368 851 1589 906 candida
1613 850 1705 903 tibi
1723 850 2037 904 vestimenta
2055 846 2176 901 red-

599 946 810 1007 diderit,
835 952 892 998 ut
919 958 1025 998 non
1069 945 1297 998 sentires
1326 943 1565 995 dolorem
1596 939 1838 993 orbitatis
1866 947 1990 1003 ture,
2013 951 2172 1007 quem

597 1037 781 1090 civitas
802 1035 1050 1089 universa
1079 1034 1322 1094 sentiret,
1349 1032 1440 1086 sed
1479 1031 1547 1085 ad
1579 1031 1904 1099 triumphum
1929 1029 2174 1100 Martyris

597 1125 905 1180 exultares:
937 1125 1078 1194 quod
1120 1124 1511 1178 sanctissimam
1553 1122 1832 1191 conjugem
1874 1131 2016 1176 tuam
2066 1134 2172 1176 non

595 1213 746 1283 quasi
777 1222 1064 1278 mortuam,
1100 1213 1191 1268 sed
1219 1212 1368 1282 quasi
1402 1211 1828 1282 proficiscentem
1861 1211 2168 1266 deduxeris.

604 1306 718 1376 Ego
751 1317 802 1360 te
827 1317 1159 1375 nequaquam
1190 1303 1496 1358 adulatione
1526 1303 1812 1372 decipiam,
1844 1317 1943 1358 nec
1971 1303 2170 1357 lubrica

601 1394 756 1450 laude
777 1394 1149 1465 supplautaho.
1180 1392 1394 1462 Loquar
1423 1392 1551 1446 illud
1583 1391 1936 1462 potius.quod
1959 1392 2052 1446 tibi
2080 1406 2176 1445 au-

596 1483 711 1538 dire
737 1485 1015 1538 conducit:
1050 1482 1156 1536 Fili
1177 1483 1415 1537 accedens
1437 1482 1504 1536 ad
1522 1485 1807 1537 servitutem
1829 1482 1942 1546 Dei,
1967 1498 2174 1552 μητρα-

596 1581 707 1626 rato
723 1573 942 1626 animam
965 1583 1101 1625 luant
1123 1573 1189 1624 ad
1205 1573 1528 1626 tentationem
1549 1571 1736 1636 (Ereti.
1757 1572 1811 1626 2.
1839 1573 1926 1640 l);
1952 1583 2026 1638 et,
2044 1571 2173 1627 Cum

595 1664 766 1716 omnia
796 1663 988 1725 feceris,
1021 1663 1196 1726 dicito,
1233 1662 1421 1716 Servus
1445 1663 1637 1716 inutilis
1655 1679 1766 1717 sum
1785 1679 1802 1716 :
1823 1665 1919 1735 feci
1939 1666 2074 1731 quod
2093 1667 2176 1734 [aa

593 1770 706 1808 cere
747 1754 893 1808 debui
936 1754 1084 1826 (Luc.
1134 1756 1220 1809 l7.
1258 1754 1369 1822 l0).
1417 1755 1607 1809 Tulisti
1638 1755 1855 1819 liberos,
1893 1769 2028 1824 quos
2059 1755 2174 1824 ipse

592 1845 858 1902 dederas:
888 1847 1134 1915 recepisti
1161 1847 1436 1912 ancillam,
1459 1858 1615 1914 quam
1643 1847 1772 1901 mihi
1797 1845 1868 1900 ob
1892 1846 2055 1902 breve
2079 1861 2171 1901 so-

593 1938 778 1992 latium
797 1939 1250 1993 commodaveras.
1277 1936 1393 1992 Non
1411 1938 1720 2004 contristor,
1741 1937 1879 2007 quod
1898 1939 2169 2008 recepisti,

592 2029 686 2086 sed
717 2044 818 2098 ago
845 2031 1065 2098 gratias,
1091 2027 1233 2099 quod
1263 2028 1476 2082 dedisti.
1501 2029 1778 2094 Quondam
1818 2027 1968 2082 dives
1993 2027 2175 2082 adole-

591 2136 750 2177 scens
777 2126 978 2187 omnia,
1009 2136 1127 2190 qua:
1151 2121 1203 2174 itt
1228 2119 1369 2190 Lege
1388 2128 1647 2189 prter-cpta
1674 2128 1816 2186 sunt,
1834 2134 1893 2174 se
1919 2119 2173 2188 implesse

588 2211 856 2282 jactahat:
889 2211 955 2265 ad
977 2226 1134 2281 quem
1165 2211 1420 2265 Dominus
1447 2211 1497 2264 in
1530 2210 1838 2278 Evangelio,
1871 2209 2064 2276 Unum,
2091 2212 2172 2264 in-

589 2304 724 2371 qttit,
757 2302 847 2356 tibi
874 2304 1052 2356 deest:
1079 2303 1139 2358 Si
1178 2303 1252 2356 vis
1295 2285 1540 2372 perfectus
1610 2303 1770 2374 795
1843 2317 1968 2366 esse,
2023 2303 2168 2368 vade,

589 2393 745 2445 vende
771 2393 960 2456 omnia,
1003 2408 1117 2462 qute
1144 2392 1314 2455 habes,
1340 2401 1385 2445 et
1415 2392 1483 2445 da
1513 2393 1852 2462 pauperibus:
1873 2402 1919 2446 et
1939 2393 2071 2460 veni,
2093 2409 2174 2448 se-

589 2495 740 2549 quere
769 2497 845 2537 nte
873 2483 1085 2553 (Matth.
1114 2484 1203 2539 l9.
1234 2481 1350 2554 2t).
1384 2485 1484 2550 Qui
1513 2484 1690 2537 omnia
1721 2499 1780 2538 se
1809 2482 2002 2538 fecisse
2027 2483 2172 2538 dicc-

587 2569 699 2639 bat,
727 2575 780 2629 in
817 2577 988 2645 primo
1009 2579 1306 2632 certamine
1331 2574 1546 2630 divltias
1574 2575 1792 2632 vincere
1834 2591 1939 2630 non
1970 2583 2167 2646 potest.

589 2663 742 2720 Unde
771 2675 825 2720 et
853 2667 1072 2723 difﬁcile
1116 2669 1318 2722 intrant
1361 2668 1552 2722 divites
1584 2668 1634 2719 in
1666 2681 1826 2736 regna
1869 2668 2168 2722 caelorum:

591 2768 709 2824 qua:
735 2758 1036 2825 expeditos,
1069 2766 1125 2813 et
1153 2761 1359 2813 alarum
1403 2759 1620 2812 levitate
1647 2759 1925 2822 subnixos,
1956 2757 2168 2812 habita-

591 2855 736 2902 tores
763 2847 1092 2903 desidi-rant.
1136 2848 1290 2909 Vade.
1324 2849 1516 2917 inquit,
1547 2858 1590 2900 et
1617 2848 1795 2912 vende,
1826 2863 1932 2901 non
1960 2857 2168 2916 partem

588 2939 920 3004 substantim,
949 2939 1043 2995 sed
1073 2942 1306 2995 universa
1337 2953 1452 3008 quis
1478 2939 1724 3008 possides,
1757 2948 1801 2992 et
1829 2939 1897 2992 da
1925 2940 2169 3008 pauperi-

587 3030 682 3086 bus
699 3047 718 3086 :
741 3046 848 3086 non
865 3033 1070 3094 amicis.
1096 3047 1203 3087 non
1229 3031 1660 3100 consanguineis,
1689 3045 1796 3084 non
1829 3032 2166 3102 propinquis,

590 3137 700 3176 non
754 3123 929 3187 uxori,
978 3139 1084 3178 non
1130 3123 1342 3187 liberis;
1374 3124 1494 3190 plus
1523 3121 1723 3191 aliquid
1765 3122 1996 3179 addam:
2026 3123 2168 3179 Nihil

587 3211 680 3266 tibi
708 3228 771 3266 ex
794 3213 1043 3267 omnibus
1073 3220 1218 3267 metu
1239 3213 1430 3281 inopia:
1457 3225 1758 3277 reservans,
1787 3227 1853 3268 ne
1873 3229 1995 3268 cum
2022 3215 2168 3270 Ana-

587 3304 675 3356 nia
721 3303 1018 3370 damneris,
1067 3311 1123 3358 et
1165 3303 1425 3373 Sappltira
1458 3305 1592 3374 (Act.
1625 3303 1714 3372 5),
1743 3303 1837 3359 sed
1865 3304 1932 3359 da
1975 3315 2167 3362 cuncta

587 3392 932 3462 pauperibus,
963 3403 1016 3447 et
1045 3393 1128 3448 lac
1167 3393 1261 3447 tibi
1302 3396 1504 3448 amicos
1529 3393 1598 3450 de
1629 3395 1812 3465 iniquo
1839 3409 2164 3464 mammona,

587 3482 678 3553 qui
713 3492 764 3537 te
792 3483 1054 3552 recipiant
1081 3485 1133 3539 in
1165 3495 1368 3541 aeterna
1397 3486 1735 3541 tabernacula
1760 3481 1911 3559 [Luc.
1941 3485 2033 3559 l6]
2066 3487 2164 3559 (α),

587 3582 645 3628 ut
675 3590 760 3629 me
788 3575 1052 3644 sequaris,
1086 3585 1142 3631 at
1175 3576 1455 3631 Dominum
1507 3575 1712 3640 mundi,
1763 3577 2165 3646 possessionem

587 3663 814 3728 habeas;
870 3674 928 3720 ut
977 3680 1149 3736 pessis
1179 3682 1372 3722 canere
1413 3682 1534 3721 cum
1563 3666 1826 3737 Propheta
1853 3685 1868 3723 :
1894 3666 2027 3723 Pars
2056 3685 2167 3724 mea

585 3753 836 3810 Dominus
889 3755 1006 3829 (Ps.
1060 3758 1146 3812 15.
1192 3758 1245 3813 5.
1278 3756 1420 3811 ω’ῗὲ
1482 3756 1600 3828 26),
1632 3766 1687 3812 et
1714 3766 1770 3812 ut
1796 3772 1954 3813 verus
1982 3759 2164 3814 Levita

585 3846 716 3901 nihil
735 3847 800 3900 de
825 3857 1041 3903 terrena
1060 3847 1374 3902 haereditate
1401 3847 1700 3917 possideas.
1733 3847 1799 3904 Et
1828 3849 1929 3905 hoc
1954 3849 2162 3904 hortor:

585 3935 642 3993 Si
662 3939 746 3991 vis
769 3953 892 3993 esse
920 3940 1209 4008 perfectus,
1235 3935 1280 3992 si
1307 3939 1628 4008 Apostollca:
1649 3939 1924 4009 dignitatis
1947 3939 2161 3995 culmen

586 4030 759 4099 cupis,
790 4030 834 4083 si
865 4030 1072 4083 sublata
1093 4045 1254 4085 cruce
1271 4028 1540 4084 Christum
1559 4029 1731 4100 sequi,
1761 4029 1805 4083 si
1825 4031 2165 4101 apprehenso

584 4129 787 4182 aratro.
813 4136 917 4174 non
946 4122 1214 4192 respicere
1244 4130 1608 4191 posttergutn,
1631 4122 1674 4176 si
1703 4121 1756 4176 in
1785 4117 2001 4176 sublimi
2025 4130 2181 4204 tecto\

586 4210 814 4280 positus,
842 4211 1064 4279 pristina
1094 4212 1411 4264 vestimenta
1442 4210 1775 4272 contemnis;
1804 4218 1860 4264 et
1890 4221 1946 4264 ut
1965 4212 2166 4268 evadas

585 4300 893 4372 Egyptiam
911 4302 1203 4364 dominam,
1222 4301 1398 4356 smcull
1417 4301 1631 4372 pallium
1650 4287 1988 4374 derelinquas
2005 4303 2161 4371 (Gen.

583 4389 698 4462 39).
729 4389 879 4447 Unde
900 4401 954 4446 et
981 4387 1126 4446 Elius
1151 4389 1217 4446 ad
1247 4394 1508 4445 caelorum
1552 4406 1717 4461 regna
1746 4377 2024 4458 festinans,
2055 4409 2162 4450 non

585 4495 762 4554 p01est
789 4488 866 4540 ire
889 4500 1011 4540 cum
1031 4484 1214 4556 pallio,
1235 4484 1328 4540 sed
1346 4483 1527 4539 mundi
1551 4485 1603 4539 in
1625 4485 1826 4540 mundo
1845 4485 2163 4541 vestimenta

582 4575 803 4631 dimittit
829 4577 904 4647 (4.
932 4577 1063 4649 Reg.
1090 4575 1169 4647 2).
1199 4575 1305 4631 Sed
1337 4575 1439 4630 hoc
1470 4577 1569 4641 ais,
1592 4576 1911 4644 Apostolica:
1935 4576 2165 4648 dignita-

585 4669 653 4721 tis
677 4678 778 4731 est,
811 4681 863 4722 et
884 4669 1001 4739 ejus
1031 4670 1120 4740 qui
1150 4670 1272 4724 velit
1298 4685 1418 4724 esse
1445 4671 1730 4738 perfectus.
1763 4669 1870 4722 Cur
1902 4679 2082 4724 autem
2111 4677 2165 4724 et

584 4769 639 4814 tu
664 4762 801 4814 nolis
826 4777 945 4816 esse
975 4761 1280 4830 perfectus?
1302 4761 1412 4817 Cuu
1436 4777 1522 4826 QUI
1551 4777 1602 4815 ιω
1627 4760 1829 4814 szcculo
1851 4761 2056 4829 primus
2079 4775 2159 4827 es,

584 4862 691 4903 non
720 4847 773 4902 in
802 4849 998 4904 Citriin
1044 4849 1245 4903 familia
1281 4851 1481 4919 primus
1507 4849 1618 4902 sis?
1657 4850 1738 4903 An
1770 4848 1892 4918 quia
1940 4864 2162 4918 uxorem

584 4935 870 4992 habueris?
899 4937 1090 4994 llabuit
1110 4948 1164 4995 et
1197 4939 1408 5004 Petrus,
1443 4949 1496 4993 et
1524 4948 1702 4992 tamen
1729 4954 1850 4994 cum
1883 4942 1984 4994 reti
2016 4955 2158 5008 eam,

584 5039 640 5085 et
670 5031 908 5084 navicula
935 5031 1240 5101 dereliquit.
1267 5027 1779 5086 Providetttissintus
1810 5031 2086 5097 Dominus,
2109 5043 2164 5088 et

584 5122 823 5175 omnium
841 5121 1063 5176 salutem
1091 5122 1427 5186 desiderans,
1457 5122 1769 5191 maleusque
1793 5125 2161 5191 ptettitentiant

589 5212 886 5284 peccat0ris
909 5228 1066 5283 quam
1099 5223 1351 5275 mortem,
1396 5212 1616 5266 abstulit
1648 5214 1739 5268 tibi
1771 5213 1910 5270 hanc
1940 5231 2164 5272 excusa-

585 5303 807 5368 tionem,
835 5311 890 5357 ut
917 5317 1020 5356 non
1056 5301 1143 5356 illa
1173 5313 1223 5358 te
1253 5303 1490 5357 retrahat
1517 5303 1583 5358 ad
1617 5311 1812 5372 terras,
1837 5307 1930 5361 sed
1959 5317 2012 5362 tu
2042 5323 2161 5363 eant

583 5395 826 5464 sequaris
852 5393 916 5447 ad
940 5393 1168 5463 paradisi
1197 5409 1358 5464 regna
1387 5393 1685 5452 trahentem
1715 5393 1808 5468 [al.
1833 5397 2158 5469 tendentem].

583 5487 730 5541 Bona
760 5486 940 5542 liberis
970 5501 1147 5557 pares,
1198 5487 1289 5558 qui
1337 5497 1388 5544 ts
1430 5487 1497 5544 at
1546 5487 1831 5544 Dominum
1874 5504 2163 5559 praacesse-

648 5675 716 5736 ζα)
753 5674 954 5732 Quidam
977 5675 1091 5725 Mss.
1115 5687 1208 5724 non
1229 5673 1324 5723 alio
1355 5680 1516 5736 tamen
1551 5686 1720 5731 sensu,
1765 5672 1975 5736 negandi
2012 5673 2160 5736 parti:

665 5698 716 5736 α)
753 5698 954 5732 υιιιυωιι
979 5698 1091 5725 ωδδ.
1116 5698 1208 5724 ΙΙυΙΙ
1229 5698 1324 5723 ὶΙΙΙυ
1355 5698 1516 5724 ωιΙΙυΙΙ
1551 5698 1720 5731 δυιιδυ,
1767 5698 1975 5733 Ιιυδᾰιιιυι
2013 5698 2160 5733 Iul“-

580 5698 739 5782 cuium
766 5739 1083 5792 interseruut,
1110 5743 1159 5784 ut
1195 5747 1270 5784 me
1307 5734 1542 5795 sequaris,
1588 5741 1638 5784 ut
1671 5731 1942 5794 Dominum,
1992 5731 2162 5783 mundi

583 5795 924 5848 wssesslonem
960 5809 1052 5851 non
1079 5795 1274 5858 habeas,
1311 5807 1380 5853 tu,
1417 5803 1484 5844 ate

2266 575 2446 660 (ciant,
2474 583 2568 636 sed
2615 582 2666 636 in
2708 584 3128 654 redemptionem
3160 583 3353 639 anima:
3393 592 3524 649 tute.
3571 586 3850 661 τηρεε-διὶ-

2273 661 2460 745 {menta
2489 673 2830 728 miserorum.
2867 674 2989 728 [late
3010 675 3231 728 monilia
3267 673 3387 728 lilia:
3416 685 3521 729 tute
3547 689 3578 728 a
3611 685 3663 729 te
3690 691 3848 745 expe-

2282 765 2430 822 tunt;
2486 759 2568 815 his
2612 763 2838 832 gemmis
2883 763 3062 818 ornari
3106 765 3283 830 capita
3328 778 3425 818 sua
3472 764 3680 819 volunt.
3714 761 3849 832 Quos

2283 861 2580 906 ηιιτυηυι
2621 861 2737 907 erat
2780 854 2835 907 in
2877 854 3078 918 serico,
3119 853 3314 907 vilibus
3343 868 3639 922 pauperum
3670 855 3848 910 tunicis

2281 951 2546 995 servetur.
2572 941 2838 1011 Repelunt
2859 958 2889 997 a
2923 951 2973 998 te
3045 943 3210 1014 7%
3281 953 3459 1012 partes
3483 957 3640 1009 suas;
3663 943 3848 1012 juncta:

2281 1029 2491 1099 Sponso
2519 1031 2707 1086 nolunt
2735 1031 2904 1087 videri
2935 1048 3199 1103 pauperes
3238 1041 3294 1088 et
3331 1033 3616 1103 ignobiles,
3650 1035 3848 1105 propria

2278 1130 2590 1176 ornamenta
2613 1122 2940 1182 desideranti

2350 1210 2405 1265 5.
2445 1209 2556 1266 Nec
2579 1221 2680 1275 est,
2711 1212 2854 1282 quod
2880 1227 3106 1268 excuses
3125 1213 3453 1269 nobilitatem
3481 1223 3536 1270 et
3554 1213 3845 1271 divitiarum

2279 1299 2536 1369 pondera.
2569 1299 2796 1370 Respice
2841 1314 3086 1357 sanctum
3131 1304 3304 1358 virum
3347 1304 3769 1371 Pammachium,
3799 1314 3848 1362 et

2279 1389 2686 1445 ferventissimae
2717 1391 2838 1447 fidei
2869 1392 3151 1448 Paulinum
3193 1394 3597 1466 Presbyterum,
3629 1398 3719 1467 qui
3750 1413 3846 1453 non

2277 1478 2449 1532 solum
2485 1479 2722 1549 divitias,
2764 1481 2859 1538 sed
2887 1483 3098 1553 seipsos
3129 1484 3355 1540 Domino
3396 1486 3727 1542 obtulerunt.
3753 1488 3845 1555 Qui

2277 1578 2464 1621 contra
2493 1567 2692 1624 diaboli
2741 1572 3263 1642 tergiversationem.
3295 1588 3632 1644 nequaquam
3663 1577 3845 1646 pellem

2277 1673 2376 1729 pro
2405 1660 2563 1729 pelle.
2593 1662 2684 1717 sed
2706 1677 2919 1730 carnes,
2937 1674 2994 1720 et
3019 1679 3165 1732 ossa,
3185 1675 3239 1720 et
3254 1667 3460 1722 animas
3478 1681 3603 1721 suas
3633 1667 3846 1726 Domino

2276 1760 2677 1806 consecrarunt.
2709 1751 2814 1820 Qui
2843 1763 2896 1809 te
2937 1763 2994 1809 et
3018 1757 3288 1826 exemplo,
3317 1765 3374 1810 et
3398 1755 3638 1827 eloquio,
3669 1758 3722 1813 id
3748 1768 3843 1827 est,

2275 1850 2330 1897 et
2348 1857 2534 1912 opere,
2561 1853 2616 1899 et
2635 1843 2808 1914 lingua
2839 1855 3066 1916 possunt
3093 1847 3158 1902 ad
3187 1847 3387 1918 majora
3414 1851 3729 1919 perducere.
3747 1851 3846 1908 No-

2275 1929 2398 1984 bilis
2423 1945 2504 1998 es,
2534 1941 2590 1986 et
2617 1931 2716 1998 illi,
2747 1933 2842 1988 sed
2883 1935 2936 1989 in
2983 1934 3200 1990 Christo
3250 1937 3559 1994 nobiliores.
3614 1941 3770 1998 Dives
3795 1950 3844 2000 et

2276 2017 2592 2086 honoratus,
2624 2029 2679 2075 et
2706 2021 2803 2088 illi,
2835 2023 2945 2078 imo
2969 2039 3038 2080 ex
3065 2025 3316 2082 divitibus
3345 2039 3400 2083 et
3425 2028 3701 2086 honoratis
3725 2048 3844 2103 pauo

2275 2123 2432 2179 peres
2455 2119 2510 2165 et
2533 2110 2779 2179 inglorii:
2810 2123 2864 2168 et
2885 2113 3086 2170 idcirco
3109 2115 3354 2183 ditiores,
3372 2127 3427 2174 et
3443 2123 3614 2190 magis
3639 2121 3840 2195 inclyti,

2273 2200 2397 2270 quia
2424 2214 2522 2270 pro
2550 2201 2766 2256 Christo
2794 2217 3057 2273 pauperes
3076 2215 3132 2261 et
3155 2206 3483 2263 inhonorati.
3517 2209 3588 2265 Et
3628 2224 3684 2266 tu
3730 2215 3844 2282 qui-

2274 2291 2400 2347 dem
2429 2292 2724 2360 benefacis,
2747 2295 3235 2364 quod-Sanctorum
3264 2299 3461 2356 diceris
3485 2302 3673 2358 usibus
3692 2305 3844 2360 mini-

2273 2393 2464 2450 strare,
2498 2385 2678 2442 fovere
2707 2385 3022 2456 Monachos,
3055 2390 3306 2447 Ecclesiis
3327 2391 3522 2449 ol'ferre
3550 2410 3709 2464 quam
3738 2397 3843 2465 plus

2274 2475 2430 2530 rima.
2460 2474 2568 2531 Sed
2596 2475 2712 2532 lucc
2740 2477 3042 2534 rudimenta
3070 2489 3195 2536 sunt
3239 2483 3445 2538 militia:
3488 2493 3614 2540 tme.
3657 2485 3843 2542 Conte-

2273 2565 2414 2620 m’nis
2438 2581 2652 2634 aurum,
2681 2579 3123 2640 contempserunt
3155 2582 3211 2628 et
3236 2574 3417 2634 mundi
3444 2574 3774 2647 Philosophi.
3803 2578 3842 2634 Β

2273 2658 2466 2727 quibus
2507 2658 2580 2729 (b)
2631 2674 2787 2726 unus,
2818 2669 2877 2716 ut
2919 2671 3145 2720 exteros
3168 2666 3382 2734 sileam,
3412 2669 3698 2724 multarum
3725 2685 3843 2740 pos-

2272 2747 2573 2802 sessionum
2607 2752 2835 2817 pretium
2865 2752 3089 2821 proiecit
3118 2753 3172 2807 in
3204 2743 3459 2824 pelagus:
3486 2757 3647 2814 Abite
3668 2760 3843 2816 dicens

2272 2836 2328 2892 in
2359 2837 2677 2907 profundum
2710 2841 2865 2895 mala:
2884 2843 3224 2912 cupiditates,
3253 2859 3354 2915 ego
3380 2861 3474 2900 vos
3500 2863 3761 2919 mergam,
3779 2866 3843 2907 ne

2272 2928 2389 3000 ipse
2430 2943 2643 3002 mergar
2666 2947 2696 2987 a
2729 2933 2900 2990 vobis.
2935 2935 3294 3005 Philosophus
3330 2938 3514 3008 gloria:
3541 2942 3765 3011 animal,
3793 2953 3845 3000 et

2271 3021 2546 3092 popularis
2585 3038 2730 3080 sura:
2755 3025 2861 3081 vile
2886 3026 3238 3097 mancipium,
3269 3035 3434 3083 totam
3462 3032 3622 3086 simul
3654 3032 3746 3106 [al.
3772 3051 3845 3090 se-

2269 3110 2390 3184 mel]
2421 3113 2686 3169 sarcinam
2734 3114 3012 3186 deposuit;
3055 3126 3111 3172 et
3139 3126 3194 3173 tu
3225 3127 3278 3174 te
3307 3128 3463 3190 putas
3512 3122 3564 3176 in
3597 3125 3841 3180 virtutum

2269 3205 2502 3260 culmine
2528 3208 2901 3273 constitutum,
2932 3210 2976 3264 si
3005 3217 3208 3278 partem
3236 3227 3301 3266 ex
3334 3220 3446 3266 toto
3475 3214 3708 3270 oll‘eras?
3745 3217 3843 3272 Teo

2271 3297 2446 3367 ipsum
2473 3297 2588 3352 vult
2617 3298 2874 3354 Dominus
2904 3299 3132 3354 hostiam
3161 3301 3354 3368 vivam,
3390 3303 3688 3372 placentem
3717 3307 3839 3361 Deo.

2269 3388 2367 3454 'l‘e,
2416 3390 2656 3460 inquam,
2699 3405 2809 3445 non
2847 3400 2957 3446 tua.
2989 3392 3058 3446 Et
3087 3392 3209 3447 ideo
3250 3395 3414 3449 variis
3468 3399 3841 3453 tentationibus

2269 3485 2597 3547 commonet,
2625 3481 2745 3550 quia
2779 3481 2963 3535 multis
3008 3481 3175 3552 plagis
3201 3491 3258 3537 et
3301 3483 3581 3540 doloribus
3607 3488 3842 3543 eruditur

2268 3567 2450 3623 Israel.
2501 3569 2568 3623 Et
2616 3586 2762 3638 quem
2809 3570 2974 3640 diligit
3021 3569 3289 3636 Dominus,
3335 3575 3564 3642 corripit.
3595 3574 3844 3648 Flageltat

2266 3671 2435 3714 autem
2458 3676 2653 3714 onmem
2680 3661 2868 3730 lilium,
2898 3679 3044 3732 quem
3072 3663 3248 3729 recipit
3276 3662 3456 3733 (Prov.
3489 3665 3545 3720 8.
3576 3667 3689 3734 l3).
3716 3668 3846 3722 Paue

2267 3751 2480 3821 percula
2523 3751 2681 3806 vidua
2711 3751 2820 3807 duo
2849 3767 2956 3807 aera
2987 3754 3186 3808 minuta
3233 3754 3380 3808 misit
3421 3755 3474 3808 itt
3521 3757 3841 3829 gazophyla-

2266 3843 2430 3897 cium.
2483 3842 2551 3896 Et
2594 3842 2718 3911 quia
2762 3851 2930 3897 totum
2977 3843 3172 3898 obtulit
3199 3843 3338 3914 quod
3369 3844 3616 3912 habebat,
3662 3862 3841 3902 omnes

2267 3932 2463 3989 dicitur
2493 3934 2546 3988 in
2577 3933 2850 3990 oblatione
2904 3951 3185 3990 munerum
3239 3936 3329 3992 Dei
3370 3953 3656 4008 superasse
3697 3941 3840 3996 locu-

2269 4025 2435 4095 pletes
2459 4023 2649 4096 (Marc.
2682 4027 2772 4092 l2;
2803 4036 2852 4081 et
2877 4026 3010 4082 Luc.
3039 4027 3306 4100 2|);qua:
3335 4045 3438 4085 non
3474 4031 3710 4100 pondere
3737 4033 3837 4098 sui,

2267 4114 2361 4169 sed
2383 4113 2728 4170 offerentium
2753 4117 3030 4174 voluntate
3051 4130 3364 4187 pensantur.
3395 4119 3465 4176 Ut
3497 4122 3682 4177 multis
3719 4138 3838 4178 ero-

2265 4206 2480 4276 gaveris
2507 4221 2731 4262 censum
2765 4218 2935 4274 tuum,
2971 4220 3026 4265 et
3051 4210 3268 4280 quidam
3299 4219 3387 4264 tua
3417 4212 3685 4282 gaudeant
3711 4214 3840 4268 libe-

2271 4295 2504 4362 ralitate,
2533 4305 2710 4353 tamen
2739 4300 2908 4354 multo
2931 4301 3111 4371 plures
3131 4311 3279 4365 sunt,
3309 4303 3501 4372 quilnts
3530 4305 3664 4358 nihil
3691 4304 3838 4358 dedi~

2265 4387 2355 4442 sti.
2383 4385 2568 4457 Neque
2592 4388 2734 4443 enim
2770 4389 2907 4444 Darii
2957 4404 3108 4460 opes,
3141 4401 3197 4445 et
3226 4393 3394 4448 (Στωςὶ
3440 4393 3640 4448 divitia:
3669 4395 3841 4447 valent.

2267 4477 2487 4545 explere
2518 4487 2778 4546 pauperes
2806 4479 3009 4534 mundi.
3043 4480 3193 4546 Quod
3245 4482 3290 4535 si
3340 4481 3570 4551 teipsum
3617 4483 3840 4538 Domino

2266 4565 2500 4632 dederis,
2523 4576 2575 4622 ct
2606 4569 2917 4638 Apostolica
2952 4573 3147 4627 virtute
3173 4572 3458 4642 perfectus,
3491 4575 3640 4645 Sequi
3667 4581 3843 4645 ccipe-

2266 4659 2338 4714 ris
2365 4659 2720 4728 Salvatorem,
2751 4670 2878 4719 tunc
2949 4665 3107 4736 797
3183 4664 3448 4734 intelliges
3469 4664 3559 4718 ubi
3591 4667 3771 4730 fueris,
3792 4675 3842 4720 et

2267 4752 2321 4807 in
2343 4753 2580 4808 exercitu
2609 4754 2832 4821 Christi,
2861 4771 3018 4825 quam
3045 4765 3342 4810 extremum
3375 4759 3616 4812 tenueris
3645 4759 3840 4812 locum.

2265 4847 2382 4904 Non
2416 4850 2663 4919 planxisti
2693 4850 2826 4905 filias
2852 4860 3109 4917 mortuas,
3146 4861 3200 4907 et
3225 4863 3458 4922 paterna:
3487 4855 3537 4909 in
3574 4859 3727 4927 genis
3766 4855 3842 4911 la-

2266 4952 2466 5012 crynta:
2508 4940 2708 4997 Christi
2759 4943 2948 4997 timore
3001 4943 3210 4998 siccata:
3240 4955 3382 4998 sunt.
3423 4946 3638 5014 Quanto
3678 4951 3846 5014 major

2267 5031 2568 5109 Abraham,
2583 5033 2670 5103 qui
2693 5033 2905 5087 unicum
2926 5033 3090 5088 llliuut
3115 5035 3386 5091 voluntate
3404 5040 3667 5108 jugulavit
3694 5040 3842 5108 (ϐίη.

2264 5122 2382 5195 22),
2414 5134 2469 5179 et
2495 5141 2652 5194 quem
2685 5126 2951 5180 lttercdem
2981 5126 3161 5181 mundi
3195 5127 3427 5182 futurum
3451 5131 3716 5198 audierat,
3743 5149 3844 5186 non

2265 5214 2521 5284 desperat
2561 5216 2719 5270 etiam
2773 5225 2890 5285 post
2932 5229 3155 5271 mortem
3188 5233 3307 5273 esse
3339 5220 3626 5278 victurum.
3659 5223 3847 5292 Jephto

2267 5304 2462 5360 obtulit
2492 5306 2749 5374 virginem
2783 5305 2942 5360 filiam
2977 5305 3163 5376 (ludit.
3192 5307 3304 5379 ll),
3333 5320 3385 5363 et
3407 5309 3608 5366 ideirco
3640 5314 3690 5367 iu
3720 5329 3848 5368 enu-

2268 5396 2566 5452 meratione
2592 5395 2913 5451 Sanctorum
2941 5399 3008 5451 ah
3035 5400 3288 5468 Apostolo
3312 5401 3543 5468 ponitur.
3574 5403 3709 5459 Nolo
3739 5416 3848 5458 tan-

2331 5543 2405 5611 (b)
2427 5542 2580 5611 jiunc
2610 5544 2956 5611 Philowphum
2990 5549 3074 5598 lib.
3110 5549 3158 5597 2.
3192 5555 3356 5598 contra
3395 5549 3639 5602 Jovinian.
3667 5555 3734 5605 de
3767 5567 3848 5604 llo-

2265 5607 2396 5680 t_t_ttne
2419 5607 3090 5680 Cratcmlﬂ‘helia'ntttnhvogt
3118 5624 3264 5680 :__euut
3301 5621 3469 5661 tamen
3500 5614 3553 5662 S.
3581 5615 3850 5680 Gregorius

2265 5667 2749 5736 Nasianzeuustkat.
2768 5671 2905 5736 laud.
2933 5671 2982 5736 S.
3010 5670 3190 5729 Bastlii,
3219 5685 3327 5736 cum
3350 5685 3475 5736 opes
3497 5688 3612 5725 suas
3645 5667 3714 5725 iu"
3717 5689 3850 5726 mare

2266 5730 2670 5800 projiceret,galia
2689 5733 2777 5800 sibi
2805 5732 3044 5800 plausisse
3063 5734 3304 5800 sententia
3330 5730 3464 5798 dicit,
3490 5737 3580 5788 hac
3601 5738 3850 5800 videlicet,

2267 5796 2432 5840 Crates
2448 5798 2642 5842 Cratem
2664 5792 2742 5844 Tit.
2755 5792 2929 5845 bunum
2952 5793 3168 5844 libertate
3189 5794 3351 5843 donat.
