4088 6336
281 351 383 410 965

280 479 390 522 tum
413 468 692 524 ca.oll‘cras
719 468 962 534 Domino,
996 483 1113 538 quae
1139 475 1316 539 potest
1343 467 1426 523 fur
1453 483 1661 538 rapere,
1685 468 1856 524 hostis

281 558 554 625 invadere,
586 563 903 630 proscriptio
936 561 1159 616 tollere:
1190 577 1310 631 qua:
1356 571 1414 616 et
1451 561 1709 617 accedere
1735 576 1860 631 pos-

278 659 423 713 sunt,
455 659 510 705 et
540 652 815 717 recedere,
848 662 902 706 et
942 653 1112 708 instar
1137 653 1400 708 undarum
1433 667 1496 708 ac
1537 652 1797 706 ﬂuctuum
1828 667 1858 706 a

279 743 690 798 succedentibus
740 743 840 798 sibi
891 744 1123 800 dominis
1169 753 1533 815 occupantur:
1565 757 1745 816 atque,
1804 752 1862 798 ut

278 849 384 887 uno
414 846 603 888 cuncta
634 849 882 890 sermone
908 837 1382 906 comprehendam,
1415 852 1532 906 qua:
1567 836 1718 903 velis,
1761 849 1858 889 no-

277 925 365 989 lis,
402 925 454 979 in
505 935 676 980 morte
721 927 1042 982 dimissurus
1072 943 1152 983 es.
1187 928 1320 983 lllud
1367 928 1522 994 offer,
1573 928 1713 999 quod
1768 927 1861 982 tibi

277 1015 456 1070 nullus
489 1016 658 1072 hostis
684 1019 854 1087 possit
875 1018 1106 1083 auferre,
1137 1022 1315 1076 nullus
1336 1022 1543 1090 eripere
1566 1030 1820 1093 tyrannus
1844 1037 1858 1073 :

277 1105 418 1175 quod
453 1118 625 1161 tecum
654 1118 838 1178 pergat
862 1110 929 1164 ad
961 1111 1188 1175 inferos,
1221 1113 1328 1182 imo
1373 1111 1440 1166 ad
1492 1128 1653 1182 regna
1696 1113 1858 1167 cosio-

276 1212 416 1261 rum,
447 1209 500 1252 et
521 1197 587 1252 ad
615 1199 848 1267 paradisi
875 1200 1112 1256 delicias.
1147 1177 1390 1258 Exsiruis
1427 1203 1774 1269 monasteria,
1801 1212 1860 1256 et

276 1289 473 1340 inultus
504 1305 530 1340 a
560 1297 613 1343 te
643 1305 734 1358 per
777 1291 975 1346 insulas
1003 1293 1272 1348 Dalmatiae
1316 1304 1619 1349 sanctorum
1667 1311 1858 1349 nume-

277 1393 368 1432 rus
393 1388 742 1436 sustentatur.
775 1383 881 1437 Sed
914 1386 1108 1440 melius
1148 1386 1373 1454 faceres,
1421 1387 1465 1441 si
1512 1398 1562 1442 et
1596 1389 1707 1458 ipse
1732 1403 1856 1442 Sanv

277 1478 394 1523 ctus
425 1471 564 1526 inter
593 1482 814 1528 sanctos
845 1477 1076 1531 viveres.
1104 1478 1284 1532 Sancti
1313 1489 1486 1542 estote,
1510 1481 1748 1549 quoniam
1769 1497 1858 1551 ego

275 1572 478 1616 sanctus
504 1581 638 1630 sum,
677 1566 799 1620 dicit
836 1567 1085 1623 Dominus
1123 1570 1306 1640 (Levit.
1341 1570 1429 1626 19.
1473 1571 1526 1624 2.
1573 1583 1620 1624 et
1644 1572 1734 1626 20.
1778 1574 1853 1642 7).

274 1657 518 1726 Apostoli
543 1659 858 1727 gloriantur,
888 1663 1031 1731 quod
1058 1664 1235 1717 omnia
1264 1664 1586 1729 dimiserint,
1617 1677 1672 1720 et
1690 1665 1858 1720 secuti

274 1750 380 1803 sint
405 1749 738 1806 Salvatorcm
768 1753 979 1822 (Matth.
1015 1753 1102 1825 l9)
1126 1774 1139 1811 :
1167 1765 1222 1810 et
1240 1765 1388 1811 certe
1409 1768 1608 1826 praeter
1631 1757 1784 1821 retia,
1806 1767 1858 1811 et

274 1859 464 1898 navem
512 1845 644 1899 nihil
674 1846 902 1916 legimus
945 1862 1042 1902 eos
1067 1847 1356 1913 dimisisse,
1391 1859 1446 1903 et
1477 1857 1654 1903 tamen
1706 1849 1858 1903 testi-

273 1935 456 1988 monio
485 1936 643 1990 futuri
663 1936 858 2007 judicis
880 1947 1224 1993 coronantur.
1251 1939 1385 2007 Quu
1407 1954 1466 1995 se
1489 1954 1854 2006 orrsnsnrss,

273 2034 442 2080 totum
474 2025 788 2082 dimiserant
813 2028 954 2099 quod
987 2028 1277 2085 habebant.

343 2117 396 2170 6.
426 2117 536 2172 l-loc
581 2118 769 2188 loquor
803 2135 906 2173 non
955 2119 1008 2173 in
1035 2120 1464 2190 suggillationcm
1491 2136 1712 2189 operum
1742 2131 1858 2174 tuo-

270 2223 388 2263 rum
411 2251 426 2275 ,
464 2211 546 2264 vel
588 2211 728 2278 quod
759 2222 1041 2266 extenucm
1078 2211 1449 2266 liberalitatem
1471 2221 1526 2266 et
1557 2213 1857 2283 cleeinosy—

272 2317 367 2355 nas
413 2313 568 2366 tuas,
613 2304 706 2357 sed
760 2304 900 2372 quod
935 2315 983 2358 te
1021 2304 1184 2358 nolim
1224 2303 1363 2358 inter
1415 2306 1699 2360 sa~cularcs
1740 2319 1859 2359 esse

270 2395 591 2446 monachum
629 2433 646 2459 ,
703 2402 757 2447 et
811 2395 952 2455 inter"
1001 2393 1292 2448 monachos
1370 2395 1696 2449 saecularem.
1753 2395 1857 2450 To-

269 2493 488 2553 tumque
532 2499 563 2538 a
605 2495 655 2538 te
694 2494 964 2555 expetam,
1008 2485 1163 2554 cujus
1196 2485 1355 2540 audio
1393 2496 1625 2540 mentem
1672 2485 1856 2540 divino

267 2573 434 2628 cultui
472 2573 725 2628 deditam.
760 2574 814 2628 Si
847 2562 966 2628 huic
994 2574 1218 2628 consilio
1260 2583 1485 2640 nostra,
1515 2577 1597 2629 vel
1627 2575 1852 2641 amicus,

269 2665 354 2716 vel
379 2665 605 2728 assecla,
638 2663 719 2718 vel
739 2665 1066 2735 propinquus
1089 2667 1353 2731 renititur,
1383 2676 1435 2722 et
1465 2677 1514 2721 te
1542 2666 1608 2722 ad
1629 2666 1854 2722 delicias

268 2756 608 2825 splendentis
653 2773 852 2811 mensa:
883 2766 1135 2823 revocat;
1164 2758 1446 2830 intelligito
1485 2775 1608 2814 eum
1654 2774 1758 2814 non
1787 2760 1855 2815 de

270 2859 356 2899 tua
384 2847 558 2900 anima
588 2887 602 2910 ,
633 2847 725 2902 sed
764 2847 832 2902 de
871 2863 972 2901 suo
1016 2859 1202 2903 ventre
1243 2851 1516 2920 cogitare;
1570 2859 1621 2904 et
1667 2865 1854 2907 omnes

239 2933 398 3008 'opes
429 2939 676 3008 lautaque
705 2939 968 3006 convivia,
1016 2939 1188 2994 subita
1233 2951 1404 2995 morte
1451 2940 1610 2995 finiri.
1639 2941 1772 2996 Octo
1795 2951 1854 2997 et

269 3045 362 3084 sex
383 3044 670 3095 annorum,
710 3031 845 3083 intra
872 3030 1055 3100 viginti
1083 3030 1234 3098 dies,
1266 3030 1402 3086 duas
1435 3032 1568 3086 ﬁlias
1598 3032 1851 3100 amisisti,

269 3123 622 3178 etarbitraris
652 3137 836 3177 senem
866 3123 956 3178 diu
986 3138 1142 3192 posse
1185 3124 1403 3179 vivere?
1434 3124 1596 3194 Cujus
1642 3134 1696 3179 ut
1722 3134 1853 3180 aetas

270 3215 423 3286 longa
458 3217 703 3269 tendatur
733 3257 747 3281 ,
775 3215 926 3270 audit
951 3232 980 3270 a
1009 3215 1177 3271 David
1212 3235 1225 3270 :
1252 3217 1375 3272 Dies
1400 3219 1514 3272 vita:
1549 3229 1737 3273 nostrae
1773 3235 1851 3274 se-

270 3308 534 3378 ptuaginta
557 3309 697 3362 anni.
776 3309 941 3380 798
1014 3308 1076 3362 Si
1099 3318 1264 3363 autem
1284 3311 1527 3380 amplius,
1555 3311 1810 3381 octoginta
1828 3327 1848 3365 .'

269 3407 318 3452 et
343 3399 592 3468 quidquid
617 3409 861 3470 superest,
888 3400 1050 3466 labor,
1075 3409 1119 3453 et
1147 3400 1294 3454 dolor
1323 3411 1392 3455 est
1419 3400 1588 3472 (Psal.
1616 3402 1706 3458 89.
1736 3401 1848 3474 10).

269 3489 422 3546 Felix
471 3477 524 3544 et
570 3489 717 3544 omni
761 3490 953 3561 dignus
998 3491 1344 3558 beatitudine,
1396 3508 1552 3562 quem
1602 3503 1853 3549 senectus

268 3580 483 3636 Christo
509 3591 734 3651 occupet
761 3580 1107 3647 servientem,
1138 3598 1295 3651 quem
1317 3592 1555 3636 extrema
1581 3583 1696 3638 dies
1731 3583 1849 3639 Sai—

269 3675 441 3726 vatori
490 3671 756 3726 invenerit
796 3672 1135 3736 militantem,
1176 3672 1268 3742 qui
1319 3689 1425 3726 non
1469 3672 1846 3740 confundetur,

267 3780 388 3819 cum
416 3764 662 3834 loquetur
686 3753 915 3818 inimicis
945 3763 1056 3818 suis
1081 3763 1136 3817 in
1168 3776 1316 3833 porta
1348 3763 1522 3833 (Psat.
1565 3765 1732 3835 126);
1765 3769 1851 3822 cui

269 3856 324 3910 in
374 3855 594 3910 introitu
634 3856 865 3926 paradisi
906 3855 1117 3910 dicetur
1149 3874 1161 3910 :
1194 3857 1443 3928 Recepisti
1491 3859 1626 3912 mala
1652 3861 1704 3912 in
1752 3861 1853 3912 vita

271 3958 361 4002 tua
383 3989 398 4014 ,
430 3964 562 4002 nunc
589 3957 754 4002 autem
795 3949 878 4002 hic
909 3949 1079 4002 lentare
1105 3947 1258 4019 (Luc.
1287 3951 1364 4019 1).
1395 3949 1502 4004 Nec
1547 3951 1689 4004 enim
1721 3953 1851 4006 ulci-

269 4048 448 4103 scetur
486 4040 571 4095 bis
602 4040 857 4096 Dominus
888 4041 941 4095 in
971 4041 1155 4096 eadem
1189 4057 1270 4096 re.
1322 4042 1545 4097 Divitem
1591 4059 1850 4112 purpura-

271 4143 382 4188 tum
439 4133 700 4203 gebenna:
737 4132 950 4188 ﬂamma
995 4135 1258 4202 suscepit;
1301 4132 1534 4187 Lazarus
1571 4149 1771 4204 pauper
1799 4143 1854 4189 et

273 4225 540 4282 ulceribus
590 4223 812 4292 plenus,
844 4222 994 4294 cujus
1037 4237 1226 4277 carnes
1271 4223 1507 4293 putridas
1551 4224 1854 4279 lambebant

272 4331 458 4382 canes,
489 4326 544 4370 et
571 4317 660 4370 vix
688 4315 754 4372 de
777 4317 929 4370 micis
955 4330 1155 4370 mensa:
1183 4316 1462 4386 locupletis
1490 4317 1850 4371 miserabilem

269 4410 866 4476 sustentabatauiinam,
886 4408 939 4464 in
957 4409 1075 4466 sinu
1093 4409 1322 4464 Abrahae
1339 4410 1613 4479 recipitur,
1632 4419 1687 4465 et
1707 4419 1852 4465 tanto

269 4501 578 4556 Patriarcha
609 4511 828 4572 parente
855 4503 1081 4557 iactatur.
1113 4501 1356 4567 Difﬁcile,
1378 4503 1485 4556 imo
1525 4503 1853 4572 impossibile

269 4603 378 4647 est.
418 4603 474 4647 ut
504 4604 558 4647 et
589 4594 940 4661 praisentibus
964 4592 1082 4662 quis
1112 4603 1166 4648 ct
1195 4593 1385 4648 futuris
1411 4592 1617 4648 fruatur
1659 4594 1850 4652 bonis:

270 4697 329 4741 ut
355 4697 409 4740 et
439 4685 527 4738 hic
549 4695 787 4738 ventrem
809 4725 824 4750 ,
853 4697 908 4740 et
938 4686 1009 4738 ibi
1039 4695 1274 4742 mentem
1307 4688 1558 4757 impleat;
1590 4699 1647 4743 ut
1668 4690 1736 4746 de
1761 4692 1855 4748 de-

271 4777 410 4831 liciis
443 4784 676 4829 transeat
702 4777 767 4830 ad
795 4776 1045 4841 delicias;
1078 4787 1134 4831 ut
1167 4780 1219 4832 in
1250 4789 1476 4849 utroque
1501 4782 1698 4835 saeculo
1743 4785 1855 4852 pri-

275 4891 394 4930 mus
437 4875 544 4940 sit;
588 4884 644 4928 ut
679 4873 813 4929 etin
853 4873 993 4928 caelo
1036 4883 1090 4929 et
1133 4875 1187 4928 in
1242 4883 1381 4929 terra
1431 4887 1689 4946 appareat
1734 4879 1853 4948 glo-

274 4967 470 5021 rimus.

346 5058 398 5110 7.
432 5053 584 5122 Quod
609 5053 655 5108 si
684 5054 774 5109 tibi
797 5056 956 5110 tacita
973 5055 1224 5126 cogitatio
1244 5057 1555 5126 scrupulum
1586 5061 1851 5115 moverit:

275 5162 368 5200 cur
400 5145 632 5199 monitor
660 5147 771 5214 ipse
803 5162 907 5199 non
939 5147 1056 5200 talis
1083 5148 1204 5212 sim,
1245 5148 1456 5218 qualem
1489 5158 1540 5204 te
1569 5164 1689 5204 esse
1716 5149 1856 5206 desi-

276 5238 405 5292 dero
429 5253 444 5303 ;
473 5247 526 5291 et
554 5235 840 5291 nonnullos
860 5237 1057 5293 videris
1083 5239 1134 5293 in
1157 5240 1335 5296 medio
1355 5240 1546 5297 itinere
1565 5243 1852 5308 corruisse,

278 5329 407 5384 illud
435 5329 670 5384 breviter
713 5326 1050 5396 respondebo
1071 5369 1086 5392 ,
1119 5345 1225 5384 non
1256 5346 1372 5385 mea
1403 5346 1522 5386 esse
1551 5349 1672 5402 qua:
1711 5333 1852 5400 dico,

277 5423 370 5478 sed
425 5420 633 5475 Domini
674 5418 986 5474 Salvatoris.
1035 5418 1152 5475 Non
1183 5438 1402 5478 monere
1427 5425 1550 5493 quid
1583 5426 1696 5494 ipse
1726 5442 1853 5496 pos-

275 5511 412 5581 sim;
448 5511 542 5567 scd
571 5511 697 5582 quid
727 5509 918 5565 debeat
952 5509 1087 5566 velle
1118 5510 1192 5584 (a)
1220 5513 1301 5566 vel
1339 5512 1512 5569 facere
1539 5517 1629 5588 qui
1667 5532 1854 5572 servus

337 5647 410 5710 (α)
442 5646 554 5696 Duo
576 5647 726 5696 verba
736 5644 821 5710 vel
841 5644 1020 5710 facere,
1051 5658 1160 5710 qure
1186 5659 1248 5710 ei;
1273 5647 1448 5698 decem
1472 5648 1582 5699 Mss.
1609 5651 1855 5701 codicibus

273 5706 400 5774 gjim'
428 5711 714 5760 restituerat
735 5707 1000 5766 Victorius,
1036 5706 1192 5774 editor
1223 5709 1571 5774 Benedictinus
1594 5714 1854 5774 impressos

274 5762 608 5835 Frobenianos
630 5777 830 5835 secutus
854 5762 1110 5831 expunxit,
1136 5783 1222 5820 nos
1243 5784 1306 5821 ex
1328 5767 1434 5822 aliis
1454 5762 1672 5835 antiquis
1687 5762 1854 5824 exem¥

273 5831 488 5892 plaribus
515 5833 835 5893 reposuimus.

636 5915 695 5974 S.
746 5915 1114 5974 HIERONYMI
1131 5914 1190 5974 Ἰ.

1648 352 1975 410 EPISTULA
2010 353 2198 411 CXIX.

3445 371 3548 428 966

1968 468 2176 525 futurus
2204 478 2288 526 est
2315 469 2531 526 Christi.
2552 473 2629 528 Er
2655 492 2914 535 unum
2943 495 3053 537 SUlS
3075 483 3150 555 (ὑ)
3179 485 3547 547 incitatoribus

1968 559 2216 617 fortiores
2247 572 2375 618 sunt
2401 581 2416 627 ;
2448 572 2502 619 et
2533 575 2706 622 tamen
2747 581 2930 626 monet
2971 573 3227 643 debilior,
3257 587 3318 632 ut
3345 591 3547 650 pugnet

1968 649 2058 704 ille
2081 652 2170 721 qui
2197 649 2392 706 fortior
2437 663 2541 709 est.
2574 654 2699 720 Noli.
2722 661 2990 728 respicere
3013 663 3204 720 Judam
3241 649 3544 740 negantem,

1967 740 2060 795 sed
2092 740 2315 797 Paulum
2348 745 2554 815 respice
2593 746 2956 806 confitentem.
2987 753 3152 810 Jacob
3174 757 3421 815 ditissimi
3451 776 3546 830 pa-

1968 833 2063 886 tris
2092 832 2251 901 filius,
2286 837 2438 892 solus
2460 847 2513 892 et
2551 839 2725 895 nudus
2755 841 2806 894 in
2839 842 3026 898 baculo
3051 863 3148 902 suo
3175 852 3346 921 pergit
3371 852 3546 908 Meso-

1967 927 2276 994 potamiam,
2323 929 2470 998 jacet
2507 929 2680 986 lassus
2716 932 2766 985 in
2797 933 3004 998 itinere,
3038 949 3092 991 et
3138 940 3228 1009 qui
3272 941 3547 998 delicatis-

1965 1016 2100 1072 sime
2129 1032 2160 1072 a
2205 1018 2445 1076 Rebecca
2498 1030 2667 1077 matre
2719 1022 2892 1079 fuerat
2931 1026 3215 1093 educatus,
3258 1032 3435 1102 lapide
3479 1035 3545 1088 ad

1964 1118 2121 1177 caput
2147 1124 2244 1178 pro
2272 1111 2489 1180 pulvillo
2519 1113 2701 1172 utitur.
2725 1115 2866 1171 Vidit
2891 1118 3090 1172 scalam
3115 1119 3183 1176 de
3209 1130 3348 1178 terra
3380 1140 3545 1196 usque

1964 1198 2030 1252 ad
2061 1200 2277 1267 cmlum,
2318 1213 2372 1257 et
2405 1204 2757 1261 ascendentes
2797 1223 2889 1276 per
2934 1224 3051 1263 eam
3084 1212 3315 1281 Angelos
3361 1224 3417 1270 et
3451 1217 3544 1272 dc—

1964 1291 2303 1356 scendentcs,
2351 1304 2405 1349 et
2433 1296 2670 1366 desuper
2715 1299 3031 1356 innitentem
3075 1303 3357 1361 Dominum
3393 1309 3544 1379 (Gen.
3593 1356 3601 1362 .
3695 1297 3708 1302 ’

1963 1384 2056 1455 9.8)
2085 1427 2100 1452 ,
2131 1396 2188 1440 ut
2216 1387 2287 1459 (c)
2321 1388 2481 1458 lapsis
2509 1406 2723 1446 manum
2756 1395 3073 1465 porrigeret,
3105 1406 3163 1452 ut
3187 1399 3544 1457 ascendentes

1962 1489 2060 1530 Suo
2086 1478 2151 1531 ad
2193 1477 2430 1534 laborem
2458 1494 2775 1552 provocaret
2801 1497 3043 1555 aspectu.
3071 1487 3226 1543 Unde
3251 1499 3304 1544 et
3325 1499 3546 1546 vocatur

1963 1565 2112 1621 locus
2139 1568 2253 1636 ipse
2282 1567 2479 1635 Bel/iet,
2519 1571 2620 1627 hoc
2645 1583 2747 1638 est,
2791 1574 2985 1630 Domus
3012 1577 3139 1643 Dei;
3170 1580 3220 1633 in
3249 1597 3350 1650 qua
3373 1582 3546 1652 quoti~

1961 1657 2048 1711 die
2085 1661 2395 1714 ascenditur
2443 1672 2605 1732 atque
2651 1663 3016 1721 descenditur.
3066 1668 3133 1722 Et
3172 1668 3352 1725 Sancti
3402 1673 3545 1730 enim

1960 1759 2235 1814 corruunt,
2273 1751 2316 1805 si
2345 1751 2543 1807 fuerint
2579 1754 2950 1824 negligentes;
2977 1767 3031 1811 et
3073 1771 3382 1828 peccatores
3427 1765 3537 1834 pri.

1961 1837 2157 1892 stinum
2202 1841 2464 1910 recipiunt
2511 1843 2753 1912 gradum,
2791 1846 2835 1900 si
2885 1848 3076 1903 sordes
3123 1849 3339 1906 ﬂetibus
3394 1853 3544 1909 lave-

1960 1930 2086 1986 rint.
2121 1931 2232 1986 lloc
2273 1933 2395 1988 ideo
2441 1935 2576 2004 dixi,
2604 1946 2660 1990 ut
2688 1953 2792 1991 non
2836 1949 2887 1994 te
2940 1949 3176 1997 terreant
3206 1942 3545 2001 descenden-

1962 2031 2061 2087 tes,
2135 2024 2299 2095 799
2370 2025 2464 2080 sed
2520 2029 2810 2096 provocent
2848 2032 3222 2088 ascendentes.
3264 2034 3544 2106 Nunquam

1959 2115 2269 2183 exemplum
2313 2130 2344 2170 a
2393 2116 2546 2172 malis
2575 2119 2834 2178 sumitur:
2864 2123 3024 2177 etiam
3057 2124 3109 2179 in
3154 2128 3333 2183 smculi
3383 2129 3545 2185 rebus

1959 2218 2172 2273 semper
2212 2219 2241 2257 a
2290 2221 2376 2260 me
2423 2207 2626 2262 meliori
2681 2220 2833 2279 parte
2902 2213 3244 2270 incitamenta
3289 2217 3543 2274 virtutum

1959 2305 2101 2350 sunt.
2182 2296 2391 2354 Oblitus
2446 2303 2704 2372 propositi
2757 2313 2812 2358 et
2865 2305 3170 2374 epistolaris
3225 2308 3544 2376 brevitatis,

1958 2388 2110 2457 plura
2135 2388 2337 2445 dictare
2367 2393 2642 2460 cupiebam
2669 2410 2683 2458 ;
2716 2395 2782 2448 ad
2805 2397 3044 2452 materia:
3068 2399 3264 2470 quippe
3310 2401 3541 2473 dignita-

1961 2491 2088 2547 tem,
2121 2490 2174 2536 et
2200 2482 2266 2536 ad
2296 2485 2550 2554 meritum
2578 2500 2822 2554 personae
2850 2497 2950 2542 tute
2979 2531 2994 2557 ,
3035 2480 3223 2560 parum
3247 2501 3333 2548 est
3359 2510 3540 2562 omne,

1957 2570 2331 2639 quod-dicitur
2377 2585 2478 2629 :et
2520 2591 2645 2631 ecce
2693 2576 2786 2632 tibi
2839 2587 3022 2634 noster
3067 2582 3334 2638 Ausonius
3380 2587 3545 2656 coepit

1957 2661 2242 2716 schedulas
2279 2662 2519 2734 ﬂagitare
2547 2707 2562 2732 ,
2602 2682 2794 2736 urgere
2824 2670 3082 2734 notarios,
3113 2681 3167 2726 et
3195 2672 3404 2728 hinnitu
3431 2677 3540 2730 fer-

1956 2754 2131 2807 ventis
2147 2754 2290 2824 equi,
2317 2755 2568 2825 ingenioli
2591 2759 2692 2812 mei
2713 2758 2934 2814 festinus
2957 2777 3181 2832 arguere
3205 2765 3534 2838 tarditatem.

1954 2842 2224 2900 Memento
2256 2845 2415 2915 igitur
2446 2849 2636 2912 nostri,
2666 2857 2720 2903 et
2746 2865 2894 2917 cura,
2929 2862 2981 2906 ut
3009 2853 3062 2907 iu
3083 2853 3301 2912 Christo
3334 2859 3538 2924 valeas,

1955 2938 2130 3008 Atque
2153 2948 2210 2993 ut
2237 2949 2430 2994 caetera
2457 2950 2657 2996 taceam
2680 2983 2694 3008 ,
2733 2943 3025 3000 domestica
3053 2958 3254 3003 sancta:
3288 2950 3440 3006 γει-ε
3462 2951 3543 3023 (l)

1955 3029 2199 3098 exempla
2247 3039 2454 3086 sectare
2479 3072 2494 3098 ,
2527 3048 2646 3102 quae
2678 3049 2802 3089 vere
2833 3045 3014 3106 secuta
3040 3037 3354 3105 Christnm‘,
3383 3057 3541 3112 perc-

1955 3121 2272 3191 grinatiouis
2314 3123 2592 3180 molestias
2631 3127 2898 3192 sustinet,
2941 3138 2994 3184 et
3022 3129 3092 3184 sit
3123 3130 3218 3186 tibi
3258 3135 3384 3188 tanti
3433 3136 3539 3190 dua:

1951 3215 2145 3282 femina
2169 3215 2290 3284 [acti
2325 3215 2566 3280 {/Eneid.
2601 3218 2638 3271 l.
2675 3220 2748 3286 l).

2380 3307 2712 3364 El’lSTOLA
2776 3311 2938 3366 CXIX
3009 3312 3108 3384 (ά).

2059 3412 2128 3451 an
2163 3413 2461 3453 uinsaku
2507 3415 2577 3454 ετ
2617 3417 2971 3457 Αιειλκυιιυκ
3023 3405 3096 3475 (e)
3135 3419 3432 3464 uouscuos.

1956 3485 2227 3555 Minervio,
2257 3498 2302 3544 et
2325 3489 2640 3558 Alexandro,
2672 3499 2762 3562 qut
2783 3511 2874 3562 per
2898 3495 3183 3551 Sisinnium
3210 3501 3532 3563 monac/mm,

2024 3579 2191 3646 ﬁlium
2231 3578 2412 3634 Sancti
2442 3579 2688 3650 Exuperii
2734 3583 2979 3654 Episcopi
3009 3585 3250 3641 Tolosani
3277 3590 3340 3643 de
3381 3591 3542 3645 verbis

2025 3668 2277 3737 Apostoli,
2305 3667 2505 3724 Omnes
2531 3670 2746 3740 quidem
2785 3672 3134 3742 dormiamus,
3169 3688 3298 3742 etc.,
3323 3679 3539 3733 interro-

2023 3768 2285 3827 gaverunt,
2314 3761 2581 3829 respondet
2609 3777 2628 3814 :
2650 3762 2779 3814 alias
2801 3763 2855 3815 id
2878 3781 3037 3833 genus
3067 3769 3365 3833 quwstiones
3383 3811 3396 3834 ,
3424 3788 3538 3840 qua

2023 3849 2176 3902 simul
2210 3851 2640 3919 proponebantur,
2669 3854 2721 3906 in
2745 3855 2888 3908 aliud
2910 3843 3150 3922 differens
3175 3868 3392 3930 tempus.

2018 3939 2079 3992 1.
2107 3939 2165 3994 In
2211 3940 2330 4010 ipso
2357 3942 2466 4012 jam
2499 3943 2848 4012 profectionis
2885 3947 3112 4002 articulo
3158 3953 3328 4006 sancti
3358 3952 3540 4011 fratris

1955 4030 2124 4084 nostri
2157 4031 2410 4100 ,Sisinnii,
2451 4034 2541 4104 qui
2599 4043 2775 4090 vestra
2825 4036 2955 4091 mihi
3001 4039 3196 4109 scripta
3247 4042 3538 4112 detulerat,

1956 4122 2093 4188 haec,
2140 4124 2550 4196 qualiacumque
2597 4137 2743 4195 sunt,
2799 4127 3004 4185 dictare
3059 4134 3376 4202 compellor,
3440 4153 3539 4192 nec

1957 4230 2170 4282 possum
2202 4229 2434 4273 vestram
2473 4221 2650 4276 celare
2697 4222 3051 4292 prudentiam,
3092 4227 3187 4281 sed
3215 4230 3442 4284 obsecro
3468 4249 3535 4286 ne

1957 4309 2057 4362 hoc
2086 4309 2286 4364 dictum
2325 4313 2566 4368 referatis
2593 4314 2658 4368 ad
2685 4315 2912 4385 gloriam
2935 4358 2948 4382 ,
2981 4318 3111 4388 quin
3135 4321 3310 4389 potius
3335 4323 3399 4375 ad
3426 4325 3537 4392 ple-

1943 4414 2079 4454 nam
2127 4403 2576 4459 necessitudinem
2608 4446 2624 4471 ,
2653 4406 2778 4460 dum
2805 4408 2873 4461 ita
2905 4409 3090 4474 vobis,
3121 4411 3271 4478 quasi
3301 4412 3428 4466 mihi
3461 4414 3541 4466 lo-

1957 4506 2118 4559 quor.
2145 4491 2339 4548 Multas
2368 4506 2676 4550 sanctorum
2705 4496 2945 4562 fratrum,
2979 4513 3042 4553 ac
3071 4515 3318 4554 sororum
3343 4501 3410 4556 de
3442 4519 3538 4558 ve-

1957 4593 2066 4638 stra
2113 4587 2390 4654 provincia
2434 4587 2500 4642 ad
2547 4603 2634 4642 me
2672 4587 2864 4643 detulit
2909 4592 3254 4659 quaistiones,
3309 4593 3373 4648 ad
3407 4610 3573 4680 quasY

1957 4673 2127 4744 usque
2152 4675 2218 4730 ad
2248 4676 2391 4732 diem
2422 4678 2843 4747 Epiphaniorum
2869 4719 2886 4745 ,
2919 4680 3221 4750 largissimo
3251 4686 3428 4754 spatio
3451 4704 3543 4744 me

1959 4781 2343 4840 responsurum
2387 4771 2661 4840 putabam.
2690 4771 2934 4842 Cumque
2960 4771 3172 4828 furtivis
3199 4778 3432 4832 noctium
3460 4780 3540 4834 lu.

1957 4859 2381 4916 cubratiunculis
2431 4860 2498 4914 ad
2542 4861 2828 4931 plerasque
2879 4861 3173 4933 dictarem;
3205 4876 3260 4922 et
3312 4870 3542 4940 expletis

2019 4973 2096 5044 (ὑλ
2124 4974 2300 5044 Verior
2324 4975 2478 5024 videri
2516 4979 2668 5038 possit
2700 4977 2974 5044 Veronens.
3013 4978 3104 5029 Ms.
3142 4979 3290 5033 lectio
3320 4985 3418 5036 suis
3458 5001 3546 5036 nn-

1956 5036 2203 5108 ctoritms;
2243 5036 2531 5111 impr-ossam
2569 5046 2732 5088 tamen
2770 5039 3074 5103 reliquimus,
3115 5047 3244 5107 quod
3269 5061 3437 5111 neque
3473 5050 3548 5098 in-

1956 5111 2168 5159 congrua
2191 5104 2294 5160 ipsa
2315 5104 2396 5147 sit.

2019 5163 2091 5223 (c)
2123 5160 2308 5230 V’itiose
2329 5160 2454 5222 apud
2478 5161 2806 5230 Martiaan
2835 5169 2939 5230 erg
2962 5163 3119 5227 lassis,
3146 5181 3294 5230 quem
3320 5183 3543 5222 errorem

1960 5221 2270 5290 liras'mo_d_i_u
2311 5231 2453 5272 antea
2478 5226 2872 5290 eitproliraverat
2899 5221 3180 5290 Episcopus
3201 5229 3437 5279 Reatinus
3479 5247 3542 5282 ex

1957 5284 2587 5354 sequentiHieronymiaao
2610 5293 2861 5347 contextu,
2887 5296 2931 5338 et
2944 5284 3106 5340 'sanct'i
3127 5291 3256 5340 enim
3291 5303 3542 5354 corruunt,

1957 5343 2000 5394 si
2020 5343 2198 5409 fuerim
2220 5343 2526 5409 negligentes.

2021 5405 2097 5475 (ά)
2127 5405 2331 5475 311.152.
2348 5405 2544 5475 Scripta
2565 5408 2698 5475 circa
2719 5409 2805 5475 ﬁn.
2831 5424 2912 5475 an.
2936 5413 3046 5462 406.

2044 5468 2086 5527 ε]
2127 5469 2182 5518 1η
2205 5468 2568 5520 γετοηειι.’Μδ.
2609 5473 2675 5522 ad
2710 5468 2993 5524 Minervium
3033 5479 3080 5522 et
3126 5472 3460 5525 Alexandrum
3481 5478 3544 5527 de

1958 5529 2244 5604 difﬁcillima
2283 5531 2666 5604 pauli__..tpqslo_l§
2703 5535 3312 5604 qutestioneninscribitur.‘
3333 5534 3545 5604 Veteres

1961 5592 2099 5642 editt.
2126 5592 2381 5644 Minertum
2414 5592 2596 5644 dicunt.
2625 5592 2776 5644 Por'ro
2800 5596 2934 5644 hisee
2960 5596 3133 5642 iisdem
3158 5593 3410 5648 fratribus.
3436 5601 3543 5648 sive

1957 5633 2862 5712 ithhc'ﬁi37rJ6EmT'Ediimieiimrios
2905 5659 2952 5704 in
2984 5655 3277 5712 Zachariam,
3307 5663 3358 5705 et
3396 5633 3544 5709 Mala:

1959 5716 2115 5767 chiam
2141 5719 2380 5782 inscripsit
2403 5719 2744 5782 Hieronymus,
2764 5729 2949 5778 eosque
2968 5718 3207 5777 sanguine
3226 5721 3278 5766 et
3302 5715 3544 5782 religione

1959 5779 2224 5828 concordes
2247 5779 2301 5828 iu
2322 5781 2563 5828 Procemio
2585 5779 2738 5828 Vocat.

2025 5840 2098 5902 (Ι)
2132 5839 2277 5890 Soror
2299 5841 2514 5890 creditur
2545 5839 2765 5888 Julianaz.

2801 5922 3053 5994 (Trente
3087 5929 3141 5983 ct
3172 5923 3341 5994 une.)
