4088 6336
481 5441 494 5452 ,
588 5386 683 5452 t_i_ni
699 5386 1060 5452 etiamaliquot
1074 5386 1227 5452 _libri,
1248 5386 1522 5452 -rel'erente

559 376 663 433 967

557 495 696 557 aliis,
727 504 812 546 me
837 489 903 544 ad
931 494 1158 542 vestram
1189 483 1339 554 quasi
1367 479 1433 534 ad
1473 478 1844 534 difficillimam
1887 488 2134 530 reserva-

561 601 694 650 rem,
722 583 901 638 subito
925 577 1236 649 supervenit
1261 617 1276 642 ,
1310 588 1561 629 asserens
1587 584 1647 626 se
1691 570 1834 625 illico
1863 564 2137 639 proiectu-

560 692 698 732 rum.
726 673 966 742 Cumque
989 684 1111 726 eum
1152 681 1396 737 rogarem
1417 673 1483 720 ut
1509 662 1749 718 dill'erret
1775 660 1876 715 iter
1896 700 1913 727 ,
1945 659 2022 729 (a)
2045 655 2136 711 Li-

560 771 677 841 bya;
715 765 846 822 mibi
887 763 1049 833 cmpit
1087 760 1280 815 famem
1327 756 1644 822 obtendere,
1691 751 2136 810 monasteriorum

560 858 780 932 ὅκῃ)ιί
807 855 1155 916 necessitates
1179 893 1195 918 ,
1225 851 1332 906 Nili
1373 866 1476 905 non
1501 848 1690 920 plenas
1721 859 1909 915 aquas,
1938 842 2140 932 multo—

565 931 684 1005 rum
715 946 972 1014 inediam,
1043 944 1209 1016 800
1283 951 1340 997 ut
1372 954 1535 1011 prope
1561 937 1759 992 oll'ensa
1787 942 1930 990 esset
1956 931 2009 988 in
2039 931 2141 985 Do-

563 1041 788 1104 minum,
809 1037 960 1093 illum
983 1035 1118 1091 ultra
1144 1033 1281 1090 velle
1303 1032 1556 1087 retinere.
1588 1027 1770 1098 Itaque
1797 1025 1896 1080 sub
1921 1033 2138 1093 tegmen

562 1145 616 1187 ct
645 1136 872 1188 stamina
892 1172 907 1194 ,
938 1129 1161 1197 liciaque
1181 1168 1196 1194 ,
1225 1135 1277 1181 et
1313 1125 1472 1189 telas,
1498 1137 1617 1192 qua:
1648 1118 1776 1173 mihi
1814 1117 1878 1172 ad
1913 1125 2144 1170 vestram

564 1229 793 1282 tunicam
845 1236 1194 1294 paraveram,
1228 1217 1378 1272 vobis
1410 1213 1720 1298 iuconfecta
1756 1207 2058 1274 transmisi,
2087 1214 2143 1260 nt

563 1316 816 1391 quidquid
847 1314 974 1369 mihi
997 1313 1166 1376 deest,
1199 1318 1378 1365 vestro
1406 1314 1617 1362 texatur
1638 1303 1871 1374 eloquio.
1899 1298 2142 1356 Pruden-

565 1426 646 1468 tes
666 1411 816 1476 estis,
849 1417 903 1463 et
926 1405 1142 1469 eruditi,
1175 1412 1230 1457 et
1262 1403 1328 1456 de
1369 1401 1447 1470 (b)
1474 1398 1663 1454 canina
1684 1438 1700 1462 ,
1733 1404 1790 1450 ut
1819 1394 1893 1448 ait
1921 1391 2141 1460 Appius,

565 1502 831 1567 facundia,
859 1500 923 1554 ad
940 1498 1136 1554 Christi
1160 1493 1588 1551 disertitudinem
1611 1485 2016 1558 trasmigrastis.
2038 1481 2146 1538 Nec

565 1609 758 1667 magno
782 1593 908 1648 mihi
947 1589 1086 1661 apud
1119 1603 1211 1643 vos
1237 1587 1418 1641 labore
1449 1597 1584 1654 Opus
1622 1590 1738 1646 est;
1771 1577 1917 1649 quod
1951 1575 2141 1632 Philo-

567 1689 796 1759 sophutn
843 1683 1124 1756 quemdam
1171 1681 1222 1734 in
1253 1675 1528 1734 suadendo
1557 1673 1758 1728 rustico
1784 1685 1904 1727 esse
1930 1681 2149 1739 perpes-

565 1795 683 1836 sum
727 1785 947 1834 narrant
992 1773 1202 1828 fabulas.
1253 1769 1352 1824 Via:
1404 1767 1526 1822 dum
1573 1763 1884 1827 dimidium,
1937 1759 2145 1829 inquit,

567 1873 817 1936 dixeram,
869 1869 982 1938 jam
1034 1863 1369 1919 intellexerat.
1422 1859 1605 1928 Itaque
1653 1864 1708 1911 et
1755 1868 1855 1924 ego
1909 1861 2150 1920 tempore

567 1971 887 2022 coarctatus,
929 1958 1258 2027 singulorum
1287 1952 1460 2015 vobis,
1492 1950 1580 2020 qui
1607 1949 1658 2004 in
1689 1961 1894 2002 sacram
1913 1944 2151 2010 Scriptu-

567 2067 680 2106 iam
708 2047 1174 2106 connueutariolos
1203 2045 1538 2114 reliquerunt
1565 2081 1582 2108 ,
1612 2037 1906 2094 sententias
1935 2034 2146 2104 protuli,

568 2153 623 2195 et
660 2141 726 2196 ad
772 2140 990 2194 verbum
1023 2137 1275 2206 pleraque
1315 2133 1693 2202 interpretatus
1721 2143 1875 2190 sum;
1905 2136 1959 2179 ut
1983 2133 2038 2178 et
2064 2138 2150 2179 me

569 2236 790 2289 liberem
841 2229 1156 2301 quarstionc,
1210 2236 1264 2281 et
1316 2224 1466 2279 vobis
1516 2230 1753 2278 veterum
1803 2223 2148 2272 tractatorum

571 2326 811 2379 mittatur
838 2320 1150 2384 auctoritas,
1183 2316 1272 2386 qui
1301 2316 1352 2369 iu
1386 2312 1626 2384 legendis
1653 2309 1896 2380 singulis,
1939 2321 2000 2359 ac
2025 2321 2149 2374 pro-

573 2416 789 2481 bandis,
815 2430 921 2468 non
950 2427 1083 2467 mea:
1129 2408 1387 2464 voluntati
1413 2447 1430 2474 ,
1473 2405 1566 2460 sed
1591 2414 1770 2458 vestro
1801 2400 2152 2470 acquiescat'ts

573 2505 815 2562 arbitrio.

642 2599 699 2652 2.
727 2595 974 2664 Quaeritis
1013 2609 1118 2663 quo
1146 2605 1307 2648 sensu
1347 2589 1548 2643 dictum
1588 2586 1677 2649 sit,
1705 2593 1758 2638 et
1787 2579 2054 2652 quomodo
2100 2578 2150 2632 in

577 2689 745 2757 prima
776 2685 841 2739 ad
882 2683 1195 2739 Corinthios
1241 2680 1465 2750 epistola
1505 2676 1653 2732 Pauli
1687 2673 1925 2744 Apostoli
1967 2672 2038 2726 sit
2079 2671 2154 2725 le-

575 2777 806 2848 gendum
835 2794 849 2831 :
877 2773 1064 2829 Omnes
1082 2772 1284 2844 quidem
1310 2769 1646 2830 dormiemus,
1669 2783 1770 2818 non
1785 2774 1952 2816 autem
1980 2778 2153 2816 omnes

576 2867 953 2923 immutabimur
989 2863 1079 2937 (l.
1121 2860 1242 2916 Cor.
1289 2861 1376 2915 15.
1428 2858 1524 2930 5).
1576 2857 1658 2912 An
1707 2856 1854 2926 juxta
1911 2851 2152 2923 quaedam

577 2959 923 3030 exemplaria.
958 2954 1079 3010 Non
1111 2969 1284 3009 omnes
1309 2951 1634 3014 dormiemus,
1667 2964 1838 3002 omnes
1861 2957 2027 2999 autem
2056 2945 2153 2997 im-

579 3050 884 3105 mutabimur
908 3063 926 3101 :
951 3044 1022 3120 (ο)
1047 3055 1332 3115 utrumque
1360 3042 1502 3097 enim
1552 3041 1605 3095 in
1652 3038 1855 3096 Graacis
1887 3037 2157 3092 codicibus

581 3142 870 3197 invenitur.
899 3140 1073 3208 Super
1102 3149 1211 3207 quo
1253 3133 1572 3190 Theodorus
1614 3129 1990 3192 Heracleotes,
2037 3143 2158 3197 quze

582 3235 708 3289 urbs
737 3232 865 3286 olim
908 3229 1193 3286 Perinthus
1245 3226 1530 3281 vocabatur
1561 3262 1574 3285 ,
1617 3223 1670 3276 in
1709 3219 2160 3275 commentariolis

584 3323 824 3394 Apostoli
861 3322 939 3376 sic
989 3321 1197 3374 locutus
1239 3324 1365 3372 est:
1419 3314 1604 3367 Omnes
1654 3312 1852 3379 quidem
1892 3325 1992 3362 non
2037 3307 2158 3361 dor-

585 3417 817 3479 miemus,
850 3427 1020 3466 omnes
1047 3420 1214 3463 autem
1241 3405 1638 3461 immutabimur.
1673 3420 1694 3455 ι
1734 3402 1916 3456 Enocn
1936 3401 2079 3456 enim
2107 3409 2160 3454 et

590 3505 732 3560 l'llias
755 3543 770 3566 .
804 3501 992 3558 mortis
1041 3498 1359 3554 necessitate
1404 3504 1650 3565 superata
1673 3535 1688 3561 ,
1723 3495 1790 3547 ita
1830 3502 1886 3547 ut
1913 3501 2067 3547 erant
2108 3492 2160 3546 in

583 3595 934 3666 corporibus,
993 3594 1060 3648 dc
1118 3603 1327 3647 terrena
1365 3589 1774 3646 conversatione
1819 3586 1887 3642 ad
1925 3587 2162 3643 cmlestia

585 3704 744 3760 regna
768 3686 1007 3743 translati
1029 3694 1153 3740 sunt
1177 3682 1378 3758 (Gener.
1410 3683 1464 3738 5.
1496 3682 1531 3738 4
1558 3700 1572 3748 ;
1602 3691 1650 3737 et
1679 3680 1804 3753 Reg.
1828 3679 1905 3753 2).
1933 3679 2088 3736 Unde
2110 3687 2165 3735 et

583 3783 760 3840 Sancti
792 3780 883 3852 qui
921 3779 1010 3834 die
1037 3776 1513 3837 consummationis
1539 3786 1700 3846 atque
1739 3774 1924 3845 judicii
1955 3774 2004 3827 in
2036 3787 2158 3828 coro

585 3876 802 3946 poribus
836 3871 1138 3943 reperiendi
1173 3862 1317 3938 sunt,
1360 3884 1482 3925 cum
1526 3870 1644 3923 aliis
1687 3867 1919 3932 Sanctis,
1963 3867 2052 3936 qui
2096 3883 2164 3922 ex

586 3967 810 4022 mortuis
839 3963 1186 4021 resurrecturi
1211 3972 1373 4028 sunt,
1405 3963 1692 4032 rapientur
1730 3960 1782 4016 in
1811 3960 2041 4016 nubibus
2069 3961 2164 4014 ob-

585 4060 724 4114 viam
769 4058 978 4113 Clll’lalo
1011 4057 1064 4112 in
1103 4071 1250 4121 aera,
1297 4064 1352 4110 et
1392 4070 1498 4109 non
1534 4053 1824 4126 gustabunt
1870 4066 2094 4108 mortem
2151 4071 2163 4106 :

587 4157 849 4218 eruntque
893 4161 1108 4216 semper
1153 4160 1274 4200 cum
1317 4146 1580 4211 Domino,
1619 4145 1932 4215 gravissima
1980 4145 2166 4198 mortis

589 4242 907 4296 necessitate
927 4240 1149 4294 calcata.
1185 4237 1334 4293 Unde
1363 4239 1436 4291 ait
1464 4237 1752 4306 Apostolus
1784 4255 1797 4290 :
1831 4235 2017 4290 Omnes
2043 4238 2161 4306 qui-

588 4333 701 4386 dem
735 4347 837 4385 non
875 4331 1201 4392 dormiemus,
1229 4346 1401 4382 omnes
1437 4338 1604 4383 autem
1633 4329 2029 4384 immutabimur.
2067 4331 2166 4398 Qui

587 4426 730 4481 enim
756 4441 821 4480 es
851 4423 1077 4479 mortuis
1103 4421 1518 4488 resurrexcrint,
1541 4430 1596 4476 et
1625 4421 1675 4475 in
1710 4421 1944 4478 nubibus
1976 4424 2164 4478 viven-

587 4530 669 4577 tes
690 4519 828 4592 rapti
853 4515 1071 4580 fuerint,
1100 4515 1400 4570 transibunt
1420 4515 1484 4568 ad
1514 4515 1990 4586 incorruptionem,
2016 4526 2070 4572 et
2088 4517 2164 4589 (ιι)

649 4654 723 4717 (a)
742 4654 854 4718 _l_’ro
887 4653 1044 4718 Libym
1073 4652 1270 4718 nomine
1304 4658 1412 4718 erat
1431 4652 1500 4718 _in
1536 4651 1774 4718 hactenus
1796 4653 1991 4718 excusis
2023 4651 2170 4704 libere

588 4711 892 4778 adverbium,
919 4711 1051 4778 quod
1075 4714 1189 4778 beic
1225 4712 1315 4778 loci
1342 4711 1462 4778 nihil
1489 4718 1583 4778 est,
1607 4713 1851 4775 siquidem
1875 4712 2062 4777 Libyca
2087 4729 2169 4762 re-

589 4778 750 4837 gionis
789 4774 967 4825 fantem
1013 4775 1312 4826 obtendebat
1357 4774 1622 4837 Sisinnius,
1669 4774 1722 4824 et
1752 4774 2170 4837 monasteriorum

591 4835 780 4907 .Egypli
803 4839 1140 4907 necessitates,
1154 4837 1347 4907 quibus
1367 4848 1510 4898 opem
1532 4835 1694 4907 ferre,
1716 4836 2044 4907 ele_emosy_nis
2069 4851 2171 4888 sus

589 4896 867 4946 tcs'tinabat.
891 4896 1197 4946 Veronensis
1219 4896 1343 4944 liber
1368 4896 1725 4954 emendationis
1746 4896 2009 4948 admonuit.

588 4957 724 5069 wsb)
758 4957 882 5008 Puta
923 4957 1184 5008 forensem.
1224 4957 1520 5007 Prudentius
1551 4959 1601 5006 in
1632 4958 1997 5020 Hamartigenia
2035 4974 2167 5010 vers.

779 5078 894 5142 Inde
916 5079 1092 5142 cauata
1113 5081 1216 5142 foro
1243 5077 1387 5142 latrat
1419 5079 1664 5142 facundia,
1693 5088 1788 5132 etc.

590 5141 773 5191 Passim
807 5140 925 5190 alibi
957 5140 1297 5203 Hieronymus.
1323 5140 1527 5202 Exstant
1548 5155 1668 5192 vero
1697 5144 1795 5192 duo
1830 5142 2045 5194 Sallustii
2072 5145 2170 5196 fra-

587 5211 807 5266 gmenta,
832 5203 1081 5266 inquibus
1105 5202 1198 5250 hac
1220 5203 1361 5266 Appii
1383 5203 1564 5266 dictum
1588 5204 1839 5256 recitatur.

564 5291 567 5294 .
593 5263 611 5266 '
653 5265 724 5327 (ε)
757 5265 812 5314 Ῑη
835 5263 1017 5326 aliquot
1052 5276 1233 5324 nempe
1257 5263 1502 5313 cedicibus
1524 5263 1706 5315 Graecis
1731 5275 1834 5330 est.
1857 5281 1993 5326 ιιάντις
2015 5282 2077 5330 μὶν
2109 5289 2171 5322 οὖν

587 5337 995 5395 mutummutum
1019 5337 1060 5395 of)
1233 5336 1516 5395 αλλαῃσόμιβα
1536 5339 1547 5372 :
1566 5338 1711 5395 quam
1730 5328 1988 5395 lectionem
2012 5328 2063 5395 et
2083 5333 2172 5382 La-

1610 5391 1840 5449 ngustino
1873 5390 1956 5442 lib.
2000 5393 2080 5442 20.
2105 5396 2170 5444 de

587 5448 729 5499 Civit.
771 5449 867 5520 l_).ei
905 5445 1010 5520 cap.
1031 5448 1114 5520 βο.
1141 5445 1488 5520 prmferebant,
1517 5445 1710 5520 tametsi
1737 5455 1930 5520 proprie
1950 5453 2166 5520 ﬁnget)-

585 5523 694 5558 rum
719 5511 950 5578 codicum
965 5508 1271 5578 'fuisse‘ipse
1309 5509 1604 5578 idempotet
1627 5508 1770 5578 episi.
1794 5508 1906 5564 205.
1933 5515 1995 5566 At
2019 5517 2169 5578 pleri-

619 5584 683 5641 ue
705 5583 877 5641 omnes
917 5571 1091 5641 Graeci,
1130 5570 1630 5641 atqueejuslinguze
1653 5570 2169 5641 'l‘ractatoresiriipen-

620 5634 664 5680 io
686 5632 824 5706 multi
847 5633 1074 5696 legerant
1092 5632 1334 5684 contrario
1349 5632 1682 5694 ‘sensu,_namu
1705 5649 1767 5698 at.
1790 5650 1831 5688 et.
1862 5632 2168 5701 ωιμηθνεσὲμιιι,

586 5703 1148 5866 ζῐέᾒηῗιῖῗδῗῆητὲΐδίι.
1175 5756 1207 5803 Ι.
1246 5764 1290 5807 et
1333 5757 1668 5811 mortalitatem
1688 5760 2041 5813 itmnortatitate
2061 5777 2165 5814 mu-

612 5832 634 5863 ‘t
754 5852 763 5862 .

612 5830 763 5863 unum.

1841 358 2082 418 SANCTI
2120 355 2492 414 lllEllO-NYMI

3716 373 3816 429 968

2242 487 2270 525 a
2319 474 2640 530 mortalitate
2708 477 2869 550 θοι
2946 479 2996 534 in
3039 480 3487 539 iunnortalitatem
3529 486 3813 544 mutabun-

2245 571 2364 627 tur;
2393 579 2496 620 non
2523 567 2573 620 iu
2607 577 2866 638 tempore,
2894 585 2996 625 non
3026 572 3212 627 saltem
3240 573 3292 628 in
3317 575 3463 630 brevi
3495 577 3814 648 spatio;scd

2243 654 2295 709 in
2324 667 2502 710 atomo
2530 667 2581 712 et
2612 659 2663 712 in
2697 669 2887 728 puncto
2908 665 3182 733 temporis,
3209 675 3367 736 atque
3391 678 3688 737 momento,
3714 688 3815 740 quo

2247 745 2495 815 palpebra
2540 749 2682 803 oculi
2741 753 2940 807 moveri
2994 763 3170 823 potest
3220 756 3271 810 in
3329 759 3619 813 novissima
3670 763 3811 818 tuba.

2245 837 2411 892 Tanta
2428 840 2569 894 enim
2598 839 2689 896 ﬁet
2714 843 2987 900 celeritate
3013 847 3336 902 resurrectio
3362 859 3722 918 mortuorum,
3757 862 3808 908 ut

2246 929 2384 994 vivi,
2411 945 2544 1000 quos
2571 931 2623 986 in
2653 934 2965 1004 corporibus
3006 937 3148 1003 suis,
3175 941 3649 996 consummationis
3689 951 3817 998 tem-

2247 1035 2344 1090 pus
2372 1023 2652 1090 invenerit,
2683 1036 2924 1081 mortuos
2949 1026 3016 1082 de
3044 1028 3228 1084 inferis
3271 1043 3612 1102 resurgentes
3637 1075 3651 1100 ,
3687 1050 3817 1103 pra:-

2247 1115 2427 1169 venire
2457 1129 2561 1169 non
2592 1117 2821 1173 valeant.
2849 1118 3021 1190 ,Ουοὰ
3054 1119 3333 1176 manifeste
3377 1121 3572 1177 Paulus
3619 1124 3817 1180 edisse-

2249 1221 2394 1273 reus,
2449 1205 2523 1260 ait
2571 1224 2585 1261 :
2635 1205 2793 1262 Canet
2843 1210 2976 1263 enim
3016 1209 3134 1264 tuba
3159 1252 3175 1278 ,
3231 1221 3277 1265 et
3322 1213 3509 1266 mortui
3564 1227 3819 1285 resurgant

2247 1297 2547 1367 incorrupti,
2575 1307 2622 1352 et
2649 1315 2742 1354 nos
2767 1300 3166 1356 immutabimur.
3195 1301 3404 1374 Oportet
3420 1305 3555 1359 enim
3582 1308 3821 1376 corrupti-

2250 1386 2348 1442 bile
2385 1387 2520 1442 istud
2557 1388 2768 1444 induere
2806 1392 3254 1463 incorruptionem,
3284 1403 3332 1448 et
3376 1398 3590 1450 mortale
3614 1399 3707 1451 hoc
3747 1398 3814 1451 in-

2250 1481 2403 1536 duere
2428 1482 2857 1540 immortalitatem
2904 1484 2979 1557 (l.
3023 1485 3142 1542 Cor.
3171 1487 3258 1542 15.
3293 1487 3384 1559 5:2)
3409 1529 3424 1555 ,
3474 1497 3533 1542 nt
3566 1493 3732 1559 possit
3772 1493 3819 1544 iu

2250 1583 2532 1646 utramque
2551 1586 2777 1646 partem,
2818 1578 2903 1634 vel
2944 1578 2996 1634 in
3030 1579 3222 1649 poenis,
3256 1582 3338 1636 vcl
3365 1581 3417 1635 iu
3447 1583 3708 1638 caelorum
3737 1599 3820 1638 re-

2251 1680 2356 1737 εηο
2385 1682 2602 1724 manere
2629 1679 2906 1740 perpetuo.
2948 1688 2968 1722 ι
3205 1715 3208 1718 .

2329 1775 2348 1808 ι
2388 1759 2442 1814 '5.
2479 1757 2752 1815 Diodorus
2773 1759 3052 1816 Tarsensis
3074 1761 3369 1833 Episcopus
3390 1804 3403 1826 ,
3424 1765 3694 1834 pra-terito
3729 1765 3823 1820 hoc

2253 1850 2505 1920 capitulo,
2564 1851 2616 1906 in
2665 1852 3116 1923 consequentibus
3165 1854 3395 1910 breviter
3431 1860 3744 1911 annotavit:
3778 1858 3824 1910 iu

2253 1956 2340 2008 eo,
2373 1942 2511 2011 quod
2541 1943 2797 2012 scriptmn
2819 1953 2901 1999 est
2930 1955 3012 1999 :et
3031 1947 3216 1999 mortui
3241 1957 3500 2017 resurgent
3519 1948 3821 2016 incorrupti.

2253 2042 2300 2086 et
2328 2048 2416 2086 nos
2457 2033 2854 2088 immutabimur.
2886 2034 2964 2099 Si,
3013 2035 3201 2106 inquit,
3230 2037 3520 2104 incorrupti
3555 2049 3826 2108 resurgant

2254 2125 2468 2187 mortui,
2496 2123 2633 2179 haud
2664 2125 2881 2180 dubium
2907 2126 3035 2197 quin
3061 2137 3115 2183 et
3141 2127 3241 2198 ipsi
3271 2128 3336 2182 ad
3365 2129 3585 2183 meliora
3608 2131 3790 2184 mutati
3813 2149 3825 2187 :

2255 2216 2380 2286 quid
2405 2233 2624 2272 necesse
2653 2217 2750 2272 fuit
2778 2218 2978 2284 dicere,
3002 2229 3051 2273 et
3076 2236 3168 2274 nos
3183 2221 3562 2275 immutabimur
3581 2222 3606 2276 .9
3624 2223 3701 2276 An
3731 2222 3827 2276 hoc

2257 2311 2424 2366 voluit
2457 2311 2677 2382 intelligi
2727 2312 2867 2382 quod
2899 2313 3228 2383 incorruptio
3257 2315 3557 2370 communis
3599 2315 3668 2370 sit
3707 2330 3822 2369 om.

2256 2403 2422 2466 nium,
2453 2404 2749 2460 immutatio
2788 2415 2964 2461 autem
2994 2407 3208 2478 proprie
3231 2407 3532 2476 justorum?
3576 2407 3699 2482 dum
3729 2424 3827 2463 non

2256 2495 2428 2549 solum
2489 2495 2942 2565 incorruptionem
2990 2506 3046 2552 et
3103 2497 3594 2564 immortalitatem,
3638 2498 3735 2554 sed
3779 2510 3829 2554 et

2257 2585 2478 2657 gloriam
2505 2595 2822 2656 sequuntur.
2856 2605 2876 2640 ι

2329 2680 2379 2733 4.
2402 2678 2761 2748 Apollinarins
2783 2679 2905 2736 licet
2924 2680 3040 2736 aliis
3066 2679 3259 2738 verbis.
3301 2680 3486 2736 eadem
3519 2696 3640 2751 qua:
3662 2681 3830 2736 Theo.

2258 2767 2421 2823 dorus
2450 2770 2679 2824 asseruit
2724 2786 2739 2824 :
2769 2771 3031 2840 quosdam
3063 2785 3164 2824 nou
3195 2785 3313 2825 esse
3342 2771 3650 2836 morituros,
3689 2781 3743 2827 et
3768 2772 3834 2828 de

2262 2862 2508 2931 praesenti
2540 2862 2646 2916 vita
2675 2861 2962 2933 rapiendos
2986 2863 3040 2916 in
3072 2861 3300 2915 futuram
3327 2901 3344 2923 ,
3391 2871 3444 2916 ut
3478 2862 3696 2917 mutatis
3723 2863 3832 2933 glo-

2261 2953 2583 3022 riliczitisque
2607 2953 2939 3023 corporibus,
2965 2954 3073 3008 sint
3105 2968 3226 3008 cum
3257 2953 3490 3009 Christo.
3520 2954 3670 3022 Quod
3700 2971 3833 3009 nunc

2261 3046 2328 3100 de
2356 3044 2567 3111 Enocli,
2596 3054 2649 3099 et
2680 3044 2792 3099 Elia
2820 3044 3105 3099 credimus.

2333 3136 2385 3190 5.
2433 3135 2685 3206 Didymus
2735 3150 2839 3190 non
2875 3135 3100 3205 pedibus
3121 3177 3138 3202 ,
3183 3135 3276 3190 sed
3307 3135 3482 3191 verbis
3515 3135 3567 3190 in
3593 3136 3833 3206 Origeuis

2266 3225 2528 3279 transiens
2573 3225 2927 3289 sententiam,
2969 3225 3232 3279 contraria
3287 3225 3368 3280 via
3407 3225 3663 3296 graditur.
3709 3226 3836 3280 Ecce

2264 3319 2555 3389 mysterium
2579 3319 2715 3372 vobis
2731 3319 2908 3388 loquor
2933 3334 2951 3373 :
2971 3319 3154 3372 Omnes
3169 3318 3367 3390 quidem
3390 3320 3718 3383 dormientus,
3741 3336 3835 3373 non

2267 3424 2437 3461 omnes
2455 3417 2622 3462 autem
2651 3408 3040 3462 immutabimur.
3063 3408 3210 3474 Quod
3229 3408 3298 3462 ita
3317 3408 3594 3464 disseruit:
3615 3427 3634 3461 ι
3661 3409 3713 3464 Si
3737 3425 3834 3464 non

2267 3497 2528 3568 indigeret
2576 3499 2901 3554 resurrectio
2957 3499 3265 3569 interprete,
3316 3514 3416 3555 nec
3465 3499 3835 3555 obscuritatem

2268 3589 2492 3645 haberet
2537 3590 2589 3644 in
2637 3592 2884 3645 sensibus
2909 3633 2922 3654 ,
2956 3606 3226 3660 nunquam
3258 3591 3453 3646 Paulus
3503 3599 3624 3661 post
3652 3591 3832 3654 multa,

2269 3699 2387 3752 qua:
2424 3682 2490 3738 de
2522 3683 2918 3740 resurrectione
2967 3685 3172 3739 locutus
3211 3692 3328 3747 est,
3361 3684 3629 3741 intulisset
3669 3702 3682 3737 :
3716 3683 3840 3738 Ecce

2270 3774 2561 3844 mysterium
2589 3775 2725 3828 vobis
2750 3775 2862 3828 dico
2908 3791 2926 3829 :
2973 3773 3156 3830 Omnes
3184 3776 3385 3845 quidem
3412 3777 3722 3831 dormiemus
3744 3817 3759 3843 ,
3791 3776 3840 3832 id

2271 3875 2375 3933 est,
2406 3866 2677 3920 moriemur
2704 3883 2805 3921 non
2830 3884 3000 3922 omnes
3044 3878 3233 3936 autent,
3262 3867 3355 3922 sed
3403 3869 3502 3924 soli
3541 3871 3709 3924 sancti
3753 3871 3844 3924 im-

2271 3956 2599 4011 mutubimur.
2645 3957 2772 4012 Scio
2824 3959 2964 4027 quod
3002 3958 3054 4012 iu
3105 3958 3374 4012 nonnullis
3403 3958 3677 4014 codicibus
3719 3959 3844 4016 scri-

2272 4056 2421 4116 ptum
2449 4047 2516 4102 sit
2549 4064 2563 4101 :
2597 4047 2716 4102 Non
2745 4049 2946 4119 quidem
2981 4064 3150 4103 omnes
3178 4049 3485 4104 darmiemus
3507 4090 3524 4118 ,
3551 4066 3724 4106 omnes
3751 4067 3844 4104 au-

2273 4150 2373 4194 tem
2398 4141 2788 4195 immutabimur.
2823 4143 2928 4197 Sed
2971 4141 3416 4198 considerandum
3446 4182 3461 4207 ,
3508 4157 3574 4196 an
3616 4144 3663 4198 ei
3707 4141 3842 4211 quod

2276 4231 2605 4300 praemissum
2628 4240 2730 4299 est,
2759 4249 2930 4286 omnes
2952 4233 3344 4294 immutabimur,
3376 4232 3547 4301 possit
3565 4234 3846 4288 convenire

2274 4321 2414 4390 quod
2442 4323 2681 4392 sequitur
2709 4339 2721 4375 :
2797 4324 2960 4395 802
3038 4323 3229 4377 Μονιηὶ
3262 4332 3522 4393 resurgent
3550 4323 3844 4392 incorrupti,

2275 4423 2320 4468 et
2346 4428 2436 4466 nos
2454 4413 2847 4470 immutabimur.
2876 4415 2929 4468 Si
2954 4413 3095 4469 enim
3116 4428 3303 4467 omnes
3328 4413 3773 4479 immutabuntnr,
3797 4423 3849 4468 et

2278 4507 2378 4562 hoc
2403 4523 2685 4564 commune
2711 4523 2832 4563 cum
2860 4509 3074 4563 caneris
3102 4517 3220 4572 est,
3264 4506 3592 4577 superﬂuum
3631 4509 3726 4562 fuit
3767 4509 3846 4562 di-

2275 4617 2419 4663 cere,
2449 4613 2495 4656 et
2537 4618 2626 4656 nos
2652 4601 3046 4655 immutabimur.
3074 4601 3435 4669 Quamobrem
3475 4602 3545 4656 ita
3575 4600 3848 4672 legendum

2275 4703 2375 4748 cst.
2408 4692 2593 4748 Omnes
2625 4695 2825 4762 quidem
2855 4694 3165 4748 dormiemus
3188 4735 3203 4758 ,
3233 4711 3333 4748 non
3363 4711 3535 4748 omnes
3559 4704 3726 4758 autem
3756 4695 3847 4744 int-

2277 4786 2598 4839 mutabiumr.
2621 4785 2674 4839 Si
2706 4785 2848 4840 enim
2881 4785 2931 4838 in
2959 4785 3127 4840 Adam
3155 4800 3342 4841 omnes
3372 4791 3702 4853 moriuntur,
3727 4798 3779 4843 et
3799 4789 3847 4842 in

2278 4887 2451 4933 morte
2501 4876 2751 4931 dormitio
2794 4886 2913 4937 est;
2958 4893 3148 4933 omnes
3198 4894 3329 4948 ergo
3377 4879 3699 4936 dormiemus
3741 4881 3848 4934 sive

2282 4971 2589 5025 moriemur.
2615 4969 2813 5023 Dormit
2843 4978 3021 5023 autem
3043 4969 3194 5038 juxta
3225 4969 3421 5024 idioma
3440 4970 3846 5040 Scripturarum,

2279 5063 2364 5129 qui
2394 5071 2636 5115 mortuus
2665 5071 2747 5114 est
2773 5075 2867 5129 spe
2895 5062 3302 5116 resurrectionis
3321 5061 3533 5117 futurae.
3561 5063 3851 5132 Omnistjue

2278 5157 2365 5226 qui
2413 5154 2629 5220 dormit,
2679 5153 2860 5223 utique
2884 5153 3310 5224 expergiscitur:
3346 5155 3388 5209 si
3419 5167 3594 5210 tamen
3625 5171 3729 5211 non
3767 5171 3851 5209 su-

2279 5247 2384 5302 bita
2413 5252 2489 5301 vis
2515 5245 2700 5300 mortis
2725 5261 2845 5300 eum
2865 5247 3214 5316 oppresserit,
3240 5255 3294 5300 et
3317 5261 3461 5300 mors
3489 5261 3680 5302 somno
3702 5247 3853 5302 fuerit

2278 5339 2539 5408 c0pulata.
2570 5336 2808 5407 Cumque
2837 5335 2929 5409 [a|.
2960 5335 3195 5409 namque]
3225 5351 3411 5391 omnes
3438 5336 3508 5390 ita
3537 5335 3848 5394 dormierint

2280 5429 2393 5495 lege
2423 5437 2623 5482 natura:
2648 5469 2666 5495 ,
2692 5427 2791 5482 soli
2820 5429 2989 5481 sancti
3036 5434 3093 5481 et
3134 5441 3356 5496 corpore
3383 5437 3437 5481 et
3465 5429 3643 5482 anima
3669 5429 3719 5483 in
3745 5445 3851 5484 me-

2279 5520 2378 5573 lius
2422 5521 2803 5573 mutabuutur:
2839 5519 2908 5572 ita
2943 5529 2999 5573 ut
3036 5518 3372 5589 incorruptio
3409 5520 3651 5574 omnium
3681 5537 3852 5576 resur-

2275 5612 2512 5682 gentium
2559 5615 2666 5677 sit;
2723 5612 2894 5682 gloria
2943 5622 3123 5668 autem
3171 5621 3331 5683 atque
3377 5613 3602 5667 mutatio
3652 5615 3854 5686 proprie

2276 5703 2611 5758 Sanctorum.
2670 5722 2688 5755 ι
2741 5703 2999 5774 Quodque
3053 5703 3292 5773 sequitur
3326 5703 3478 5774 juxta
3534 5704 3769 5771 Grzecos,
3813 5708 3856 5758 ιν

2275 5797 2457 5865 ἀτόμῳ,
2487 5801 2530 5850 ἕν
2555 5803 2672 5865 ῥιπῇ
2699 5837 2712 5861 ,
2746 5797 2855 5850 sive
2887 5801 2930 5847 ἐν
2951 5803 3071 5866 ῥοπῇ
3095 5800 3330 5867 ὀρθαλμοῦ
3363 5794 3672 5867 (utrumque
3714 5811 3850 5852 eutm
