4088 6336
318 388 422 444 969

315 499 528 574 legitur)
557 509 612 556 et
637 500 803 556 nostri
832 499 1163 570 interpretati
1191 508 1334 564 sunt,
1375 498 1427 552 in
1458 509 1713 554 momento
1741 508 1789 552 et
1833 497 1888 551 in

311 595 439 660 ictu,
480 593 615 658 sive,
659 591 714 645 in
764 599 902 645 motu
922 590 1057 644 oculi
1107 607 1126 644 :
1179 589 1258 663 (α)
1308 589 1452 646 idem
1509 589 1770 661 Didymus
1821 590 1892 643 ita

312 683 669 754 cxplanavitc
705 698 726 733 ‹
762 681 950 736 JunCta
996 681 1156 736 simul
1194 681 1431 737 omnium
1475 679 1888 744 resurrectione,

310 776 586 845 rapientur
605 773 816 828 obviam
843 770 1062 828 Christo
1088 790 1100 826 :
1140 771 1236 828 sed
1272 774 1323 827 hi
1348 789 1482 844 quos
1510 787 1657 828 mors
1688 773 1892 830 dissol-

312 865 482 929 verit,
514 880 632 935 quae
659 879 897 934 pmsens
940 878 1118 920 sermo
1162 863 1440 936 signiﬁcat.
1476 863 1700 932 Quando
1747 863 1890 919 enim

311 959 477 1024 dicit,
507 960 561 1014 in
591 967 787 1029 puncto
812 957 1089 1028 temporis,
1137 967 1192 1012 et
1238 957 1294 1012 in
1338 966 1485 1012 motu
1517 957 1694 1023 oculi,
1733 966 1892 1026 atque

311 1059 601 1118 momento,
623 1048 858 1105 futuram
881 1050 1120 1104 omnium
1146 1049 1618 1112 resurrectionem,
1643 1058 1890 1103 cunctam

313 1142 495 1211 prima:
519 1147 575 1196 et
617 1139 864 1196 secundae
891 1139 1301 1195 resurrectionis
1329 1139 1566 1194 excludit
1621 1137 1846 1193 fabulam
1873 1154 1889 1204 ;

309 1242 367 1288 ttt
391 1231 481 1287 alii
505 1232 683 1302 primi,
706 1232 796 1286 alii
825 1232 1100 1287 novissimi
1130 1232 1487 1288 resurrecturi
1511 1247 1634 1287 esse
1659 1230 1889 1287 credan-

309 1335 413 1379 tur.
443 1327 664 1379 Atomus
697 1335 876 1380 autem
922 1333 1173 1394 punctum
1207 1325 1462 1394 temporis
1492 1333 1594 1392 est,
1619 1323 1760 1393 quod
1800 1338 1890 1377 se-

306 1406 440 1483 cari,
464 1427 518 1473 et
554 1418 719 1474 dividi
745 1433 850 1474 non
879 1428 1074 1488 potest.
1105 1417 1258 1474 Unde
1284 1427 1339 1474 et
1382 1416 1644 1486 Epicurus
1675 1432 1742 1472 ex
1780 1417 1891 1470 suis

306 1508 501 1565 atomis
530 1509 785 1564 mundum
815 1510 990 1576 struit,
1021 1517 1077 1564 et
1099 1509 1350 1565 universa
1374 1509 1693 1563 conformat.
1723 1507 1893 1563 lctus-

306 1617 410 1670 que
436 1600 577 1655 oculi
603 1601 717 1657 sive
745 1609 942 1668 motus,
987 1602 1077 1672 qui
1113 1600 1300 1657 Graece
1343 1600 1538 1656 dicitur
1561 1608 1706 1672 ῥοπή,
1741 1610 1888 1656 tanta

309 1692 595 1747 velocitate
625 1693 960 1756 transcurrit,
988 1703 1046 1748 ut
1075 1709 1212 1764 pene
1252 1708 1471 1749 sensum
1497 1693 1727 1749 videntis
1756 1693 1892 1749 ell‘tt-

303 1785 432 1854 giat.
458 1783 656 1840 Verum
684 1786 805 1855 quia
835 1785 888 1839 in
921 1787 1184 1856 plerisque
1213 1785 1486 1842 codicibus
1515 1801 1611 1856 pro
1658 1794 1804 1858 ῥοπὴ,
1839 1788 1888 1841 id

303 1889 407 1944 εει,
438 1879 537 1931 ictu
559 1920 573 1943 ,
595 1880 680 1934 vel
699 1889 856 1944 motu,
879 1887 995 1950 ῥιπὴ
1027 1879 1233 1950 legitur,
1260 1878 1363 1934 hoc
1377 1879 1577 1936 sentire
1607 1879 1885 1946 debemus,

212 1983 216 1986 ‘
303 1969 445 2039 quod
490 1969 760 2040 quomodo
801 1969 936 2026 levis
975 1969 1178 2040 pluma,
1223 1971 1306 2025 vel
1332 1971 1548 2042 stipula,
1595 1979 1685 2026 aut
1729 1979 1889 2026 tenue

306 2062 614 2132 siccumque
641 2061 825 2116 lolium
854 2070 1013 2116 vento
1043 2061 1278 2130 ﬂatuque
1301 2070 1564 2131 raptatur,
1583 2071 1636 2115 et
1655 2060 1722 2116 de
1750 2071 1890 2116 terra

307 2154 375 2208 ad
402 2155 630 2210 sublime
655 2153 1001 2220 transfertur;
1037 2156 1115 2209 sic
1162 2154 1228 2209 ad
1255 2156 1416 2209 ictum
1437 2153 1600 2223 oculi,
1641 2154 1713 2224 (b)
1744 2163 1797 2209 et
1823 2155 1888 2208 ad

301 2255 484 2299 nutum
516 2245 609 2301 Dei
638 2287 654 2312 ,
687 2246 925 2300 omnium
955 2257 1288 2299 mortuorum
1323 2259 1547 2313 corpora
1590 2245 1887 2300 movebun-

299 2345 386 2389 tur
411 2347 592 2406 parata
623 2337 689 2390 ad
735 2335 1022 2390 adventum
1065 2333 1283 2404 judicis.
1316 2334 1578 2405 Quodque
1621 2334 1798 2406 jungit
1835 2345 1889 2392 et

296 2424 428 2479 dicit
453 2443 467 2479 :
500 2424 566 2478 In
597 2425 867 2478 novissima
893 2426 1009 2477 tuba
1042 2443 1060 2478 :
1088 2433 1236 2478 canet
1277 2425 1413 2478 enim
1452 2425 1592 2492 tuba,
1623 2435 1672 2480 et
1703 2429 1891 2481 mortui

296 2523 558 2585 rrsurgent
580 2515 879 2585 incorrupti,
902 2526 948 2567 et
975 2532 1066 2569 nos
1085 2515 1488 2587 immutabimur.
1517 2515 1728 2586 Oportet
1755 2519 1890 2572 enim

296 2606 622 2678 corruptibile
645 2606 740 2660 hoc
766 2607 974 2660 induere
999 2607 1470 2676 incorruptionem;
1490 2618 1536 2664 et
1555 2609 1772 2664 mortale
1797 2611 1890 2664 hoc

295 2699 506 2752 induere
529 2697 980 2764 immortalitatem,
1043 2699 1206 2771 803
1273 2700 1542 2771 duplicem
1560 2702 1717 2758 habet
1736 2703 1892 2758 intcl-

294 2791 588 2860 ligentiam,
625 2803 682 2846 ut
724 2792 941 2863 clangor
975 2792 1134 2859 tuba‘,
1164 2802 1256 2848 aut
1289 2795 1432 2848 vocis
1458 2794 1656 2850 indicet
1680 2800 1887 2867 magni-

292 2881 531 2936 tudinem
551 2922 564 2946 ,
590 2882 738 2949 juxta
769 2881 899 2936 illud
935 2882 1078 2952 quod
1111 2883 1365 2953 scriptum
1394 2925 1410 2950 ,
1442 2895 1524 2941 est
1556 2902 1570 2939 :
1597 2885 1742 2942 Sicut
1769 2888 1887 2940 tuba

290 2974 460 3028 exaltu
505 2988 674 3028 vocem
729 2984 868 3028 tuam
917 2973 1068 3046 (Isai.
1101 2977 1192 3046 58)
1217 2993 1232 3040 ;
1258 2987 1347 3032 aut
1377 2988 1617 3048 apertam
1649 2981 1887 3034 omnium

291 3067 764 3132 resurrectionem,
801 3068 953 3138 juxta
984 3069 1108 3122 illud
1142 3070 1282 3140 quod
1331 3070 1381 3124 in
1417 3071 1711 3143 Evangelio
1756 3075 1891 3145 legi-

289 3172 410 3212 mus
441 3174 454 3212 :
480 3156 559 3211 Tu
595 3168 765 3212 autem
791 3161 996 3229 quando
1032 3163 1162 3230 facis
1196 3161 1568 3234 eleemosynam
1592 3207 1606 3231 ,
1635 3167 1740 3221 noli
1773 3171 1892 3222 tuba

288 3269 467 3306 canere
488 3262 605 3306 ante
631 3262 678 3305 te
707 3251 926 3320 (Matth.
961 3253 1015 3308 6.
1045 3253 1102 3324 2)
1129 3297 1142 3320 ,
1179 3254 1279 3310 hoc
1305 3265 1410 3320 est,
1436 3257 1752 3314 abscondite
1803 3261 1886 3314 lac

289 3343 730 3408 misericordiam,
769 3354 823 3400 et
850 3345 901 3400 in
935 3357 1164 3410 secreto,
1211 3365 1277 3404 ne
1307 3349 1541 3405 videaris
1571 3352 1638 3407 de
1663 3353 1886 3408 alterins

289 3434 506 3489 miseria
532 3435 768 3505 gloriari.
807 3436 1107 3504 Qumrimus
1132 3446 1310 3493 autem
1336 3454 1432 3494 cur
1452 3441 1519 3495 ad
1537 3444 1883 3508 novissimam

291 3525 474 3579 tubam
534 3535 772 3581 mortuos
838 3527 1115 3596 scripserit
1186 3541 1603 3587 resurrecturos.
1657 3533 1884 3602 Quando

287 3611 430 3670 enim
455 3617 745 3672 novissima
773 3616 989 3681 dicitur,
1015 3619 1198 3688 utique
1230 3619 1352 3674 alite
1377 3635 1787 3690 prmcesserunt.
1823 3626 1877 3680 lu

287 3709 603 3782 Apocalypsi
633 3709 873 3775 Joannis,
899 3722 1103 3780 septem
1144 3711 1518 3769 describuntur
1545 3717 1730 3786 Angeli
1760 3733 1882 3773 cnnt

288 3801 448 3865 tubis,
474 3810 528 3854 et
562 3814 884 3872 unoquoque
911 3802 1195 3872 clangente
1223 3844 1238 3867 ,
1295 3803 1473 3873 primo
1499 3805 1768 3872 videlicet,
1797 3823 1885 3863 sc-

291 3892 468 3946 cnndo
493 3901 546 3947 et
575 3896 732 3948 tertio
751 3935 767 3960 ,
794 3898 984 3964 quarto
1010 3903 1064 3949 et
1090 3895 1274 3963 quinto
1322 3905 1376 3950 et
1405 3905 1588 3961 sexto,
1631 3898 1757 3967 quid
1784 3915 1882 3968 per

287 3986 527 4055 singulos
548 3995 724 4040 actum
750 3988 839 4050 sit,
860 3986 1123 4040 indicatur
1149 3985 1367 4058 (Apocal
1387 4027 1399 4041 .
1431 3989 1484 4043 8.
1517 3998 1562 4042 et
1590 3989 1668 4058 9).
1693 3989 1882 4044 Novis-

286 4077 646 4143 sitnoautem,
700 4077 750 4131 id
799 4085 900 4141 est,
947 4079 1195 4146 septimo,
1247 4077 1394 4133 claro
1449 4079 1589 4134 tubae
1641 4081 1870 4149 strepitu

287 4176 627 4238 personante,
658 4168 852 4223 mortui
905 4170 1228 4223 suscitantur
1262 4184 1530 4240 :corpora
1568 4187 1686 4240 quze
1731 4175 1878 4242 prius

289 4259 585 4314 habuerant
609 4260 993 4330 corruptibilia,
1021 4261 1322 4330 incorrupta
1349 4264 1693 4332 recipientes.
1724 4263 1876 4320 Unde

288 4360 408 4418 post
437 4351 776 4406 novissimam
809 4352 987 4406 tubam
1035 4353 1258 4423 expooit
1302 4353 1594 4423 Apo+tolus
1634 4355 1758 4425 quid
1787 4371 1876 4410 se-

287 4451 478 4510 quatur
505 4459 520 4496 :
549 4441 704 4496 Canet
732 4444 865 4497 enim
893 4445 1033 4506 tuba,
1055 4453 1102 4498 et
1131 4445 1318 4498 mortui
1347 4457 1612 4515 resurgent
1634 4447 1867 4500 incorru—

289 4536 399 4603 pti,
446 4551 538 4590 nos
584 4545 750 4588 autem
806 4537 1204 4616 inmtutabim'ur.
1253 4537 1479 4606 Quando
1521 4534 1698 4606 'dicit,
1755 4558 1868 4607 nos,

286 4627 451 4680 alium
479 4641 539 4680 se
568 4665 584 4692 ,
623 4636 677 4680 et
715 4642 829 4690 eos,
861 4629 950 4696 qui
995 4643 1176 4683 secum
1204 4639 1359 4695 sunt,
1388 4641 1586 4701 printer
1633 4643 1874 4688 mortuos

289 4731 412 4769 esse
451 4715 734 4783 signilicat.
770 4717 846 4769 Ad
876 4717 1018 4785 quod
1051 4719 1484 4787 intelligendum,
1507 4732 1635 4776 sunt
1663 4726 1750 4792 qui
1785 4725 1870 4779 di—

288 4812 415 4858 cant
440 4811 699 4867 mortuos,
727 4805 816 4873 qui
844 4817 1122 4875 resurgant
1142 4806 1461 4878 incorrupti,
1485 4825 1609 4865 esse
1641 4827 1871 4881 corpora

292 4904 625 4949 mortuorum
651 4910 667 4960 ς
707 4909 801 4949 eos
841 4903 1018 4950 autem
1049 4898 1137 4965 qtti
1170 4897 1422 4953 dicantur
1453 4915 1576 4956 esse
1606 4905 1870 4970 mutandi,

290 4985 496 5040 animas
527 4985 723 5040 debere
766 4988 966 5059 accipi,
997 4988 1212 5059 quando
1247 4989 1300 5044 in
1343 4991 1602 5061 majorem
1645 4993 1868 5064 gloriam

292 5077 489 5132 fuerint
514 5087 890 5145 commutatur;
920 5089 975 5135 et
1019 5082 1360 5151 pervenerint
1397 5083 1450 5139 in
1484 5085 1660 5155 virum
1696 5087 1868 5156 perl'e-

357 5234 420 5304 (αὶ
442 5234 505 5309 ΔῙιι
528 5233 742 5309 melioris
761 5241 886 5307 notae
907 5237 1042 5309 codd.
1062 5238 1175 5309 Mss.
1191 5240 1534 5309 desiderantur
1557 5243 1687 5295 idem
1711 5246 1865 5309 Didy-

289 5298 419 5358 mur,’
439 5306 540 5348 tum
560 5298 780 5367 sequitur
808 5298 1029 5369 junctum
1059 5300 1201 5369 sumit
1222 5304 1432 5369 omnim
1468 5298 1867 5360 resurrectionem

290 5372 503 5433 prasens
526 5372 684 5433 sermo
713 5358 1184 5433 signiﬁcauomissis
1205 5363 1395 5416 scilicet
1419 5369 1723 5420 intertnediis
1744 5407 1756 5433 ,
1783 5358 1866 5421 rné

291 5419 685 5484 pianturobviunt
712 5419 915 5484 Christo,
942 5430 1038 5472 etc.

354 5483 424 5545 (ὁ)
459 5482 568 5531 Duo
610 5482 724 5546 Mss.
757 5481 831 5533 vel
870 5486 934 5533 ad
975 5492 1154 5534 motum
1182 5486 1266 5537 Dei
1296 5500 1312 5537 :
1338 5489 1563 5540 nimirum
1609 5500 1665 5542 ut
1708 5494 1864 5546 Graec.

291 5559 462 5617 vocem
486 5556 600 5617 me
631 5545 741 5594 heic
763 5559 960 5617 quoque
991 5547 1273 5598 redderent.
1312 5549 1511 5600 Interim
1544 5568 1706 5617 neque
1749 5545 1866 5606 illud

292 5607 686 5680 praetereundum
704 5643 717 5667 ,
745 5607 999 5680 utramque
1021 5621 1189 5680 vocem
1223 5623 1324 5680 933a»
1344 5647 1357 5671 ,
1401 5621 1451 5680 et
1482 5627 1592 5676 sui,
1610 5607 1640 5674 ,⁸
1662 5631 1866 5680 quarum

293 5667 444 5732 altera
468 5668 530 5716 ah
554 5669 651 5732 ictu
674 5671 882 5732 sagittas,
907 5667 1060 5732 altera
1083 5683 1111 5719 a
1137 5667 1395 5724 lancis'seu
1420 5667 1713 5728 litt'rtetnot'tt
1739 5667 1866 5730 nan;

292 5729 538 5805 slauiest,
552 5729 874 5805 jamdiu'olim
912 5733 974 5804 ab
996 5731 1240 5805 Hesycbio
1270 5735 1492 5805 confundi
1517 5773 1532 5797 ,
1558 5745 1621 5805 ⁸υι
1661 5742 1865 5805 minime

295 5803 501 5864 necesse
523 5793 776 5864 sit_eorum
799 5795 939 5856 sequi
962 5793 1307 5864 cottjeCLuram,
1332 5799 1416 5859 qui
1445 5796 1495 5848 in
1517 5793 1647 5851 nictu
1664 5839 1678 5862 ,
1707 5815 1793 5864 pro
1815 5803 1865 5855 iu

295 5850 411 5911 ictu,
424 5850 686 5912 legendum
708 5850 1027 5906 censuerunt.

1643 383 1977 443 EPISTOLA
2017 381 2204 441 CXIX.

3446 390 3448 392 ’
3481 403 3586 461 s70

2000 505 2187 564 ctum,
2257 499 2308 552 in
2363 512 2669 559 mensuram
2721 506 2891 561 artatis
2955 507 3300 577 plenitudinis
3369 511 3571 571 Christi

1997 585 2221 658 (Ephes.
2252 588 2307 644 4.
2362 589 2476 660 15).
2506 591 2610 646 Alii
2652 608 2780 649 vero
2806 609 3052 655 asserunt
3080 643 3094 669 ,
3128 611 3372 659 mortuos
3397 606 3584 664 deberi

1998 680 2221 753 intelligi
2278 693 2624 754 peccatores,
2678 688 2769 757 qui
2820 705 3104 764 resurgeut
3157 697 3474 770 incorrupti,
3525 711 3583 758 ut

1997 773 2208 844 possint
2243 783 2440 830 acterna
2481 779 2751 834 sustinere
2800 784 3058 853 supplicia
3091 805 3104 841 :
3133 803 3227 844 eos
3271 802 3448 847 autem
3493 797 3586 866 qui

1995 875 2414 930 commutantur,
2459 883 2580 924 esse
2617 881 2852 938 sanctos,
2881 876 2968 944 qui
3012 876 3077 931 de
3104 879 3299 936 virtute
3332 883 3384 938 in
3417 886 3585 942 virtu-

1998 963 2129 1020 tem,
2159 965 2216 1013 et
2242 957 2310 1012 de
2335 959 2501 1028 gloria
2541 960 2936 1019 transferuntur
2962 966 3016 1020 in
3061 969 3308 1038 gloriam.
3348 974 3501 1034 Unde
3530 988 3585 1035 et

1996 1044 2066 1099 ad
2104 1047 2560 1120 incorruptionem
2588 1064 2920 1112 mortuorum
2951 1059 3130 1115 intulit
3162 1081 3174 1118 :
3209 1064 3419 1134 Oportet
3443 1073 3577 1126 enim

1997 1143 2345 1210 corruptivum
2372 1144 2466 1198 hoc
2485 1147 2694 1202 induere
2715 1148 3167 1220 incorruptionem.
3198 1159 3279 1213 Ad
3315 1161 3367 1217 id
3402 1174 3580 1222 autem

1995 1221 2140 1301 quod
2185 1233 2399 1288 dixerat
2430 1253 2443 1288 :
2474 1254 2565 1292 nos
2592 1240 2995 1308 immutabimur,
3029 1245 3159 1302 illud
3186 1249 3430 1319 adjunxit
3483 1221 3581 1313 :et

1994 1324 2211 1376 mortale
2258 1324 2352 1378 hoc
2389 1327 2568 1381 induet
2615 1330 3064 1391 immortalitatem.
3112 1338 3270 1395 Aliud
3313 1353 3397 1399 est
3439 1349 3581 1405 enim

1995 1412 2389 1482 immortalitas,
2421 1418 2565 1474 aliud
2595 1420 2955 1493 incorruptio;
2981 1427 3121 1484 sicut
3150 1431 3298 1488 aliud
3325 1441 3578 1506 mortale,

1993 1512 2051 1558 et
2088 1504 2232 1560 aliud
2269 1510 2670 1578 corruptivum.
2714 1513 2982 1586 Quidquid
3011 1527 3189 1576 autem
3220 1527 3444 1583 mortale
3471 1504 3580 1599 est,

1993 1604 2050 1648 et
2073 1597 2440 1666 corruptivum
2465 1609 2578 1665 est;
2613 1602 2707 1657 sed
2735 1619 2840 1659 non
2871 1607 3014 1676 quod
3039 1615 3405 1682 corruptivum
3434 1656 3451 1686 ,
3476 1597 3578 1676 sta;

1996 1684 2089 1738 titn
2115 1694 2168 1740 et
2189 1689 2435 1744 mortale.
2465 1689 2784 1762 Corruptiva
2807 1695 3004 1768 quippe
3024 1711 3146 1756 suttt
3171 1684 3574 1782 corpora,ﬁqu.e

1991 1785 2180 1831 carent
2222 1778 2399 1834 anima
2425 1822 2440 1846 ,
2480 1791 2537 1835 et
2582 1793 2758 1842 tamen
2796 1801 2901 1842 non
2944 1801 3069 1844 sunt
3122 1798 3406 1865 mortalia;
3453 1778 3579 1872 quia

1993 1884 2265 1940 nunquam
2297 1872 2534 1931 habuere
2562 1876 2721 1932 vitam
2746 1922 2760 1944 ,
2785 1896 2905 1950 quae
2947 1887 3161 1954 pr0prie
3230 1891 3396 1966 804
3467 1900 3584 1953 ani-

1993 1963 2254 2019 montium
2284 1973 2384 2021 est.
2418 1967 2572 2025 Unde
2599 1972 2874 2042 signanter
2903 1979 3218 2048 Apostolus,
3247 1963 3581 2058 corr—optioni

1994 2053 2470 2125 incorruptionem,
2503 2064 2818 2120 mortalitati
2847 2066 3304 2131 immortalitatem
3339 2053 3584 2140 resurre-

1993 2147 2188 2201 ctionis
2211 2148 2440 2204 futuram
2463 2161 2702 2223 tempore
2723 2157 3014 2227 c0pulavit.
3063 2179 3083 2214 ι

2066 2241 2120 2295 6.
2168 2243 2395 2300 Aeacius
2440 2245 2700 2305 Czrsareze
2725 2292 2740 2316 ,
2770 2269 2890 2323 qua:
2931 2257 3076 2325 prius
3108 2263 3270 2321 turris
3311 2265 3584 2326 Stratonis

1991 2335 2304 2402 vocabatur,
2348 2350 2468 2409 post
2507 2343 2800 2403 Eusebium
2849 2349 3115 2422 Pamphili
3165 2357 3485 2430 Episcopus,
3524 2365 3577 2420 in

1992 2437 2185 2520 quarto
2230 2444 2501 2499 συμμίκτων
2529 2436 2597 2505 (c)
2629 2445 2920 2507 ζητημάτων
2949 2444 3086 2500 libro
3128 2463 3434 2520 proponens
3473 2457 3559 2510 sib

1994 2517 2134 2574 hanc
2189 2524 2432 2595 eamdem
2496 2530 2884 2599 quaestionem,
2927 2534 3088 2591 latius
3130 2517 3470 2612 disputavit,
3527 2558 3581 2602 ct

1994 2619 2279 2682 utrumque
2298 2617 2619 2686 suscipiens,
2645 2622 2783 2692 quod
2814 2624 2950 2680 inter
2974 2641 3032 2682 se
3060 2630 3269 2687 videtur
3303 2650 3424 2691 csse
3453 2652 3583 2690 con-

1993 2705 2236 2771 trarium,
2263 2719 2380 2776 post
2412 2712 2728 2782 principium
2750 2719 2891 2786 quod
2911 2721 3210 2786 omisimus.
3253 2727 3331 2782 sic
3364 2728 3580 2786 locutus

1992 2807 2076 2852 est
2121 2816 2135 2852 :
2181 2816 2202 2851 ‹
2238 2800 2489 2858 Dicamus
2517 2807 2748 2875 primum
2789 2810 2856 2865 de
2880 2827 2947 2866 eo
2977 2799 3127 2882 quod
3168 2821 3336 2890 magis
3379 2821 3433 2877 in
3467 2824 3585 2892 plu-

1991 2889 2142 2946 rimis
2181 2891 2454 2950 codicibus
2486 2897 2756 2954 invenitur
2803 2917 2818 2954 :
2848 2901 2980 2959 Ecce
3009 2910 3303 2977 mysterium
3346 2889 3576 2969 dico'vo-

1991 2981 2068 3035 bis
2098 2996 2117 3036 :
2142 2997 2316 3040 omnes
2344 2987 2547 3057 quidem
2569 2991 2914 3059 dormiamus;
2941 3015 3039 3052 non
3069 3016 3240 3055 omnes
3270 3015 3439 3060 autent
3467 3009 3574 3062 im-

1993 3073 2322 3128 mutabimur.
2376 3077 2690 3149 Mysterium
2737 3083 2906 3150 dixit,
2967 3095 3024 3142 ut
3067 3099 3304 3148 attentos
3366 3094 3570 3155 faceret

1992 3163 2287 3231 auditores,
2310 3166 2378 3223 de
2404 3171 2800 3228 resurrectione
2823 3175 3034 3244 plenius
3053 3179 3572 3245 disserturus.’Dor-

1991 3255 2142 3311 ntitio
2170 3267 2348 3312 autem
2375 3269 2599 3317 mortem
2639 3263 2818 3332 istam,
2848 3282 2968 3337 qua:
2994 3273 3296 3329 communis
3333 3287 3417 3332 est
3454 3293 3574 3335 om-

1987 3350 2157 3414 nium,
2205 3351 2472 3422 signiﬁcat
2501 3372 2514 3408 :
2545 3355 2687 3412 unde
2715 3359 3012 3417 rectissime
3039 3367 3234 3432 posuit,
3267 3369 3408 3438 quod
3454 3386 3570 3426 om-

1987 3457 2085 3496 nes
2104 3442 2455 3510 dormiamus,
2488 3447 2537 3503 id
2567 3460 2669 3517 est,
2703 3453 3015 3523 moriamur,
3043 3458 3182 3515 sicut
3209 3475 3371 3533 supra
3387 3465 3528 3521 dixit
3554 3485 3570 3523 :

1990 3533 2258 3598 Quomodo
2286 3537 2340 3590 in
2369 3538 2534 3593 Adam
2562 3557 2740 3596 omnes
2787 3547 3071 3602 moriuntur
3095 3551 3169 3605 sic
3212 3563 3259 3607 et
3293 3555 3345 3608 in
3372 3557 3573 3613 Christo

1985 3639 2156 3677 omnes
2176 3626 2577 3694 viviﬁcabuntur.
2601 3631 2733 3686 Cum
2762 3649 2891 3705 ergo
2932 3655 3122 3695 omnes
3158 3643 3404 3700 morituri
3437 3649 3567 3714 sint,

1984 3713 2163 3768 audite
2191 3725 2524 3772 sacramenta
2565 3735 2685 3790 qua:
2727 3722 2850 3778 dico
2882 3743 2894 3778 :
2933 3726 3117 3783 Omnes
3147 3734 3351 3800 quidem
3378 3713 3567 3794 morie-

1985 3820 2099 3857 mur
2143 3802 2237 3877 [tt].
2286 3806 2657 3882 dormiemus];
2699 3814 2788 3866 sed
2816 3832 2916 3870 non
2958 3835 3128 3873 omnes
3169 3821 3569 3882 immutabitnur.

1984 3893 2140 3949 Canet
2181 3897 2314 3950 enim
2335 3898 2474 3964 tuba,
2524 3902 2662 3957 haud
2695 3903 2914 3960 dubium
2947 3911 3072 3977 quin
3126 3913 3364 3984 Angelus
3408 3923 3573 3989 septi—

1983 4002 2137 4054 mus;
2166 3999 2211 4044 et
2239 3993 2427 4045 mortui
2453 4006 2716 4066 resurgant
2740 3997 3044 4070 incorrupti.
3087 4004 3145 4060 Si
3173 4016 3354 4064 autem
3395 4010 3572 4068 incor-

1981 4081 2121 4148 rupti
2169 4092 2329 4136 erunt
2381 4086 2597 4152 mortui,
2639 4090 2907 4157 quomodo
2952 4108 3061 4150 non
3121 4096 3570 4170 immutabuntur,
3645 4163 3648 4165 Α

1980 4185 2104 4226 cum
2146 4172 2478 4243 incorruptio
2521 4176 2634 4246 ipsa
2666 4183 2889 4236 mutatio
2932 4184 3039 4240 sit?
3069 4187 3174 4244 Sed
3213 4191 3300 4246 hic
3327 4207 3570 4248 commn-

1982 4262 2128 4328 tatio,
2157 4278 2258 4332 qua
2289 4263 2484 4320 Paulus
2515 4270 2796 4326 mutandus
2827 4283 2882 4330 et
2923 4279 3093 4334 sancti
3130 4292 3273 4349 sunt,
3299 4285 3568 4354 gloriﬁca-

1981 4355 2056 4409 tio
2077 4354 2409 4426 intelligitur.
2439 4357 2775 4432 lncorruptio
2801 4376 2980 4424 autem
3023 4371 3226 4430 idcirco
3255 4378 3559 4433 communis

1979 4455 2062 4502 est
2099 4447 2360 4538 omnium,
2407 4451 2531 4520 quia
2559 4452 2610 4506 in
2640 4469 2706 4508 eo
2736 4456 3157 4517 miserabiliores
3187 4475 3343 4520 erunt
3373 4483 3558 4538 pecca-

1979 4546 2147 4602 tores,
2181 4531 2339 4594 ut‘ad
2371 4549 2632 4598 tormenta
2662 4549 2908 4615 perpetui
2940 4549 3068 4618 sint,
3109 4563 3164 4608 et
3195 4572 3298 4610 non
3348 4531 3562 4618 mortali

1977 4638 2030 4684 et
2061 4629 2395 4700 corruptibili
2426 4647 2650 4702 corpore
2680 4635 3062 4698 dissolvantur.
3098 4643 3349 4716 Legimus
3387 4651 3449 4706 in
3468 4667 3561 4708 ea-

1975 4720 2098 4774 dem
2136 4723 2384 4790 cpistola,
2415 4725 2674 4793 Apostolo
2699 4725 3016 4796 disserente,
3053 4732 3132 4806 (d)
3164 4749 3434 4796 sacratam
3469 4741 3558 4799 di-

1976 4811 2285 4874 versitatem
2319 4815 2732 4871 resurrectionis
2759 4859 2774 4883 ,
2805 4833 2912 4874 non
2939 4822 2993 4877 in
3022 4836 3208 4882 natura
3246 4845 3554 4904 corporum,

1975 4901 2068 4954 sed
2093 4902 2144 4956 in
2182 4903 2436 4959 varietate
2458 4906 2644 4974 glorize
2670 4924 2683 4962 :
2705 4907 2833 4964 dum
2860 4911 2948 4966 alii
2975 4928 3257 4989 resurgunt
3278 4901 3356 4978 ad,
3375 4901 3562 4994 poenas

1976 5002 2281 5062 perpetuas,
2322 4995 2411 5049 alii
2449 4997 2515 5051 ad
2564 4998 2786 5068 gloriam
2830 5006 3236 5074 sempiternam.
3267 5014 3386 5072 Alia
3411 5019 3556 5074 enim

1974 5098 2098 5138 caro
2139 5085 2459 5153 volatilium,
2507 5089 2610 5144 alia
2634 5091 2918 5162 piscium,
2949 5097 3050 5152 alia
3078 5101 3467 5174 jtunentorum,
3499 5121 3554 5165 et

1973 5191 2196 5246 corpora
2219 5176 2481 5245 cmleslia,
2509 5190 2566 5236 et
2603 5196 2830 5254 corpora
2862 5195 3159 5249 terrestria.
3188 5195 3277 5250 Sic
3297 5239 3312 5263 ,
3341 5200 3512 5269 inquit
3536 5239 3556 5268 ,

2033 5314 2103 5394 te)
2136 5313 2352 5394 'l‘itulum
2376 5316 2599 5392 Acaciani
2622 5317 2736 5394 libri
2760 5331 2949 5394 mutant
2972 5326 3228 5394 hucusque
3255 5331 3436 5393 vulgati
3459 5369 3475 5394 ,
3502 5343 3555 5383 et

1971 5387 2404 5457 wilkrurﬁq-‘rvjpétgv
2423 5416 2438 5439 ,
2472 5382 2580 5430 sive
2615 5382 2925 5457 collcctarum
2957 5382 3306 5457 quiestidnum,
3335 5382 3435 5454 pro

1971 5452 2117 5517 μῖξιν,
2132 5446 2256 5517 sive
2273 5446 2516 5517 veratrum
2537 5481 2551 5500 ,
2568 5453 2656 5517 aut
2678 5446 2943 5517 aristarum
2968 5446 3170 5517 legunt,
3197 5446 3338 5502 facile
3349 5446 3557 5517 'quide'm

1970 5509 2164 5579 orta‘ex
2321 5502 2718 5579 Ihal‘lucmatione,
2745 5509 2792 5555 in
2831 5501 3278 5579 quibtts‘gemi’num
3301 5501 3472 5575 nia“

1970 5573 2105 5632 saepe.
2127 5562 2501 5632 confunduntur,
2535 5575 2674 5632 certo
2698 5562 2864 5618 tameti
2902 5562 3070 5632 lapsu“.
3096 5572 3196 5622 Nos
3238 5562 3551 5628 Ver—(infida:

1970 5624 2268 5702 auctoritate
2295 5629 2614 5702 restituimus,
2646 5631 2695 5677 in
2731 5624 3103 5702 quocxpressis
3142 5634 3326 5702 litteris
3349 5624 3437 5702 est
3460 5624 3550 5702 iii;

1970 5697 2116 5745 μίκτυν.
2130 5685 2396 5760 ,(Ιυρῡλιεφειι
2419 5685 3010 5760 autetnﬁemenllatiouem‘
3024 5702 3234 5760 nostram
3257 5685 3361 5760 ipse
3385 5685 3556 5751 me};

1971 5760 2099 5825 nym.
2116 5748 2176 5825 in
2199 5749 2428 5825 (Letalogo
2449 5764 2553 5825 cap.
2579 5751 2658 5822 9ft.
2684 5752 2747 5825 de
2785 5752 3160 5825 eodemAcacio
3180 5795 3196 5817 ,
3221 5748 3306 5808 ubi
3331 5748 3438 5824 ejus

1969 5822 2097 5867 μὺιτωυ
2116 5819 2324 5869 ζητημάτων
2347 5811 2435 5860 sex
2463 5811 2700 5860 vulumina
2721 5823 2995 5865 enumerat.

2034 5869 2110 5930 (τί)
2149 5869 2197 5917 ln
2224 5872 2418 5931 antiqua
2443 5872 2544 5921 edit
2573 5870 2842 5924 disserente
2862 5884 3066 5939 secreta,
3087 5879 3430 5945 diversitatem,
3454 5894 3554 5937 etc.
