4088 6336
567 284 663 338 9ἹΙ

562 398 659 448 erit
681 391 1040 450 etresurrectio
1062 399 1368 446 mortuorunt
1395 392 1470 457 (1.
1501 388 1618 444 Cor.
1656 390 1740 444 ιδ.
1777 390 1864 444 59.
1893 389 1979 444 40.
2014 389 2126 458 42).

562 487 660 541 Cui
701 487 972 541 sententia:
1013 486 1181 556 magis
1225 483 1514 555 acquiescit
1564 485 1832 548 Ecclesia,
1864 495 1918 538 ut
1947 497 2133 538 omnes

561 579 828 634 communi
875 585 1043 631 morte
1071 577 1384 642 moriamur,
1425 586 1479 630 et
1509 591 1614 630 non
1651 591 1835 631 omnes
1865 585 2131 629 mutemur

562 669 610 724 in
643 669 862 738 gloriam
883 709 897 731 ,
943 668 1090 736 juxta
1119 667 1247 721 illud
1275 711 1289 732 ,
1325 667 1461 738 quod
1494 667 1676 721 Daniel
1708 666 1893 720 scribit
1932 683 1944 719 :
1980 663 2130 718 Multi

560 760 859 812 dormientes
885 759 936 810 in
966 767 1112 811 terra:
1141 758 1364 828 pulvere,
1399 767 1656 827 resurgent
1680 773 1697 819 ;
1725 756 1815 809 alii
1836 758 1887 808 in
1915 755 2129 825 gloriam

557 865 792 904 (sternam
818 889 832 912 ,
863 848 952 900 alii
988 847 1037 900 in
1069 849 1454 914 confusionem,
1501 857 1546 899 et
1573 845 1895 916 approbrium
1945 845 2130 914 sempi-

557 950 754 992 ternum
789 937 948 1008 (Dan.
984 938 1070 992 12.
1097 937 1176 1008 2).
1197 938 1292 1005 Qui
1366 938 1529 1009 805
1603 937 1742 990 enim
1771 945 2045 1007 resurgent
2076 937 2126 990 in

553 1029 894 1100 opprobrium
924 1037 978 1084 et
1008 1028 1374 1083 confusionem
1395 1027 1796 1094 sempiternam,
1823 1042 1927 1080 non
1947 1041 2126 1079 resur-

551 1129 677 1189 gent
703 1119 754 1172 in
791 1129 1045 1174 mlernam
1088 1118 1333 1188 gloriam,
1386 1117 1436 1169 in
1483 1131 1640 1185 quam
1685 1114 1897 1175 Paulus,
1946 1123 1999 1168 et
2036 1115 2124 1184 qui

550 1229 669 1266 eum
699 1227 763 1265 eo
789 1220 932 1277 sunt,
965 1211 1330 1264 mutabuntur.
1366 1208 1493 1274 Qui:
1521 1222 1640 1260 cum
1674 1207 1742 1259 ita
1768 1221 1827 1260 se
1867 1205 2121 1273 habeant,

548 1314 599 1358 et
627 1304 704 1358 sic
733 1301 993 1356 intellecta
1023 1301 1128 1354 sint
1156 1314 1184 1353 a
1217 1299 1392 1359 nobis,
1423 1313 1607 1351 eorum
1637 1306 1841 1349 tantum
1871 1310 2121 1350 commu-

549 1395 799 1449 tationem
830 1393 1136 1461 suscipere,
1169 1391 1258 1458 qui
1301 1397 1582 1457 resurgent
1617 1388 1667 1440 in
1695 1387 1916 1456 gloriam
1952 1404 1964 1438 :
1996 1401 2120 1455 puc-

546 1495 783 1539 catorum
803 1494 978 1538 autem
1001 1491 1054 1536 et
1077 1480 1395 1543 inﬁdelium,
1427 1479 1514 1548 qui
1543 1477 1737 1532 mortui
1764 1477 2117 1546 appellantur,

547 1586 598 1631 et
625 1583 902 1644 resurgcnt
929 1572 1245 1642 incorrupti,
1271 1584 1603 1640 nequaquam
1623 1568 2115 1631 commutationem,

543 1667 636 1722 sed
669 1681 851 1737 ptenas
879 1675 1162 1735 perpetuas
1189 1677 1310 1718 esse
1345 1660 1620 1715 dicendas.
1671 1678 1690 1711 ι

611 1756 662 1811 7.
704 1755 1058 1810 Transeamus
1100 1751 1165 1806 ad
1209 1751 1494 1806 secundam
1543 1749 1824 1803 lectionem
1849 1788 1864 1813 ,
1892 1763 2009 1818 quze
2047 1748 2115 1801 ita

542 1849 704 1904 fertur
733 1849 785 1903 in
817 1846 1081 1918 plerisque
1107 1844 1398 1900 codicibus.
1431 1840 1482 1895 Ν
1488 1858 1552 1896 an
1578 1841 1778 1911 quidem
1803 1857 1972 1894 omnes
1994 1840 2116 1893 dor-

544 1943 772 2006 miemus,
804 1955 976 1995 omnes
1004 1946 1167 1991 autem
1197 1934 1590 1990 immutubimur.
1640 1932 1715 1987 Ex
1747 1947 1848 2002 qua
1879 1931 2114 1985 nonnulli

471 2085 479 2091 ,
537 2042 779 2085 asserunt
809 2031 1006 2086 multos
1035 2029 1180 2082 vivos
1210 2027 1262 2081 in
1293 2024 1605 2100 Corporibus
1643 2022 2016 2094 reperiendos;
2061 2030 2116 2077 et

537 2125 578 2176 si
611 2139 714 2176 non
745 2121 1008 2176 dormiant
1033 2132 1218 2173 omnes
1245 2159 1258 2181 ,
1292 2131 1396 2170 non
1427 2129 1612 2169 omnes
1642 2128 1760 2168 esse
1788 2113 2110 2177 morituros;

537 2213 578 2266 si
610 2221 782 2266 autem
815 2225 918 2264 non
949 2209 1244 2264 moriantur
1267 2221 1454 2262 omnes
1476 2246 1490 2269 ,
1525 2221 1629 2259 non
1657 2218 1844 2259 omnes
1867 2218 2110 2258 resurre-

535 2316 732 2359 cturos.
781 2303 1080 2370 Resurgere
1115 2298 1259 2354 enim
1304 2297 1516 2369 proprie
1562 2295 1791 2363 dicitur,
1831 2295 1920 2364 qui
1968 2295 2111 2364 prius

535 2395 808 2450 moriendo
837 2392 1048 2448 cecidit.
1078 2391 1314 2448 Undeet
1340 2389 1561 2445 Paulum
1588 2388 1774 2442 volunt
1800 2386 2032 2440 scribere
2059 2386 2109 2439 in

535 2488 699 2556 prima
726 2485 790 2539 ad
815 2483 1317 2540 Thessalonicenses
1346 2479 1578 2551 Epistula
1601 2496 1612 2531 :
1641 2476 1750 2531 Nos
1773 2478 1857 2547 qui
1878 2479 2107 2542 vivimus,

533 2579 616 2646 qui
646 2575 834 2630 residui
862 2576 1044 2629 erimus
1065 2572 1159 2645 [aL
1187 2572 1380 2645 sumus]
1409 2574 1462 2626 in
1488 2573 1702 2625 adventu
1736 2569 1939 2623 Domini
1963 2612 1976 2636 ,
2009 2586 2109 2623 non

535 2667 896 2736 prteveniemus
923 2681 1006 2719 eos
1030 2665 1116 2734 qui
1138 2662 1211 2737 (a)
1236 2664 1542 2717 dormierunt
1571 2663 1843 2732 :quoniam
1869 2662 1974 2730 ipse
2002 2659 2108 2714 Do.

533 2761 700 2812 minus
728 2757 780 2809 in
799 2757 951 2826 jussu
974 2795 987 2818 ,
1016 2765 1061 2808 et
1085 2770 1206 2809 uoce
1231 2753 1534 2824 Archangeli
1555 2795 1568 2819 ,
1599 2763 1645 2806 et
1675 2755 1727 2806 in
1754 2752 1870 2806 tuba
1894 2751 1990 2805 Dei
2017 2753 2104 2806 dc-

531 2850 732 2905 scendet
759 2855 824 2904 de
845 2848 969 2904 coelo
991 2863 1010 2902 :
1031 2857 1076 2901 et
1101 2847 1285 2900 mortui
1310 2847 1361 2900 in
1387 2846 1586 2900 Christo
1609 2855 1867 2916 resurgent
1891 2846 2108 2913 primum

533 2942 622 3013 (al.
655 2939 827 3012 primi]
855 2956 874 2994 :
899 2940 1080 2993 deinde
1107 2954 1196 2991 nos
1218 2937 1306 3008 qui
1333 2936 1563 3002 vivimus,
1591 2937 1675 3006 qui
1704 2937 1889 2990 residui
1913 2952 2104 3000 sumus,

530 3034 682 3086 simul
721 3049 836 3085 eum
869 3030 975 3085 illis
1000 3029 1254 3099 rapientur
1281 3031 1334 3082 in
1364 3028 1573 3082 nubibus
1605 3029 1800 3082 obviam
1829 3027 2026 3081 Christo
2055 3029 2106 3080 in

533 3143 652 3180 aera
678 3143 694 3180 :
721 3136 766 3178 et
793 3125 864 3180 sic
891 3140 1085 3194 semper
1117 3139 1232 3176 cum
1265 3121 1482 3175 Domino
1510 3124 1695 3176 erimus
1719 3120 1737 3194 (
1763 3123 1812 3175 1.
1847 3120 2020 3174 Thess.
2049 3121 2102 3175 4.

536 3217 623 3271 14.
652 3227 698 3271 et
727 3216 904 3286 seqq.).
938 3215 1003 3268 Et
1028 3228 1094 3267 ex
1123 3212 1205 3266 his
1226 3211 1382 3266 dictis
1412 3213 1634 3282 probare
1657 3224 1935 3276 conantur,
1966 3212 2108 3280 Apo-

533 3309 726 3364 stolum
760 3308 1000 3370 Paulum,
1023 3315 1076 3359 et
1103 3307 1189 3374 qui
1221 3320 1340 3358 cum
1359 3319 1436 3359 'eo
1465 3305 1766 3360 scribebant
1794 3304 2100 3372 Epistulam,

536 3413 748 3472 putasse
771 3414 830 3455 se
855 3415 960 3453 non
987 3412 1106 3453 esse
1127 3397 1438 3462 morituros,
1463 3397 1556 3451 sed
1584 3397 1922 3468 reperiendos
1949 3397 2106 3452 indie

533 3490 1002 3548 consummationis
1029 3490 1078 3542 in
1106 3503 1348 3558 corpore.
1365 3487 1514 3556 Quod
1545 3489 1590 3543 si
1618 3505 1797 3559 verum
1827 3499 1928 3551 est,
1957 3505 2104 3543 erra-

534 3581 608 3636 vit
636 3580 828 3637 Paulus
853 3622 867 3647 ,
896 3591 949 3634 et
983 3579 1209 3633 humana
1247 3579 1596 3634 aestimatione
1625 3579 1876 3650 deceptus
1904 3590 1985 3635 est
2008 3623 2021 3643 ,
2051 3588 2108 3634 ut

533 3668 878 3730 arbitraretur
901 3686 959 3726 se
985 3669 1357 3724 inveniendum
1384 3670 1437 3724 in
1462 3683 1687 3738 corpore
1711 3687 1724 3723 :
1748 3670 1887 3738 quod
1918 3671 2104 3725 falsum

531 3779 650 3819 esse
673 3804 688 3827 ,
717 3777 894 3817 rerum
923 3762 1097 3817 exitus
1136 3761 1467 3832 approbavit.
1510 3761 1622 3816 Hoc
1660 3762 2024 3817 intellexerant
2054 3773 2107 3818 et

533 3855 631 3924 ipsi
669 3853 1169 3909 Thessalonicenses
1190 3893 1207 3917 ,
1249 3864 1576 3908 sacramenta
1607 3857 1869 3910 sermonis
1898 3857 2104 3927 mystici

534 3947 853 4012 nescientes,
876 3955 929 4000 et
949 3945 1266 4015 coniecturis
1285 3946 1443 3999 variis
1468 3945 1812 4013 ﬂuctuabant,
1837 3947 2107 4002 dicebant-

534 4053 675 4108 que:
703 4037 760 4093 Si
791 4037 984 4092 Paulus
1013 4035 1358 4091 inveniendus
1383 4037 1433 4090 in
1461 4051 1683 4107 corpore
1708 4048 1807 4101 est,
1837 4040 2107 4107 proximus

534 4142 616 4187 est
632 4132 745 4186 dies
758 4129 964 4200 judicii.
982 4128 1128 4184 Unde
1141 4129 1358 4198 corrigit
1379 4143 1491 4192 eos,
1511 4130 1794 4183 secundam
1819 4130 2105 4199 Epistulam

541 4222 780 4278 scribens
809 4236 822 4273 :
852 4219 1110 4289 Rogamus
1149 4233 1239 4271 vos
1281 4219 1463 4286 fratres
1493 4234 1582 4287 per
1607 4219 1874 4271 adventum
1904 4219 2109 4273 Domini

537 4312 698 4367 nostri
725 4309 758 4364 l
765 4325 850 4364 esu
878 4306 1083 4370 Christi,
1115 4315 1162 4360 et
1192 4306 1350 4359 nostri
1375 4308 1806 4376 congregationem
1834 4309 1884 4360 in
1911 4309 2104 4378 ipsum,

535 4417 588 4460 ut
623 4420 726 4459 non
769 4403 866 4456 cito
906 4398 1203 4454 moveamini
1242 4406 1440 4463 mente,
1467 4412 1556 4450 nec
1601 4399 1883 4451 terreamini
1905 4439 1919 4462 ,
1953 4416 2110 4468 neque

535 4511 621 4565 per
645 4493 880 4563 spiritum
899 4530 915 4559 ,
941 4505 1099 4557 neque
1136 4505 1226 4560 per
1254 4487 1454 4541 uerbum
1479 4527 1493 4551 ,
1518 4503 1676 4556 neque
1699 4503 1787 4557 per
1806 4488 2065 4555 epistolam
2089 4532 2103 4553 ,

533 4598 770 4658 tanquam
799 4601 889 4655 per
916 4598 1009 4638 nos
1032 4583 1236 4636 missam
1259 4622 1274 4646 ,
1303 4581 1447 4651 quasi
1473 4581 1620 4635 instet
1647 4582 1752 4634 dies
1778 4579 1985 4637 Domini
2007 4600 2026 4637 :
2047 4601 2109 4638 ne

531 4680 641 4748 quis
669 4695 754 4732 vos
774 4677 976 4731 seducat
1000 4674 1106 4729 ullo
1126 4675 1306 4737 modo;
1326 4674 1566 4743 quoniam
1586 4673 1681 4727 nisi
1701 4674 1938 4729 discessio
1958 4691 2105 4730 uene-

533 4771 595 4820 rit
623 4769 861 4838 primum,
888 4777 932 4821 et
954 4767 1199 4820 revelatus
1223 4766 1372 4837 fuerit
1424 4765 1572 4818 homo
1643 4765 1807 4836 806
1880 4768 2102 4837 peccati,

534 4859 673 4927 ﬁlius
720 4857 1016 4927 perditionis
1039 4897 1054 4922 ,
1095 4856 1181 4924 qui
1224 4856 1550 4920 adversatur,
1581 4865 1626 4908 et
1666 4858 1922 4910 extollitur
1959 4875 2109 4928 super

535 4964 681 5002 omne
705 4987 721 5015 ,
747 4946 882 5018 quod
909 4945 1095 4999 dicitur
1129 4943 1266 4999 Deus
1286 4985 1300 5010 ,
1338 4953 1424 4997 aut
1449 4943 1585 5014 quod
1611 4946 1793 4998 colitur
1819 4962 1839 5000 :
1865 4948 1936 5000 ita
1970 4959 2023 5001 ut
2058 4951 2110 5004 in

535 5039 720 5110 templo
747 5036 842 5091 Dei
865 5036 1034 5090 sedeat
1059 5076 1073 5101 ,
1095 5035 1358 5090 ostendens
1381 5051 1436 5089 se
1460 5045 1696 5106 tanquam
1718 5038 1783 5090 sit
1807 5038 1963 5092 Deus.
1990 5039 2110 5096 Non

537 5131 831 5186 meministis
858 5127 992 5198 quod
1016 5144 1131 5181 cum
1159 5128 1296 5197 apud
1322 5143 1407 5181 vos
1434 5143 1589 5182 essem
1617 5128 1814 5194 adhuc,
1845 5132 1952 5185 hazc
1979 5133 2112 5187 dice-

537 5225 650 5278 bam
679 5220 848 5278 vobis?
873 5218 950 5293 (2.
982 5217 1161 5272 Thess.
1184 5217 1240 5273 2.
1271 5219 1322 5272 1.
1353 5227 1396 5272 et
1422 5218 1579 5287 sqq.).
1601 5218 1801 5286 Quibus
1829 5221 1982 5277 dictis
2013 5224 2112 5279 hoc

537 5317 666 5387 agit,
690 5325 747 5371 ut
772 5330 865 5371 eos
885 5320 1098 5368 revocet
1125 5311 1192 5365 ab
1221 5325 1423 5376 errore,
1448 5326 1514 5365 ne
1543 5320 1725 5380 putent
1748 5312 1888 5369 diem
1915 5330 2111 5385 appro-

541 5410 796 5480 pinquare
821 5405 1025 5478 judicii,
1057 5412 1110 5458 et
1137 5401 1187 5458 id
1219 5402 1357 5473 quod
1388 5404 1670 5474 scripserat
1699 5423 1714 5460 :
1743 5403 1854 5460 Nos
1879 5409 1965 5478 qui
1994 5409 2115 5461 vivi-

535 5517 670 5567 mus,
697 5501 782 5570 qui
806 5499 994 5554 residui
1022 5511 1217 5562 sumus,
1241 5496 1295 5550 in
1317 5496 1536 5550 adventu
1562 5495 1770 5551 Domini
1796 5514 1896 5552 non
1925 5516 2113 5569 praeve-

605 5632 668 5698 (α)
706 5634 788 5682 Sic
819 5631 1044 5696 plerique
1067 5631 1181 5680 Mss.
1208 5629 1570 5702 tumvulgatus
1592 5631 1839 5702 interpres
1861 5667 1873 5691 ,
1901 5630 2114 5702 et_Gt_-az-

534 5691 622 5763 cus
639 5691 809 5750 textus
824 5691 914 5752 ὶοῖις
935 5691 1187 5753 “lautae.
1217 5691 1355 5742 Mart.
1382 5691 1542 5741 tamen
1575 5705 1684 5739 cum
1720 5691 1855 5740 lixas.
1880 5694 1963 5755 qui
2003 5695 2115 5744 dor-

537 5764 702 5804 mlum.

1869 280 1943 341 St
1956 275 2104 330 NCTI
2146 273 2522 330 lllERONYMI

3724 285 3813 339 972

2241 391 2437 445 nicmus
2479 405 2562 446 eos
2605 375 2706 456 qui
2733 392 3041 445 dormierunt
3067 433 3079 455 ,
3109 391 3262 447 aliter
3304 393 3594 466 intelligant
3622 439 3636 462 ,
3667 413 3810 467 quant

2241 481 2461 551 inte‘ligt
2507 482 2674 536 voluit
2719 481 2829 549 ipse
2875 483 2962 552 qui
3008 483 3238 552 scripsit.
3286 483 3470 555 Neque
3512 489 3653 540 enim
3708 491 3808 544 lieri

2241 583 2454 641 potest,
2485 581 2540 626 ut
2577 573 2661 642 qui
2700 575 2765 625 ad
2811 573 3143 626 Timotheum
3187 575 3511 643 scripserat:
3541 575 3651 645 Ego
3691 580 3809 632 enim

2227 664 2344 733 jam
2373 662 2584 727 delibor,
2615 671 2659 715 et
2687 674 2879 732 tempus
2908 663 3230 716 resolutionis
3257 680 3377 738 mea;
3403 665 3552 718 instat
3582 665 3659 738 (2.
3687 665 3804 721 Tim.

2235 755 2290 812 4.
2325 752 2432 826 6),
2463 762 2670 823 putaret
2709 767 2768 808 se
2813 753 2862 807 in
2892 768 3052 808 carne
3087 735 3394 824 perpetuum
3421 797 3436 822 ,
3467 765 3520 810 et
3550 735 3806 826 nunquam

2234 859 2357 901 esse
2401 847 2749 911 moriturum;
2781 855 2833 900 et
2862 846 2928 900 de
2959 846 3062 900 vita
3088 844 3160 919 (ὁ)
3191 855 3396 901 terrena
3428 849 3605 902 statim
3636 850 3699 903 ad
3727 866 3804 903 re-

2230 954 2334 1006 gna
2374 938 2608 992 cmlestia
2640 937 2983 991 transiturum
3015 954 3026 989 :
3058 940 3349 1006 prmsertim
3378 953 3496 991 cum
3525 939 3588 990 ad
3621 939 3803 992 Itoma-

2233 1042 2333 1081 nos
2376 1029 2653 1093 scribens,
2687 1027 2873 1082 eadem
2917 1027 3150 1089 dixerit,
3191 1026 3317 1093 Quis
3361 1043 3438 1079 me
3481 1028 3708 1082 liberabit
3749 1031 3804 1084 de

2235 1135 2449 1187 corpore
2476 1119 2648 1172 mortis
2669 1118 2860 1187 hujus?
2883 1116 3054 1189 (Rom.
3081 1117 3132 1170 7.
3161 1116 3271 1187 24).
3298 1118 3362 1171 Et
3388 1118 3451 1170 ad
3477 1116 3797 1183 Corinthios,

2233 1209 2535 1263 llabitantes
2579 1211 2630 1262 in
2671 1225 2880 1278 corpore
2905 1251 2921 1276 ,
2966 1210 3349 1279 peregrinantur
3391 1225 3421 1262 a
3463 1207 3535 1280 (ε)
3567 1209 3798 1266 Domino.

2234 1299 2402 1370 Magis
2444 1311 2609 1353 autem
2653 1302 2880 1354 volumus
2926 1301 3064 1353 exire
3105 1301 3167 1352 de
3210 1315 3452 1369 corpore,
3487 1311 3534 1354 et
3563 1318 3668 1355 esse
3696 1319 3800 1356 cum

2225 1389 2450 1444 Domino
2479 1390 2555 1462 (2.
2583 1389 2700 1444 Cor.
2729 1390 2783 1445 5.
2813 1389 2889 1458 8).
2920 1389 3019 1456 Qui
3051 1388 3166 1444 haac
3190 1389 3416 1456 dicebat,
3448 1399 3672 1445 noverat
3705 1393 3799 1445 uti-

2224 1498 2331 1550 que
2359 1497 2416 1536 se
2445 1497 2563 1536 eSsc
2594 1481 2932 1534 moriturum.
2961 1480 3146 1534 Melius
3172 1494 3251 1534 ρει
3280 1480 3437 1550 igitur
3461 1483 3799 1551 spiritualiter

2224 1574 2428 1627 sentire
2454 1573 2592 1642 quod
2622 1573 2877 1643 scriptum
2910 1582 2991 1627 est
3015 1615 3027 1638 ,
3059 1573 3430 1628 dormitionetn
3470 1575 3520 1628 in
3561 1577 3795 1643 praesenti

2224 1667 2343 1720 loco
2366 1709 2381 1732 ,
2415 1681 2518 1719 tton
2553 1676 2776 1719 mortem
2808 1665 3048 1734 accipere
3072 1706 3085 1728 ,
3116 1681 3210 1732 per
3235 1679 3390 1733 quam
3417 1665 3594 1719 anima
3623 1682 3652 1719 a
3681 1681 3793 1719 cor-

2230 1774 2354 1826 pore
2379 1768 2686 1828 separatur;
2719 1758 2810 1812 sed
2843 1768 3112 1828 peccatum
3142 1765 3258 1826 post
3284 1755 3440 1810 [idem
3467 1767 3520 1811 ct
3546 1756 3792 1812 offensam

2225 1853 2316 1906 Dei
2341 1894 2354 1918 ,
2389 1851 2868 1920 dortnitioncmque
2900 1860 3016 1920 post
3045 1850 3358 1920 baptismum
3386 1892 3402 1916 ,
3429 1851 3494 1904 de
3523 1865 3623 1921 qua
3651 1861 3705 1906 et
3731 1853 3790 1904 ad

2218 1941 2526 1996 Corinthios
2555 1943 2864 2011 loquebatur
2892 1958 2905 1996 :
2933 1940 2996 1994 Et
3026 1941 3136 1994 ideo
3164 1943 3292 1993 inter
3319 1957 3403 1994 vos
3432 1943 3577 1994 multi
3602 1943 3792 2009 inﬁrmi

2219 2042 2358 2098 sunt,
2389 2043 2432 2085 et
2458 2033 2712 2085 dormiunt
2745 2031 2950 2101 plurimi
2971 2031 2988 2100 (
3009 2031 3059 2084 1.
3088 2029 3206 2084 Cor.
3241 2032 3329 2084 Η.
3361 2029 3431 2085 30
3520 2031 3586 2084 Et
3616 2032 3666 2084 in
3695 2033 3792 2085 alio

2221 2124 2339 2178 loco
2369 2141 2381 2174 :
2413 2120 2552 2192 Ergo
2596 2132 2639 2175 et
2682 2122 2765 2188 qui
2811 2122 3121 2175 dormierunt
3164 2122 3216 2174 in
3261 2119 3461 2175 Christo
3486 2162 3502 2186 ,
3547 2123 3791 2190 perierunt

2222 2214 2381 2284 (Ibid.
2412 2215 2496 2269 15.
2527 2214 2717 2284 1):qui
2744 2229 2863 2267 cum
2894 2214 3083 2267 mortui
3111 2215 3239 2276 sint,
3265 2230 3366 2267 non
3395 2223 3518 2267 sunt
3541 2224 3787 2284 perpetua

2219 2316 2387 2360 niorte
2410 2305 2628 2374 perituri
2653 2323 2666 2357 :
2691 2304 2810 2372 quia
2838 2319 2940 2356 non
2969 2303 3020 2357 in
3049 2304 3256 2358 mortali
3277 2305 3498 2359 crimine
3519 2306 3789 2358 continen-

2221 2407 2306 2449 tur
2329 2437 2342 2459 ,
2371 2397 2460 2449 sed
2495 2396 2595 2450 levi
2627 2393 2940 2464 modicoque
2969 2404 3206 2464 peccato.
3235 2395 3384 2462 Quod
3415 2404 3468 2449 et
3507 2397 3640 2449 alius
3667 2411 3783 2450 san.

2217 2496 2333 2539 ctus
2364 2487 2526 2540 vitare
2555 2485 2797 2556 cupiens,
2830 2485 3140 2554 loquebatur
3169 2503 3182 2541 :
3214 2485 3296 2540 Ne
3323 2491 3454 2558 forte
3480 2488 3786 2541 obdormiam

2217 2577 2268 2630 in
2299 2586 2455 2628 morte
2480 2576 2496 2645 (
2525 2573 2614 2629 Ps.
2650 2573 2734 2629 12.
2763 2576 2796 2629 4
2817 2573 2857 2645 ).
2893 2575 2987 2629 Est
3015 2576 3154 2629 enim
3185 2591 3403 2629 somnus
3432 2578 3674 2646 peccati,
3700 2579 3782 2647 qui

2217 2667 2356 2720 ducit
2400 2667 2464 2720 ad
2510 2676 2736 2721 mortem
2761 2708 2776 2731 ,
2803 2675 2851 2720 el
2895 2675 2976 2720 est
3013 2666 3115 2720 alia
3151 2665 3328 2721 delicti
3365 2667 3644 2732 dormitio,
3675 2685 3784 2739 qua:

2219 2766 2386 2811 morte
2430 2773 2534 2811 non
2579 2758 2873 2825 stringitur.
2903 2757 3002 2824 Qui
3037 2771 3161 2826 ergo
3189 2758 3377 2811 vixerit
3402 2773 3462 2812 ea
3499 2759 3604 2812 vita
3628 2800 3643 2825 ,
3671 2775 3783 2828 qua:

2215 2849 2361 2911 dicit,
2391 2848 2500 2918 Ego
2529 2865 2638 2902 sum
2667 2849 2765 2902 vita
2791 2847 2810 2918 (
2834 2847 2988 2903 Joan.
3021 2849 3108 2903 14.
3133 2846 3207 2920 ϐ)
3238 2848 3464 2918 (etenim
3492 2850 3595 2903 vita
3619 2860 3783 2904 nostra

2212 2938 2506 2993 abscondita
2549 2949 2620 2992 est
2658 2955 2770 2992 cum
2807 2939 3004 2992 Christo
3032 2940 3084 2991 in
3123 2937 3226 2992 Deo
3255 2936 3482 3010 [Coloss.
3516 2940 3568 2994 3.
3599 2937 3670 3012 5]
3692 2941 3708 3008 )
3734 2949 3782 2992 et

2215 3047 2478 3101 nunquam
2525 3032 2593 3086 ab
2641 3047 2701 3085 ea
2754 3031 2909 3086 foetit
2953 3042 3264 3100 separatus,
3309 3048 3406 3087 nec
3448 3032 3515 3086 ad
3562 3042 3779 3088 mortem

2215 3139 2379 3193 usque
2414 3125 2746 3192 peccaverit,
2779 3123 2877 3177 iste
2917 3123 2982 3176 de
3024 3122 3315 3177 viventibus
3340 3164 3354 3188 ,
3386 3134 3441 3178 ct
3473 3139 3684 3195 semper
3708 3127 3780 3176 vi-

2211 3216 2454 3270 ventibus
2477 3229 2596 3270 esse
2625 3215 2846 3281 dicitur;
2879 3218 2946 3270 de
2972 3215 3161 3286 quibus
3187 3225 3239 3269 et
3265 3215 3506 3270 Salvator
3532 3218 3584 3270 in
3611 3217 3780 3271 Evan-

2207 3308 2348 3378 gelio
2372 3307 2592 3362 Joannis
2623 3308 2844 3377 mystico
2872 3321 3116 3361 sermone
3143 3316 3396 3362 testatur:
3421 3307 3520 3375 Qui
3548 3309 3702 3362 credit
3732 3309 3780 3360 in

2212 3414 2318 3462 me,
2348 3415 2446 3451 non
2477 3398 2732 3451 morietur.
2771 3396 2832 3450 Et
2860 3399 3021 3451 omnis
3043 3399 3128 3464 qui
3157 3399 3306 3459 vivit,
3337 3409 3382 3450 et
3413 3399 3570 3452 credit
3596 3400 3647 3452 in
3672 3416 3778 3460 me,

2213 3503 2312 3541 non
2342 3488 2582 3541 morietur
2606 3488 2656 3540 in
2687 3497 2926 3541 teternum
2951 3486 3137 3559 (Joan.
3169 3489 3253 3541 Η.
3283 3489 3370 3543 25.
3403 3488 3528 3558 26).
3561 3489 3710 3544 Unde
3734 3499 3783 3543 et

2209 3577 2495 3646 Apostolus
2520 3619 2534 3641 ,
2569 3578 2771 3630 Domini
2810 3578 2889 3632 sui
2921 3578 3132 3632 calcans
3202 3579 3362 3650 807
3437 3581 3654 3649 vestigia
3679 3621 3694 3644 ,
3724 3595 3780 3634 ea

2210 3667 2386 3722 docuit
2418 3668 2724 3737 discipulos,
2756 3683 2874 3738 qua:
2904 3669 3084 3723 didicit
3108 3683 3136 3722 a
3165 3671 3434 3738 magistro.
3467 3669 3664 3725 Omnes
3691 3671 3781 3723 ita-

2209 3775 2313 3826 que
2353 3775 2458 3813 non
2488 3760 2831 3814 dormiemus.
2875 3761 2974 3827 Qui
3009 3761 3146 3815 enim
3174 3762 3317 3814 omni
3346 3762 3583 3816 custodia
3612 3771 3784 3816 servat

2209 3867 2304 3905 eor
2329 3867 2502 3914 sumn,
2535 3861 2588 3906 et
2616 3852 2680 3906 ad
2710 3852 2906 3907 Christi
2939 3863 3198 3923 prmcepta
3225 3853 3417 3922 vigilat,
3451 3853 3780 3924 mandatique

2211 3943 2325 4011 ejus
2355 3959 2558 3997 memor
2586 3955 2668 3998 est
2690 3984 2705 4007 ,
2734 3945 2958 4000 dicentis
2987 3964 3000 3998 :
3042 3944 3253 4015 Vigilate
3275 3986 3289 4008 ,
3320 3947 3438 4014 quia
3467 3948 3666 4001 nescitis
3689 3964 3782 4014 qua

2214 4042 2339 4086 hora
2365 4035 2449 4103 [ur
2473 4036 2676 4106 veniat(
2704 4035 2892 4090 Matth.
2919 4035 3009 4090 24.
3038 4035 3107 4090 42
3127 4035 3146 4107 )
3167 4077 3181 4100 ,
3213 4035 3276 4089 Ει
3305 4037 3357 4090 in
3387 4037 3491 4089 alio
3520 4038 3636 4091 loco
3666 4056 3679 4092 :
3708 4037 3783 4091 Ne

2212 4125 2410 4178 dederis
2438 4141 2668 4178 somnum
2707 4127 2864 4181 oculis
2898 4129 2998 4180 tuis
3019 4168 3034 4192 ,
3061 4135 3105 4180 et
3145 4126 3394 4197 palpebris
3425 4128 3524 4181 tuis
3549 4129 3784 4182 dormita-

2213 4217 2397 4268 tionem
2424 4217 2439 4286 (
2467 4215 2620 4270 I’rov.
2649 4216 2701 4271 6.
2733 4218 2766 4271 4
2792 4222 2807 4286 )
2833 4259 2847 4280 ,
2875 4227 2930 4272 ut
2957 4219 3133 4272 salvus
3165 4219 3258 4272 lius
3291 4237 3303 4272 :
3328 4220 3478 4288 quasi
3509 4235 3694 4288 caprea
3721 4222 3784 4274 de

2216 4307 2440 4360 vinculis
2466 4347 2479 4370 ,
2513 4316 2566 4361 ct
2589 4308 2739 4377 quasi
2767 4307 2881 4362 a\is
2911 4309 2977 4363 de
3007 4309 3204 4378 laqueis
3227 4350 3241 4374 ,
3273 4309 3372 4363 istc
3403 4325 3507 4364 non
3539 4312 3780 4366 dormiet.

2215 4397 2346 4451 Cum
2399 4398 2554 4467 igitur
2591 4398 2803 4468 quidam
2852 4415 2956 4454 non
3003 4399 3305 4466 dormiant,
3347 4401 3435 4470 qui
3486 4417 3696 4473 semper
3733 4405 3783 4456 in

2213 4492 2426 4547 Christo
2465 4493 2684 4558 vivunt,
2715 4503 2768 4548 et
2803 4493 3056 4563 vigilant,
3089 4493 3327 4564 sequitur
3358 4502 3418 4548 ut
3456 4511 3781 4566 nequaquam

2213 4596 2400 4636 omnes
2431 4581 2698 4636 dormiant
2723 4625 2737 4649 ,
2767 4595 2819 4637 et
2844 4601 2874 4638 e
2901 4585 3167 4638 contrario
3195 4600 3381 4640 omnes
3412 4586 3780 4650 imtuutentur;

2214 4689 2318 4729 non
2342 4674 2706 4730 immutatione
2726 4677 2927 4745 glori:c,
2952 4693 3070 4746 qua:
3095 4677 3302 4746 proprie
3319 4678 3542 4733 debetur
3562 4679 3782 4740 Sanctis,

2214 4765 2309 4821 sed
2346 4781 2404 4820 ea
2442 4768 2806 4822 immutatione
2829 4808 2844 4832 ,
2883 4783 2986 4836 qua
3021 4770 3377 4838 corruptivum
3417 4769 3521 4824 hoc
3548 4771 3783 4824 incorru-

2217 4859 2414 4927 plivum
2455 4859 2710 4924 el'licitur;
2753 4871 2808 4913 ut
2845 4861 2927 4913 vel
2973 4875 3155 4928 pmnas
3195 4861 3277 4915 vel
3319 4861 3532 4930 praemia
3572 4861 3786 4931 recipiat

2215 4950 2554 5018 sempiterna.
2603 4948 2753 5017 Quod
2782 4959 2835 5004 et
2869 4949 2913 5003 si
2940 4949 3218 5005 dormierit
3243 4951 3434 5020 aliquis
3462 4951 3515 5005 in
3543 4950 3750 5006 Christo
3770 4990 3784 5013 ,

2215 5052 2269 5096 et
2295 5043 2626 5112 negligentia:
2647 5057 2836 5096 somno
2862 5042 3233 5108 obdormierit,
3260 5041 3418 5097 debet
3443 5044 3627 5098 audire
3651 5042 3789 5116 quod

2216 5132 2468 5203 scriptum
2500 5142 2600 5187 est.
2631 5131 2896 5203 Numquid
2921 5135 3006 5201 qui
3035 5132 3238 5196 dormit,
3264 5150 3365 5187 non
3389 5136 3651 5205 resurget?
3674 5133 3786 5207 (Ps.

2298 5263 2366 5325 (ὁ)
2399 5262 2556 5328 Falso,
2581 5269 2824 5328 et_contra
2859 5270 3083 5314 veterum
3118 5265 3710 5328 omniumﬁexemplarium
3743 5265 3795 5314 ﬁ-

2231 5325 2363 5381 dem,
2388 5327 2616 5373 continuo
2637 5325 2885 5374 Erasmum
2922 5333 3122 5375 secutus
3143 5328 3300 5376 editor
3322 5325 3674 5377 Benedictinus
3697 5367 3708 5383 ,
3733 5327 3794 5376 de

2232 5388 2328 5435 vita
2347 5393 2526 5436 a'terna
2549 5385 2670 5449 legit
2693 5399 2778 5449 pro
2798 5393 3008 5446 terrena,
3033 5387 3161 5449 quod
3185 5387 3362 5437 tamdiu
3383 5395 3529 5436 antea
3559 5387 3796 5439 Victorius

2221 5451 2326 5510 ipse
2348 5454 2542 5510 e3§_octo
2562 5447 2806 5510 codicibus
2827 5447 3128 5498 restituerat.
3506 5508 3514 5510 _
3605 5502 3607 5504 ,

2282 5509 2354 5569 (ct
2376 5508 2543 5573 _Vetus
2567 5509 2718 5573 editio
2737 5515 2784 5557 et
2822 5516 3214 5573 prwsntes‘esse
3237 5522 3348 5573 cum
3373 5508 3608 5570 nomino,
3633 5523 3795 5573 quem-

2218 5568 2472 5619 admodum
2495 5568 2603 5618 fere
2628 5568 2832 5631 Vulgat.’
2850 5579 2902 5620 et
2936 5569 3143 5620 Tertull.
3180 5572 3245 5620 de
3277 5568 3665 5622 Resurrectione
3693 5586 3795 5622 car-

2219 5635 2320 5688 nis,
2363 5638 2414 5680 et
2454 5631 2577 5680 libro
2610 5638 2776 5695 contra
2822 5632 3118 5695 Marcionem
3156 5633 3346 5695 quinto,
3383 5632 3674 5689 inmorari.
3709 5645 3795 5681 seu

2220 5701 2476 5754 praesentes
2515 5705 2616 5742 esse
2658 5693 2724 5744 ad
2761 5693 3045 5755 Dominum,
3089 5693 3245 5742 Graec.
3284 5707 3348 5744 ιιι
3382 5702 3584 5756 ινδ-ιμῆσιι
3618 5710 3702 5757 πρὸς
3739 5708 3794 5744 τδ-

2224 5766 2355 5815 ῐίιθιον
2363 5792 2373 5803 .
