4088 6336
315 327 410 382 973

315 438 394 495 ιο.
426 437 460 491 9
489 438 508 506 )
543 436 642 504 Qui
669 448 796 491 vero
822 449 926 489 non
951 433 1183 498 dormit,
1219 432 1311 489 sed
1345 433 1556 504 vigilat,
1587 442 1643 487 et
1671 447 1884 504 semper

316 527 435 581 vivit
458 526 510 581 in
538 526 769 590 Christo,
795 525 862 580 de
889 523 993 579 vita
1023 523 1089 579 ad
1115 525 1274 579 vitam
1306 524 1546 585 transiet,
1574 523 1687 579 sive
1714 524 1886 593 rapie-

317 631 391 673 tur
417 617 467 672 in
497 615 746 681 nubibus,
771 624 829 670 ιιι
850 629 1063 684 semper
1089 629 1209 669 cum
1238 614 1462 669 Domino
1487 614 1578 668 sit.
1606 614 1682 669 De
1707 612 1884 668 istius-

315 710 449 766 modi
475 708 860 765 dormientibus
882 708 1112 762 Lazarus
1137 715 1272 768 erat,
1293 705 1360 761 de
1380 722 1486 777 quo
1510 705 1763 760 Dominus
1788 705 1883 767 ait,

316 802 536 855 Lazarus
577 800 770 854 amicus
812 808 978 854 noster
1014 798 1220 852 dormit.
1261 795 1331 851 Et
1364 796 1434 852 de
1467 795 1570 850 hoc
1593 796 1887 850 dormiente

312 893 517 949 dicebat
534 892 600 945 ad
624 890 903 954 Marthatn,
930 889 1029 957 Qui
1054 888 1211 943 credit
1234 889 1288 942 in
1314 902 1413 953 me,
1441 886 1637 941 etiamsi
1660 896 1889 941 mortuus

313 985 497 1057 fuerit,
529 982 654 1037 vivet
680 996 701 1036 :
727 990 773 1035 et
799 980 960 1035 omnis
985 980 1070 1049 qui
1110 978 1266 1042 vivit,
1297 986 1346 1032 et
1373 976 1533 1031 credit
1560 975 1613 1029 in
1640 991 1719 1031 me
1740 1015 1757 1042 ,
1786 989 1889 1027 non

314 1076 548 1129 morietur
569 1074 622 1128 in
650 1081 891 1128 internum
916 1070 1093 1143 (Joan.
1123 1071 1211 1126 il.
1242 1070 1327 1126 ll.
1356 1068 1450 1125 25.
1476 1068 1588 1141 26).
1614 1068 1712 1136 Qui
1745 1068 1888 1122 enim

315 1177 419 1222 tota
449 1175 625 1221 mente
652 1166 704 1220 in
731 1164 944 1219 Christo
967 1162 1188 1218 conlidit
1211 1204 1226 1225 ,
1258 1161 1466 1216 etiamsi
1492 1201 1507 1225 ,
1542 1168 1598 1213 ut
1623 1160 1782 1214 homo
1807 1159 1889 1212 la-

314 1273 435 1328 psus
457 1298 473 1324 ,
502 1267 746 1311 mortuus
775 1254 929 1309 luerit
954 1254 1028 1326 (a)
1065 1255 1114 1308 in
1145 1263 1359 1323 peccato
1379 1294 1395 1319 ,
1429 1252 1532 1306 lide
1557 1265 1650 1306 sua
1678 1249 1806 1304 vivit
1836 1248 1888 1303 in

314 1358 642 1420 perpetuum.
672 1348 882 1417 Alioqui
914 1361 1058 1400 mors
1087 1344 1187 1400 ista
1212 1344 1511 1399 communis
1532 1385 1548 1409 ,
1580 1351 1635 1397 et
1661 1340 1857 1396 creden
1875 1367 1889 1380 ο

314 1441 449 1494 tibus
474 1448 528 1493 et
551 1454 655 1492 non
676 1437 1018 1493 credentibus
1043 1435 1270 1492 debetur
1292 1435 1600 1506 aequaliter;
1629 1443 1683 1488 et
1702 1447 1890 1488 omnes

313 1531 509 1600 pariter
545 1527 897 1584 resurrecturi
936 1535 1060 1581 sunt
1082 1569 1097 1590 ,
1125 1526 1211 1581 alii
1252 1526 1303 1579 in
1338 1524 1700 1580 confusionem
1729 1532 1888 1577 teter-

313 1636 453 1686 nam,
485 1621 571 1675 alii
600 1635 668 1675 ex
694 1636 758 1676 eo
783 1619 922 1691 quod
949 1618 1189 1682 credunt,
1219 1617 1269 1672 in
1296 1616 1674 1686 sempiternam
1704 1614 1888 1669 vitam.

314 1711 380 1766 Et
403 1711 483 1767 sic
510 1722 651 1767 stare
680 1720 874 1780 potest,
909 1719 966 1764 ut
993 1710 1081 1780 qui
1110 1708 1280 1764 credit
1309 1708 1360 1762 in
1387 1707 1617 1771 Christo,
1644 1720 1748 1760 non
1778 1720 1892 1759 mo-

313 1808 513 1866 riatur;
542 1812 596 1858 et
617 1803 824 1858 etiamsi
853 1810 1092 1858 mortuus
1119 1800 1294 1867 fuerit,
1316 1799 1458 1855 vivat
1481 1800 1531 1854 in
1556 1806 1888 1869 perpetuum.

311 1897 463 1966 Quod
478 1898 626 1968 juxta
645 1896 973 1966 corporalem
994 1904 1239 1958 mortem,
1254 1898 1477 1963 excepto
1491 1891 1695 1956 Euoch,
1709 1900 1762 1945 et
1779 1890 1891 1944 Elia

311 1988 516 2062 (Cenes.
548 1990 615 2049 5:
646 2000 691 2043 et
717 1989 770 2043 4.
804 1988 931 2059 Reg.
956 1987 1012 2059 2)
1036 2029 1052 2054 ,
1083 1987 1210 2041 nulli
1244 1986 1530 2055 contigisse
1559 1984 1891 2053 perspicuum

309 2090 412 2148 est.
431 2081 527 2150 Qui
547 2090 722 2135 autem
744 2080 862 2134 lidei
884 2077 1243 2149 magnitudine
1258 2089 1469 2146 semper
1480 2075 1661 2129 vivunt.
1681 2074 1731 2128 in
1747 2072 1895 2128 Chri-

309 2182 395 2227 sto
416 2213 433 2240 ,
463 2187 568 2227 non
599 2170 866 2225 dormient
889 2211 903 2234 ,
928 2185 1098 2238 neque
1130 2156 1463 2222 morientur:
1485 2165 1578 2220 sed
1604 2165 1895 2219 imitatores

312 2275 467 2320 erunt
482 2269 603 2318 vita:
618 2262 957 2334 Apostulica',
975 2262 1064 2331 qui
1080 2261 1281 2330 absque
1296 2259 1399 2313 ulla
1413 2258 1564 2328 culpa
1579 2258 1823 2312 vixerunt
1841 2257 1891 2311 in

312 2357 430 2426 lege
463 2355 718 2425 justitite;
748 2362 803 2407 et
830 2352 893 2407 ad
926 2351 1082 2406 (idem
1123 2349 1331 2404 Domini
1371 2357 1706 2403 transeuntes
1731 2388 1746 2413 ,
1774 2362 1895 2403 cre-

311 2447 607 2518 dentesque
636 2446 688 2501 in
713 2460 857 2513 eum,
875 2442 967 2514 qui
1200 2443 1306 2497 vita
1329 2451 1565 2505 vocatur,
1588 2451 1645 2496 et
1662 2457 1899 2497 resurre—

310 2539 443 2604 ctio,
467 2551 735 2606 nunquam
753 2534 1040 2601 dormiere,
1055 2547 1320 2603 nunquam
1344 2532 1538 2587 mortui
1554 2541 1699 2587 sunt.
1716 2531 1897 2585 Anima

313 2629 451 2683 enim
472 2669 487 2696 ,
517 2642 633 2700 qua:
658 2626 965 2697 peccaverit,
996 2625 1111 2697 ipsa
1138 2625 1380 2678 morietur
1407 2625 1424 2693 (
1448 2621 1614 2676 Ezeclt
1667 2623 1754 2689 18,
1781 2621 1816 2676 4
1836 2623 1855 2692 )
1879 2661 1894 2685 ,

315 2719 467 2774 Sicut
497 2718 655 2788 igitur
681 2717 879 2781 anima,
900 2731 1018 2787 qua:
1046 2724 1252 2787 peccat,
1276 2715 1488 2768 vivente
1509 2727 1732 2782 corpore
1757 2727 1898 2766 mor-

315 2822 406 2865 tua
427 2818 509 2864 est
530 2819 612 2862 :et
626 2808 820 2863 eadem.
833 2809 918 2862 die
936 2822 1038 2878 qua
1061 2805 1376 2877 peccaverit,
1397 2804 1595 2859 dormit
1617 2804 1668 2859 in
1693 2813 1895 2868 morte;

313 2902 533 2957 dicente
560 2899 915 2954 Ecclesiaste:
946 2899 1020 2970 (b)
1045 2897 1145 2966 Qui
1170 2897 1466 2969 peccaverit,
1493 2906 1719 2949 mortuus
1740 2903 1815 2950 est
1839 2910 1901 2949 ex

317 3008 476 3062 tunc;
520 2994 598 3048 sic
635 2992 812 3047 anima
853 3007 972 3062 qua:
1017 2991 1212 3047 Christi
1262 2996 1523 3060 praecepta
1570 2989 1898 3051 servaverit,

315 3085 526 3143 etiamsi
573 3100 766 3156 corpus
810 3094 1076 3138 mortuum
1121 3081 1318 3148 fuerit,
1347 3082 1488 3136 vivet
1528 3082 1579 3136 in
1618 3090 1895 3136 :cternum.

319 3177 431 3232 Iloc
459 3183 636 3231 autem
666 3174 962 3242 sciendum,
992 3173 1131 3244 quod
1158 3174 1326 3244 magis
1349 3172 1632 3228 conveniat
1656 3172 1896 3238 veritati,
1927 3175 1962 3253 λ

318 3268 393 3323 ita
419 3267 595 3338 legere
623 3283 637 3320 :
674 3264 859 3337 Omnes
889 3264 1086 3337 quidem
1115 3263 1441 3330 dormiamus,
1476 3279 1576 3317 non
1602 3278 1774 3316 omnes
1801 3279 1899 3316 au-

317 3367 419 3413 tem
443 3357 818 3413 immutabimur
843 3372 863 3411 :
887 3356 1117 3411 maxime
1144 3355 1265 3425 quia
1296 3354 1534 3425 sequitur
1554 3394 1570 3419 ,
1604 3352 1792 3407 Mortui
1815 3369 1898 3409 rc-

316 3460 524 3520 surgent
550 3448 847 3519 incorrupti,
876 3459 920 3502 et
944 3464 1035 3502 nos
1054 3447 1449 3501 immutabimur.
1472 3446 1527 3501 Si
1548 3447 1690 3501 enim
1712 3460 1900 3501 omnes

318 3552 445 3598 sunt
476 3541 822 3603 inmutandi,
849 3540 1004 3611 juxta
1033 3541 1253 3593 alteram
1284 3539 1563 3594 lectionem
1586 3579 1602 3604 ,
1631 3537 1900 3608 quomodo

320 3644 503 3704 postea
532 3633 758 3699 dicitur,
788 3634 935 3703 quasi
968 3630 1289 3702 praecipuum
1316 3639 1475 3698 atque
1510 3629 1773 3699 privatum
1799 3669 1815 3694 ,
1846 3636 1899 3682 et

300 3722 535 3793 proprie
574 3723 946 3792 Apostolorum
973 3762 986 3785 ,
1016 3730 1064 3775 et
1101 3736 1192 3774 nos
1229 3720 1604 3773 immutabimur
1624 3719 1650 3772 3'
1678 3718 1901 3786 Quando

316 3826 498 3870 autem
525 3815 653 3870 dicit
680 3829 797 3878 nos,
829 3822 1042 3868 sanctos
1070 3827 1311 3889 quosque
1337 3811 1618 3881 signiﬁcat.

390 3908 446 3963 8.
486 3907 733 3975 Quaeritis
757 3905 1020 3975 quomodo
1048 3901 1447 3973 intelligendum
1478 3901 1547 3956 sit
1576 3902 1727 3967 illud,
1759 3900 1900 3971 quod

318 4000 373 4054 in
401 4002 566 4070 prima
592 3998 658 4052 ad
686 3995 1190 4052 Thessalonicenses
1218 3993 1454 4063 Epistula
1479 3992 1727 4047 scribitur
1748 4010 1762 4048 :
1786 3991 1901 4047 Hoc

315 4092 453 4144 enim
478 4089 615 4144 vobis
643 4088 856 4142 dicimus
882 4088 937 4140 in
966 4083 1112 4141 verbo
1141 4084 1343 4139 Domini
1367 4099 1386 4138 :
1405 4084 1522 4154 quia
1550 4099 1641 4138 nos
1669 4084 1753 4155 qui
1780 4085 1903 4139 vtvi-

317 4199 450 4248 nnts,
475 4182 560 4251 qui
588 4180 775 4235 residui
799 4195 992 4242 sumus,
1022 4180 1075 4232 in
1100 4178 1317 4232 adventu
1349 4175 1554 4231 Domini
1583 4193 1683 4231 non
1713 4194 1903 4247 praeve-

318 4274 518 4328 niemus
545 4288 627 4326 eos
650 4312 664 4336 ,
692 4272 777 4341 qui
803 4270 1114 4324 dormierunt
1143 4269 1417 4335 :quoniam
1442 4272 1552 4338 ipse
1578 4267 1825 4323 Dontinus
1849 4269 1902 4323 in

311 4366 465 4434 jussu
487 4404 503 4427 ,
535 4373 582 4417 et
610 4365 665 4417 in
698 4378 815 4417 voce
842 4360 1146 4432 Archangeli
1166 4402 1179 4423 ,
1211 4370 1256 4414 et
1285 4362 1337 4415 in
1365 4361 1483 4415 tuba
1513 4360 1610 4415 Dei
1641 4360 1903 4416 descendet

296 4458 384 4527 ,αα
402 4457 561 4521 etelo;
591 4466 637 4509 et
662 4455 848 4509 mortui
872 4457 958 4525 qui
979 4455 1030 4508 in
1058 4454 1254 4509 Christo
1275 4464 1408 4519 sunt,
1432 4466 1691 4526 resurgent
1714 4457 1901 4525 primi:

318 4547 501 4599 deinde
528 4562 619 4597 nos
643 4545 729 4613 qui
762 4544 970 4597 vivimus
993 4584 1010 4610 ,
1036 4545 1123 4613 qui
1160 4545 1348 4598 residui
1375 4562 1547 4598 sumus
1571 4586 1586 4610 ,
1613 4547 1764 4601 simul
1790 4564 1903 4601 cum

317 4638 425 4690 illis
452 4636 711 4704 rapiemur
733 4634 786 4685 in
813 4634 1026 4687 nubibus
1049 4634 1244 4686 obviam
1269 4634 1470 4687 Christo
1496 4635 1549 4688 in
1576 4652 1728 4700 aera;
1757 4647 1801 4691 et
1830 4639 1904 4692 sic

319 4739 519 4791 semper
551 4738 666 4774 cum
694 4719 907 4774 Domino
936 4720 1119 4775 erimus
1147 4722 1192 4794 (l
1210 4763 1222 4775 .
1250 4721 1426 4801 Thess.
1456 4724 1508 4777 4.
1543 4725 1691 4778 l5.et
1718 4728 1900 4799 seqq.).

320 4818 499 4888 Super
522 4828 627 4884 quo
649 4812 890 4883 quamvis
916 4814 1157 4883 superior
1180 4815 1355 4868 Acacii
1382 4815 1668 4883 disputatio
1691 4819 1900 4889 plenius

320 4906 589 4966 ventilarit
613 4948 629 4973 ,
666 4916 840 4960 tamen
880 4904 1161 4960 dicendum
1201 4915 1285 4960 est
1321 4904 1445 4976 quid
1481 4905 1721 4963 videatur
1745 4909 1899 4978 aliis,

388 5038 454 5107 (a)
493 5034 658 5088 Facile
683 5034 959 5107 intelligas,
981 5035 1023 5107 si
1054 5033 1153 5086 levi
1185 5041 1388 5107 peccato
1411 5033 1562 5107 fuerit
1601 5035 1868 5107 obstrictus
1887 5075 1901 5096 ,

317 5097 523 5152 miiti'me
561 5097 951 5162 vero_mortali._‘
973 5103 1047 5162 ut__
1072 5097 1246 5150 vocant
1269 5112 1281 5148 :
1308 5097 1711 5161 quemadmodum
1757 5099 1903 5162 paulo

315 5165 550 5232 superius
572 5157 901 5232 esplicaverat
921 5158 986 5209 de
1019 5159 1099 5232 iis,
1117 5162 1199 5232 qui
1221 5157 1461 5232 non'sunt
1499 5164 1730 5232 perpetua
1752 5157 1904 5232 inerte

316 5174 550 5232 superius
572 5174 901 5231 expueaverat
921 5174 986 5209 ue
1019 5174 1093 5218 ns,
1117 5174 1199 5268 qui
1221 5174 1316 5232 non
1351 5174 1461 5210 sum
1499 5174 1730 5232 perpetua
1752 5174 1904 5216 morte

316 5223 559 5275 morituri.
580 5221 686 5272 Nec
708 5221 874 5283 majori
898 5232 1046 5283 Opera
1069 5219 1132 5270 de
1154 5222 1266 5270 endt
1301 5221 1745 5283 oporterevtdetur
1769 5220 1904 5273 locus

316 5286 434 5347 iste,
476 5297 624 5348 quem
658 5281 835 5348 inscite
860 5281 1060 5330 nimium
1083 5314 1098 5341 ,
1124 5289 1177 5333 et
1216 5281 1399 5333 misere
1439 5281 1632 5346 quidam
1657 5296 1721 5333 ex
1760 5285 1904 5336 hete-

309 5360 368 5400 ro
380 5343 520 5397 doxis
551 5343 922 5395 calumniantur.

384 5408 455 5470 (b)
488 5407 671 5473 Locum
710 5400 1167 5473 h‘unefcgesiastis
1199 5416 1305 5467 cap.
1327 5404 1657 5473 8_._v.12._cx
1694 5408 1906 5473 antiquis

318 5463 709 5533 interpretibus,
721 5464 911 5529 Aquila,
936 5463 1236 5533 Symmacho,
1258 5463 1313 5515 'et
1331 5465 1672 5533 ATbeodotione
1695 5463 1868 5533 recitat
1886 5504 1901 5530 ,

317 5532 403 5593 qui
428 5527 603 5583 ἀὲιιανεν
620 5566 635 5590 ,
663 5529 711 5593 id
734 5527 812 5577 est
833 5531 1049 5593 nuntur};
1071 5532 1160 5586 est,
1192 5527 1546 5593 transtulerunt
1571 5530 1776 5580 verbum
1798 5527 1906 5581 He-

320 5584 535 5641 tit-uicum
560 5584 739 5655 striam,
762 5587 891 5651 quod
912 5584 1054 5635 LXX.
1078 5584 1264 5655 {adad-1e
1291 5587 1397 5637 sive
1420 5599 1485 5638 ea:
1521 5594 1633 5655 tunc
1668 5593 1906 5655 interpre-

322 5656 406 5712 tati
439 5662 571 5704 sunt.
608 5652 758 5701 Porro
781 5648 1039 5712 utramque
1070 5648 1213 5697 simul
1254 5650 1707 5712 interpretationem
1752 5648 1907 5703 nectit

323 5711 461 5763 Hier.
491 5723 542 5765 nt
581 5727 749 5765 novatn
774 5711 888 5763 inde
923 5709 975 5763 et
996 5723 1186 5761 rursum
1217 5709 1590 5775 perelegantetn
1611 5720 1904 5765 sententiam

327 5789 374 5822 ct
388 5784 467 5824 ttat
476 5812 486 5824 .
1210 5782 1211 5785 “

1691 320 2016 377 EPIS'TOLA
2054 321 2242 378 CXIX.

3472 330 3575 401 sit

1992 434 2277 489 Theodoro
2299 433 2565 500 videlicet,
2585 436 2934 505 Apollinario,
2954 447 3007 494 et
3032 440 3283 509 Diodoro,
3302 443 3391 513 qui
3414 459 3572 498 uuam

1989 536 2287 596 sequuntur
2326 526 2644 581 sententiam
2674 543 2687 578 :
2715 544 2935 597 quorum
2980 530 3242 585 Diodorus
3284 532 3399 588 ha'c
3434 534 3572 588 scri-

1990 619 2115 687 psit.
2144 636 2164 672 ι
2196 619 2446 674 Residuos
2472 629 2629 688 atque
2658 619 2870 674 viventes
2892 662 2908 682 .
2935 621 3127 677 Paulus
3153 623 3440 693 Apostolus
3471 640 3571 677 vn-

1991 722 2112 777 cat;
2140 726 2246 767 non
2272 727 2377 783 quo
2400 712 2527 767 velit
2553 712 2769 782 intelligi
2790 721 2844 767 et
2862 729 2921 767 se
2941 722 2994 768 et
3013 714 3145 769 alios
3165 717 3573 773 resurrectionis

1995 811 2236 873 tempore
2261 803 2313 857 in
2338 818 2563 873 corpore
2586 802 2929 873 reperiendos
2952 821 2966 857 :
2988 803 3080 859 sed
3104 821 3195 861 nos
3212 805 3365 874 dixit,
3388 823 3484 876 pro
3505 824 3572 862 co

1991 893 2135 964 quod
2160 902 2260 961 est,
2287 895 2482 961 iustos;
2507 893 2574 949 de
2602 908 2825 964 quorum
2849 902 2905 948 et
2927 908 3025 965 ego
3048 910 3165 951 sum
3194 912 3436 954 numero.
3468 899 3572 968 Ipsi

1992 984 2135 1038 enim
2179 983 2451 1055 rapientur
2488 983 2699 1039 obviam
2734 982 2949 1039 Christo
2972 1024 2987 1048 .
3018 994 3073 1039 et
3109 1001 3214 1041 non
3244 998 3571 1057 peccatores.

2004 1073 2235 1129 Viventes
2262 1083 2460 1139 autem,
2488 1090 2595 1130 non
2618 1075 2768 1145 juxta
2798 1075 3167 1145 tropologiam,
3196 1087 3411 1133 sanctos
3435 1082 3575 1137 acci-

1995 1163 2167 1235 pimus
2185 1204 2202 1231 ,
2231 1164 2317 1234 qui
2351 1175 2568 1234 peccato
2587 1163 2657 1237 (c)
2685 1179 2789 1219 non
2817 1165 3010 1219 mortui
3044 1178 3202 1231 sunt,
3227 1167 3320 1222 sed
3346 1182 3531 1223 omnes
3554 1211 3571 1235 ,

1993 1270 2127 1325 quos
2161 1254 2216 1309 in
2244 1268 2471 1325 corpore
2495 1254 2782 1310 adveniens
2806 1253 3052 1310 Christus
3080 1255 3364 1312 invenerit.
3391 1257 3574 1325 Quod-

1950 1384 1951 1387 η
1992 1363 2097 1417 que
2122 1347 2360 1417 sequitur
2386 1363 2401 1401 :
2432 1345 2555 1401 Non
2585 1347 2941 1418 praeveniemus
2969 1364 3052 1403 eos
3070 1389 3085 1414 ,
3111 1350 3198 1419 qui
3221 1348 3534 1403 dormierunt
3559 1391 3574 1413 ,

1996 1452 2326 1508 nequaquam
2365 1437 2432 1492 ad
2470 1446 2777 1507 peccatores
2806 1439 3003 1495 referre
3041 1439 3295 1496 debemus
3328 1458 3343 1495 :
3412 1441 3577 1513 809

1954 1544 2167 1599 .neque
2205 1528 2344 1583 enim
2407 1538 2714 1598 peccatores
2769 1545 2890 1585 eum
2926 1529 3088 1600 justis
3150 1533 3426 1601 rapientur
3480 1534 3578 1586 ob-

1996 1623 2132 1677 viam
2157 1621 2369 1678 Christo
2396 1620 2474 1694 (d)
2496 1621 2590 1678 sed
2615 1623 2673 1688 ii,
2700 1637 2834 1694 quos
2863 1638 3007 1679 mors
3033 1624 3353 1680 dissolverit.
3383 1624 3576 1681 Verum

1993 1713 2122 1784 quid
2164 1714 2263 1769 ista
2305 1714 2556 1784 perquiro
2581 1754 2597 1781 ,
2628 1722 2685 1769 et
2713 1712 3030 1784 Apostolicis
3070 1713 3227 1770 dictis
3254 1713 3575 1770 calumniam

1997 1804 2154 1870 iacio,
2194 1819 2315 1858 cum
2363 1803 2479 1874 ipse
2520 1796 2950 1859 manifestissime
2992 1802 3189 1860 scribat
3217 1821 3231 1858 :
3258 1804 3344 1875 qui
3386 1804 3579 1859 residui

1996 1910 2171 1948 sumus
2215 1894 2268 1948 in
2308 1894 2525 1947 adventu
2570 1892 2818 1948 Domini?
2851 1893 2950 1963 Qui
2988 1893 3096 1950 siut
3130 1903 3306 1951 autem
3336 1895 3576 1962 residui,

2000 1983 2175 2040 verbis
2199 1983 2453 2041 discimus
2480 1984 2771 2041 Salvatoris
2798 2002 2812 2039 :
2839 1984 2987 2040 Sicut
3012 1985 3065 2040 in
3090 1984 3261 2041 diebus
3284 1984 3401 2041 Noe
3423 1985 3578 2040 duce—

1995 2077 2114 2131 bant
2140 2093 2354 2141 uxores,
2383 2086 2430 2130 et
2459 2076 2739 2140 nubebant;
2765 2085 2810 2130 et
2841 2086 3044 2147 repente
3076 2077 3206 2147 venit
3231 2076 3503 2145 diluvium,
3531 2088 3579 2132 et

1999 2169 2114 2223 tulit
2138 2184 2308 2223 omnes
2329 2186 2347 2222 :
2367 2169 2440 2223 sic
2467 2169 2559 2223 erit
2584 2158 2828 2223 adventus
2849 2167 2976 2223 Filii
3000 2168 3216 2223 hominis
3238 2167 3449 2242 (Matth.
3471 2168 3540 2223 24
3562 2185 3576 2232 ;

1998 2269 2045 2313 et
2072 2258 2198 2314 Luc.
2229 2258 2348 2332 17.).
2376 2259 2577 2330 Quibus
2607 2259 2942 2316 sermonibus
2978 2260 3340 2330 approbatur,
3383 2259 3436 2314 in
3475 2257 3579 2313 ﬁne

1976 2351 2185 2406 ‘mundi
2210 2344 2404 2406 multos
2424 2352 2596 2421 vivos,
2622 2361 2676 2406 et
2698 2350 2871 2406 adhuc
2897 2351 2949 2405 in
2975 2351 3286 2420 corporibus
3312 2350 3582 2421 reperien-

1961 2506 1965 2510 ι
1999 2441 2117 2496 dos.
2145 2439 2427 2511 Sequitur:
2450 2438 2516 2494 In
2534 2441 2708 2513 jussu,
2736 2450 2784 2495 et
2811 2440 2865 2494 in
2889 2455 3008 2495 voce
3030 2438 3353 2512 Arclumgeli,
3375 2448 3422 2493 et
3446 2456 3581 2493 mor-

2000 2533 2072 2585 tui
2116 2542 2377 2603 resurgent
2403 2532 2573 2602 primi.
2610 2532 2678 2587 Et
2714 2532 2816 2588 hoc
2841 2546 3053 2587 rursum
3080 2531 3323 2587 Salvator
3349 2531 3580 2603 loquitur

2003 2624 2053 2677 in
2083 2623 2370 2694 Evangelio
2395 2644 2407 2679 :
2432 2624 2606 2679 Media
2629 2633 2798 2680 autem
2818 2634 2962 2680 nocte
2978 2639 3193 2694 sponsus
3212 2624 3341 2678 venit
3361 2623 3576 2694 (Matth.

1998 2717 2087 2771 25.
2117 2716 2151 2771 6
2170 2715 2222 2786 );
2253 2717 2340 2785 qui
2373 2717 2552 2787 utique
2575 2717 2814 2773 viventes
2841 2716 2895 2771 in
2923 2731 3149 2788 corpore
3176 2715 3541 2787 deprehendet
3565 2759 3579 2783 ,

2001 2804 2213 2872 quando
2237 2805 2339 2859 duo
2367 2816 2514 2860 erunt
2542 2807 2595 2862 in
2623 2807 2806 2862 lectulo
2839 2823 2941 2862 uno
2970 2822 2989 2862 :
3023 2823 3154 2861 unus
3199 2816 3504 2875 assumatur,
3535 2819 3582 2860 et

2001 2896 2135 2965 alius
2160 2896 2468 2967 relinquetur
2495 2914 2513 2951 :
2538 2905 2584 2952 et
2613 2896 2730 2952 dum
2755 2897 2995 2952 metentes
3013 2938 3029 2964 ,
3057 2913 3160 2951 una
3183 2908 3471 2953 assumetur
3488 2939 3504 2965 ,
3538 2907 3583 2951 et

2003 2987 2107 3041 alia
2151 2988 2456 3058 relinquetur
2478 2987 2644 3062 (Luc.
2676 2990 2743 3045 1⁵1
2763 2987 2805 3062 ).
2836 2989 3039 3056 Quibus
3065 2989 3222 3046 dictis
3250 2989 3544 3046 ostenditur
3566 3032 3582 3057 ,

2004 3080 2180 3135 medio
2225 3081 2434 3148 noctis,
2483 3081 2687 3138 securis
2733 3081 2982 3138 omnibus
3009 3123 3025 3149 ,
3072 3081 3582 3139 consummationem

2003 3171 2185 3228 mundi
2211 3186 2304 3264 qse
2330 3184 2627 3229 venturam.
2665 3191 2687 3227 ι
2855 3189 2858 3192 ’
3479 3228 3487 3232 .

2072 3265 2127 3320 9.
2166 3263 2422 3335 Origenes
2463 3265 2514 3320 in
2548 3266 2704 3321 tertio
2729 3265 2995 3322 volumine
3037 3266 3111 3337 (ε)
3137 3266 3423 3334 δεηγητικῖνι
3457 3265 3586 3336 Epi-

2002 3358 2155 3414 stola:
2182 3357 2332 3414 Pauli
2361 3358 2428 3415 ad
2452 3357 2958 3423 Thessalonicenses
2984 3360 3170 3430 primae
3193 3398 3210 3423 ,
3239 3366 3357 3429 post
3379 3358 3539 3413 multa
3570 3400 3585 3421 ,

2002 3466 2121 3521 quae
2140 3450 2289 3506 vario
2308 3450 2926 3521 prudentique‘sermone
2946 3451 3217 3517 disseruit,
3243 3451 3356 3507 hazc
3376 3452 3552 3507 intulit
3572 3469 3584 3507 :

2003 3540 2072 3593 de
2110 3540 2304 3608 quibus
2331 3539 2467 3594 nulli
2507 3539 2726 3595 dubium
2755 3549 2839 3595 est
2865 3548 2921 3595 et
2946 3541 3198 3595 Acacium
3238 3539 3490 3609 pleraque
3520 3542 3585 3593 li-

2005 3631 2180 3686 basse.
2214 3648 2235 3683 ι
2262 3630 2399 3699 Quid
2432 3639 2517 3687 est
2546 3646 2674 3702 ergo
2702 3630 2844 3702 quod
2874 3631 3115 3686 scribunt
3143 3630 3586 3686 Thessalonicen-

2005 3724 2152 3777 sibus
2178 3722 2230 3779 in
2258 3723 2422 3779 verbo
2447 3723 2540 3778 Dei
2573 3724 2765 3778 Paulus
2788 3732 2845 3779 et
2865 3723 3127 3796 Sylvanus
3153 3731 3216 3778 et
3232 3722 3545 3779 Timotheus
3574 3744 3585 3779 :

2008 3812 2120 3868 Nos
2148 3814 2235 3884 qui
2265 3814 2493 3878 vivimus,
2520 3815 2606 3884 qui
2630 3815 2819 3869 residui
2841 3830 3032 3879 sumus,
3060 3815 3112 3868 in
3137 3813 3353 3868 adventu
3377 3814 3586 3869 Domini

2006 3918 2106 3957 non
2139 3903 2493 3973 prmeniemus
2529 3919 2650 3971 eos,
2687 3904 2772 3975 qui
2808 3903 3157 3959 dormierunt?
3192 3903 3307 3979 Qui
3333 3912 3459 3959 sunt
3497 3906 3583 3960 isti

2006 3995 2245 4049 viventes
2283 3993 2375 4064 qui
2413 3994 2701 4065 loquuntur
2739 3995 2891 4050 talia!
2926 3993 3115 4066 Utique
3154 3995 3347 4051 Paulus
3386 4010 3492 4051 non
3520 3998 3588 4051 ab

1974 4083 2342 4149 ‘~hominibus,
2374 4098 2473 4139 nec
2498 4099 2592 4154 per
2619 4083 2864 4141 homines
2894 4085 3177 4156 Apostolus
3201 4085 3220 4157 (
3242 4083 3360 4141 Gal.
3392 4086 3418 4141 1
3447 4086 3502 4157 ).
3535 4096 3591 4142 et

2005 4174 2314 4231 carissimus
2339 4174 2456 4245 ejus
2481 4174 2624 4230 ﬁlius
2652 4174 2706 4230 in
2732 4174 2835 4231 lide
2861 4174 3192 4240 Timotheus,
3220 4184 3274 4230 et
3297 4173 3586 4247 Sylvanus,

2007 4266 2094 4337 qui
2137 4265 2243 4321 illis
2266 4277 2378 4322 erat
2406 4274 2461 4321 et
2488 4265 2769 4322 allectione
2798 4275 2853 4322 et
2876 4265 3159 4322 virtutibus
3183 4266 3482 4336 cupulatus.
3517 4265 3587 4320 Et

2009 4357 2109 4414 hoc
2134 4372 2239 4412 non
2262 4342 2439 4414 solum
2466 4357 2574 4422 illi,
2603 4357 2697 4413 sed
2723 4357 3041 4428 quicumque
3068 4355 3219 4412 Pauli
3246 4365 3301 4411 et
3328 4356 3546 4411 scientia
3573 4397 3588 4419 ,

2006 4459 2062 4506 et
2096 4451 2500 4506 conversatione
2533 4449 2724 4505 similis
2750 4457 2871 4513 est,
2905 4448 3084 4504 dicere
3110 4456 3287 4519 potest
3314 4463 3330 4503 :
3359 4446 3479 4507 Nos
3504 4447 3592 4502 aui

2007 4544 2251 4609 vivimus;
2278 4556 2505 4612 quorum
2534 4555 2727 4611 corpus
2755 4548 3027 4596 mortuum
3051 4548 3134 4594 est
3159 4548 3374 4609 propter
3399 4552 3589 4610 pecca-

2011 4641 2152 4696 tum;
2182 4632 2400 4701 spiritus
2427 4641 2603 4687 autem
2630 4630 2759 4687 vivit
2786 4638 3003 4700 propter
3035 4628 3291 4698 justitiam
3326 4648 3339 4684 :
3370 4639 3424 4686 et
3451 4645 3590 4702 qun-

2006 4740 2125 4779 rum
2156 4723 2487 4779 mortiﬁcata
2529 4733 2654 4779 sunt
2690 4722 2928 4779 membra
2971 4737 3132 4793 super
3170 4731 3403 4788 terram;
3434 4723 3501 4779 ita
3537 4732 3594 4777 ιιι

2008 4828 2341 4885 nequaquam
2363 4816 2700 4884 concupiscat
2719 4828 2846 4871 caro
2866 4821 3053 4869 contra
3076 4814 3340 4885 spiritum.
3369 4813 3422 4871 Si
3448 4815 3591 4870 enim

2007 4906 2181 4963 adhuc
2212 4906 2481 4962 desiderat
2506 4921 2652 4974 caro,
2679 4907 2838 4973 vivit;
2868 4915 2924 4963 et
2951 4907 3073 4977 quia
3096 4905 3258 4974 vivit,
3287 4906 3591 4970 desiderat;

2007 5007 2063 5054 et
2100 5013 2206 5053 non
2235 5008 2359 5052 sunt
2389 4997 2706 5054 mortiﬁcata
2749 4997 2988 5054 membra
3018 4997 3158 5053 illius
3182 5012 3345 5069 super
3370 5003 3588 5052 terram.

2006 5090 2158 5159 Quod
2187 5090 2233 5145 si
2257 5090 2570 5146 mortiﬁcata
2591 5099 2738 5159 sunt,
2811 5089 2977 5163 διο
3048 5102 3380 5160 nequaquam
3406 5094 3591 5143 contra

2074 5280 2135 5352 (ο)
2172 5284 2374 5346 Absque
2397 5282 2609 5346 negandi
2632 5280 2862 5347 particula
2881 5280 3184 5334 Veronensis
3217 5277 3342 5328 liber
3362 5315 3377 5337 ,
3402 5288 3499 5325 non
3523 5282 3594 5325 ts-

2007 5358 2121 5395 men
2144 5345 2240 5395 alio
2261 5357 2430 5394 sensu.
2817 5354 2823 5361 ”
3412 5350 3417 5354 ’

2075 5408 2145 5475 td)
2182 5406 2392 5475 Rursum
2430 5410 2541 5468 post
2560 5403 2901 5475 Basi'eensem
2938 5403 3095 5475 εᾲίιρτ
3130 5398 3479 5475 Emisti???
3502 5395 3591 5475 :5“

2006 5456 2243 5529 eoi/nec
2265 5456 2472 5528 Latine‘,
2515 5479 2609 5518 nec
2632 5478 2770 5516 vere.
2806 5464 3136 5516 Emendantur
3157 5473 3188 5510 a
3210 5460 3404 5522 scriptis
3428 5464 3482 5507 et
3502 5456 3590 5507 Vi-

2009 5539 2365 5655 clci'egOOSatpius
2403 5589 2519 5640 alibi
2564 5599 2773 5652 ιεητητυιειν
2814 5585 3046 5655 Origenis
3080 5583 3303 5655 Hieron.
3328 5579 3590 5655 meminit,

1972 5668 1981 5671 '
2007 5642 2270 5725 ησείιίὶιιεξηί
2296 5664 2416 5725 vero
2466 5642 2730 5725 εεηηιρέὲιλιεν
2753 5682 2768 5707 ν
2793 5642 3593 5725 .sueilts990993_i“.h9?}3§32°

2010 5702 2161 5777 editis
2186 5714 2445 5777 legebatur
2466 5702 2700 5767 boc'loco,
2727 5702 3078 5777 nulloquidem
3101 5716 3283 5777 sensus
3305 5702 3561 5764 dispendio
3576 5736 3591 5763 ,

2009 5770 2129 5825 lalsa'
2150 5765 2313 5827 lenisti
2332 5773 2566 5834 lectione,
2593 5765 2735 5833 quam
2759 5765 3103 5830 castigavimus
3120 5778 3226 5829 0pc;
3243 5765 3353 5816 Mss.
