4088 6336
611 345 720 404 975

610 458 858 530 spiritum
884 453 1281 523 concupiscunt,
1308 464 1426 521 qua:
1451 446 1858 505 mortiﬁcatione
1879 447 1983 514 sui,
2004 444 2189 515 hujus-

610 549 818 607 cemodi
849 546 1171 602 desiderium
1210 541 1572 613 perdiderunt.
1603 539 1751 596 Sicut
1781 539 1938 611 igitur
1965 538 2054 609 qui
2084 537 2187 592 vita

608 657 828 698 caruere
858 640 1122 709 prasenti,
1155 646 1210 692 et
1239 635 1304 690 ad
1333 634 1550 690 meliora
1583 631 1822 687 translati
1848 639 1990 695 sunt,
2022 629 2188 699 magis

611 732 813 796 vivunt,
841 727 1083 800 deposito
1109 725 1296 782 mortis
1320 739 1562 795 corpore,
1594 732 1649 778 et
1677 722 1921 776 vitiorum
1947 721 2184 774 omnium

612 821 888 878 incentivis
918 820 1035 876 :sic
1077 820 1164 890 qui
1208 817 1664 872 mortilicationem
1709 812 1832 868 Jesn
1871 811 1923 866 in
1960 825 2186 881 corpore

607 929 706 969 suo
725 910 1455 978 circumferunt,nequaquam
1473 904 1814 974 vivuntjuxta
1835 916 2073 967 carnem,
2091 899 2185 956 sed

601 1005 749 1074 juxta
776 1003 1020 1072 spiritum
1046 1019 1059 1054 :
1084 1001 1266 1055 vivunt
1293 1000 1343 1053 in
1363 1013 1429 1054 eo
1447 996 1539 1068 qui
1560 996 1663 1050 vita
1681 1003 1796 1060 est,
1815 1002 1871 1049 et
1885 993 2010 1047 vivit
2032 992 2082 1046 in
2106 991 2186 1047 eis

603 1095 866 1160 Christus,
888 1094 955 1150 de
984 1109 1088 1164 quo
1119 1091 1373 1162 scriptum
1399 1098 1512 1146 est:
1541 1087 1720 1142 Vivens
1745 1096 1814 1140 est
1843 1100 2004 1140 sermo
2026 1083 2120 1137 Dei
2139 1093 2187 1137 et

603 1186 797 1256 ejﬁcax,
811 1186 893 1254 qui
913 1193 986 1238 est
1005 1182 1098 1238 Dei
1117 1183 1292 1246 virtus,
1314 1181 1501 1251 Deique
1521 1179 1768 1251 sapientia
1784 1177 1969 1248 (Hebr.
1989 1177 2042 1232 4.
2069 1175 2181 1246 12).

606 1279 801 1333 Vivunt
828 1277 970 1332 enim
1000 1276 1051 1331 in
1082 1275 1274 1345 quibus
1297 1273 1426 1329 vivit
1450 1273 1617 1338 virtus
1642 1273 1756 1338 Dei,
1783 1271 1925 1325 omni
1954 1269 2183 1324 humana

605 1369 891 1440 fragilitate
919 1367 1156 1438 deposita
1181 1383 1196 1431 ;
1228 1373 1280 1422 et
1316 1367 1368 1420 in
1397 1365 1588 1436 quibus
1612 1363 1741 1417 vivit
1763 1361 2041 1431 sapientia,
2066 1373 2184 1430 qua:

605 1461 912 1517 abscondita
941 1469 1021 1516 est
1052 1460 1103 1516 in
1137 1460 1279 1526 Deo;
1319 1467 1373 1514 et
1397 1458 1450 1512 in
1481 1456 1672 1528 quibus
1695 1454 1823 1509 vivit.
1851 1463 1905 1509 et
1932 1462 2184 1524 Operatur

600 1552 824 1622 justitia.
858 1551 1101 1607 Christus
1142 1551 1283 1606 enim
1326 1549 1494 1606 laetus
1531 1560 1612 1603 ρει
1647 1547 1833 1612 nobis,
1869 1560 1973 1599 non
2007 1543 2181 1599 solum

596 1643 796 1712 justitia
827 1657 894 1698 es
921 1642 1053 1706 Deo,
1081 1643 1173 1697 sed
1201 1650 1256 1697 et
1281 1640 1560 1711 sapientia,
1589 1648 1643 1693 et
1668 1652 1826 1692 omne
1850 1635 1989 1707 quod
2015 1635 2183 1690 virtus

599 1745 681 1791 est
705 1735 725 1808 (
749 1735 798 1791 1.
827 1735 947 1791 Cor.
980 1735 1076 1805 1).
1104 1734 1171 1790 Et
1212 1733 1471 1806 siquidem
1515 1732 1566 1787 in
1609 1730 1855 1801 praesenti
1894 1731 2012 1784 loco
2049 1743 2110 1784 se
2148 1742 2181 1785 a

599 1825 985 1882 dormientibus
1005 1835 1058 1881 et
1085 1827 1136 1879 in
1162 1825 1376 1879 Christo
1399 1823 1639 1886 mortuis,
1668 1823 1755 1892 qui
1783 1822 1918 1876 hanc
1943 1819 2181 1875 scribunt

601 1915 910 1986 Epistulam,
939 1925 1287 1988 separarent,
1318 1915 1593 1972 videbatur
1616 1913 1709 1988 [aL
1741 1911 1958 1986 videtur]
1986 1927 2178 1983 super-

596 2008 700 2064 lina
721 2009 1013 2073 adnutatio,
1041 2019 1094 2064 et
1113 2025 1180 2064 ex
1200 2024 1306 2064 uno
1329 2009 1448 2063 loco
1467 2016 1792 2077 assumptum
1819 2006 2176 2061 testimonium

598 2115 703 2154 non
739 2100 960 2154 valeret.
991 2098 1141 2154 Nunc
1171 2114 1300 2154 vero
1325 2098 1511 2153 eodem
1544 2112 1734 2160 sensu,
1767 2096 1886 2166 quia
1913 2105 1967 2150 et
1989 2094 2176 2149 eodem

594 2187 784 2261 spiritu
804 2235 818 2258 ,
849 2193 902 2247 in
934 2192 1102 2262 prima
1130 2190 1195 2246 ad
1223 2190 1524 2246 Corinthios
1554 2189 1784 2260 loquitur
1806 2229 1822 2255 ,
1857 2187 2041 2242 Omnes
2075 2204 2178 2242 non

598 2282 907 2339 dormiemus
927 2325 942 2350 ,
972 2298 1142 2336 omnes
1167 2291 1334 2336 autem
1359 2281 1737 2334 immutabimur
1758 2321 1771 2344 ,
1800 2280 1855 2332 in
1881 2286 2130 2332 momento
2156 2319 2173 2344 ,

593 2375 647 2426 in
687 2383 827 2427 motu
863 2375 999 2428 oculi
1020 2413 1033 2436 ,
1062 2373 1115 2426 in
1142 2373 1411 2427 novissima
1448 2373 1583 2425 tuba.
1614 2371 1766 2424 Canet
1793 2371 1925 2424 enim
1949 2369 2067 2423 tuba
2085 2411 2100 2436 ,
2129 2379 2177 2423 et

596 2465 783 2518 mortui
823 2474 1084 2536 resurgcnt
1128 2464 1446 2534 incorrupti,
1483 2473 1528 2517 et
1571 2479 1662 2516 nos
1701 2460 2073 2514 immutabimur
2098 2461 2174 2531 (1.

597 2555 716 2612 Cor.
747 2558 835 2612 15.
859 2557 948 2612 51.
980 2557 1091 2626 55).
1122 2556 1234 2611 Hoc
1259 2556 1397 2628 quod
1425 2557 1476 2611 in
1509 2556 1754 2624 prmsenti
1783 2555 1899 2608 loco
1923 2555 2176 2624 scriptum

597 2656 680 2702 est
710 2664 723 2701 :
752 2647 818 2702 In
846 2649 962 2702 tuba
991 2646 1085 2701 Dei
1114 2648 1373 2702 descendet
1399 2648 1460 2701 de
1483 2647 1638 2709 caelo;
1663 2660 1910 2714 compara
1941 2646 2015 2700 illi
2037 2645 2176 2716 quod

595 2737 663 2790 ad
706 2735 1013 2792 Corinthios
1043 2737 1234 2791 dicitur
1259 2755 1269 2789 :
1300 2737 1367 2790 In
1398 2737 1665 2790 novissima
1693 2736 1846 2798 tuba;
1876 2746 2018 2790 canet
2044 2737 2177 2790 enim

595 2821 714 2877 tuba
739 2821 812 2891 (1.
841 2820 959 2877 Cor.
989 2822 1076 2877 15.
1105 2821 1216 2892 52),
1239 2821 1314 2893 (a)
1343 2821 1414 2876 illi
1445 2830 1652 2884 autem,
1685 2821 1824 2890 quod
1852 2820 1917 2875 ad
1945 2820 2176 2877 Tliessa~

597 2912 894 2968 lonicenses
921 2912 1112 2982 legitur
1135 2929 1150 2966 :
1181 2911 1248 2965 Et
1274 2911 1458 2965 mortui
1482 2912 1534 2964 in
1562 2909 1760 2965 Christo
1786 2921 2043 2982 resurgent
2070 2913 2176 2980 pri-

597 3004 669 3056 ιιιὶ
689 3003 764 3076 (1.
788 3002 968 3057 Thess.
991 3005 1044 3058 4.
1069 3003 1181 3074 15),
1211 3002 1313 3057 hoc
1341 3001 1480 3070 quod
1508 3003 1572 3057 ad
1599 3002 1899 3057 Corinthios
1921 3003 2175 3074 scriptum

594 3104 698 3158 est,
729 3091 795 3146 Et
818 3093 1002 3147 mortui
1029 3103 1284 3164 resurgent
1312 3094 1612 3165 incorrupti.
1648 3095 1810 3148 Porro
1836 3093 1976 3165 quod
1999 3095 2178 3163 sequi-

599 3191 705 3246 tur,
735 3181 930 3235 Deinde
955 3199 1046 3235 nos
1070 3184 1155 3251 qui
1183 3183 1412 3246 vivimus,
1441 3185 1525 3253 qui
1553 3184 1740 3238 residui
1766 3200 1958 3249 sumus,
1986 3183 2057 3237 illi
2085 3199 2174 3238 re-

594 3271 822 3344 spondet
851 3288 865 3326 :
893 3271 960 3326 Et
988 3288 1078 3326 nos
1108 3272 1506 3340 immutabimur,
1535 3288 1759 3343 quorum
1791 3285 2070 3344 utrumque
2095 3273 2175 3329 sic

597 3365 817 3435 intelligi
861 3374 1053 3434 potest.
1093 3364 1202 3420 Nos
1231 3366 1316 3436 qui
1348 3366 1572 3420 vivimus
1593 3405 1610 3432 ,
1637 3367 1725 3436 qui
1762 3367 1957 3421 residui
1989 3382 2172 3423 sumus

595 3459 649 3512 in
675 3454 901 3510 adventu
936 3456 1162 3524 Domini,
1193 3467 1248 3511 ct
1276 3471 1372 3512 nos
1399 3457 1488 3527 qui
1519 3457 1942 3523 immutabimur,
1977 3468 2031 3513 et
2065 3473 2169 3513 non

593 3561 777 3602 sumus
804 3561 868 3602 ex
900 3547 980 3601 his
1005 3590 1017 3612 ,
1045 3549 1131 3618 qui
1162 3547 1494 3618 appellantur
1527 3548 1753 3614 mortui,
1783 3548 1877 3604 sed
1907 3549 2130 3605 vivimus
2155 3566 2168 3603 :

594 3638 794 3694 ideirco
823 3640 1155 3709 praesentiam
1189 3639 1394 3694 Domini
1425 3655 1529 3694 non
1561 3640 1611 3692 in
1643 3649 1833 3706 morte,
1863 3640 1956 3695 sed
1984 3640 2037 3695 in
2064 3641 2170 3695 vita

593 3731 964 3802 praestolamur
987 3773 1000 3796 ,
1031 3731 1152 3800 quia
1191 3731 1259 3785 de
1304 3731 1594 3786 Israelitico
1629 3745 1826 3801 genere
1865 3746 2048 3786 sumus
2072 3774 2088 3800 ,
2117 3744 2174 3788 et

592 3824 773 3876 electa:
811 3832 935 3878 sunt
973 3822 1040 3877 de
1080 3822 1232 3878 nobis
1268 3823 1504 3893 reliquizc
1529 3865 1544 3889 ,
1579 3822 1646 3878 de
1686 3823 1878 3892 quibus
1917 3823 2172 3878 Dominus

591 3914 718 3968 olim
739 3913 1068 3984 loquebatur.
1091 3914 1346 3984 Dereliqui
1367 3915 1490 3968 milii
1505 3924 1692 3984 septem
1713 3915 1874 3970 millia
1944 3917 2105 3989 811

591 4009 810 4060 virorum
834 4049 848 4072 ,
880 4008 963 4076 qui
992 4023 1090 4061 non
1123 4017 1450 4062 curvaverant
1475 4024 1608 4080 genu
1635 4008 1766 4063 Baal
1793 4009 1810 4078 (
1833 4011 1883 4064 5.
1919 4009 2046 4080 Reg.
2078 4008 2168 4063 19.

593 4101 720 4170 18).
767 4098 823 4154 1η
852 4098 1070 4155 Joannis
1111 4115 1322 4169 quoque
1365 4099 1649 4170 Evangelio
1673 4101 1914 4155 vivorum
1939 4141 1954 4167 ,
1983 4109 2037 4156 et
2066 4114 2169 4154 non

592 4191 853 4256 vivorum,
879 4190 1072 4260 duplex
1099 4189 1233 4244 ordo
1257 4177 1592 4245 describitur.
1624 4191 1803 4246 Omnis
1828 4192 1914 4260 qui
1937 4192 2093 4246 credit
2117 4193 2170 4245 in

591 4296 691 4346 me,
723 4279 917 4334 etiamsi
945 4289 1169 4333 mortuus
1199 4280 1368 4351 fuerit,
1387 4281 1511 4334 vivet
1540 4298 1552 4334 :
1580 4290 1630 4335 et
1660 4283 1822 4334 omnis
1845 4282 1932 4353 qui
1959 4282 2096 4346 vivit,
2121 4291 2170 4337 et

588 4370 745 4424 credit
771 4373 824 4425 in
851 4386 962 4437 me,
991 4387 1092 4424 non
1121 4371 1360 4426 morietur
1385 4371 1437 4424 in
1467 4380 1709 4425 veternum
1734 4371 1929 4443 (Joan.
1964 4373 2047 4426 11.
2074 4371 2166 4428 25.

587 4462 659 4518 26
679 4460 724 4533 ).
752 4461 808 4518 Si
835 4463 982 4518 vivos
1009 4463 1078 4516 ita
1109 4460 1446 4532 intelligimus
1468 4501 1483 4527 ,
1515 4472 1573 4515 ut
1593 4462 1702 4531 jam
1729 4476 1757 4516 a
1788 4462 1942 4516 nobis
1966 4462 2168 4518 dictum

563 4567 694 4625 est,
721 4555 1067 4622 dormientes,
1099 4563 1153 4610 et
1179 4555 1229 4609 in
1259 4555 1473 4610 Christo
1498 4565 1736 4610 mortuos
1765 4554 1884 4610 illos
1910 4570 2027 4610 esse
2054 4571 2171 4610 ere-

591 4651 780 4705 damus
799 4690 815 4715 ,
845 4649 933 4718 qui
964 4664 1082 4703 cum
1111 4650 1272 4703 velint
1300 4650 1350 4704 in
1379 4648 1592 4704 Christo
1615 4649 1813 4718 vivere,
1843 4659 2016 4704 tamen
2045 4663 2170 4719 pec-

591 4750 709 4794 cato
738 4742 929 4796 mortui
958 4750 1100 4795 sunt.
1146 4740 1240 4796 Sin
1269 4750 1445 4797 autem
1475 4741 1710 4811 reliquize
1733 4783 1748 4809 ,
1775 4751 1832 4796 et
1859 4741 2050 4796 electio
2078 4755 2168 4796 se-

590 4829 816 4884 cundum
861 4831 1081 4901 gratiam
1107 4870 1121 4894 ,
1153 4831 1487 4900 appellantur
1524 4833 1794 4898 viventes,
1832 4833 1920 4902 qui
1959 4847 2062 4886 non
2099 4832 2168 4886 ita

590 4921 813 4976 credunt
835 4963 850 4988 ,
878 4937 975 4977 nec
1009 4922 1074 4977 de
1111 4921 1397 4978 Israelitica
1434 4923 1709 4979 nobilitate
1738 4925 1974 4994 generati
2003 4935 2165 4987 sunt,

589 5013 909 5067 dormientes
934 5022 988 5068 et
1012 5014 1204 5069 mortui
1234 5015 1636 5086 appellabuntur
1662 5016 1771 5087 [aL
1801 5015 2162 5090 appellantur]

590 5106 641 5161 in
670 5103 899 5160 Christo.
929 5123 948 5156 ι

657 5197 747 5252 to.
785 5193 922 5250 Sunt
941 5196 1029 5265 qui
1055 5195 1194 5250 hunc
1213 5195 1386 5252 locum
1409 5197 1478 5251 ita
1499 5195 1818 5256 edisserant.
1842 5197 1956 5253 Vivi
1984 5198 2169 5269 appel-

646 5333 720 5442 (a)
753 5330 927 5383 Contra
979 5330 1264 5393 Hieronymi
1307 5332 1411 5380 sive
1456 5329 1686 5393 Origenis
1725 5336 1942 5381 mentem
1985 5329 2168 5382 addunt

665 5394 766 5442 stati
789 5406 964 5442 omnes
996 5400 1043 5442 et
1065 5398 1243 5442 cwtera
1265 5427 1280 5442 .
1320 5395 1459 5442 euasi
1489 5405 1600 5442 ante
1634 5394 1998 5442 subsequuntur
2021 5393 2165 5442 huius

583 5393 766 5458 vulgati
783 5406 964 5458 omnes
996 5400 1043 5443 et
1065 5398 1243 5458 caetera
1265 5427 1280 5451 ,
1320 5395 1459 5458 quasi
1489 5405 1600 5455 quae
1634 5394 1998 5458 subsequuntur
2021 5393 2165 5456 hujus

584 5454 816 5507 versiculi
848 5464 894 5507 et
915 5454 1093 5506 mortui
1115 5454 1364 5516 resurgen't
1380 5454 1664 5518 incorrupti
1681 5491 1694 5515 ,
1719 5454 1816 5518 una
1845 5455 1988 5504 simul
2012 5454 2164 5518 supe-

579 5519 699 5580 riori
723 5519 985 5568 sententia:
1008 5518 1322 5580 comparanda
1348 5517 1448 5567 sint
1466 5553 1480 5576 ,
1507 5529 1616 5580 cum
1640 5519 1734 5580 im_o
1757 5517 1815 5565 ad
1839 5517 2130 5580 sequentem
2146 5553 2160 5575 ,

580 5587 635 5652 ut
644 5579 932 5652 planissime
957 5594 1019 5631 ex
1044 5577 1280 5652 contextu
1307 5579 1497 5652 liquet,
1511 5579 1611 5628 sint
1629 5577 2162 5652 referendafExpungi

577 5641 768 5691 debere
792 5641 1091 5693 Veronensis
1113 5642 1238 5693 liber
1260 5641 1537 5702 admonuit,
1566 5655 1628 5690 ex
1668 5653 1765 5703 quo
1789 5641 1908 5703 item
1943 5641 2161 5690 animad-

577 5705 818 5766 vertimus
839 5713 1117 5755 constanter
1139 5718 1312 5755 vocem
1349 5706 1463 5756 tuba
1485 5712 1592 5766 post
1629 5701 1768 5754 canet
1802 5701 1931 5754 enim
1969 5703 2124 5766 o_niit_ti
2144 5737 2158 5761 ,

578 5765 792 5875 “Et
936 5767 1104 5818 Graeco
1128 5769 1277 5819 verbo
1311 5763 1581 5820 «aiuntsic
1611 5766 1817 5820 fortasse
1839 5766 1954 5819 olim
1985 5763 2161 5816 Latine

577 5835 783 5882 positum
806 5835 914 5880 fuit.

1905 331 2146 388 SANCTI
2183 327 2563 387 lllERONYMI
3761 343 3847 401 ωδ

2298 443 2501 510 lantur,
2528 442 2619 514 qui
2644 458 2909 514 nunquam
2935 453 3152 515 peccato
3177 447 3369 504 mortui
3397 459 3552 518 sunt,
3581 451 3671 524 qui
3697 465 3844 512 autem

2298 544 2666 605 peccaverunt,
2691 544 2745 591 et
2769 536 2820 592 in
2841 551 2907 592 eo
2929 537 3068 608 quod
3095 550 3468 609 peccaverunt,
3492 545 3690 599 mortui
3713 559 3843 604 sunt:

2295 636 2348 681 et
2387 635 2569 700 postea
2595 628 2836 683 conversi
2865 627 2931 683 ad
2967 629 3336 700 paenitentiam
3363 672 3377 696 ,
3408 642 3635 703 purgant
3660 637 3845 707 antiqua

2295 716 2509 782 delicta,
2531 719 2725 773 mortui
2742 720 3092 790 appellantur,
3110 722 3234 791 quia
3255 734 3636 791 peccaverunt:
3659 729 3710 781 in
3726 729 3844 786 Chri-

2293 820 2377 866 sto
2397 821 2570 867 autem
2597 813 2812 880 mortui,
2832 812 2951 881 quia
2975 813 3130 884 plena
3154 813 3221 868 ad
3246 815 3411 870 Deum
3433 829 3609 874 mente
3628 825 3844 879 conversi

2290 912 2432 959 sunt.
2467 905 2634 960 Porro
2661 906 2748 977 qui
2772 905 2997 974 vivunt,
3025 915 3079 962 et
3106 906 3301 962 habent
3329 910 3688 967 testimonium
3714 913 3842 982 ﬁdei,

2291 1004 2345 1051 et
2387 995 2612 1052 necdum
2652 1005 2968 1068 receperunt
3010 999 3412 1068 promissionem
3442 1001 3576 1069 Dei,
3603 1004 3694 1074 qui
3721 1006 3843 1063 etde

2289 1087 2406 1141 aliis
2434 1088 2622 1144 melius
2645 1088 2892 1160 quiddam
2921 1089 2996 1160 (b)
3023 1090 3296 1161 cogitavit,
3323 1099 3380 1146 ut
3407 1107 3509 1147 non
3536 1094 3735 1165 absque
3757 1097 3840 1164 his,

2289 1180 2378 1250 qui
2405 1181 2531 1250 justi
2556 1189 2680 1237 sunt
2704 1191 3048 1248 coronentur,
3073 1183 3126 1238 in
3152 1198 3218 1238 eo
3245 1183 3439 1239 habent
3463 1184 3840 1258 beatitudinem,

2288 1273 2429 1343 quod
2458 1273 2701 1328 fruuntur
2730 1274 2870 1329 bono
2899 1275 3270 1342 conscientiae,
3302 1284 3356 1330 et
3384 1278 3584 1344 vivunt,
3616 1289 3671 1334 et
3699 1281 3844 1337 relicti

2287 1375 2412 1419 sunt
2440 1365 2493 1420 in
2528 1366 2755 1421 adventu
2787 1366 2993 1422 Domini
3019 1365 3328 1424 Salvatoris.
3357 1369 3460 1424 Sed
3487 1370 3608 1440 quia
3633 1371 3845 1428 clemens

2287 1464 2369 1510 est
2400 1456 2537 1511 Deus
2562 1496 2578 1522 ,
2609 1465 2663 1512 et
2690 1457 2801 1511 vult
2829 1457 3036 1513 salvare
3067 1458 3225 1512 etiam
3255 1473 3348 1514 eos
3378 1461 3466 1527 qui
3495 1461 3843 1530 dormierunt,

2285 1557 2340 1604 et
2365 1547 2416 1602 in
2435 1546 2648 1603 Christo
2669 1549 2859 1603 mortui
2883 1558 3022 1614 sunt,
3047 1562 3154 1604 non
3177 1550 3504 1620 przevenient
3530 1551 3672 1619 illos,
3696 1568 3845 1624 neque

2285 1638 2386 1694 soli
2412 1638 2681 1708 rapientur
2708 1639 2759 1692 in
2786 1638 3012 1693 nubibus
3036 1655 3050 1692 :
3076 1637 3169 1694 sed
3193 1637 3342 1708 juxta
3365 1640 3667 1710 exemplum
3692 1641 3846 1697 Evan-

2282 1731 2466 1803 gelica:
2492 1730 2755 1800 parabolae
2781 1730 2993 1798 (Matth.
3021 1729 3135 1802 20),
3165 1747 3327 1785 unum
3354 1731 3652 1800 denarium,
3681 1750 3844 1791 unam-

2282 1840 2386 1896 que
2407 1823 2726 1891 mercedem,
2749 1833 2802 1878 et
2822 1822 3111 1879 undecima:
3141 1823 3285 1878 hora:
3305 1823 3557 1893 uperarii,
3583 1834 3636 1880 et
3660 1827 3842 1894 primm,

2283 1916 2372 1985 qui
2404 1916 2457 1970 in
2485 1916 2694 1970 vineam
2730 1915 2874 1969 missi
2915 1924 3078 1979 sunt,
3107 1914 3290 1972 salutis
3331 1915 3553 1984 pretium
3581 1916 3843 1986 accipient.

2281 2007 2390 2062 Nec
2450 2007 2550 2063 hoc
2587 2007 2739 2062 alicui
2793 2007 3034 2061 videatur
3070 2007 3320 2076 injustum
3346 2046 3361 2071 ,
3404 2014 3461 2061 ut
3498 2005 3681 2076 diSpar
3717 2009 3846 2064 labor

2282 2115 2441 2154 unum
2483 2099 2756 2169 prtemium
2788 2107 3164 2169 consequatur.
3205 2097 3386 2168 Magna
3416 2099 3610 2169 quippe
3637 2099 3841 2157 diversi-

2281 2199 2361 2245 tas
2381 2198 2688 2255 esteorum,
2713 2189 2801 2261 qui
2825 2199 2940 2259 post
2961 2189 3183 2243 vulnera
3207 2197 3331 2243 sunt
3353 2191 3542 2254 sanati,
3571 2199 3836 2258 eteorum,

2279 2284 2368 2352 qui
2421 2297 2688 2352 nunquam
2734 2281 2980 2335 viderunt
3008 2279 3080 2353 (c)
3103 2279 3293 2334 mortis
3339 2289 3616 2334 terrorem.
3658 2280 3732 2336 De
3769 2280 3841 2336 his

2280 2384 2406 2445 puto
2433 2373 2630 2429 dictum
2664 2390 2677 2426 :
2714 2372 2837 2439 Quis
2871 2381 2942 2426 est
2972 2371 3153 2436 homo,
3183 2370 3270 2440 qui
3301 2369 3463 2434 vivat,
3494 2379 3542 2424 et
3572 2387 3673 2425 non
3698 2372 3844 2425 videat

2279 2466 2530 2520 mortem?
2558 2465 2764 2519 redimet
2792 2465 2853 2517 de
2881 2475 3042 2518 morte
3067 2464 3290 2516 animam
3318 2479 3459 2516 suam
3482 2462 3598 2522 (Ps.
3627 2463 3714 2518 88.
3740 2463 3840 2534 45).

2277 2558 2458 2628 Neque
2481 2557 2643 2622 enim,
2671 2567 2729 2611 ut
2750 2555 2962 2627 quidam
2990 2564 3194 2626 putant,
3222 2555 3340 2624 quis
3387 2570 3485 2624 pro
3554 2557 3716 2628 812
3783 2571 3842 2612 eo

2277 2649 2416 2720 quod
2455 2657 2538 2703 est
2575 2648 2786 2713 nullus,
2828 2646 3121 2716 accipitur:
3150 2645 3242 2700 sed
3287 2646 3434 2716 quasi
3475 2645 3706 2712 dixerit,
3735 2648 3844 2716 quis

2277 2749 2430 2811 putas
2449 2781 2464 2806 ,
2490 2742 2637 2808 juxta
2669 2737 2796 2793 illud
2817 2781 2830 2802 ,
2859 2739 2996 2808 quod
3027 2738 3281 2806 scriptum
3306 2746 3389 2792 est
3419 2754 3432 2790 :
3467 2736 3592 2804 Quis
3621 2741 3842 2807 sapiens,

2276 2842 2322 2884 et
2347 2831 2588 2900 intelliget
2615 2829 2754 2883 lucc?
2779 2827 2931 2900 (Osee
2956 2828 3041 2882 M.
3073 2826 3180 2898 10).
3202 2827 3267 2881 Et
3291 2827 3343 2880 in
3371 2827 3473 2880 alio
3500 2827 3618 2881 loco
3641 2845 3655 2882 :
3679 2826 3843 2881 Domi.

2277 2941 2338 2978 ne
2361 2965 2375 2988 ,
2401 2927 2511 2993 quis
2541 2922 2779 2975 habitabit
2805 2921 2857 2974 in
2888 2920 3209 2974 tabernaculo
3235 2919 3356 2973 tuo?
3380 2918 3514 2990 (Ps.
3549 2919 3634 2974 14.
3665 2917 3752 2990 1).
3783 2921 3841 2975 Et

2277 3013 2467 3068 iterum
2491 3031 2503 3066 :
2530 3012 2655 3078 Quis
2679 3011 2904 3082 cognovit
2923 3027 3125 3065 sensum
3144 3008 3349 3063 Domini
3371 3009 3394 3063 ?
3417 3008 3591 3082 (Rom.
3621 3012 3708 3065 11.
3737 3010 3839 3082 51).

2278 3103 2491 3158 Residui
2520 3118 2648 3173 ergo
2676 3111 2832 3159 erunt
2856 3101 2924 3157 de
2951 3101 3289 3157 credentibus
3319 3101 3469 3169 pauci
3493 3141 3506 3164 ,
3536 3102 3626 3171 qui
3654 3102 3844 3156 adven-

2277 3204 2386 3249 tum
2417 3193 2622 3247 Domini
2652 3192 2880 3257 videant,
2908 3191 3194 3247 secundnm
3224 3190 3274 3244 id
3299 3189 3438 3260 quod
3468 3192 3606 3246 Deus
3629 3192 3708 3264 (ά)
3728 3194 3846 3247 Ver-

2276 3284 2400 3339 bum
2427 3295 2509 3339 est
2535 3325 2550 3351 ,
2581 3298 2909 3353 nequaquam
2944 3284 2992 3336 in
3020 3282 3220 3336 vilitate
3244 3283 3420 3336 carnis
3443 3324 3457 3349 ,
3486 3283 3579 3338 sed
3612 3285 3662 3337 in
3691 3284 3843 3353 gleria

2274 3374 2668 3445 triumphantis.
2720 3374 2787 3428 Et
2828 3373 3270 3430 considerandum
3315 3375 3583 3443 quomodo
3629 3377 3844 3446 primum

2274 3468 2598 3524 dormientes
2624 3466 2967 3538 appellaverit
3001 3485 3012 3520 :
3043 3465 3234 3521 deinde
3264 3465 3317 3520 iii
3344 3465 3557 3521 CliriSto
3582 3477 3842 3527 mortuus,

2273 3573 2408 3628 quos
2431 3559 2669 3615 viventes
2696 3558 2988 3628 przevenire
3019 3574 3121 3612 non
3150 3566 3417 3627 poterunt.
3451 3557 3550 3624 Qui
3577 3559 3718 3613 enim
3750 3577 3844 3612 non

2273 3651 2580 3708 custodierit
2614 3652 2715 3706 hoc
2737 3691 2753 3717 ,
2782 3650 2920 3720 quod
2951 3651 3205 3720 scriptum
3229 3658 3311 3704 est
3337 3665 3352 3703 :
3385 3649 3467 3705 Ne
3522 3651 3718 3705 dederis
3769 3668 3846 3704 so-

2273 3760 2446 3796 mnum
2486 3741 2646 3797 oculis
2674 3742 2969 3812 tuis,neque
3006 3740 3255 3810 palpebris
3281 3741 3378 3794 tuis
3407 3740 3847 3804 dormitationem;

2274 3846 2328 3888 ut
2355 3835 2522 3888 salvus
2546 3833 2643 3901 ﬁas
2661 3874 2677 3899 ,
2703 3834 2830 3888 sicut
2857 3849 3040 3900 caprea
3069 3831 3132 3886 de
3157 3831 3367 3885 vinculis
3388 3873 3402 3897 ,
3433 3841 3479 3884 et
3509 3832 3640 3885 sicut
3665 3832 3770 3885 avis
3794 3832 3850 3883 de

2274 3925 2466 3994 laqueis
2497 3923 2674 3994 (Prov.
2700 3924 2752 3979 6.
2786 3925 2862 3995 4),
2893 3923 3140 3990 dormiet,
3169 3933 3221 3976 et
3249 3921 3493 3992 culpabili
3522 3937 3716 3991 sopore
3743 3934 3848 3976 toro

2273 4024 2446 4086 peseet
2476 4031 2488 4067 :
2513 4029 2739 4084 cumque
2760 4014 3054 4082 dormierit,
3081 4012 3323 4068 transibit
3352 4015 3402 4066 in
3431 4023 3677 4068 mortem.
3710 4013 3851 4066 Sicut

2271 4112 2412 4166 enim
2444 4121 2684 4166 movetur
2708 4111 2797 4182 qui
2828 4109 3028 4180 vigilat,
3057 4109 3134 4163 sic
3155 4108 3243 4178 qui
3272 4107 3466 4162 dormit
3490 4106 3633 4176 jacet
3664 4107 3852 4161 immo-

2272 4212 2357 4258 tus
2381 4245 2394 4270 ,
2425 4211 2479 4258 et
2505 4203 2692 4258 mortis
2723 4212 2895 4272 torpet
2935 4201 3300 4258 similitudine.
3341 4198 3494 4268 Quod
3522 4209 3698 4254 autem
3728 4201 3852 4253 dor-

2337 4402 2408 4464 (b)
2443 4401 2514 4451 Ex
2541 4400 2632 4464 hoc
2665 4400 2803 4464 Pauli
2846 4400 2950 4464 loco
2985 4397 3043 4447 ad
3081 4396 3318 4446 Hebraeos
3354 4394 3417 4444 Il.
3451 4414 3472 4441 α
3495 4395 3558 4445 Et
3592 4396 3855 4464 _hi_omnes

2271 4457 2550 4514 testimonio
2570 4462 2685 4525 ﬁdei
2711 4463 2918 4525 probati,
2946 4474 3053 4525 non
3071 4465 3368 4520 acceperunt
3391 4457 3820 4525 repromissionem
3836 4494 3849 4516 ,

2270 4525 2380 4575 Deo
2402 4538 2490 4588 pro
2513 4524 2655 4594 nobis
2690 4519 2868 4594 melius
2890 4519 3210 4594 providente,
3235 4526 3296 4594 ιη¹
3311 4521 3539 4594 ῐιοηβίηθ
3570 4519 3714 4594 nobis
3736 4532 3852 4594 con:

2270 4581 2657 4646 summarentur,
2680 4603 2702 4630 ιι
2733 4585 2863 4634 unde
2888 4581 3058 4633 istliaec
3087 4594 3216 4646 pene
3241 4581 3297 4630 ad
3322 4582 3526 4630 verbum
3547 4586 3739 4643 sumpta
3778 4587 3856 4629 est

2271 4650 2538 4710 sententia,
2563 4645 2695 4710 quod
2721 4648 2866 4710 etiam
2889 4645 3154 4710 aVictgrio
3174 4646 3486 4710 observatum
3512 4651 3589 4692 est
3615 4679 3629 4701 ,
3665 4650 3852 4710 constat

2271 4703 2537 4773 legendum
2555 4703 2792 4772 cogitavit,
2810 4708 2936 4773 quod
2959 4707 3018 4755 ad
3041 4703 3486 4773 DeumAreferatur;
3510 4717 3604 4773 non
3625 4703 3851 4773 cogitant,

2271 4766 2536 4821 ut'vitiose
2572 4766 2680 4820 cum
2720 4783 2809 4819 suo
2828 4766 3049 4819 'Erasmo
3073 4766 3380 4816 Martianaeus
3412 4768 3628 4828 praefert.
3671 4766 3854 4813 Locum

2271 4848 2333 4884 ex
2360 4836 2516 4884 tribus
2537 4833 2652 4882 Mss.
2678 4833 2766 4882 sed
2791 4833 3034 4894 praecipue
3055 4828 3331 4878 Veronensi
3357 4827 3746 4894 emendas-imus:

2333 4898 2401 4959 (c)
2439 4897 2640 4959 Quidam
2665 4885 2976 4943 Mssfmentis
2997 4898 3228 4959 terrorem
3258 4901 3560 4959 :_perperam
3585 4900 3704 4936 vero
3731 4885 3856 4936 Mar-

2271 4949 2475 5011 tianaeus
2497 4955 2663 5006 mortis
2684 4967 2917 5009 errorem,
2942 4951 3074 5001 nullo
3097 4965 3264 5009 sensu,
3292 4949 3505 5010 legerat.

2331 5021 2408 5082 (ά)
2443 5020 2748 5082 Martianazus
2769 5029 2877 5065 cum
2917 5015 3118 5082 Erastno
3137 5047 3151 5071 ,
3175 5009 3394 5082 aliisque
3422 5009 3676 5082 nonnullis
3711 5018 3856 5082 vetu-

2268 5071 2499 5131 stioribus
2539 5079 2687 5130 editis
2707 5113 2722 5137 ,
2764 5087 2917 5128 Deum
2947 5076 3141 5126 verbum
3163 5071 3342 5138 factum
3364 5079 3432 5138 est
3459 5110 3473 5130 ,
3500 5085 3607 5138 qua
3631 5071 3856 5138 lectione

2268 5144 2494 5195 haeresim
2519 5131 2741 5197 obtrudi,
2773 5140 3107 5199 Arianumque
3145 5131 3342 5185 sensum
3381 5131 3677 5199 immisceri,
3702 5131 3858 5182 multa

2267 5219 2417 5268 Opera
2438 5193 2699 5268 Victorius
2732 5193 2926 5268 probat.
2966 5193 3222 5268 Existimat
3263 5204 3426 5268 autem
3449 5196 3530 5268 ab_
3551 5193 3859 5268 Hieronymo

2265 5255 2496 5330 scriptum
2536 5255 3009 5330 fuisse_,'secwtdum
3057 5259 3109 5310 id
3147 5255 3274 5330 quod
3315 5266 3445 5330 θερίᾳ
3492 5256 3700 5330 Verbum
3740 5255 3859 5330 egra

2265 5315 2555 5391 factumwest,
2573 5327 2700 5391 quod
2711 5315 2906 5391 'nempc
2932 5324 3060 5391 idem
3084 5315 3202 5371 velit
3225 5332 3317 5367 non
3334 5317 3522 5391 ⁵Ὲᾘίιμιι
3543 5325 3736 5366 tantum
3759 5315 3856 5391 Dei

2266 5342 2444 5391 [aetum
2467 5342 2555 5388 est,
2610 5342 2700 5375 [100
2725 5342 2906 5386 nempe
2932 5342 3060 5372 luent
3085 5342 3202 5371 VUIIL
3225 5342 3317 5367 uuu
3345 5342 3369 5367 ι’
3386 5342 3522 5368 uiuus
3544 5342 3736 5366 ωιιιιιω
3759 5342 3856 5365 uc-

2266 5342 2778 5455 respici,_sedqb‘ilitini
2803 5387 3008 5455 humana
3027 5384 3124 5455 jam
3143 5393 3302 5455 _carne
3332 5380 3584 5455 indutum,
3611 5392 3725 5455 eum
3735 5383 3859 5455 Asta:

2267 5438 2549 5510 tim'addat,
2574 5459 2877 5512 Nequaquam
2915 5448 2967 5497 in
3005 5438 3181 5514 vilitate
3223 5439 3384 5514 cunnis
3404 5478 3418 5499 ,
3462 5440 3572 5514 sed,
3599 5447 3703 5490 etc.
3734 5438 3862 5514 Quae

2263 5501 2548 5574 conjectura
2579 5501 2688 5562 cum
2724 5501 2822 5560 non
2859 5520 3016 5575 usque
3047 5507 3169 5556 adeo
3204 5504 3352 5575 nobis
3378 5501 3620 5575 probetur
3657 5514 3723 5575 ex

2264 5524 2543 5574 conjectura
2579 5526 2688 5562 cum
2724 5525 2822 5560 non
2951 5524 3016 5557 ue
3047 5524 3169 5556 aueo
3204 5524 3344 5552 uums
3380 5524 3620 5565 pruumur
3657 5524 3722 5550 cs
3751 5524 3764 5548 ι
3796 5561 3806 5570 .
3849 5561 3857 5567 ἢ

2264 5583 2514 5635 contextu,
2544 5587 2711 5625 vocem
2736 5524 3101 5636 taineﬁactum
3119 5603 3133 5627 ,
3159 5579 3301 5628 quam
3323 5563 3387 5636 de
3425 5562 3521 5612 Dei
3559 5563 3738 5636 Verbo
3755 5524 3860 5609 (fit;

2264 5625 2548 5686 Christiana:
2571 5625 2993 5696 auresirefugiunt
3017 5670 3031 5696 ._
3069 5625 3242 5696 decem
3273 5627 3596 5696 antiquorum
3627 5625 3859 5696 codicum

2263 5711 2375 5761 ope,
2416 5698 2700 5761 amovimus
2721 5695 2831 5761 hinc
2854 5687 2918 5743 "et
2955 5692 3247 5761 delev'iuius,
3270 5687 3559 5761 ﬁlictorinm
3586 5689 3762 5761 ipsum.
3789 5693 3857 5761 e‘x

2261 5748 2402 5832 parte
2424 5761 2597 5832 secuti,
2622 5759 2703 5821 qui
2729 5756 2975 5832 locumex
3000 5753 3178 5816 aliquot
3199 5748 3446 5800 Brixianis
3468 5748 3585 5799 Mss.
3613 5748 3856 5798 enuntiem

2261 5819 2310 5873 in
2333 5819 2524 5873 modum
2542 5819 2652 5882 jam
2667 5819 2962 5871 restituerat.
