4088 6336
295 402 301 408 .
314 355 415 410 977

316 468 584 522 tuitionem
627 476 876 536 sequatur
923 483 1106 533 mors,
1149 477 1202 523 et
1250 466 1416 536 prima
1444 466 1532 521 ad
1575 465 1889 521 Corinthios

317 557 546 626 Epistula
575 559 768 613 docere
794 573 890 612 nos
919 558 1144 629 poterit;
1176 558 1227 612 in
1256 572 1360 628 qua
1386 557 1455 611 ita
1484 557 1735 626 scriptum
1765 565 1884 612 est:

315 646 468 702 Nunc
507 657 676 702 autent
716 648 941 703 Christus
983 649 1201 703 surrexit
1243 664 1307 703 ex
1353 646 1563 701 mortuis
1587 687 1602 713 ,
1649 645 1889 717 primitias

311 738 663 792 dormientium
687 739 842 809 :quia
867 755 956 809 per
985 739 1234 792 hominem
1259 754 1412 804 mors,
1441 747 1490 791 et
1519 753 1607 806 per
1636 736 1887 790 hominem

311 831 606 884 resurrectio
631 839 944 883 mortuorum
971 829 990 900 (
1017 831 1067 884 1.
1101 827 1219 883 Cor.
1252 828 1341 884 15.
1366 827 1456 883 20.
1493 827 1559 882 21
1586 827 1604 897 )
1634 843 1647 880 :
1678 827 1742 881 Et
1768 835 1887 896 post

312 920 576 990 paululum
608 937 622 974 :
656 917 777 973 Non
807 935 976 972 omnes
1004 919 1307 973 dormiemus
1332 959 1347 984 ,
1379 917 1469 972 sed
1498 933 1667 971 omnes
1696 916 1884 970 immu-

309 1011 524 1064 tabimur
557 1012 610 1064 in
644 1021 888 1065 momento
909 1053 925 1080 ,
952 1012 1004 1065 in
1032 1011 1134 1064 ictu
1165 1011 1299 1064 oculi
1319 1051 1332 1075 ,
1360 1011 1414 1064 in
1442 1009 1714 1064 nouissima
1739 1006 1879 1062 tuba.

307 1103 464 1158 Canes
490 1103 620 1157 enim
650 1101 796 1168 tuba,
825 1113 872 1157 et
898 1103 1084 1158 mortui
1107 1112 1366 1174 resurgent
1391 1101 1690 1170 incorrupti,
1720 1109 1766 1154 et
1791 1115 1883 1153 nos

307 1193 682 1247 immutabimur
705 1191 754 1264 (1
762 1192 865 1248 bid.
897 1193 986 1249 51.
1018 1193 1132 1264 52).
1158 1193 1288 1250 Cum
1313 1207 1440 1264 ergo
1464 1192 1579 1247 hare
1597 1191 1665 1247 de
1687 1190 1882 1246 dormi-

308 1285 449 1338 tione
469 1283 731 1350 dicantur,
756 1292 810 1338 et
832 1292 1022 1350 morte,
1043 1293 1097 1339 et
1117 1283 1246 1339 illud
1271 1285 1506 1355 legamus
1527 1283 1578 1336 in
1601 1281 1878 1352 Apostolo,

307 1373 473 1444 Surge
499 1378 583 1444 qui
611 1374 802 1428 dormis
823 1417 837 1442 ,
860 1384 904 1428 et
934 1388 1118 1446 exurge
1142 1375 1206 1429 de
1234 1373 1472 1440 mortuis,
1501 1381 1546 1428 et
1576 1371 1879 1426 tlluminabit

305 1477 351 1519 te
376 1465 604 1522 Christus
631 1466 649 1536 (
673 1465 808 1537 Eph.
841 1467 894 1522 5.
923 1468 1050 1538 14),
1075 1470 1318 1538 juremus
1347 1466 1588 1529 Domino,
1617 1475 1670 1520 et
1699 1473 1878 1518 votum

304 1555 557 1610 faciamus
605 1555 714 1611 Deo
759 1556 963 1626 Jacob,
1005 1558 1362 1628 unusquisque
1407 1557 1588 1612 dicens
1626 1555 1678 1609 in
1717 1553 1879 1609 corde

303 1660 402 1700 suo
426 1664 439 1700 :
463 1644 524 1701 Si
544 1646 814 1701 ascendam
841 1663 994 1718 super
1017 1656 1230 1701 stratum
1276 1663 1460 1709 meum,
1483 1645 1526 1700 si
1570 1645 1754 1698 dedero
1795 1658 1878 1698 so-

301 1753 474 1791 mnum
488 1739 644 1793 oculis
658 1738 798 1804 meis,
813 1749 858 1794 et
874 1738 1130 1809 palpebris
1145 1739 1266 1792 meis
1282 1737 1706 1802 dormitationem,
1721 1736 1880 1789 donec

300 1827 548 1881 inveniam
576 1827 740 1882 locum
765 1827 985 1882 Domino
1013 1827 1198 1883 :haud
1225 1827 1442 1882 dubium
1467 1828 1593 1898 quin
1622 1828 1672 1881 in
1700 1829 1875 1884 anima

298 1931 416 1981 sua,
436 1917 810 1972 tabernaculum
831 1916 939 1973 Deo
962 1916 1257 1992 Jacob(Ps.
1286 1916 1438 1987 131);
1469 1926 1526 1972 ut
1554 1918 1689 1973 Deus
1711 1917 1760 1973 in
1785 1920 1875 1974 illo

298 2019 497 2064 aeterna
528 2011 654 2066 sede
680 2012 994 2082 requiescat.
1023 2010 1306 2082 Sequitur:
1331 2011 1465 2077 Quia
1490 2012 1596 2081 ipse
1629 2011 1876 2067 Dominus

297 2100 350 2154 in
362 2102 536 2171 jussu;
550 2110 603 2156 et
617 2103 832 2173 reliqua.
854 2103 1148 2159 Descendet
1161 2105 1300 2158 enim
1319 2103 1512 2157 missus
1527 2118 1556 2156 a
1574 2103 1747 2168 Patre,
1771 2120 1874 2158 non

295 2189 604 2247 diversitate
633 2193 839 2247 virtutis
858 2233 874 2258 ,
905 2194 997 2249 sed
1025 2193 1416 2269 dispensatione
1443 2194 1668 2264 judicis;
1700 2204 1754 2249 et
1776 2195 1874 2249 de-

296 2283 514 2338 scendet
538 2283 602 2337 ad
626 2298 719 2338 eos
739 2324 754 2348 ,
777 2285 862 2353 qui
885 2283 1131 2339 deorsum
1153 2294 1274 2340 sunt
1293 2326 1308 2351 ,
1331 2284 1566 2341 Verbum
1592 2285 1685 2340 Dei
1706 2295 1756 2340 et
1783 2300 1875 2339 sa-

298 2374 514 2444 pientia,
578 2377 741 2447 813
804 2384 859 2432 et
899 2378 1113 2443 veritas,
1142 2387 1300 2448 atque
1341 2377 1568 2448 justitia.
1611 2379 1675 2432 Et
1695 2393 1868 2447 quan-

294 2481 457 2536 quam
479 2468 674 2520 mortui
697 2469 803 2520 sint
819 2509 834 2534 ,
857 2467 924 2522 ad
943 2483 1076 2537 quos
1101 2468 1350 2539 dignatur
1373 2468 1702 2524 descendere
1724 2485 1737 2521 :
1763 2483 1870 2522 non

297 2567 475 2610 tamen
497 2556 702 2612 suntab
718 2572 782 2612 eo
798 2558 976 2613 alieni.
999 2558 1188 2613 Mortui
1206 2561 1349 2614 enim
1372 2569 1632 2615 vocantur
1649 2563 1700 2614 in
1721 2560 1874 2614 Chri-

294 2661 401 2703 sto.
429 2649 528 2716 Qui
557 2658 734 2706 autem
758 2651 960 2718 vivunt,
989 2653 1089 2707 hoc
1114 2652 1310 2708 habent
1337 2653 1702 2723 privilegium,
1730 2653 1871 2723 quod

293 2743 566 2812 eliguntur
589 2757 620 2798 e
649 2743 908 2812 pluribus.
954 2747 1204 2800 Attamen
1249 2755 1534 2816 llll‘lLlllQUB
1562 2761 1754 2817 agmen
1778 2788 1792 2812 ,
1819 2757 1874 2802 et

293 2843 628 2888 mortuorum
649 2835 702 2888 in
715 2832 950 2901 Christo,
970 2845 1024 2890 et
1044 2836 1357 2903 viventium,
1376 2838 1649 2906 rapientur
1673 2838 1874 2906 pariter

294 2927 344 2978 in
369 2925 596 2980 nubibus
623 2925 836 2981 obviam
857 2926 1073 2982 Christo
1092 2969 1107 2993 ,
1134 2939 1190 2984 ut
1219 2943 1328 2983 non
1369 2945 1491 2983 eum
1522 2937 1834 2998 exspectent
1855 2969 1868 2994 ,

290 3016 464 3074 donec
511 3021 577 3072 ad
629 3026 839 3073 terrena
879 3019 1203 3086 descendat,
1256 3020 1350 3077 sed
1380 3021 1664 3090 praesentia
1687 3021 1866 3087 illius,

291 3119 348 3164 et
374 3109 728 3164 contubernio
755 3095 823 3164 in!
857 3110 1178 3166 sublimibus
1215 3111 1590 3180 «perfruantur.
1625 3111 1866 3180 Quanta-

292 3215 396 3270 que
419 3200 705 3256 clementia
729 3200 947 3266 Christi,
965 3211 1132 3271 utpro
1162 3201 1336 3256 salute
1364 3211 1542 3256 nostra
1568 3215 1674 3256 non
1693 3200 1867 3256 solum

292 3307 418 3347 caro
448 3291 618 3348 lactus
644 3294 744 3356 sit,
798 3292 891 3349 sed
915 3292 983 3348 ad
1013 3301 1258 3347 mortuos
1287 3309 1453 3363 usque
1497 3292 1866 3355 descenderit,

292 3392 344 3438 ct
365 3383 416 3437 in
446 3382 558 3452 ipsa
588 3393 757 3440 morte
785 3384 978 3440 habeat
1003 3385 1153 3456 signa
1201 3385 1512 3441 viventium.
1546 3387 1694 3454 Aqua
1725 3385 1866 3440 enim

290 3487 345 3532 et
385 3479 599 3548 sanguis
644 3477 712 3534 de
746 3480 912 3534 latere
962 3478 1078 3548 ejus
1123 3493 1337 3549 egressa
1385 3488 1508 3534 sunt
1537 3477 1714 3546 (Joan.
1746 3478 1861 3548 l9).

297 3572 577 3626 Descendit
609 3571 764 3640 igitur
784 3585 964 3628 sermo
990 3571 1204 3626 divinus
1225 3586 1356 3626 voce
1387 3570 1704 3642 Arebangeli
1732 3587 1869 3640 prte-

289 3663 542 3726 celente.
602 3673 656 3718 et
697 3672 1032 3734 praeparante
1073 3663 1175 3718 sibi
1217 3663 1354 3718 viam
1390 3661 1444 3716 in
1477 3661 1559 3716 his
1584 3703 1597 3726 ,
1625 3662 1713 3732 qui
1740 3662 1860 3730 ejus

299 3765 521 3825 possunt
547 3755 689 3810 ferre
717 3757 1077 3826 praesentiam.
1105 3754 1256 3821 Quod
1289 3764 1343 3808 ut
1372 3769 1634 3824 queamus
1668 3755 1868 3809 intelli-

292 3861 448 3916 gere,
477 3847 632 3916 primi
663 3831 925 3902 adventus
983 3845 1235 3916 mysteria
1281 3859 1689 3916 cognoscamus.
1721 3844 1869 3899 Scri-

295 3948 440 4006 ptum
487 3948 566 3992 est
596 3937 662 3992 de
687 3936 920 4002 Joanne,
955 3937 1043 4008 qui
1095 3950 1395 4006 prmcursur
1424 3934 1541 4005 ejus
1563 3933 1660 3988 fuit
1679 3976 1694 4002 ,
1725 3934 1866 4005 quod

296 4029 346 4083 in
393 4043 577 4084 eremo
621 4028 816 4082 dixerit
848 4046 860 4082 :
898 4027 1007 4098 Ego
1053 4043 1148 4080 eoa:
1175 4026 1444 4080 clamantis
1469 4026 1521 4079 in
1548 4026 1747 4079 deserto
1768 4065 1783 4090 ,
1813 4033 1867 4079 et

295 4118 519 4185 reliqua.
567 4118 702 4186 Quid
733 4118 981 4173 clamavit
1010 4133 1112 4171 vox
1143 4117 1194 4172 in
1223 4116 1474 4171 deserto?
1499 4115 1688 4170 Parate
1729 4117 1864 4169 uiam

292 4206 529 4275 Domini,
555 4217 719 4262 rectas
747 4207 901 4278 facite
953 4207 1154 4263 semitas
1197 4208 1306 4278 ejus
1331 4205 1546 4278 (Matth.
1571 4207 1623 4260 3.
1654 4207 1710 4267 3;
1733 4205 1862 4261 Luc.

293 4299 345 4351 3.
370 4299 425 4363 4;
450 4295 617 4351 Marc.
648 4298 701 4351 1.
728 4297 782 4363 5;
813 4296 970 4352 Joan.
1003 4297 1056 4354 1.
1105 4295 1222 4368 25).
1268 4295 1349 4352 0b
1395 4295 1536 4366 quod
1584 4297 1864 4367 praemium

289 4403 515 4458 quamve
543 4387 884 4444 mercedem?
914 4387 1091 4443 Omnis
1113 4388 1259 4442 uallis
1288 4387 1599 4457 implebitur,
1629 4397 1674 4443 et
1699 4389 1864 4442 omnis

288 4499 432 4537 mons
457 4491 505 4536 et
546 4481 691 4536 collis
719 4482 1065 4536 humiliabitur
1087 4497 1106 4537 :
1128 4491 1175 4536 et
1204 4491 1350 4536 erunt
1378 4497 1536 4549 prava
1563 4481 1616 4535 in
1632 4483 1823 4536 directa
1839 4496 1862 4545 ;

293 4583 338 4627 et
364 4588 546 4641 aspera
572 4572 625 4625 in
651 4573 757 4625 uias
799 4572 1013 4642 planas:
1037 4581 1085 4626 et
1111 4573 1292 4626 videbit
1315 4574 1477 4626 omnis
1498 4589 1617 4627 caro
1641 4572 1865 4626 salutare

291 4665 384 4718 Dei
409 4661 562 4731 (Isai.
595 4662 685 4716 40.
712 4662 767 4715 5.
791 4663 867 4729 4).
891 4661 1004 4716 Hoc
1026 4671 1201 4716 autem
1221 4662 1343 4716 ideo
1361 4663 1481 4732 quia
1509 4661 1726 4716 Verbum
1745 4680 1863 4718 caro

288 4756 512 4826 factum,
542 4761 584 4806 et
615 4752 855 4805 habitavit
874 4753 927 4806 iu
955 4752 1096 4805 nobis
1129 4751 1311 4820 (Joan.
1344 4755 1395 4806 1.
1426 4753 1540 4822 14).
1568 4753 1718 4809 Nunc
1765 4769 1862 4808 au-

290 4859 395 4902 tem
443 4858 776 4914 nequaquam
820 4859 920 4897 vox
959 4843 1238 4912 Propheta:
1280 4843 1333 4897 in
1361 4843 1577 4898 deserto
1603 4847 1706 4899 erit
1733 4866 1744 4900 ;
1770 4847 1863 4902 sed

289 4958 390 4996 vox
419 4937 738 5008 Archangeli
767 4937 1001 5007 parantis
1034 4936 1150 4990 vias
1170 4977 1184 5001 ,
1217 4949 1323 5000 non
1357 4937 1408 4990 in
1437 4937 1615 4990 carnis
1645 4937 1860 4991 humili-

289 5042 396 5090 tate
424 5029 692 5094 venienti,
719 5027 811 5083 sed
839 5028 886 5084 ei
905 5067 919 5092 ,
951 5026 1042 5098 qui
1091 5034 1177 5081 est
1205 5025 1343 5095 apud
1372 5025 1586 5080 Patrem
1619 5024 1856 5082 Verbum

291 5126 448 5179 Deus.
479 5121 545 5176 Et
572 5129 697 5174 tunc
729 5117 944 5188 quidem
985 5116 1399 5187 egrediebantur
1450 5115 1503 5171 in
1547 5116 1858 5185 desertum,

288 5230 340 5271 ut
371 5215 617 5272 audirent
640 5213 896 5282 assumpti
929 5211 1159 5266 hominis
1202 5223 1633 5281 praecursorem,
1681 5219 1736 5265 et
1784 5211 1862 5265 vi-

285 5312 475 5366 derent
520 5307 835 5364 arundinem
875 5313 1036 5360 vento
1081 5306 1330 5376 agitatam
1373 5304 1523 5376 (Luc;
1552 5304 1631 5375 7),
1663 5303 1728 5360 de
1755 5317 1859 5373 qua

284 5404 436 5458 factze
458 5409 580 5456 sunt
613 5400 754 5456 tibite
775 5441 788 5463 ,
814 5407 868 5454 et
896 5397 1093 5453 vocalis
1109 5397 1344 5453 calamus
1363 5437 1378 5462 ,
1398 5397 1488 5468 qui
1519 5398 1570 5452 in
1598 5411 1692 5453 ore
1727 5411 1862 5467 pue-

285 5509 467 5550 rorum
497 5491 643 5547 dulci
668 5499 823 5545 sonat
854 5489 1244 5552 modulamine.
1289 5489 1596 5545 canentium
1627 5489 1681 5544 in
1735 5488 1854 5558 pla-

285 5585 386 5641 teis
440 5594 604 5656 atque
659 5582 951 5638 dicentium
1005 5598 1018 5638 :
1071 5580 1390 5634 Cantavimus
1441 5580 1615 5646 vobis,
1667 5590 1713 5636 et
1756 5595 1855 5636 neu

287 5678 507 5732 saltastis
532 5675 742 5746 (Matth.
769 5675 855 5730 ll.
883 5674 968 5727 17.
1005 5681 1052 5725 et
1078 5670 1204 5722 Luc.
1246 5671 1298 5725 7.
1331 5670 1448 5738 32).
1481 5670 1632 5726 Nunc
1677 5678 1854 5724 autem

280 5771 338 5826 in
363 5786 494 5827 voce
523 5767 843 5837 Arelangeli
889 5762 1238 5836 prtecedentis
1286 5761 1571 5818 Dominum
1620 5761 1846 5818 descen-

1640 353 1967 412 EPISTOLA
1999 354 2110 410 CXI
2123 356 2183 409 Χ.

3452 356 3566 428 ’πε

1994 465 2208 522 dentem
2248 467 2315 523 de
2342 469 2530 538 cadis,
2560 482 2611 526 et
2643 475 2694 528 in
2725 475 3016 535 clarissima
3055 482 3177 536 tuba
3197 525 3211 548 ,
3268 488 3558 555 unusquis-

1994 570 2096 624 que
2122 557 2454 614 credentium
2474 602 2488 624 ,
2525 563 2606 616 vel
2635 562 2700 618 ad
2733 568 2973 634 praelium
2999 614 3008 636 ,
3039 573 3131 628 vel:
3153 573 3216 628 ad
3259 577 3564 632 sacerdota-

1993 647 2060 701 lia
2108 647 2407 706 ministeria
2450 664 2792 722 provocatur.
2826 659 3080 732 Legimus
3126 667 3178 720 in
3205 667 3560 726 Numerorum

1991 737 2129 794 libro
2177 739 2328 835 (Cap.
2383 743 2470 799 10.
2499 760 2547 798 υ.
2600 746 2679 816 5),
2711 759 2947 807 sacratas
2978 755 3090 812 Deo
3135 760 3464 832 tubas,qu:e
3488 763 3561 835 (a)

1988 839 2113 886 ante
2154 833 2350 888 ostium
2377 846 2688 906 personent.
2718 839 2814 896 Sin
2864 853 3040 900 autem
3085 864 3276 920 magna
3329 863 3411 908 est
3454 833 3556 910 vos

1987 922 2206 1014 Angeli,
2261 934 2316 979 et
2369 926 2506 982 tubae
2559 929 2925 1002 Archangeli,
2983 948 3186 1005 quanto
3240 943 3412 1014 major
3459 947 3563 1000 erit

1990 1013 2127 1068 tuba:
2185 1015 2352 1089 814
2400 1020 2526 1087 Dei,
2558 1038 2676 1093 quae
2708 1035 2856 1094 parat
2883 1027 2997 1082 vias
3024 1031 3253 1099 primum
3283 1013 3557 1094 dormien-

1989 1105 2119 1200 tium
2141 1147 2154 1169 ,
2177 1117 2232 1162 et
2259 1116 2595 1168 mortuorum
2629 1115 2681 1170 in
2709 1116 2962 1184 Christo;
2989 1119 3184 1178 deinde
3210 1140 3395 1182 eorum
3419 1168 3435 1198 ,
3469 1130 3558 1200 qui

1987 1195 2203 1260 vivunt,
2233 1208 2286 1253 et
2310 1201 2511 1256 residui
2543 1214 2706 1273 sunt,
2738 1215 2792 1262 et
2817 1210 3086 1265 sermonis
3113 1212 3206 1268 Dei
3241 1195 3559 1284 prmstolah-

1985 1292 2073 1339 tur
2095 1287 2421 1345 adventum?
2447 1291 2694 1350 Forsitan
2723 1298 2984 1368 simplicis
3008 1301 3149 1357 tuba:
3188 1305 3406 1376 clangor
3432 1308 3560 1362 dor-

1983 1381 2270 1440 mientibus
2297 1395 2347 1440 et
2380 1391 2608 1443 mortuis
2637 1391 2689 1446 in
2714 1390 2935 1448 Christo
2957 1397 3296 1453 necessarius
3322 1409 3405 1454 est
3424 1419 3436 1455 :
3456 1417 3560 1456 Vox

1981 1480 2158 1526 autem
2189 1473 2508 1546 Archangeli
2547 1479 2620 1550 (b)
2644 1491 2696 1535 et
2728 1483 2871 1537 tubae
2901 1484 3026 1550 Dei,
3060 1485 3142 1540 his
3190 1488 3280 1558 qui
3339 1490 3558 1554 vivunt,

1981 1570 2036 1617 et
2089 1563 2142 1617 in
2195 1566 2482 1635 praesentia
2538 1570 2632 1624 Dei
2685 1584 3048 1630 reservantur.
3092 1577 3386 1634 Videamus
3433 1581 3559 1651 quid

1981 1655 2150 1724 possit
2176 1656 2436 1729 intelligi,
2465 1671 2518 1715 et
2539 1660 2594 1716 id
2625 1663 2767 1732 quod
2793 1666 3073 1735 sequitur:
3106 1667 3276 1722 Simul
3295 1686 3412 1723 cum
3451 1671 3555 1726 illis

1979 1749 2253 1819 rapientur.
2285 1751 2402 1820 Quo
2433 1755 2595 1810 verbo
2626 1757 2836 1811 ostendi
2869 1765 2996 1828 puto
3021 1801 3036 1826 ,
3063 1760 3298 1816 subitum
3327 1762 3394 1818 ad
3442 1780 3559 1820 mu-

1982 1841 2112 1897 liora
2169 1853 2540 1902 transcensum
2587 1865 2602 1900 :
2649 1858 2704 1903 et
2752 1849 2953 1906 idcirco
2996 1863 3209 1922 raptum
3237 1870 3296 1910 se
3321 1855 3558 1912 voluisse

1979 1931 2194 1998 dicere,
2221 1944 2279 1991 ut
2306 1936 2563 1993 velocitas
2589 1941 2917 1996 transeuntis
2941 1983 2957 2009 ,
3005 1958 3226 1998 sensum
3274 1947 3558 2016 cogitantis

1979 2025 2280 2082 excederet.
2337 2028 2488 2094 Quod
2539 2040 2593 2087 et
2640 2032 2693 2087 in
2724 2033 2832 2087 alio
2854 2033 2973 2089 loco
3001 2035 3214 2106 ejudem
3248 2037 3397 2092 verbi
3427 2053 3554 2108 pro-

1981 2116 2207 2186 prietate
2236 2119 2462 2190 signavit
2492 2143 2505 2178 :
2535 2141 2554 2174 ι
2592 2122 2713 2178 Scio
2755 2122 3029 2181 hominem
3075 2128 3130 2183 in
3175 2127 3388 2184 Christo
3434 2141 3560 2185 ante

1979 2222 2149 2262 annos
2172 2211 2574 2280 quatuordecim
2595 2254 2611 2280 ,
2650 2215 2762 2270 sive
2789 2216 2841 2270 in
2872 2231 3099 2285 corpore
3119 2261 3132 2275 .
3186 2219 3369 2273 nescio
3389 2260 3403 2282 ,
3445 2219 3558 2274 sive

1978 2307 2127 2352 extra
2144 2315 2336 2370 corpus
2355 2304 2705 2371 nescio,Deus
2717 2306 2836 2372 scit,
2856 2317 3063 2377 raptum
3076 2307 3370 2364 istiusmodi
3391 2324 3558 2379 usque

1977 2393 2044 2447 ad
2069 2395 2277 2451 tertium
2297 2396 2513 2452 cmlum.
2535 2397 2601 2451 Et
2618 2397 3042 2469 sciohnjusmodi
3063 2400 3351 2465 hominem,
3373 2401 3484 2454 sive
3503 2402 3555 2456 in

1977 2504 2220 2562 corpore,
2249 2489 2362 2544 sive
2388 2499 2537 2544 extra
2559 2505 2753 2558 corpus
2783 2491 2983 2556 nescio,
3011 2491 3150 2545 Deus
3173 2493 3294 2558 scit,
3321 2494 3442 2559 quia
3467 2509 3522 2546 ra
3540 2522 3554 2533 ο

1978 2590 2191 2653 ptusest
2212 2583 2261 2636 in
2282 2579 2607 2651 paradisum,
2628 2590 2679 2635 et
2702 2579 2908 2635 audivit
2933 2582 3091 2636 verba
3114 2581 3421 2647 inell‘abilia,
3436 2598 3556 2652 qua:

1977 2690 2079 2729 non
2100 2675 2220 2728 licet
2236 2673 2434 2727 homini
2453 2673 2615 2742 loqui.
2630 2673 2731 2743 t(2.
2751 2673 2864 2728 Cor.
2889 2672 2973 2728 12.
2990 2673 3046 2738 2,
3070 2673 3394 2744 etseqq.).-\lii
3410 2677 3552 2729 enim

1975 2766 2312 2835 proﬁcientes
2337 2775 2384 2818 et
2419 2763 2499 2835 (ut
2545 2763 2613 2819 ita
2663 2763 2860 2834 dicam)
2909 2765 3215 2835 gradientes
3252 2766 3319 2820 ad
3349 2769 3550 2835 majora

1974 2854 2325 2920 crescebant,
2350 2853 2520 2908 donec
2548 2853 2723 2908 llerint
2743 2855 2891 2925 juxta
2937 2854 2987 2908 id
3021 2855 3160 2925 quod
3186 2857 3439 2924 scriptum
3469 2844 3551 2910 {ist

1977 2944 2154 3016 Magni
2183 2944 2330 2998 valde
2352 2944 2544 2998 nimis:
2570 2954 2624 2999 et
2647 2943 2906 3014 quosdam
2937 2944 2988 2998 in
3020 2945 3213 3000 caelum
3245 2957 3554 3015 assumptos

1977 3036 2221 3108 legimus.
2239 3036 2437 3091 Paulus
2459 3045 2634 3091 autem
2654 3052 2744 3090 vas
2763 3030 3040 3093 electionis
3062 3039 3112 3091 in
3132 3038 3339 3092 tertium
3359 3039 3552 3093 coelum

1975 3136 2160 3197 raptus
2189 3127 2432 3182 ascendit
2458 3141 2472 3182 :
2504 3135 2560 3182 et
2595 3128 2794 3182 idcirco
2821 3127 3022 3184 audivit
3051 3127 3212 3182 verba
3241 3127 3552 3184 inell'abilia.

1971 3218 2252 3286 Quomodo
2271 3226 2449 3274 autem
2481 3217 2532 3272 hi
2555 3257 2569 3281 ,
2609 3218 2699 3288 qui
2730 3219 3011 3287 rapiuntur
3061 3218 3112 3272 in
3139 3209 3392 3272 'nubibus
3413 3259 3427 3282 ,
3460 3234 3548 3273 ra-

1973 3310 2181 3379 piantur
2208 3308 2420 3363 obviam
2445 3306 2686 3372 Christo,
2720 3307 3032 3380 diligentius
3069 3308 3546 3378 contemplandum

1971 3408 2073 3454 est.
2098 3397 2308 3454 Scimus
2331 3397 2503 3454 nubes
2532 3399 2830 3469 Prophetas
2847 3441 2862 3466 ,
2891 3397 3087 3468 quibus
3111 3400 3371 3469 praecepit
3414 3398 3554 3454 Deus

1972 3501 2040 3542 ne
2081 3488 2326 3558 pluerent
2356 3503 2518 3558 super
2567 3487 2732 3543 Israel
2763 3487 2989 3543 imbrem
3012 3529 3026 3556 ,
3057 3489 3270 3558 quando
3298 3489 3553 3558 impleve-

1972 3588 2098 3633 runt
2124 3594 2429 3634 mensuram
2462 3587 2672 3649 patrum
2704 3595 2924 3633 suorum
2947 3617 2963 3643 ,
3003 3588 3057 3634 et
3085 3579 3222 3634 facta
3249 3589 3334 3634 est
3357 3579 3468 3634 Lex
3499 3591 3553 3633 et

1972 3672 2251 3740 Propheta:
2282 3687 2450 3741 usque
2477 3671 2543 3726 ad
2573 3671 2831 3727 Joannem
2863 3672 3154 3741 Baptistam
3187 3671 3208 3741 (
3227 3669 3409 3724 Matth.
3463 3673 3548 3725 ll.

1974 3762 2080 3828 15).
2115 3763 2180 3817 Et
2207 3764 2329 3832 quia
2361 3763 2504 3818 Deus
2547 3763 2726 3832 posuit
2765 3763 2818 3816 in
2869 3763 3107 3818 Ecclesia
3151 3765 3378 3831 primum
3409 3765 3552 3830 Apu-

1971 3855 2159 3919 stolos,
2193 3854 2427 3910 secundo
2444 3853 2737 3924 Prophetas
2768 3853 2982 3924 (Ephes.
3014 3853 3180 3925 4.11)
3205 3873 3217 3907 :
3248 3869 3353 3908 non
3381 3855 3550 3908 solum

1971 3945 2272 4014 Propheta,
2304 3943 2398 3998 sed
2417 3954 2470 3998 et
2497 3944 2744 4014 Apostoli
2773 3945 2940 4000 nubes
2971 3943 3300 4014 intelligendi
3324 3954 3467 3999 sunt.
3496 3944 3549 4000 Si

1971 4038 2089 4107 quis
2113 4035 2273 4108 igitur
2293 4035 2496 4104 rapitur
2515 4034 2581 4089 ad
2606 4035 2897 4098 Christum,
2917 4035 3157 4092 ascendit
3185 4049 3346 4104 super
3382 4034 3552 4090 nubes

1970 4124 2523 4197 Legis,etEvangelii,
2547 4140 2709 4195 super
2730 4125 3112 4196 Prophetas,et
3142 4124 3458 4195 Apostolus:
3498 4134 3553 4180 et

1969 4218 2259 4290 assumptis
2272 4218 2370 4274 alis
2386 4218 2667 4286 columbze,
2685 4234 2977 4290 eorumque
2997 4218 3234 4274 doctrina
3257 4217 3322 4273 ad
3341 4218 3550 4274 excelsa

1968 4311 2230 4374 sublatus,
2245 4311 2496 4378 occurrit,
2515 4325 2623 4366 non
2639 4309 2891 4366 deorsum
2920 4308 3014 4366 sed
3047 4309 3097 4363 in
3127 4324 3287 4375 aere,
3317 4319 3372 4365 et
3395 4309 3552 4380 spiri-

1969 4403 2096 4459 tuali
2123 4404 2467 4477 intelligentia
2499 4404 2917 4473 Scripturarum.
2945 4402 3248 4456 Occurrens
3286 4409 3463 4456 autem
3497 4403 3547 4455 in

1968 4497 2351 4567 spiritualibus,
2367 4505 2576 4552 terrena
2597 4495 2891 4559 dimittens,
2916 4493 3028 4548 sive
3055 4493 3143 4546 ille
3164 4493 3232 4547 sit
3254 4491 3547 4558 dormiens,

1968 4591 2080 4644 sive
2118 4590 2172 4644 in
2194 4588 2407 4645 Christo
2428 4595 2692 4652 mortuus,
2725 4586 2840 4640 sive
2865 4584 3070 4647 vivens,
3093 4593 3147 4637 et
3165 4583 3217 4637 in
3239 4582 3382 4637 illius
3410 4597 3550 4652 pra:-

1969 4681 2193 4736 sentiam
2218 4687 2520 4735 reservatus
2538 4691 2754 4745 semper
2780 4691 2900 4731 cum
2933 4674 3026 4729 illo
3056 4673 3227 4729 eritet
3250 4673 3551 4743 perfruetur

1968 4771 2150 4828 Verbo
2193 4771 2357 4843 815
2392 4770 2505 4834 Dei,
2535 4775 2590 4822 et
2613 4767 3134 4837 sapientia,veritate
3155 4777 3312 4838 atque
3319 4767 3540 4835 jttstitia.

2040 4862 2128 4916 11.
2153 4860 2279 4915 Haec
2301 4858 2466 4914 celeri
2490 4871 2745 4912 sermone
2772 4855 3003 4923 dictavi,
3041 4857 3167 4928 quid
3213 4857 3406 4913 eruditi
3449 4859 3547 4914 viri

1967 4952 2034 5006 de
2063 4963 2290 5019 utroque
2311 4948 2574 5004 sentirent
2601 4945 2720 5002 loco
2740 4989 2754 5012 ,
2780 4956 2835 5002 et
2852 4948 3044 5016 quibus
3071 4949 3400 5020 argumentis
3421 4963 3548 5004 suas

1968 5039 2167 5096 vellent
2189 5040 2416 5110 probare
2435 5040 2730 5094 sententias
2752 5080 2768 5107 ,
2797 5049 2992 5096 vestra:
3031 5040 3327 5110 prudentiae
3373 5057 3542 5109 expo-

1968 5146 2120 5188 nens.
2142 5132 2326 5203 Neque
2360 5131 2500 5187 enim
2529 5141 2668 5185 tanta
2697 5141 2779 5186 est
2807 5146 2940 5187 meai
2969 5133 3274 5203 pusillitatis
3311 5133 3544 5186 auctori-

1968 5223 2194 5294 tas,qui
2217 5223 2348 5277 nihil
2377 5237 2531 5286 sum,
2577 5231 2630 5278 et
2681 5221 2984 5279 invidorum
3026 5233 3228 5280 tantum
3273 5222 3543 5278 morsibus

2030 5403 2102 5466 (a)
2134 5401 2316 5462 Tabas,
2341 5400 2516 5468 quibus
2545 5404 2721 5468 mortui
2743 5401 2802 5452 ad
2837 5401 3071 5468 judicium
3089 5397 3504 5468 compatiuntur
3526 5433 3539 5452 ο

1964 5467 2022 5515 iis
2036 5453 2315 5527 comparat;
2330 5453 2510 5527 quibus
2529 5463 2646 5527 olim
2673 5453 3013 5527 clangéngtibus
3035 5461 3099 5509 ad
3115 5457 3293 5527 ostium
3323 5453 3544 5527 tabernaf

1964 5524 2062 5590 culi
2108 5516 2304 5590 {trieteris
2324 5516 2568 5590 ,'popt_tlus
2598 5523 2751 5574 Israel
2776 5516 3083 5590 (iniciebatur.
3108 5516 3454 5590 conferendas
3467 5525 3544 5566 est

1965 5581 2128 5650 itaque
2164 5581 2442 5650 adnotatus'
2469 5585 2792 5635 Numerorum
2818 5583 2966 5650 locus
2991 5617 3005 5638 ,
3047 5581 3542 5650 undedapertissitue

1962 5644 2209 5712 con'stahit1
2221 5647 2484 5709 legendum
2504 5683 2517 5706 ,
2542 5653 2603 5712 ut
2631 5646 2969 5712 reposuimus,
2998 5648 3117 5712 ante
3135 5644 3542 5712 οειίιᾳζιβιιξρεξρι

1967 5694 2794 5771 assesasses;avique...
2837 5694 2984 5771 eam.
2999 5710 3049 5771 9,
3073 5701 3186 5771 Mss.
3211 5694 3537 5771 antehostias.

2032 5773 2089 5837 ibi
2130 5759 2352 5824 Vocesct
2376 5759 2500 5820 tuine
2533 5759 2690 5819 Dei‘in
2713 5765 2980 5814 Veternensi
3005 5763 3091 5813 Ms.
3118 5759 3475 5811 desiderantur.
