4088 6336
379 370 476 427 98I

449 481 637 538 vatoris
656 521 672 548 ,
699 478 972 534 secundum
1005 474 1258 531 Joannem
1289 488 1436 526 mane
1462 487 1561 526 una
1590 472 1786 526 sabbati
1811 473 1954 526 audit

449 591 480 627 a
505 572 723 626 Domino
747 587 766 625 δ
786 568 905 625 Noli
928 583 1012 623 me
1041 576 1290 636 tangere;
1321 562 1545 618 necdum
1571 561 1716 618 enim
1743 561 1958 617 escendi

455 663 519 717 ad
552 663 785 717 Patrem.

382 755 468 811 VI.
512 753 777 820 Quomodo
823 749 1133 804 custodiente
1179 747 1397 800 ntilitum
1446 745 1595 799 turba
1622 785 1638 811 ,
1693 743 1876 798 Petrus
1915 750 1961 796 et

449 845 672 899 Joannes
704 841 855 896 libere
879 839 1088 911 ingrcssi
1118 845 1235 893 sunt
1271 835 1580 906 sepulcrum,
1614 835 1757 888 nullo
1785 833 1961 902 prohi-

449 939 592 990 bente
625 933 911 988 custodum.

383 1027 491 1082 VII.
537 1023 802 1094 Quomodo
832 1021 1110 1075 Matthteus
1133 1017 1303 1074 scribit
1331 1025 1380 1072 et
1402 1015 1634 1079 Marcus,
1662 1013 1800 1082 quod
1819 1029 1962 1066 man-

451 1119 625 1171 datum
655 1115 718 1169 sit
749 1112 1008 1180 Apostolis
1036 1127 1126 1181 per
1163 1109 1398 1162 mulieres
1425 1115 1478 1160 ut
1509 1105 1847 1176 praecederent
1873 1101 1963 1156 Je-

451 1226 560 1263 sum
587 1208 638 1260 in
669 1205 972 1269 Galilaeam,
1004 1213 1049 1256 et
1077 1201 1146 1256 ibi
1171 1217 1282 1256 eum
1308 1200 1532 1254 viderent
1563 1213 1581 1250 :
1607 1195 1775 1248 Lucas
1796 1203 1961 1246 autem

452 1311 500 1356 et
539 1299 766 1353 Joannes
809 1297 862 1350 in
901 1295 1189 1350 Jerusalem
1237 1309 1350 1347 eum
1393 1290 1454 1344 ab
1504 1287 1760 1359 Apostolis
1802 1287 1964 1341 uisum

452 1397 865 1447 commemorant.
1510 1432 1512 1434 τ

386 1484 516 1540 \'III.
554 1483 690 1550 Quid
711 1481 958 1552 signiﬁcet
977 1476 1113 1550 quod
1136 1477 1190 1530 in
1218 1474 1546 1545 Evangelista
1572 1471 1815 1527 Matt/two
1836 1469 1964 1523 scri-

454 1589 594 1648 ptum
637 1583 710 1629 est
744 1590 764 1627 :
800 1572 957 1628 Jcsus
1000 1579 1178 1624 autem
1222 1568 1460 1620 clamans
1490 1563 1566 1636 (α)
1600 1578 1734 1617 voce
1774 1575 1962 1630 magna

453 1669 630 1723 einisit
666 1665 910 1736 spiritum
939 1679 954 1715 :
986 1670 1041 1718 et
1074 1661 1249 1716 velum
1276 1657 1481 1726 Templi
1514 1655 1742 1711 scissum
1784 1661 1868 1708 est
1911 1652 1965 1706 iu

453 1763 588 1817 duas
624 1769 820 1830 partes,
849 1772 880 1810 a
909 1768 1120 1810 sunnno
1146 1767 1312 1822 usque
1340 1751 1612 1810 deorsum,
1640 1757 1685 1800 et
1713 1747 1926 1814 reliqua.

385 1853 478 1909 IX.
523 1850 788 1920 Quomodo
831 1847 1088 1910 Salvator,
1127 1844 1411 1897 secundum
1451 1839 1706 1894 Joannem
1747 1837 1965 1906 insufﬂat

456 1942 708 2014 Spiritum
749 1937 996 1994 Sanctum
1035 1933 1290 2004 Apostolis
1314 1973 1329 1997 ,
1367 1940 1411 1985 et
1455 1929 1731 1985 secundum
1776 1925 1967 1980 Lucum

456 2044 565 2106 post
597 2034 668 2103 (b)
704 2031 1045 2088 ascensionem
1075 2030 1348 2080 missurum
1373 2040 1426 2077 se
1451 2040 1557 2076 esse
1585 2022 1730 2075 dicit.

314 2115 316 2118 i
385 2129 452 2184 Χ.
499 2127 632 2194 Quid
661 2124 910 2195 signiﬁcet
936 2121 1064 2175 illud
1093 2118 1226 2188 quod
1259 2114 1532 2187 Apostolus
1565 2113 1760 2167 Paulus
1786 2111 1966 2179 dispu-

453 2228 528 2272 tat
549 2217 616 2270 ad
641 2215 896 2270 Romanos
917 2212 1136 2264 scribens
1161 2225 1180 2262 :
1199 2206 1334 2274 Quid
1358 2220 1486 2275 ergo
1506 2205 1784 2274 dicemus:
1808 2201 1970 2256 Num-

455 2308 582 2376 quid
627 2305 879 2372 iniquitas
917 2301 1056 2369 apud
1104 2297 1310 2352 Deum?
1353 2295 1540 2360 Absit,
1571 2310 1728 2358 usque
1755 2295 1822 2346 ad
1857 2309 1972 2345 eum

458 2401 625 2452 locum
663 2396 744 2448 ubi
783 2394 852 2445 ait
885 2407 902 2446 :
933 2391 1044 2446 Nisi
1090 2389 1347 2443 Dominus
1387 2385 1622 2441 Sabaoth
1669 2385 1973 2454 reliquisset

459 2488 616 2542 nobis
639 2500 844 2551 semen,
876 2494 923 2536 et
949 2481 1160 2551 reliqua.

387 2582 482 2637 XI.
527 2579 663 2645 Quid
700 2579 766 2633 sit
808 2575 942 2647 quod
984 2574 1257 2643 Apostolus
1297 2573 1467 2626 scribit
1499 2571 1566 2625 ad
1601 2569 1891 2624 Corinthios
1920 2569 1971 2622 iit

463 2671 682 2726 secunda
724 2667 957 2736 Epistolis
985 2665 1160 2720 :Aliis
1199 2665 1332 2719 odor
1379 2663 1566 2718 mortis
1611 2662 1665 2715 in
1708 2671 1968 2726 mortem,

461 2775 516 2817 et
539 2762 656 2816 aliis
687 2760 820 2815 odor
851 2761 976 2813 vita:
1002 2759 1053 2812 in
1084 2761 1266 2812 vitam.

389 2853 505 2910 XII.
549 2853 684 2917 Quid
708 2854 770 2906 sit
793 2850 927 2918 quod
951 2853 1196 2915 scriptum
1222 2858 1293 2902 est
1322 2848 1377 2901 in
1402 2845 1638 2916 Epistola
1663 2844 1731 2897 ad
1761 2843 1974 2896 Thessa—

461 2947 736 3001 lonicenses
765 2947 929 3015 prima
949 2961 968 2999 :
1001 2943 1114 3013 Ipse
1143 2953 1320 2996 autem
1350 2941 1490 2994 Deus
1515 2938 1659 3010 pacis
1679 2937 1974 2992 sanctiﬁcat

460 3053 555 3091 vos
583 3053 676 3107 per
697 3037 897 3100 oumia,
929 3046 982 3089 et
1009 3036 1211 3104 integer
1246 3033 1464 3102 spiritus
1491 3039 1688 3094 vester,
1715 3038 1766 3083 et
1793 3029 1972 3082 anima

459 3139 514 3184 et
550 3144 745 3197 corpus
783 3130 901 3182 sine
935 3126 1183 3196 querela,
1213 3124 1265 3179 in
1296 3123 1527 3178 adventu
1555 3121 1764 3176 Domini
1806 3120 1973 3174 nostri

461 3221 588 3276 Jesu
619 3221 817 3276 Christi
846 3227 1108 3273 servetur.

701 3332 998 3402 Expliciunt
1026 3330 1260 3398 Capitula
1289 3328 1660 3396 Quaestionum.

697 3443 1142 3501 I‘IIERONYMUS
1182 3444 1272 3497 AD
1312 3440 1663 3497 IIEDIBIAM.

870 3574 938 3614 nr.
975 3570 1366 3622 QUA-ISTIONIBL'S
1405 3571 1500 3612 xu.

461 3700 628 3771 818
701 3693 1092 3751 I‘RASFATIO.
1132 3721 1204 3731 --
1243 3691 1424 3760 Ignota
1463 3688 1644 3751 vultu,
1679 3685 1802 3740 ﬁdei
1846 3684 1975 3738 mibi

393 3794 586 3844 ardore
617 3789 892 3842 notissima
921 3801 1000 3840 es.
1033 3785 1096 3838 Et
1121 3783 1186 3836 de
1211 3780 1471 3836 extremis
1501 3779 1686 3834 Galliae
1712 3775 1903 3830 ﬁnibus
1926 3775 1978 3827 in

396 3879 800 3936 Betlileeinitico
823 3891 942 3930 rure
967 3875 1285 3935 latitantem,
1309 3871 1375 3923 ad
1401 3867 1830 3938 respondendum
1855 3880 1980 3933 pro-

400 3989 581 4040 vocas,
603 3972 670 4027 de
689 3981 994 4024 sanctarttm
1016 3963 1416 4036 qumstiunculis
1438 3962 1857 4029 Scripturarum,
1885 3971 1980 4025 per

399 4064 668 4118 hominem
706 4062 835 4125 Dei,
880 4059 1044 4112 lilium
1090 4071 1265 4110 mcum
1308 4053 1681 4124 Apodemium,
1716 4049 1788 4118 (c)
1820 4050 1980 4102 Com-

339 4147 342 4150 .
399 4154 796 4211 monitoviolum
819 4151 1082 4218 dirigens;
1109 4147 1262 4218 quasi
1289 4161 1416 4199 vero
1444 4161 1545 4197 non
1577 4143 1792 4205 habeas,
1819 4140 1869 4193 in
1895 4149 1980 4193 tua

401 4247 667 4318 provincia
699 4245 931 4300 disertos
964 4243 1108 4295 viros
1131 4281 1144 4305 ,
1176 4248 1228 4293 et
1265 4239 1316 4292 in
1355 4236 1496 4306 Lege
1537 4234 1628 4289 Dei
1673 4231 1934 4302 perfectos
1965 4247 1978 4284 :

400 4339 502 4394 nisi
536 4338 672 4392 forte
699 4335 1122 4404 experimentum
1161 4330 1328 4400 magis
1360 4327 1563 4392 nostri,
1595 4341 1753 4394 quam
1783 4323 1980 4379 doctri-

401 4447 522 4486 nam
556 4429 794 4499 ﬂagitas,
827 4438 877 4481 et
905 4427 984 4479 vis
1009 4426 1178 4488 scire,
1207 4420 1330 4492 quid
1373 4421 1440 4475 de
1481 4419 1560 4472 bis
1599 4433 1718 4487 qua:
1756 4417 1824 4470 ab
1865 4415 1984 4470 aliis

400 4523 595 4581 audisti
617 4565 632 4588 ,
663 4539 761 4576 nos
798 4534 1010 4590 qunque
1050 4516 1359 4571 sentiamus.
1395 4512 1620 4582 lllajores
1648 4511 1722 4564 tui
1750 4509 1830 4580 (tl)
1873 4508 1976 4562 Pa-

404 4624 540 4692 tera,
577 4623 736 4683 atque
770 4610 1098 4681 Delphidius,
1131 4623 1356 4677 quorum
1395 4605 1531 4659 alter
1571 4615 1856 4674 antequam
1887 4617 1986 4672 ego

473 4783 537 4851 la)
575 4785 711 4851 Idem
736 4782 826 4832 Ms.
851 4783 940 4851 hoc
963 4781 1157 4831 omisso.
1183 4780 1430 4851 substituit
1451 4785 1744 4851 sequentem
1769 4776 1986 4851 blatthwi

406 4838 583 4904 locum,
618 4865 639 4891 α
661 4845 968 4894 Monumenta
985 4851 1151 4902 aperta
1168 4849 1299 4895 sunt,
1325 4847 1377 4887 et
1399 4838 1545 4886 multa
1568 4850 1767 4904 corpora
1791 4838 1990 4885 Sancto-

404 4924 509 4958 rum
535 4898 617 4980 qui
643 4907 972 4960 dormierant,
991 4898 1357 4975 .Surrexeruut,
1385 4905 1435 4946 et
1461 4906 1704 4969 exeuntes
1727 4898 1791 4944 de
1817 4912 1988 4970 monito

405 4960 590 5020 mentis
616 4975 719 5031 post
740 4967 1154 5031 resurrectionem
1175 4964 1546 5031 ejus-venerunt
1570 4960 1617 5007 in
1638 4966 1853 5007 sanctam
1876 4962 2006 5008 civim

408 5043 558 5081 tatem
586 5021 750 5138 etram
767 5034 1000 5078 aruerunt
1023 5021 1227 5074 multis}
1258 5021 1582 5084 Hieronymus
1604 5029 1767 5070 autem
1802 5027 1990 5068 utrum-

408 5109 506 5138 uue
535 5107 631 5138 ext.
656 5098 765 5138 tral.

404 5109 506 5143 (itte
535 5093 765 5143 exulirat.

422 5112 800 5219 luti
827 5157 929 5212 post
951 5147 1273 5219 ascensionem
1300 5139 1508 5217 Donittii,
1530 5157 1673 5207 quam
1698 5151 1992 5208 postremam

407 5208 580 5269 'toce'm
605 5208 876 5265 nostrorum
899 5213 1112 5261 codicum
1137 5224 1231 5271 ope
1257 5208 1604 5270 expunximus.

497 5279 556 5345 ιζ)⁸
579 5279 794 5345 Yeteres
814 5273 933 5345 editi
957 5271 1419 5345 commentariolum.

529 5326 539 5345 ι
600 5326 603 5327 ⁷
629 5340 638 5349 .
1058 5336 1079 5356 _.
1576 5331 1586 5341 .
1981 5329 1992 5339 .

497 5341 558 5408 tl)
585 5339 672 5408 _S_tc
694 5340 841 5408 liabet
863 5337 1228 5408 Ambrosianum
1253 5332 1520 5408 eueniplar,
1546 5326 1993 5408 sicqueemendari

411 5391 563 5452 volui't
585 5401 802 5450 Martiali.
830 5410 891 5447 ex
916 5395 1220 5446 Cluniacensi
1259 5391 1456 5454 Patere,
1483 5407 1592 5442 cum
1617 5391 1792 5454 reliqui
1826 5404 1997 5454 omnes

414 5465 528 5516 editi
548 5478 603 5513 ac
621 5475 765 5511 manu
784 5459 967 5510 exarati
991 5459 1157 5518 legant
1179 5455 1411 5505 Pttterius.
1432 5455 1588 5515 Hujus
1605 5453 1826 5518 meminit
1849 5453 1996 5500 etiam

415 5529 464 5576 in
489 5527 722 5577 Chronico
755 5523 815 5572 ad
839 5521 1013 5571 Christi
1047 5517 1107 5567 an
1129 5519 1236 5566 558.
1262 5518 1348 5566 sed
1377 5519 1439 5566 ibi
1476 5517 1891 5577 nomenaspiraut
1914 5528 1997 5564 ve.

416 5576 553 5638 teres
573 5588 867 5636 membrana:
895 5580 1069 5631 rather
1095 5580 1264 5630 Rhetor
1293 5576 1809 5642 Romtegloriosissime
1830 5576 1995 5642 docet,

417 5660 618 5701 oeoutra
635 5649 877 5698 Ausonius
892 5658 941 5710 in
957 5647 1317 5710 commemorat.
1338 5639 1666 5710 Professorum
1687 5639 1999 5710 Burdigalam

414 5712 538 5762 tium
552 5700 707 5762 carm.
734 5710 780 5758 4.
808 5712 862 5756 Et
885 5705 1000 5757 inde
1017 5703 1146 5754 vobis
1163 5701 1373 5758 nomina,
1403 5700 1502 5750 tibi
1526 5709 1728 5752 Patertv.
1756 5700 1999 5762 Delphidii

416 5761 595 5837 autem,
619 5785 768 5837 quem
792 5766 1085 5837 acerrimwn
1103 5771 1352 5837 Oratorem
1369 5763 1500 5837 dicit,
1521 5765 1738 5815 meminit
1759 5761 1995 5814 Ammian.

419 5825 683 5887 Biareellit't.
710 5832 794 5884 lib.
823 5828 994 5882 XVIIi.
1020 5842 1124 5892 cap.
1158 5828 1196 5878 l.
1233 5838 1380 5889 quem
1405 5825 1533 5876 vide.

1659 361 1662 363 “
1719 349 2050 405 LPISTOLA
2089 348 2250 404 CXX.

3545 360 3648 413 983

2067 487 2340 538 nascerer,
2372 465 2724 530 Rhetorieam'
2755 476 2936 532 Romae
3009 478 3176 550 819
3247 476 3428 532 docuit
3457 493 3471 530 :
3507 475 3646 531 alter

2063 579 2152 620 me
2172 564 2284 634 jam
2312 563 2710 621 adolescentulo
2734 582 2922 623 omnes
2942 567 3144 624 Gallias
3175 583 3329 638 prosa
3359 583 3646 638 versuque,

2064 671 2163 712 suo
2201 656 2489 712 illustravit
2527 658 2739 729 ingenio
2761 700 2776 726 ,
2805 659 2912 728 jam
2945 659 3276 715 dormientes
3304 668 3357 715 et
3387 659 3529 714 taciti
3560 675 3648 715 me

2061 748 2182 818 jure
2209 749 2630 818 reprehendunt.
2661 749 2803 818 quod
2835 749 3056 805 audeam
3083 751 3149 805 ad
3178 753 3399 821 stirpem
3435 752 3649 820 generis

2065 842 2146 895 sui
2174 842 2446 912 quippiam
2473 843 2754 898 mussitare
2779 859 2792 896 :
2817 843 2941 898 licet
2967 847 3268 900 concedens
3292 846 3372 899 eis
3395 844 3650 914 eloquen-

2067 934 2154 988 tite
2182 934 2630 1004 magnitudinem,
2663 944 2717 988 et
2746 934 3044 989 doctrinam
3076 937 3408 991 saecularium
3440 934 3645 989 littera-

2066 1039 2185 1078 rum
2206 1066 2220 1089 ,
2254 1025 2448 1080 merito
2476 1025 2787 1080 subtraham
2819 1027 3096 1081 scientiam
3142 1027 3299 1097 Legis
3326 1028 3458 1093 Dei,
3487 1005 3672 1120 quam:

2067 1129 2227 1170 nemo
2248 1117 2492 1186 accipere
2519 1123 2726 1186 potest,
2769 1118 2870 1172 nisi
2901 1119 2948 1172 ei
2977 1118 3096 1171 data
3127 1120 3280 1173 tuerit
3307 1135 3334 1172 a
3367 1120 3523 1174 Patre
3564 1119 3648 1173 lu-

2067 1205 2270 1259 niinum
2307 1198 2624 1280 (Jacobfl),
2657 1209 2745 1278 qui
2782 1207 3038 1262 illuminat
3066 1224 3262 1262 omnem
3289 1209 3540 1263 hominem
3567 1225 3650 1262 ve—

2067 1297 2284 1349 nientem
2325 1298 2378 1350 in
2422 1299 2557 1351 hunc
2594 1299 2838 1352 mundum
2881 1298 3070 1370 (Joan.
3102 1299 3177 1366 I),
3219 1309 3273 1352 et
3313 1308 3416 1352 stat
3446 1299 3650 1352 medius

2065 1388 2436 1455 credentium,
2478 1389 2567 1456 qui
2613 1390 2663 1443 in
2705 1393 2921 1445 nomine
2969 1391 3084 1459 ejus
3125 1390 3318 1444 fuerint
3345 1390 3650 1459 congregati

2071 1479 2282 1549 (Matth.
2322 1479 2434 1549 18).
2464 1479 2618 1535 Unde
2648 1481 2814 1536 libere
2849 1481 3102 1551 proﬁteor
3141 1482 3279 1549 (nec
3321 1481 3518 1534 dictum
3565 1499 3640 1537 su-

2070 1570 2232 1641 perbe
2262 1571 2604 1641 pertimesco)
2633 1587 2719 1625 me
2747 1573 2984 1626 scribere
3021 1572 3112 1625 tibi
3145 1588 3247 1624 non
3279 1571 3327 1624 in
3356 1571 3528 1626 doctis
3559 1573 3654 1626 bu-

2069 1676 2240 1714 manre
2269 1660 2544 1728 sapieiitire
2572 1660 2768 1725 verbis,
2794 1676 2950 1731 quam
2987 1662 3125 1716 Deus
3146 1662 3517 1720 destructurus
3537 1673 3649 1728 est;

2048 1751 2162 1806 sed
2204 1751 2256 1804 in
2297 1751 2478 1806 verbis
2519 1750 2683 1817 ﬁdei,
2712 1751 3078 1820 spiritualibus
3114 1753 3408 1822 spiritualia
3437 1767 3653 1822 compa-

2070 1849 2274 1897 rantem
2315 1841 2390 1912 (I.
2433 1840 2552 1896 Cor.
2582 1841 2638 1896 2.
2683 1842 2776 1912 25)
2807 1859 2820 1895 :
2851 1852 2908 1896 ut
2953 1843 3178 1914 abyssus
3223 1842 3419 1897 veteris
3462 1843 3654 1898 Testa-

2071 1934 2235 1986 meuti
2261 1933 2471 1987 invocet
2495 1933 2745 2004 abyssum
2770 1933 3148 2003 I‘Jvangclicam
3177 1934 3292 2008 (Ps.
3317 1934 3427 2008 bl),
3452 1937 3504 1990 in
3528 1951 3657 1992 voce

2070 2034 2458 2080 cntaraclarum
2484 2066 2498 2091 ,
2535 2025 2584 2080 id
2615 2035 2734 2091 est,
2764 2026 3151 2095 Prophetarum
3184 2037 3239 2082 et
3277 2030 3657 2097 Apostolorum

2071 2130 2314 2181 suorum,
2339 2124 2394 2170 et
2413 2116 2610 2171 veritas
2640 2117 2846 2172 Domini
2881 2117 3152 2186 perveniat
3181 2135 3348 2189 usque
3372 2119 3437 2173 ad
3468 2122 3657 2190 nubes,

2073 2206 2266 2276 quibus
2310 2207 2621 2262 mandatum
2663 2221 2780 2272 est,
2817 2223 2884 2262 ne
2917 2225 3079 2276 super
3123 2210 3454 2264 incredulum
3498 2210 3660 2266 Israel

2075 2299 2299 2366 imbrem
2332 2301 2610 2376 pluerent;
2641 2298 2735 2353 sed
2765 2308 2821 2353 ut
2850 2299 3086 2369 rigarent
3112 2315 3236 2354 arva
3264 2301 3540 2370 gentilium
3563 2343 3578 2366 ,
3609 2312 3664 2356 et

2076 2400 2368 2444 torrentem
2396 2390 2694 2459 spinarum,
2723 2404 2788 2444 ac.
2817 2405 2966 2446 mare
2997 2401 3265 2445 mortuum
3295 2393 3656 2448 dulcorareut.

2076 2481 2178 2535 Ora
2200 2481 2376 2550 igitur,
2401 2490 2458 2536 ut
2481 2496 2640 2537 verus
2664 2482 2894 2536 Elismus
2916 2484 3128 2539 steriles
3155 2485 3206 2537 in
3236 2501 3320 2538 me
3342 2495 3396 2539 et
3423 2497 3661 2540 mortuas

2075 2586 2241 2640 aquas
2266 2572 2516 2639 vivilicet,
2545 2584 2600 2628 et
2624 2574 3004 2644 Apostolorum
3035 2576 3167 2639 sale,
3198 2576 3392 2644 quibus
3417 2575 3627 2630 dixerat

2087 2661 2188 2717 Vos
2224 2664 2342 2716 estis
2381 2665 2460 2717 sal
2489 2675 2636 2718 terra:
2663 2663 2877 2736 (Matth.
2909 2665 2962 2719 5.
2996 2664 3112 2732 I5),
3143 2680 3318 2719 meum
3349 2664 3418 2735 (c)
3444 2667 3662 2720 oluscu-

2076 2755 2185 2808 lum
2212 2753 2444 2819 condiat,
2475 2754 2598 2824 quia
2628 2769 2790 2810 omne
2814 2754 3134 2808 sacriﬁcium
3157 2755 3295 2824 quod
3325 2756 3527 2824 absque
3552 2757 3663 2811 sale

2075 2857 2190 2914 est,
2234 2848 2459 2902 Domino
2495 2864 2600 2902 non
2631 2847 2854 2903 offertur
2883 2847 3068 2918 (Leuit.
3098 2847 3152 2902 2.
3184 2849 3294 2918 15).
3328 2847 3436 2902 Nec
3460 2848 3663 2917 fulgore

2077 2939 2353 2994 saecularis
2400 2939 2721 3008 eloquentia:
2765 2938 3085 3004 delecteris,
3131 2953 3287 3007 quam
3332 2938 3463 2991 vidit
3509 2938 3664 2992 Iesus

2077 3032 2226 3100 quasi
2260 3031 2433 3100 fulgur
2458 3031 2738 3086 cadentem
2765 3030 2832 3085 de
2858 3031 2996 3085 coelo
3029 3029 3176 3099 (Luc.
3212 3030 3302 3096 I0)
3329 3042 3346 3083 τ’
3366 3029 3458 3083 sed
3490 3030 3664 3098 potius

2077 3131 2200 3178 eum
2233 3123 2441 3194 respice
2467 3164 2480 3186 ,
2514 3123 2602 3194 qui
2637 3138 2741 3176 non
2784 3121 2944 3177 habet
2969 3122 3218 3177 decorem
3251 3136 3350 3175 nec
3387 3121 3620 3188 Speciem
3651 3138 3664 3174 :

2079 3218 2240 3271 bonio
2270 3217 2320 3270 in
2354 3217 2520 3286 plagis
2570 3216 2774 3284 positus
2810 3226 2864 3270 et
2903 3217 3078 3271 sciens
3119 3215 3261 3270 ferre
3301 3215 3664 3268 inﬁrmitatem

2080 3306 2232 3376 (lsai.
2257 3305 2348 3379 55)
2373 3323 2386 3370 ;
2412 3317 2466 3361 et
2489 3305 2742 3376 quidquid
2763 3305 2827 3359 ad
2857 3307 3124 3375 proposita
3153 3305 3502 3372 respondero,
3530 3305 3670 3356 scias

2079 3414 2167 3454 me
2198 3413 2302 3452 non
2333 3397 2658 3452 conﬁdentia
2703 3397 3046 3465 respondisse
3089 3397 3390 3460 sermonis;
3421 3395 3512 3447 sed
3555 3395 3671 3461 ejus

2011 3548 2014 3552 ,
2079 3488 2206 3552 ﬁde,
2233 3490 2322 3558 qui
2365 3488 2630 3556 pollicitus
2666 3495 2748 3544 est
2777 3503 2790 3540 :
2815 3487 2967 3556 Aperi
2992 3501 3049 3540 os
3076 3495 3238 3552 tuum,
3267 3495 3312 3538 et
3340 3501 3429 3556 ego
3455 3485 3671 3554 implebo

2080 3580 2211 3634 illud
2239 3579 2356 3648 (tu.
2389 3579 2476 3633 so.
2511 3580 2624 3644 ll).

2151 3671 2380 3726 CAPUT
2409 3668 3094 3738 Plinium—Interrogas,
3120 3665 3388 3736 quomodo
3408 3666 3675 3734 perlectus

2081 3777 2204 3816 esse
2241 3759 2362 3829 quis
2413 3761 2578 3827 possit
2605 3799 2618 3819 ,
2647 3767 2700 3812 et
2727 3758 2998 3826 quomodo
3037 3757 3217 3817 vivere
3244 3756 3439 3809 debeat
3476 3754 3630 3805 vidua
3657 3794 3671 3819 ,

2083 3868 2200 3921 quzo
2229 3851 2343 3904 sine
2366 3851 2551 3903 liberis
2573 3849 2826 3902 derelicta
2859 3858 2960 3901 est.
2999 3847 3108 3900 Iloc
3140 3846 3276 3898 idem
3307 3846 3356 3897 in
3392 3844 3676 3912 Evangelia

2083 3942 2242 4012 Legis
2267 3942 2462 3995 Doctor
2492 3940 2785 4008 interrogat
2816 3957 2828 3993 :
2864 3939 3129 4006 Magister,
3159 3937 3282 4006 quid
3307 3936 3497 4006 faciens
3525 3936 3676 3986 vitam

2085 4045 2323 4088 tetertmm
2345 4031 2608 4101 possidebo
2627 4031 2651 4083 ἔ)
2673 4031 2767 4085 Cui
2798 4030 3073 4100 respondit
3104 4028 3360 4082 Dominus
3387 4043 3401 4078 :
3434 4025 3679 4078 Mandata

2087 4127 2258 4180 nosti?
2287 4125 2421 4179 Dicit
2447 4125 2556 4190 ille,
2585 4124 2750 4190 Quae?
2775 4123 2929 4179 Jesus
2955 4132 3133 4175 autent
3165 4121 3301 4174 dixit
3329 4136 3341 4172 :
3374 4117 3492 4172 Non
3521 4117 3685 4170 homi-

2087 4222 2274 4276 cidium
2300 4220 2475 4290 facies,
2509 4235 2608 4272 non
2637 4218 2963 4279 adulteriunt,
2999 4231 3099 4268 non
3125 4215 3339 4283 furtum,
3366 4227 3466 4264 non
3495 4210 3682 4281 falsum

2089 4316 2225 4367 dices
2249 4311 2586 4366 testimonium
2615 4325 2632 4363 :
2660 4311 2853 4363 honora
2880 4317 3077 4378 patrem
3103 4316 3149 4360 et
3172 4316 3404 4370 matrem,
3434 4313 3480 4357 et
3504 4299 3685 4370 d.liges

2091 4409 2381 4478 proximum
2453 4404 2617 4476 820
2691 4414 2832 4456 tuuut
2853 4404 2976 4455 sicut
3001 4398 3315 4470 teipsum.Et
3339 4398 3426 4452 illo
3442 4395 3680 4451 dicente:

2093 4499 2222 4553 [ltec
2247 4499 2414 4551 omnia
2441 4499 2558 4567 feci,
2587 4495 2843 4548 Dominus
2872 4492 3050 4546 intulit
3079 4510 3091 4545 :
3123 4490 3293 4544 Unum
3324 4489 3408 4541 tibi
3441 4489 3597 4541 deest.
3625 4483 3687 4539 Si

2092 4593 2164 4645 vis
2189 4607 2295 4644 esse
2335 4589 2582 4658 perfectus
2603 4626 2617 4649 ,
2646 4585 2772 4638 vade
2790 4625 2805 4646 ,
2833 4594 2878 4636 et
2906 4583 3062 4636 vende
3090 4583 3260 4634 omnia
3289 4594 3404 4649 qua:
3426 4576 3607 4639 habes,
3641 4585 3686 4629 et

2094 4683 2160 4735 da
2201 4682 2502 4750 pauperibus
2529 4695 2546 4730 :
2571 4687 2617 4730 et
2645 4676 2755 4730 veni
2789 4689 2995 4745 sequere
3023 4671 3332 4742 me(lllatth.
3367 4670 3452 4724 I9.
3489 4687 3536 4722 υ.
3575 4667 3689 4721 16.-

2093 4772 2204 4842 21).
2238 4772 2418 4840 Itaque
2441 4779 2494 4823 et
2515 4782 2617 4836 ego
2645 4767 2735 4820 tibi
2771 4765 2980 4819 Domini
3014 4765 3181 4826 nostri
3212 4761 3550 4831 respondebo
3577 4775 3690 4815 ser-

2097 4862 2342 4916 monibus
2385 4878 2398 4912 :
2444 4859 2498 4913 Si
2540 4859 2617 4911 vis
2665 4873 2784 4912 esse
2828 4856 3096 4926 perlecta,
3140 4865 3194 4910 et
3239 4856 3430 4910 tollere
3473 4870 3686 4909 crucem

2100 4964 2274 5017 tuam,
2308 4960 2362 5004 et
2393 4952 2542 5020 sequi
2575 4951 2854 5004 Dominum
2897 4949 3260 5014 Salvatorem,
3290 4959 3345 5002 et
3370 4950 3561 5002 imitari
3595 4949 3686 5000 νο-

2100 5057 2236 5101 trum
2267 5045 2530 5099 dicentem
2563 5061 2576 5099 :
2605 5043 2738 5098 Ecce
2771 5059 2862 5096 nos
2903 5043 3186 5096 dimisimus
3224 5043 3394 5116 omnia
3416 5083 3430 5106 ,
3462 5053 3508 5096 et
3536 5043 3690 5095 secuti

2100 5156 2273 5192 sumus
2300 5147 2346 5192 te
2378 5136 2565 5207 (Marc.
2600 5137 2687 5192 I0.
2720 5136 2810 5203 28)
2835 5151 2850 5200 ;
2880 5135 3012 5190 vade
3057 5146 3110 5189 et
3151 5134 3323 5188 vende
3359 5147 3537 5186 onuna
3569 5147 3690 5196 qme

2101 5231 2286 5297 babes,
2309 5239 2362 5284 et
2391 5229 2455 5283 da
2488 5229 2827 5300 pauperibus,
2858 5237 2910 5281 et
2937 5242 3160 5297 sequere
3188 5226 3543 5282 Salvatorem.
3569 5220 3686 5275 Non

2102 5323 2269 5386 dixit,
2301 5323 2393 5376 da.
2420 5323 2578 5387 ﬁliis,
2620 5321 2684 5375 da
2731 5319 3016 5382 fratribus,
3059 5317 3124 5372 da
3169 5315 3518 5387 propinquis,
3555 5325 3690 5382 quas

2103 5414 2310 5467 etiamsi
2341 5411 2583 5474 haberes,
2615 5411 2735 5482 jure
2765 5410 2849 5464 bis
2877 5409 3133 5463 Dominus
3162 5403 3504 5475 praeferretur
3532 5418 3544 5453 :
3574 5401 3689 5465 sed,

2106 5513 2172 5566 tla
2221 5497 2527 5583 pauperibus
2556 5526 2574 5565 :
2607 5511 2714 5564 imo
2755 5509 2822 5563 da
2867 5505 3111 5566 Christo,
3141 5501 3231 5570 qui
3275 5499 3328 5553 in
3371 5496 3692 5569 pauperibus

2110 5607 2343 5678 pascitur
2379 5622 2392 5658 :
2423 5605 2510 5676 qui
2539 5618 2661 5659 eum
2693 5602 2842 5657 dives
2871 5605 3044 5661 esset,
3082 5609 3176 5664 pro
3207 5593 3360 5647 nobis
3388 5605 3587 5662 pauper
3612 5587 3689 5643 la-

2181 5824 2239 5885 (el
2284 5823 2618 5874 Vetustissima
2645 5819 2808 5876 editio,
2839 5829 2990 5867 nicum
3017 5809 3367 5864 ttilt‘ttttSCltiitm.
