4088 6336
374 352 480 410 985

375 463 469 519 sed
494 478 561 520 ex
591 462 892 533 aequalitate
915 475 1010 518 eos
1032 469 1194 526 amet,
1223 469 1273 516 et
1301 458 1378 532 (a)
1406 468 1466 513 ut
1501 459 1807 514 meminerit
1835 461 1946 530 prl-

374 571 521 610 mum
565 557 757 609 animae
797 570 942 620 sum,
979 564 1032 609 et
1062 554 1227 622 ipsam
1274 561 1424 622 putet
1459 565 1581 606 esse
1607 550 1677 606 de
1704 549 1827 604 tiliis
1852 590 1866 612 ,
1894 559 1949 605 et

374 647 635 715 partiatur
660 646 832 716 potius
859 660 978 700 cum
1013 643 1220 710 liberis,
1249 658 1410 713 quam
1436 642 1614 696 omnia
1644 642 1767 694 filiis
1796 640 1949 695 dere-

376 718 620 807 linquat;
654 739 760 791 imo
786 736 1058 791 Christum
1091 735 1382 790 liberorum
1423 748 1640 790 suorum
1674 733 1829 787 faciat
1857 746 1951 786 cc-

374 829 665 885 lueredem.
695 827 1062 899 Respondebis
1081 869 1097 892 ,
1126 825 1345 880 difficile
1375 833 1491 891 est,
1523 823 1716 879 durum
1748 831 1864 886 est,
1895 831 1951 875 ct

371 931 555 977 contra
601 931 864 976 naturam.
909 919 1016 975 Sed
1049 919 1330 974 Dominum
1361 917 1547 973 audies
1585 916 1677 971 tibi
1722 930 1948 986 respon-

371 1014 586 1068 dentem
618 1031 632 1068 ;
665 1013 764 1078 Qui
804 1021 962 1083 potest
992 1027 1170 1082 capere
1193 1051 1209 1074 ,
1251 1011 1419 1079 capiat
1448 1008 1657 1079 (Matth.
1701 1005 1789 1062 19.
1831 1005 1946 1076 12).

375 1106 510 1160 Etsi
543 1106 620 1160 vis
649 1119 768 1159 esse
801 1103 1034 1172 perfecta
1061 1145 1074 1166 .
1107 1117 1214 1157 non
1247 1101 1340 1156 tibi
1378 1101 1564 1170 jugum
1610 1096 1948 1154 necessitatis

371 1197 633 1267 imponit,
675 1196 767 1251 sed
809 1197 1056 1267 potestati
1099 1204 1205 1248 tua:
1245 1194 1471 1247 liberum
1511 1189 1759 1244 concedit
1800 1187 1946 1242 arbi-
1988 1189 1993 1194 ’

371 1288 553 1342 trium.
602 1288 691 1341 Vis
729 1302 851 1343 e5se
880 1276 1115 1356 perfecta
1137 1326 1150 1350 ,
1183 1293 1237 1340 et
1275 1285 1326 1337 in
1367 1283 1538 1353 primo
1568 1290 1710 1335 stare
1739 1278 1948 1348 fastigio

369 1380 666 1449 dignitatis,
699 1380 782 1432 fac
809 1378 952 1448 quod
982 1377 1224 1432 fecerunt
1255 1374 1517 1444 Apostoli,
1549 1369 1943 1433 vende'cmnia,

367 1485 488 1540 qua:
516 1469 701 1532 habes.
725 1478 780 1524 et
793 1469 864 1523 .da
899 1468 1241 1538 pauperibus,
1263 1475 1318 1521 et
1340 1478 1564 1534 sequere
1589 1461 1944 1527 Salvatorem,

369 1563 444 1630 (ὁ)
475 1561 692 1626 nudam,
725 1561 1004 1630 solamque
1033 1573 1269 1623 crucem,
1298 1556 1436 1610 nuda
1465 1556 1708 1624 sequaris
1733 1563 1791 1607 et
1809 1550 1944 1605 sola.

371 1651 486 1706 Non
520 1653 600 1706 vis
629 1665 750 1706 esse
782 1649 1037 1720 perfecta,
1063 1647 1159 1704 sed
1185 1646 1478 1704 secundum
1510 1646 1594 1701 vis
1622 1656 1803 1699 tenere
1828 1657 1963 1714 gra-.

371 1743 497 1813 dum
525 1742 738 1796 virtutis
759 1783 772 1805 ,
804 1740 1014 1795 dimitte
1049 1741 1227 1793 omnia
1257 1752 1606 1810 quaecumque
1645 1736 1810 1790 habes
1835 1775 1849 1798 ,
1881 1733 1946 1786 da

374 1836 528 1900 liliis,
559 1834 625 1890 da
652 1835 985 1905 pr0piuquis.
1059 1833 1222 1904 823
1295 1831 1464 1886 Nemo
1495 1839 1548 1885 te
1580 1826 1942 1899 reprehendit,

365 1930 411 1983 si
455 1928 706 1984 inferiora
754 1929 976 1984 secteris
999 1969 1014 1991 ,
1043 1926 1338 1983 dummodo
1367 1927 1511 1980 illam
1539 1924 1678 1980 scias
1703 1922 1798 1977 tibi
1823 1922 1943 1990 jure

369 2020 662 2088 prmlatam,
691 2034 810 2090 qua:
833 2018 1055 2089 elegerit
1097 2019 1290 2087 prima.
1320 2018 1495 2080 Dices,
1526 2015 1628 2070 hoc
1657 2013 1945 2084 Apostolo-

367 2127 483 2164 rum
512 2121 629 2175 est,
655 2118 712 2164 et
739 2110 973 2164 virorum
1007 2126 1021 2162 :
1051 2109 1328 2164 mulierem
1357 2115 1538 2161 autem
1576 2104 1810 2159 nobilem
1840 2118 1945 2156 non

366 2217 526 2272 posse
553 2202 732 2256 omnia
761 2200 1028 2265 vendere,
1059 2214 1178 2268 quae
1214 2198 1396 2251 multis
1425 2195 1756 2266 adjumentis
1785 2192 1946 2262 hujus

368 2294 490 2346 vita:
515 2292 768 2360 indigeat.
795 2291 932 2343 Audi
958 2289 1116 2359 igitur
1137 2287 1449 2356 Apostoltun
1475 2293 1903 2340 commonentem
1929 2299 1943 2336 :

368 2384 491 2438 Non
513 2393 568 2437 ut
588 2383 704 2435 aliis
731 2382 1072 2452 refrigerium,
1096 2380 1234 2433 vobis
1258 2370 1708 2432 autem'tribulatio
1737 2392 1756 2430 :
1777 2376 1864 2430 sed
1885 2390 1949 2428 ea:

365 2475 673 2543 mqualitate,
688 2483 851 2528 vestra
871 2471 1418 2534 abundantia,illorum
1437 2477 1676 2523 sustentet
1697 2468 1947 2537 inapiam;

368 2576 424 2618 ut
448 2573 493 2616 et
523 2563 728 2618 illorum
756 2562 1066 2615 abundantia
1106 2571 1282 2616 vestrm
1311 2561 1498 2628 inopite
1529 2560 1593 2612 sit
1627 2559 1949 2629 supplemen-

371 2667 477 2708 tunt
507 2654 582 2724 (2.
613 2653 733 2707 Cor.
758 2654 812 2709 8.
842 2651 948 2724 14).
980 2651 1130 2708 Unde
1160 2653 1330 2721 inquit
1355 2650 1608 2704 Dominus
1633 2668 1647 2703 :
1676 2650 1775 2714 Qui
1799 2650 1946 2702 habet

368 2753 497 2802 duas
535 2750 768 2812 tunicas,
810 2747 892 2801 det
932 2747 1146 2800 alteram
1182 2761 1284 2798 non
1325 2744 1526 2797 habenti
1555 2741 1716 2812 (Luc.
1747 2743 1804 2796 5.
1837 2742 1956 2812 11).ῗ

365 2841 502 2909 Quid
543 2843 588 2895 si
629 2839 862 2910 Scythia:
891 2838 1088 2910 frigora
1123 2838 1230 2891 sint
1249 2878 1262 2900 ,
1293 2845 1349 2890 et
1376 2836 1580 2905 Alpina:
1610 2835 1760 2889 nives
1783 2874 1799 2898 ,
1827 2848 1946 2904 qua:

369 2949 474 2990 non
506 2932 732 2995 duabus,
761 2941 820 2986 et
849 2930 1020 2984 tribus
1048 2929 1267 2995 tunicis,
1297 2927 1392 2983 sed
1420 2929 1507 2982 vix
1541 2925 1801 2996 pecudum
1835 2924 1946 2995 pel-

369 3027 508 3079 libus
537 3023 914 3092 repelluntur?
939 3020 1204 3089 Quidquid
1227 3035 1357 3089 ergo
1381 3019 1595 3088 corpori
1621 3027 1806 3073 nostro
1830 3015 1943 3070 suf~

367 3118 526 3170 licere
576 3124 789 3184 potest,
817 3123 870 3169 et
900 3113 1148 3168 humanae
1193 3127 1510 3166 succurrere
1556 3110 1942 3177 imbecillitati,

366 3225 499 3278 quos
528 3208 701 3263 nudos
733 3214 919 3262 natura
962 3204 1192 3274 profudit
1212 3245 1226 3268 ,
1259 3203 1361 3258 hoc
1388 3219 1488 3256 una
1519 3201 1836 3272 appellanda
1863 3209 1948 3255 est

368 3303 544 3356 tunica
570 3316 586 3365 ;
615 3308 672 3354 et
695 3297 956 3368 quidquid
991 3299 1044 3350 in
1079 3295 1428 3365 [iratsentibuis
1455 3293 1724 3348 alimentis
1756 3307 1944 3346 ncces-

365 3381 564 3447 sarium
595 3401 678 3446 est
701 3431 716 3456 ,
752 3391 852 3444 hoc
884 3389 1042 3444 unius
1079 3389 1183 3442 diei
1230 3387 1400 3440 victus
1441 3385 1758 3454 appellatur.
1789 3383 1944 3440 Unde

366 3495 687 3555 praeceptum
720 3494 804 3537 est
837 3500 850 3537 :
886 3481 1007 3535 Non
1046 3481 1270 3551 cogitetis
1297 3481 1360 3533 de
1394 3481 1613 3534 crastino
1645 3478 1855 3549 (Matth.
1887 3477 1942 3532 ϐ.

367 3578 481 3642 54),
516 3576 616 3631 hoc
642 3583 724 3629 est
753 3573 822 3628 de
863 3572 1042 3626 futuro
1070 3581 1332 3641 tempore.
1372 3571 1438 3624 Et
1469 3571 1758 3639 Apostolus
1778 3609 1792 3633 ,
1830 3568 1943 3622 Ha-

367 3671 532 3722 bentes
551 3710 565 3732 ,
597 3667 805 3736 inquit,
833 3665 1045 3727 victum,
1077 3671 1123 3716 et
1150 3663 1376 3715 vestitum
1397 3701 1412 3726 ,
1441 3661 1518 3714 his
1548 3661 1764 3713 contenti
1791 3659 1948 3713 simus

373 3762 448 3830 (1.
488 3760 624 3814 Tim.
653 3760 708 3814 6.
738 3757 814 3828 8).
854 3756 910 3811 Si
952 3755 1074 3825 plus
1104 3753 1272 3807 habes
1292 3795 1307 3817 ,
1335 3767 1495 3829 quam
1528 3751 1619 3814 tibi
1648 3751 1714 3804 ad
1749 3752 1946 3804 victum

371 3854 728 3921 \estitumque
771 3848 1134 3904 necessarium
1176 3854 1279 3912 est,
1316 3844 1446 3899 illud
1476 3859 1658 3913 eroga,
1690 3853 1743 3896 et
1773 3844 1822 3896 in
1856 3842 1947 3897 illo

369 3945 681 3999 debitricem
705 3957 823 3997 esse
845 3949 896 3995 te
918 3940 1149 3994 noveris.
1182 3939 1414 3992 Ananias
1439 3945 1492 3991 et
1515 3934 1776 4003 Sapphira
1806 3936 1947 4003 Apo-

370 4037 494 4090 smli
525 4049 770 4090 meruere
809 4032 1129 4088 sententiam
1151 4071 1166 4094 ,
1200 4031 1320 4098 quia
1352 4044 1447 4082 sua
1480 4026 1662 4080 timide
1703 4040 1945 4080 reserva-

372 4137 495 4183 runt
519 4127 651 4200 (Act.
685 4123 763 4195 5).
808 4125 1050 4192 Ergone,
1101 4123 1339 4190 inquies,
1384 4117 1681 4190 puniendus
1711 4125 1826 4180 est,
1856 4117 1948 4186 qui

370 4235 469 4273 sua
512 4233 618 4272 non
664 4216 912 4270 dederit?
958 4213 1194 4267 Minime.
1241 4211 1364 4265 Ideo
1416 4211 1585 4279 puniti
1633 4217 1784 4271 sunt,
1825 4209 1948 4277 quia

374 4309 586 4364 mentiri
616 4309 899 4362 voluerunt
925 4305 1144 4375 Spiritui
1169 4303 1387 4368 Sancto,
1413 4311 1468 4358 et
1493 4311 1829 4356 reservantes
1855 4315 1950 4354 ne-

371 4402 602 4456 cessaria
631 4399 790 4453 victui
823 4413 940 4462 suo,
968 4398 1117 4467 quasi
1147 4394 1383 4466 perfecte
1409 4393 1606 4450 szeculo
1631 4393 1951 4450 renuntian-

374 4502 476 4553 tes,
508 4505 694 4543 vanam
725 4489 949 4559 gloriam
981 4487 1341 4540 sectabantur.
1385 4483 1597 4552 Alioqui
1629 4482 1754 4536 licet
1784 4481 1952 4536 libere

375 4583 456 4636 vel
483 4580 632 4643 dare,
657 4580 740 4632 vel
771 4595 874 4632 non
900 4579 1046 4632 dare.
1073 4578 1386 4645 Quanquam
1415 4577 1481 4638 ei,
1514 4575 1602 4644 qui
1631 4561 1952 4643 copiatessc

380 4670 666 4738 perfectus,
699 4682 933 4736 praesens
960 4677 1241 4735 paupertas
1271 4667 1460 4719 futuris
1481 4666 1679 4718 divitiis
1701 4680 1954 4732 compen-

378 4757 542 4814 sanda
564 4759 652 4812 sit.
675 4757 954 4824 Quomodo
979 4766 1157 4809 autem
1187 4756 1338 4809 vidua
1367 4758 1545 4810 vivere
1569 4742 1778 4818 debeat,
1807 4755 1953 4809 brevi

377 4865 626 4906 sermone
669 4831 1436 4918 comprehenditadpostolus,
1478 4847 1705 4900 dicens:
1748 4846 1948 4911 Vidua,

297 4931 300 4934 ’
376 4959 490 5014 quia
516 4943 568 4996 in
597 4941 789 4996 deliciis
812 4949 905 5005 est,
928 4939 1094 4993 vivens
1120 4928 1317 5014 magna
1345 4947 1415 4992 est
1441 4938 1516 5005 (1.
1544 4937 1676 4991 Tim.
1705 4938 1756 4992 5.
1782 4938 1834 5005 6)
1860 4953 1876 5001 ;
1903 4945 1957 4992 et

380 4999 476 5088 nos
507 5035 557 5087 in
584 5034 792 5087 duobus
816 4999 1009 5086 libellis
1038 5028 1138 5103 (1),
1166 4999 1302 5102 (ﬂos
1330 5030 1396 5084 ad
1429 4999 1642 5084 [iuriam
1660 5070 1676 5094 ,
1703 5039 1757 5082 ct
1782 4999 1956 5084 Salvi-

380 5143 504 5182 nam
533 5126 864 5196 scripsimus,
895 5102 1106 5196 plenius
1131 5102 1334 5196 dicibm
1367 5133 1634 5192 putamus.

451 5218 604 5274 CAP.
638 5193 697 5271 it.
727 5245 798 5257 -
823 5193 1102 5284 Quomodo
1128 5193 1496 5285 acéijnesuum
1525 5215 1593 5268 sit
1619 5214 1746 5268 illud
1773 5213 1957 5268 Salva-

382 5309 514 5362 toris
540 5308 679 5379 apttd
709 5307 1008 5361 Mattlueutn
1041 5326 1054 5362 :
1084 5306 1213 5362 Dico
1249 5287 1420 5361 aui’ent
1439 5305 1574 5360 vobis
1598 5322 1617 5361 :
1645 5305 1765 5359 Non
1793 5304 1958 5359 bibant

381 5403 563 5456 amodo
589 5403 652 5455 de
678 5402 772 5455 hoc
809 5400 1057 5473 genimine
1078 5401 1208 5467 vitis,
1240 5386 1395 5471 usque
1414 5401 1466 5455 in
1495 5401 1626 5454 diem
1655 5399 1833 5465 illum,
1861 5415 1960 5469 quo

367 5543 372 5552 '
401 5593 412 5598 _
451 5529 516 5598 (al
553 5533 798 5598 Victorius
818 5532 948 5598 addit
964 5545 1036 5598 _e_x
1053 5531 1297 5598 Brixisnis
1319 5532 1568 5598 codicibus
1688 5537 1831 5591 amet,
1851 5543 1961 5594 qum

382 5593 480 5643 duo
502 5593 652 5644 verba
675 5607 770 5644 nec
787 5595 941 5644 nostri
964 5594 1064 5643 Mss
1105 5594 1304 5647 habent.
1329 5606 1420 5642 nec
1441 5593 1522 5642 alii
1547 5594 1683 5644 editi.

453 5653 516 5721 (bl
556 5657 710 5721 Antea
737 5662 842 5705 erat
861 5689 876 5712 ,
913 5662 958 5706 et
980 5655 1194 5705 nudam;
1221 5662 1325 5705 tum
1347 5657 1692 5706 Ambrosianus
1715 5655 1842 5706 liber
1865 5655 1961 5706 vir-

385 5718 533 5766 tutem
555 5718 703 5766 habet
726 5729 812 5767 nro
835 5729 1043 5767 crucem.

453 5776 517 5840 ιι)
555 5776 780 5842 Epistola:
805 5779 906 5829 LIV
933 5788 982 5830 et
1006 5776 1210 5828 LXXIX.

1664 354 1668 364 ‘
1745 346 2066 403 EPISTOLA
2108 345 2269 402 CXX.

3513 355 3628 412 -986

2054 458 2216 512 bibam
2240 457 2368 512 illud
2388 474 2569 513 novum
2591 461 2840 518 vobiscum
2853 464 2906 518 in
2925 481 3078 535 regno
3103 465 3275 520 Patris
3298 468 3399 521 mei
3413 467 3624 541 (Matth.

2053 549 2140 604 26.
2161 549 2274 619 29).
2305 550 2378 604 Ex
2411 550 2512 605 hoc
2540 551 2660 606 loco
2686 555 2901 623 quidam
2930 558 3075 612 mille
3101 573 3361 614 annorum
3394 559 3622 615 fabulam

2053 651 2286 707 struunt,
2315 641 2369 696 in
2397 643 2589 711 quibus
2611 643 2880 700 Christum
2911 659 3251 719 regnaturum
3278 653 3627 722 corporaliter

2053 747 2174 786 esse
2215 732 2573 800 contendunt,
2604 745 2658 789 et
2693 734 2982 792 bibiturum
3010 741 3190 794 vinum
3215 783 3230 806 ,
3261 742 3402 812 quod
3439 759 3504 798 ex
3535 743 3626 798 illo

2055 829 2294 899 tempore
2363 821 2530 895 824
2600 840 2768 895 usque
2796 826 2864 880 ad
2892 830 3404 886 consummationem
3442 835 3625 889 mundi

2054 925 2159 964 non
2190 911 2400 966 biberit.
2433 913 2542 977 Nos
2567 924 2745 970 autem
2775 915 3052 972 audiamus
3091 935 3300 988 panem,
3329 939 3484 992 quem
3514 923 3624 978 fre-

2049 1003 2128 1070 git
2159 1002 2442 1068 Dominus,
2477 1004 2727 1075 deditque
2765 1006 3041 1076 discipulis
3073 1012 3217 1079 suis,
3259 1029 3378 1068 esse
3420 1014 3626 1084 Corpus

2051 1092 2259 1147 Domini
2303 1094 2626 1158 Salvatoris,
2657 1097 2780 1165 ipso
2798 1098 3011 1153 dicente
3037 1101 3102 1154 ad
3130 1117 3222 1156 eos
3241 1143 3258 1168 ,
3289 1103 3514 1173 Accipite
3535 1146 3548 1169 ,
3581 1115 3625 1160 et

2051 1186 2310 1252 concedite,
2334 1185 2428 1240 hoc
2447 1196 2518 1241 est
2539 1186 2734 1259 Corpus
2753 1206 2920 1244 meum
2946 1207 2963 1244 :
2987 1201 3041 1245 et
3063 1193 3284 1248 calicem
3311 1196 3456 1251 illum
3482 1213 3623 1262 esse,

2051 1275 2122 1330 de
2149 1291 2256 1344 quo
2295 1278 2488 1332 iterum
2527 1279 2735 1334 locutus
2758 1290 2842 1336 est
2869 1300 2882 1337 :
2911 1281 3075 1337 Bibite
3103 1300 3168 1338 ea:
3191 1285 3283 1339 hoc
3312 1303 3480 1342 omnes
3501 1304 3520 1341 :
3547 1289 3626 1340 hic

2049 1377 2123 1421 est
2151 1368 2283 1421 enim
2320 1367 2544 1439 Sanguis
2571 1387 2709 1424 meus
2737 1363 2852 1426 novi
2881 1373 3198 1438 Testamenti,
3221 1379 3307 1442 qui
3343 1394 3435 1446 pro
3460 1380 3627 1433 multis

2049 1459 2336 1526 e/fundetur
2367 1462 2576 1534 (Matth.
2623 1463 2712 1518 26.
2763 1465 2853 1520 26.
2903 1466 2994 1522 27.
3037 1467 3143 1534 28;
3191 1466 3356 1528 Marc.
3406 1471 3491 1525 M.
3533 1469 3623 1526 22.

2049 1551 2164 1622 26),
2195 1563 2298 1608 etc.
2332 1555 2434 1609 Iste
2463 1565 2544 1610 est
2573 1557 2710 1610 calix
2739 1557 2806 1611 de
2839 1574 2946 1626 quo
2987 1560 3036 1612 in
3068 1559 3328 1629 PrOpIteta
3356 1561 3578 1629 legimus
3609 1581 3624 1616 :

2052 1643 2270 1698 Culicem
2297 1645 2536 1700 salutaris
2559 1649 2804 1715 accipiant
2827 1648 2945 1720 (Ps.
2979 1651 3103 1705 115.
3136 1651 3211 1721 4).
3243 1652 3308 1706 Ει
3335 1652 3460 1706 alibi
3489 1671 3502 1707 :
3532 1652 3617 1706 Ca

2052 1738 2125 1791 lia:
2153 1734 2222 1814 (ε)
2253 1750 2366 1792 tuus
2403 1739 2656 1794 inebrians
2689 1757 2838 1809 quant
2878 1742 3156 1809 praeturas
3180 1753 3252 1796 est
3281 1741 3397 1814 (Ps.
3426 1744 3517 1798 22.
3546 1743 3622 1814 5).

2051 1830 2105 1884 Si
2131 1846 2260 1900 ergo
2285 1832 2454 1900 panis,
2483 1833 2569 1901 qui
2595 1833 2668 1888 de
2689 1834 2827 1888 caelo
2853 1833 3152 1900 descendit,
3183 1837 3390 1906 Corpus
3415 1846 3496 1892 est
3523 1838 3619 1891 Do-

2053 1925 2217 1990 mini;
2247 1933 2302 1980 et
2329 1925 2512 1979 viuum
2539 1926 2679 1995 quod
2713 1927 2990 1996 discipulis
3015 1929 3162 1984 dedit
3187 1971 3202 1993 ,
3233 1929 3458 2000 Sanguis
3489 1930 3627 1983 illius

2050 2025 2134 2070 est
2157 2017 2276 2070 novi
2296 2015 2624 2072 Testamenti
2653 2018 2742 2086 qui
2780 2033 2877 2087 pro
2913 2020 3092 2073 multis
3124 2019 3324 2074 effusus
3348 2031 3428 2075 est
3456 2021 3507 2074 in
3539 2037 3625 2075 re-

2052 2107 2360 2162 missionem
2391 2120 2749 2176 peccatorum,
2775 2108 3024 2164 Judaicas
3049 2111 3250 2165 fabulas
3281 2112 3624 2180 repellamus,

2049 2207 2105 2252 et
2138 2199 2487 2254 ascendamus
2527 2214 2647 2253 cum
2693 2200 2918 2254 Domino
2961 2203 3292 2256 cenaculum
3338 2219 3623 2273 magnum,

2049 2299 2298 2354 stratum,
2329 2300 2487 2359 atque
2518 2291 2849 2355 mundatum,
2877 2301 2930 2346 et
2959 2293 3280 2362 accipiamus
3304 2296 3371 2348 ab
3397 2309 3463 2350 eo
3501 2309 3626 2350 sur-

2051 2397 2166 2435 sum
2197 2382 2416 2436 calicem
2445 2383 2567 2436 novi
2598 2382 2925 2436 Testamenti
2947 2400 2964 2449 ;
2988 2383 3167 2453 ibique
3188 2399 3306 2439 cum
3334 2401 3398 2440 eo
3420 2386 3624 2442 Pascha

2049 2474 2412 2536 celebrantes,
2442 2473 2772 2528 inebriemur
2800 2475 2868 2529 ab
2897 2491 2962 2531 eo
2991 2477 3115 2530 vino
3145 2477 3469 2534 sobrietatis.
3507 2478 3626 2534 Non

2050 2566 2180 2619 enim
2209 2574 2281 2618 est
2319 2580 2527 2634 regnum
2559 2564 2652 2619 Dei
2690 2565 2827 2618 cibus
2847 2607 2860 2628 ,
2888 2576 2938 2618 et
2979 2576 3125 2636 potus
3143 2608 3157 2631 ,
3187 2569 3277 2621 sed
3309 2569 3513 2639 justitia
3536 2611 3550 2634 ,
3581 2579 3627 2624 et

2049 2659 2312 2729 gaudium,
2335 2667 2381 2710 et
2405 2672 2507 2725 pax
2530 2657 2582 2709 in
2609 2655 2811 2723 Spiritu
2841 2656 3030 2712 Sancto
3055 2656 3230 2728 (Rom.
3258 2659 3344 2714 M.
3377 2659 3625 2731 t7).-Nec

2049 2749 2256 2820 Moyses
2286 2749 2432 2803 dedit
2461 2748 2616 2803 nobis
2655 2763 2849 2818 panem
2874 2763 3097 2813 verum;
3128 2749 3221 2804 sed
3255 2750 3509 2806 Dominus
3534 2752 3622 2807 Je-

2049 2857 2141 2896 sus
2170 2860 2184 2897 :
2212 2843 2326 2908 ipse
2369 2841 2589 2895 conviva
2617 2851 2671 2894 et
2699 2841 3003 2895 convivium
3024 2882 3038 2902 ,
3072 2841 3186 2912 ipse
3213 2843 3504 2899 comedens
3527 2885 3540 2906 ,
3567 2851 3623 2895 et

2048 2934 2138 3004 qui
2181 2931 2496 2988 comeditur.
2545 2931 2691 2985 Illius
2733 2925 3328 3001 bibimus-Sanguinem
3353 2975 3369 2999 ,
3414 2942 3469 2988 et
3506 2934 3623 2991 sine

2049 3026 2166 3096 ipso
2195 3034 2378 3095 potare
2411 3039 2518 3078 non
2547 3038 2830 3092 possumus
2853 3065 2868 3089 ,
2895 3033 2950 3078 et
2976 3025 3216 3094 quotidie
3255 3025 3307 3080 in
3349 3027 3626 3082 sacriﬁciis

2049 3120 2167 3186 ejus
2191 3117 2258 3172 de
2282 3117 2553 3187 genitnine
2577 3117 2700 3171 vitis
2727 3132 2888 3180 verre,
2917 3127 2970 3171 et
2997 3117 3168 3171 vinea:
3191 3117 3370 3184 Soree,
3397 3134 3515 3187 qua:
3544 3119 3625 3173 in-

2050 3218 2394 3279 terpretatur,
2426 3209 2605 3272 electa,
2647 3209 2890 3262 rubentia
2919 3217 3093 3261 musta
3123 3209 3412 3275 calcamus,
3443 3219 3498 3263 et
3526 3225 3626 3263 no-

2049 3317 2172 3356 vum
2197 3316 2259 3354 es
2292 3299 2375 3355 his
2405 3300 2586 3353 vinum
2629 3298 2861 3353 bibimus
2887 3296 2953 3351 de
2984 3313 3150 3368 regno
3181 3298 3352 3354 Patris
3373 3340 3388 3365 ,
3421 3314 3625 3370 nequa-

2050 3410 2207 3465 quam
2237 3394 2288 3447 in
2317 3400 2588 3446 vetustate
2618 3391 2808 3444 littera:
2830 3430 2843 3452 ,
2872 3389 2965 3443 sed
3005 3390 3055 3443 in
3101 3390 3336 3444 novitate
3365 3391 3582 3457 spiritus
3609 3408 3622 3442 :

2049 3495 2328 3540 cantantes
2353 3483 2618 3537 canticum
2651 3495 2876 3546 novum,
2904 3480 3046 3549 quod
3089 3495 3247 3534 nemo
3287 3490 3459 3550 potest
3496 3496 3626 3536 can-

2051 3587 2198 3638 tare.
2230 3577 2331 3631 nisi
2378 3576 2432 3629 in
2475 3588 2640 3644 regno
2685 3573 2939 3626 Ecclesia:
2980 3572 3172 3643 (Apoc.
3217 3575 3305 3627 14.
3354 3571 3446 3642 5),
3487 3574 3627 3642 quod

2051 3681 2274 3737 regnum
2300 3665 2472 3719 Patris
2498 3672 2600 3717 est.
2631 3661 2783 3716 Hunc
2815 3676 3003 3730 panem
3031 3671 3085 3715 et
3124 3661 3289 3715 Jacoh
3325 3661 3627 3716 Pattiarcha

2050 3758 2335 3813 comedere
2375 3755 2654 3824 cupiebat,
2684 3753 2871 3808 dicens
2905 3771 2917 3806 :
2948 3753 3010 3807 Si
3039 3755 3193 3822 fuerit
3224 3752 3466 3807 Dominus
3490 3753 3630 3808 Deus

2051 3865 2266 3913 mecum,
2289 3857 2337 3900 et
2364 3846 2559 3900 dederit
2588 3845 2712 3898 mihi
2742 3859 2922 3913 panem
2946 3843 3013 3896 ad
3041 3844 3336 3896 vescendum
3355 3885 3369 3908 ,
3397 3855 3443 3896 et
3479 3846 3629 3898 vesti-

2052 3950 2274 3993 mentum
2301 3939 2366 3990 ad
2393 3936 2714 3998 aperiendum
2739 3933 2888 4004 (Gen.
2917 3933 3007 3988 28.
3035 3933 3147 3999 20).
3188 3921 3457 4002 Quotquot
3488 3937 3628 3988 enim

2053 4033 2105 4087 in
2135 4030 2348 4085 Christo
2388 4029 2740 4098 baptiiamur,
2773 4025 3041 4079 Christum
3085 4026 3353 4080 induimus
3395 4025 3536 4096 (Gal.
3570 4028 3624 4084 ὅ.

2051 4121 2175 4192 27),
2207 4130 2262 4174 et
2300 4134 2488 4189 panem
2526 4119 2858 4172 comedimus
2896 4116 3217 4186 Angelorum
3243 4158 3259 4182 ,
3296 4126 3348 4171 et
3388 4117 3632 4170 audimus

2056 4215 2336 4267 Dominum
2385 4211 2760 4282 ymdicantem
2793 4226 2808 4264 :
2840 4209 2987 4263 Meus
3027 4209 3166 4262 cibus
3202 4217 3308 4274 est,
3351 4218 3406 4262 ut
3447 4211 3632 4280 faciant

2054 4305 2357 4358 voluntatem
2385 4305 2515 4374 ejus,
2541 4304 2628 4366 qui
2654 4319 2736 4357 me
2762 4303 2895 4356 misit
2925 4300 3120 4369 Patris,
3153 4311 3208 4354 ut
3235 4301 3472 4372 impleam
3507 4317 3634 4370 opus

2053 4399 2162 4468 ejus
2187 4396 2363 4469 (Joan.
2392 4396 2446 4450 4.
2474 4395 2588 4466 54).
2622 4394 2901 4448 Faciamus
2936 4394 3095 4463 igitur
3117 4394 3442 4447 voluntatem
3481 4393 3630 4460 ejus,

2055 4489 2146 4558 qui
2188 4487 2334 4540 misit
2375 4500 2475 4541 nos
2498 4527 2513 4552 ,
2543 4485 2716 4540 Patris
2736 4526 2751 4549 ,
2779 4494 2835 4539 et
2876 4484 3195 4552 impleamus
3233 4497 3367 4551 opus
3397 4483 3554 4550 ejus;
3581 4492 3633 4536 et

2055 4580 2299 4634 Christus
2345 4580 2620 4633 nobiscum
2663 4577 2807 4631 bibet
2835 4576 2886 4628 in
2915 4589 3082 4645 regno
3126 4574 3380 4629 Ecclesia:
3423 4576 3637 4645 sangui-

2058 4689 2178 4727 nem
2204 4688 2356 4724 suum
2368 4708 2383 4722 ο

2128 4761 2280 4815 CAP.
2317 4759 2402 4814 Ill.
2435 4787 2506 4800 —
2531 4757 2660 4824 Qua:
2688 4771 2850 4820 causa
2889 4757 2991 4823 sit,
3038 4766 3094 4810 ut
3126 4757 3194 4812 de
3237 4759 3629 4814 resurrectione

2057 4853 2267 4908 Domini
2298 4861 2352 4904 et
2379 4851 2709 4921 apparitione
2751 4850 3104 4920 Evangelistm
3128 4851 3336 4906 diversa
3368 4867 3624 4907 narrave-

2061 4948 2190 5001 rint.
2215 4946 2272 5001 ln
2302 4945 2493 5015 quibus
2526 4943 2752 5015 primum
2788 4943 2981 5014 qua-ris
3001 4986 3016 5010 ,
3046 4959 3143 4999 cur
3178 4943 3458 5000 Manlia-us
3484 4946 3627 5000 dise-

2128 5099 2189 5163 (c)
2229 5097 2476 5163 luemus.
2499 5094 2658 5163 galia:
2687 5105 2912 5163 metunt
2935 5097 3053 5163 ipse
3073 5097 3215 5147 Hier.
3245 5099 3606 5163 emendaverat
3627 5137 3640 5159 ,

2058 5157 2154 5275 ﬁlii!
2171 5157 2236 5210 ile
2259 5174 2314 5209 re
2326 5161 2450 5234 .vide
2471 5157 2652 5232 silibet
2673 5157 2929 5232 epistolam
2947 5157 3005 5234 ad
3029 5159 3147 5208 Sun.
3170 5169 3221 5209 et
3243 5160 3376 5209 Fret.
3397 5157 3642 5232 (Ia-terunt

2111 5234 2448 5275 teronvmtante
2477 5228 2865 5275 interpretationi
2890 5222 3034 5275 lituus
3058 5234 3119 5270 ex
3148 5221 3374 5270 blattwa
3398 5220 3488 5270 loct
3507 5256 3520 5275 ,
3548 5235 3642 5275 qua

2109 5223 2448 5284 ieronymianze
2477 5221 2865 5284 interpretationi
2890 5222 3034 5283 hujus
3058 5234 3119 5270 ex
3148 5221 3374 5270 blattwa
3398 5220 3488 5284 loci
3507 5235 3642 5284 ,Aqua

2061 5283 2191 5355 nulla
2235 5279 2370 5334 sacro
2408 5283 2568 5355 textui
2605 5279 2896 5355 commodior
2925 5279 3048 5355 _ést,
3086 5279 3641 5355 copcinnuntnplerique

2061 5348 2385 5407 Tractatores,
2400 5344 2837 5407 precipueGrzeci,
2853 5341 3119 5404 Origenes,
3134 5341 3641 5407 Οιιῃθοειτᾙιθοίιιῃ-

2064 5409 2232 5468 lactus,
2251 5400 2562 5469 Euthy'miusf
2585 5405 2777 5455 Utinam
2798 5400 2968 5466 ipsum—
2980 5400 3178 5511 ἒυοιὲυε
3191 5400 3257 5473 de
3277 5402 3397 5450 reali
3419 5400 3643 5471 Corporis

2064 5483 2121 5511 ac
2143 5469 2407 5511 Sanguinis
2427 5467 2604 5511 Christi
2631 5468 2892 5511 nmsentia
2917 5471 2964 5511 in
3029 5479 3088 5511 uc
3121 5466 3283 5511 aristis
3310 5461 3640 5510 luculentissh

2064 5483 2121 5520 ac
2143 5461 2407 5530 Sanguinis
2427 5467 2604 5519 Christi
2631 5461 2892 5530 praesentia
2917 5471 2964 5530 in
2985 5461 3283 5530 Eucharistia
3303 5461 3640 5530 luculentisst.

2066 5545 2195 5581 mum
2213 5522 2272 5580 εἰ
2292 5529 2588 5591 Hieronymo
2601 5522 2924 5577 testimonium
2941 5525 3256 5574 heterodoxis
3269 5522 3524 5584 aliquando
3537 5536 3644 5630 aeta

2066 5593 2284 5630 martum.
2313 5593 2397 5630 mni
2416 5590 2523 5630 phis
2543 5591 2802 5630 veritatem
2819 5587 3135 5630 uertinaciter
3152 5583 3524 5630 calumniantur.
3586 5595 3641 5630 o-

2065 5593 2286 5653 suadeat,
2313 5593 2399 5654 qui
2416 5583 2531 5654 ejus
2543 5591 2802 5654 veritatem
2819 5587 3135 5654 pertinaciter
3152 5583 3641 5654 ᾳςιυωυίοριυμῌρτ

2065 5657 2141 5705 his
2162 5643 2283 5704 lieec'
2305 5643 2542 5715 persequi
2561 5649 2686 5715 haud
2711 5643 2860 5715 li_bet'_,
2900 5645 3287 5715 quandoquidem
3325 5643 3508 5715 nullum
3531 5643 3640 5715 ﬁdei

2067 5717 2242 5779 dogma
2277 5705 2362 5779 aut
2399 5705 2636 5774 iniquiore
2673 5705 2872 5779 ingenio
2908 5705 3252 5779 impugnarunt
3273 5705 3520 5779 haeretici,
3561 5713 3645 5764 aut

2073 5767 2425 5831 coBiosioribus
2444 5767 2747 5836 argumentis
2765 5767 2991 5820 Catholici
3016 5767 3159 5818 tutati
3184 5773 3315 5817 sunt.
