4088 6336
543 342 655 416 '987

554 476 656 537 rit,
727 470 891 547 825
968 466 1200 536 Vespere
1225 471 1399 518 autem
1440 458 1645 547 sabbati
1683 456 2027 547 illucescente
2071 451 2124 504 in

554 578 656 618 una
699 541 905 617 sabbati
949 558 1230 612 Dominum
1276 554 1576 607 surrexisse
1612 542 1829 621 (Matth.
1873 541 2029 614 ιιι),
2069 549 2127 596 et

552 653 760 708 Marcus
795 663 952 704 mane
979 645 1429 702 resurrectionem
1453 641 1570 711 ejus
1596 640 1785 694 factam
1823 650 1946 691 esse
1970 648 2122 689 eom-

551 749 831 805 memoret,
864 738 935 792 ita
964 736 1207 791 scribens
1237 752 1253 789 :
1282 733 1408 788 Cum
1431 741 1599 785 autem
1620 727 1992 791 resurrexisset,
2022 737 2126 776 una

548 828 762 895 ssbbati,
792 842 938 881 mane
962 826 1205 896 apparuit
1229 822 1413 877 Har-ite
1439 819 1779 891 Magdalena,
1806 815 1868 869 de
1893 830 1996 887 qua
2018 816 2123 883 eje-

549 929 683 976 rerat
708 929 896 989 septem
921 918 1173 973 demonia
1200 932 1220 971 :
1250 924 1298 969 et
1323 913 1416 968 illa
1442 912 1614 967 abiens
1642 908 1889 963 nuntiavit
1915 906 2015 972 Itis,
2037 904 2126 973 qui

548 1026 664 1066 cum
689 1026 746 1064 eo
774 1012 976 1080 {sterant
1004 1005 1308 1077 lugentibus,
1336 1012 1384 1057 et
1410 1001 1665 1072 ﬂentibus.
1695 997 1885 1068 Illique
1910 996 2123 1049 audien-

549 1111 620 1154 tes
643 1099 777 1169 quod
800 1098 998 1163 viveret,
1028 1106 1077 1150 et
1101 1094 1239 1169 quod
1265 1093 1466 1149 vidisset
1502 1107 1637 1156 eum,
1671 1086 1746 1161 (a)
1770 1104 1873 1143 non
1898 1085 2123 1141 credide-

545 1199 665 1245 runt
700 1189 745 1243 ei
783 1186 973 1260 (Mare.
1010 1184 1108 1239 ult.
1146 1185 1201 1240 9.
1239 1192 1286 1238 et
1328 1181 1435 1255 lO).
1484 1181 1651 1252 llujns
1690 1176 2000 1250 qumstionis
2024 1176 2124 1231 du-

546 1278 670 1351 plex
700 1278 894 1333 solutio
916 1286 998 1330 est
1023 1292 1039 1340 ;
1068 1284 1160 1329 aut
1179 1275 1323 1329 enim
1351 1289 1457 1327 non
1479 1272 1769 1343 recipimus
1786 1269 1946 1325 Marci
1973 1267 2123 1323 testi-

546 1373 805 1435 monium,
827 1367 968 1439 quod
988 1367 1040 1421 in
1063 1367 1199 1421 raris
1221 1364 1389 1421 fertur
1416 1364 1747 1435 Evangeliis,
1774 1361 1849 1434 (b)
1873 1359 2122 1415 omnibus

538 1461 767 1525 Gracia:
792 1460 941 1516 libris
966 1473 1100 1529 pene
1124 1458 1225 1513 hoc
1247 1458 1533 1527 capitulum
1568 1457 1620 1510 in
1653 1455 1759 1509 line
1783 1469 1891 1508 non
1922 1452 2122 1506 haben-

548 1555 704 1617 tibus,
740 1552 1036 1623 prmsertim
1064 1566 1184 1607 cum
1211 1549 1422 1604 diversa
1452 1556 1613 1618 atque
1639 1545 1907 1602 contraria
1942 1542 2118 1597 Evan-

542 1645 744 1716 gelistis
765 1646 975 1701 ca-teris
1001 1657 1220 1699 narrare
1245 1642 1530 1705 videatur;
1557 1648 1651 1694 aut
1676 1638 1779 1693 hoc
1799 1635 2101 1707 respondeo

541 1736 691 1801 dum,
715 1736 856 1807 quod
877 1746 1099 1806 uterque
1118 1749 1303 1789 verum
1326 1732 1564 1788 dixerit:
1587 1729 1887 1793 Matutinus,
1909 1725 2121 1797 quando

545 1825 799 1882 Dominus
842 1827 1138 1883 surrexerit
1175 1838 1401 1893 vespere
1427 1820 1657 1887 sabbati,
1684 1820 1893 1875 Marcus
1917 1826 2117 1881 autem,

538 1921 750 1992 quando
784 1937 907 1976 eum
947 1922 1141 1977 viderit
1183 1922 1342 1977 Maria
1369 1917 1712 1988 Magdalenc,
1742 1914 1794 1970 id
1817 1921 1935 1980 est,
1962 1928 2121 1968 mane

541 2012 707 2082 prima
735 2011 963 2067 sabbati.
995 2012 1070 2067 lla
1096 2012 1238 2067 enim
1265 2006 1698 2079 distinguendum
1722 2015 1806 2060 est
1831 2021 1846 2061 :
1872 2003 2000 2060 Cum
2024 2020 2124 2057 ast-

538 2113 637 2157 tenr
658 2104 1029 2168 resto-rexisset,
1051 2114 1106 2160 et
1129 2116 1415 2172 parumper
1443 2100 1634 2168 spiritu
1657 2104 1952 2160 coarctato,
1981 2094 2118 2149 infe-

524 2193 782 2257 rendum,
814 2195 975 2263 prima
1003 2194 1215 2258 sabbati,
1244 2209 1390 2247 mane
1409 2190 1651 2260 apparuit
1688 2189 1870 2243 Maria!
1896 2187 2117 2258 Magda-

538 2288 685 2349 lenw,
718 2288 891 2356 utqui
919 2301 1144 2356 vespere
1185 2286 1392 2341 sabbati
1428 2284 1598 2355 (juxta
1637 2279 1967 2353 Mattbzeum)
1992 2295 2114 2335 sur-

537 2384 771 2443 rexerat,
817 2378 931 2447 ipse
971 2392 1130 2432 mane
1167 2377 1342 2448 primo
1385 2374 1589 2430 sabbati
1620 2374 1803 2446 (juxta
1847 2373 2116 2442 Marcum)

537 2468 843 2536 apparuerit
873 2468 1048 2523 Maria:
1078 2467 1418 2538 Magdalenm.
1451 2465 1605 2535 Quod
1631 2466 1843 2537 quidem
1869 2473 1924 2520 et
1945 2464 2113 2520 Joan~

538 2565 636 2605 nes
680 2552 1014 2622 Evangelista
1045 2551 1195 2624 (Cap.
1221 2551 1314 2624 20)
1341 2552 1634 2621 significat,
1675 2565 1834 2607 mane
1874 2566 1996 2606 cum
2036 2548 2119 2604 al-

538 2641 704 2696 terius
724 2641 827 2697 diei
855 2643 1024 2698 visum
1046 2657 1168 2698 esse
1190 2643 1585 2699 demonstrans.

604 2732 758 2787 CAP.
806 2732 895 2787 IV.
926 2761 997 2774 —
1023 2733 1301 2802 Quomodo
1342 2736 1489 2804 iuxta
1518 2735 1823 2791 Mauhmum
1843 2775 1860 2800 ,
1889 2749 2115 2805 vespere

535 2819 740 2876 sabbati
762 2820 926 2877 Maria
948 2823 1253 2895 Magdalene
1268 2826 1399 2880 vidit
1422 2826 1703 2881 Dominum
1721 2834 2112 2895 resurgentem,

533 2922 592 2969 et
613 2914 849 2971 Joannes
879 2916 1219 2988 Evangelista
1246 2919 1411 2974 refert
1437 2933 1555 2974 eam
1584 2933 1743 2974 mane
1767 2934 1870 2973 una
1907 2919 2112 2975 sabbati

529 3009 678 3077 juxta
706 3010 1009 3080 sepulcrum
1035 3011 1163 3067 flere
1185 3010 1364 3085 (Joan.
1408 3010 1501 3080 20)
1521 3012 1546 3063 Ἰ
1576 3010 1689 3066 Una
1733 3012 1964 3077 sabbati,
1995 3012 2112 3068 dies

538 3099 812 3156 Dominica
840 3102 1182 3173 intelligenda
1209 3112 1314 3170 est,
1344 3103 1468 3174 quia
1497 3104 1671 3158 omnis
1698 3102 2032 3158 hebdomada
2058 3105 2111 3158 in

534 3190 835 3258 sabbatum,
865 3201 921 3247 et
945 3193 996 3245 in
1024 3194 1274 3262 primam,
1305 3202 1361 3247 et
1386 3195 1697 3258 secundam,
1725 3203 1781 3248 et
1801 3195 2034 3258 tertiam,
2057 3205 2113 3250 et

532 3289 799 3350 quartam,
829 3292 885 3336 et
920 3283 1181 3351 quintam,
1229 3294 1285 3338 et
1326 3296 1532 3338 sextam
1578 3286 1784 3339 sabbati
1813 3285 2069 3342 dividitur
2093 3329 2110 3352 ,

533 3386 693 3441 quam
735 3371 968 3443 Ethnici,
997 3373 1283 3439 idolorum,
1315 3383 1371 3429 et
1399 3374 1471 3447 (c)
1499 3376 1888 3431 elementorum
1933 3378 2110 3433 nomi-

537 3460 695 3515 nibus
737 3463 1029 3532 appellant.
1061 3463 1295 3534 Denique
1325 3465 1613 3535 Apostolus
1636 3467 1913 3521 collectam
1946 3483 2109 3538 pecu-

535 3552 656 3616 nim,
689 3567 810 3619 quae
840 3552 1199 3622 indigentibus
1231 3557 1654 3626 prmparahatur,
1688 3557 1739 3611 iu
1773 3574 1874 3613 una
1902 3559 2109 3616 sabbati

532 3645 784 3712 praecepit
811 3646 1234 3716 congregandam
1266 3646 1341 3717 (l.
1373 3646 1489 3703 Cor.
1539 3648 1626 3705 16.
1659 3648 1739 3721 2).
1768 3650 1877 3706 Nec
1916 3662 2109 3721 putano

531 3731 657 3787 dum
689 3744 791 3800 est,
819 3735 1142 3802 Mattltaeum,
1177 3746 1233 3793 ct
1274 3737 1537 3795 Joannem
1583 3741 1796 3797 diversa
1828 3745 2063 3800 sensisse
2090 3787 2106 3810 ,

534 3823 629 3879 sed
668 3843 827 3881 unum
856 3839 1016 3899 atque
1045 3829 1183 3885 idem
1207 3840 1438 3899 tempus,
1465 3832 1657 3887 mediae
1685 3835 1859 3889 noctis
1878 3836 2105 3903 scilicet,

532 3926 589 3971 et
629 3918 890 3986 gallorum
920 3931 1129 3987 cantus,
1160 3923 1388 3978 diversis
1435 3925 1735 3993 appellasse
1777 3926 2104 3983 nominibus.

533 4010 814 4067 Matthacus
842 4014 983 4068 enim
1025 4016 1232 4081 scribit,
1280 4014 1499 4087 Vespere
1525 4018 1754 4082 sabbati,
1786 4019 1841 4074 id
1884 4028 1986 4083 est,
2015 4034 2105 4075 se-

529 4116 611 4167 ro,
683 4104 849 4176 826
920 4120 1024 4159 non
1069 4104 1354 4175 incipiente
1377 4120 1557 4175 nocte,
1589 4109 1682 4163 sed
1706 4110 1815 4178 jam
1842 4110 2103 4179 profunda

526 4202 583 4245 et
622 4209 805 4262 magna
849 4211 911 4248 ex
942 4203 1090 4263 parte
1134 4207 1418 4263 transacta,
1464 4200 1775 4274 apparui$e
1820 4201 2106 4256 Dominum

529 4281 708 4336 Maria:
728 4284 1070 4353 Magdaleure,
1095 4296 1151 4341 et
1173 4290 1484 4358 apparuisse
1506 4305 1730 4359 vespere
1755 4292 1961 4347 sabbati
1986 4294 2106 4347 illu-

506 4378 798 4430 cesceutis
823 4376 873 4429 iu
904 4391 1061 4431 unam
1082 4378 1309 4446 sabbati,
1333 4380 1571 4449 seipsnm
1599 4383 1956 4451 interpretans
1977 4384 2103 4453 quid

420 4526 423 4529 Α
526 4466 766 4531 dixisset,
800 4484 997 4539 vespere
1036 4469 1251 4537 sabbati,
1305 4470 1358 4525 id
1404 4482 1487 4526 est
1525 4473 1956 4545 appopinquante
1992 4476 2102 4545 jam

527 4557 647 4611 luce
671 4563 943 4627 setjueutis
967 4559 1093 4616 diei.
1119 4560 1182 4615 Et
1208 4560 1465 4617 Joannem
1486 4578 1591 4617 non
1610 4564 1857 4619 absolute
1878 4564 2101 4629 dixisse,

528 4645 645 4701 Una
687 4661 853 4705 autem
891 4652 1084 4706 sabbati
1126 4655 1257 4708 venit
1298 4654 1468 4708 Maria
1509 4654 1815 4726 Magdalene
1854 4674 2002 4712 mane
2035 4659 2104 4711 ad

522 4743 810 4809 sepulcrum
832 4760 851 4798 :
872 4744 964 4799 sed
992 4745 1282 4814 addidisse,
1313 4764 1428 4802 cum
1455 4749 1625 4803 adhuc
1656 4758 1817 4804 essent
1861 4750 2095 4805 tenebrw.

543 4890 654 4971 uti!)
676 4893 1204 4971 r‘Yetus‘editioatque
1227 4899 1446 4971 Ambros.
1476 4904 1730 4968 exemplar
1753 4907 1966 4970 negandi
1987 4921 2099 4971 par-

520 4953 717 5020 εἱαμιξιιῃ
734 4959 984 5020 omittunt,
1010 4953 1206 5020 vitiose,
1230 4969 1285 5011 ut
1303 4963 1508 5013 videtur.
1555 4953 1563 4955 ⁷
1626 4953 1645 4968 ⁸⁷
1698 4953 1715 4954 ⁷⁷
1754 4953 1841 4989 ’ήτς

590 5013 652 5077 (b)
692 5015 831 5088 Id_de
867 5013 979 5067 suis
1000 5013 1205 5088 quoque:
1235 5027 1468 5088 temporis
1501 5024 1867 5088 exemplaribus
1890 5034 2100 5079 testatur

519 5074 730 5153 Gregor.
753 5076 794 5124 Ν
797 5090 999 5153 vssenus
1018 5074 1152 5130 'Gra't.
1179 5082 1224 5131 2.
1237 5085 1301 5132 de
1318 5074 1600 5136 Resurrect.
1627 5074 1665 5137 ιζ
1683 5074 2098 5153 degresso-oe;

516 5148 623 5211 φατὲ-
641 5154 783 5211 Μάρκον
813 5150 1139 5211 ιυῇτγιλισε-μιιρι
1159 5159 1248 5211 τῷ,
1271 5158 1465 5211 {passm
1487 5160 1578 5211 7&9,-
1599 5160 1672 5211 ἰχιι
1691 5148 1879 5208 suum.
1904 5148 2043 5200 Nunc
2067 5164 2098 5201 e

515 5200 758 5272 contrario
994 5200 1119 5251 Mssf
1129 5206 1214 5266 qui
1233 5200 1396 5272 ad'nos
1418 5200 1575 5271 mite
1591 5200 1902 5272 obvenerunt
1918 5200 2095 5272 Graeci,

516 5266 571 5325 et
593 5258 744 5325 Latini
773 5262 997 5325 plerique
1020 5258 1207 5322 omués,
1233 5268 1321 5317 sed
1346 5274 1399 5318 et
1420 5258 1621 5318 vet'eres
1645 5258 2095 5323 translationes—lia:

514 5314 649 5389 bent.
678 5314 854 5373 Patres
882 5314 1078 5389 quoque
1114 5314 1371 5389 impendio
1383 5314 1619 5380 rarissimi
1646 5314 2094 5384 Etiiiﬁiéib'r'iﬁ-

512 5383 799 5456 tiochentts,
826 5392 879 5435 et
901 5383 1465 5456 Anonymus'l‘olosauus
1498 5394 1547 5441 in
1571 5392 1753 5444 Cutem
1775 5397 1823 5444 in
1846 5383 2091 5456 nat-cunt,

512 5444 597 5517 qui
619 5448 882 5517 capitulum
906 5444 1059 5510 istud;
1074 5450 1185 5502 sive
1205 5451 1465 5503 duodecim
1481 5466 1510 5503 a
1531 5467 1659 5505 nouo
1682 5444 2090 5517 postremos—ver:

507 5513 596 5568 sus
619 5513 861 5568 ignorent.

575 5563 662 5639 (ρξ’
677 5568 844 5639 Martis
862 5583 1068 5639 nempe,
1086 5581 1139 5625 et
1159 5575 1393 5625 liereurii
1410 5610 1423 5634 ,
1448 5575 1474 5626 J
1480 5577 1612 5639 ovis,
1637 5577 1850 5630 Veneris
1862 5613 1877 5637 ,
1903 5585 1956 5631 et
1980 5582 2087 5630 ele-

506 5636 783 5699 mentorum
805 5632 951 5692 Solis,
970 5632 1024 5685 et
1044 5635 1221 5693 Lunte;
1246 5638 1319 5688 sic
1332 5632 1465 5687 enim
1489 5632 1846 5690 elementorum
1864 5632 2085 5699 nomine,

641 5690 814 5766 (ξι-ξω
836 5690 1000 5766 ,πιέσῃ
1013 5690 1855 5766 nuncupantur,’Solem,Lunamque
1876 5690 2083 5766 intelligi

502 5749 630 5802 apud
654 5754 877 5808 antiquos
898 5749 1161 5810 scriptores
1178 5749 1319 5813 'tilura
1342 5749 1532 5815 docent
1546 5749 1789 5820 exempla:

1851 335 2090 393 SANCTI
2132 308 2506 392 tinznonvut

2243 451 2492 520 Ejusdem
2524 454 2681 523 igitur
2716 467 2874 527 atque
2899 461 3056 515 unius
3106 462 3383 531 temporis,
3433 462 3484 518 id
3511 471 3596 520 est
3626 467 3812 521 media:

2235 542 2427 600 noctis.
2455 553 2620 613 atque
2656 546 2917 615 gallorum
2961 560 3178 618 cantus,
3208 552 3438 608 alterum
3468 556 3656 621 linem,
3684 557 3813 613 alte-

2236 647 2354 686 rum
2385 633 2588 690 dixisse
2610 639 2948 707 principium.
2979 641 3218 713 Mihique
3233 644 3447 719 videtur
3473 646 3809 717 Evangelista

2233 723 2555 792 Mattltaeus,
2603 729 2695 798 qui
2745 730 3088 800 Evangelium
3132 733 3212 805 (tl)
3257 735 3523 792 llebrairo
3566 753 3811 795 sermone

2232 816 2582 885 conscripsit,
2611 832 2719 873 non
2748 829 2852 874 tam
2879 836 3078 893 uespere
3119 825 3354 894 dixisse,
3393 842 3555 895 quam
3583 846 3717 894 sero,
3760 842 3811 887 ct

2230 919 2353 959 eum
2379 906 2474 976 qui
2515 908 2899 979 interpretatus
2939 923 3054 979 est,
3084 914 3236 970 verbi
3264 919 3613 989 ambiguitate
3655 920 3809 978 dece-

2230 1006 2401 1066 ptum,
2416 1011 2522 1053 n‘on
2538 1017 2653 1056 sero
2670 1003 3072 1074 interpretatum
3096 1023 3240 1077 esse,
3257 1010 3353 1066 sed
3377 1028 3601 1083 mpere.
3632 1013 3809 1080 Quan-

2227 1102 2388 1157 quam
2414 1094 2746 1149 consuetudo
2775 1094 2993 1153 humani
3021 1102 3291 1156 sermonis
3321 1112 3522 1171 teneat,
3551 1121 3679 1161 sero
3701 1124 3802 1163 nou

2229 1194 2511 1249 vesperum
2540 1183 2880 1254 signiﬁcem,
2906 1189 3002 1244 scd
3047 1190 3221 1247 tarde.
3269 1193 3517 1250 Solemus
3562 1198 3703 1251 enim
3728 1198 3807 1253 di-

2226 1284 2385 1338 cere,
2412 1288 2535 1328 sero
2559 1277 2789 1344 venisti,
2819 1278 2870 1333 id
2898 1290 2980 1335 est
3011 1283 3196 1347 tarde,
3228 1294 3283 1340 et
3311 1302 3432 1356 quae
3474 1287 3652 1345 facere
3688 1301 3809 1348 ante

2226 1361 2512 1432 debueras,
2544 1364 2629 1423 lac
2671 1369 2860 1426 saltem
2889 1386 3043 1439 sero,
3077 1375 3129 1430 id
3155 1387 3239 1433 est
3279 1378 3453 1434 tarde.
3494 1380 3589 1437 Sin
3627 1395 3804 1441 autem

2229 1454 2359 1511 illud
2385 1457 2653 1527 objicitur,
2680 1463 2951 1531 quomodo
2974 1465 3161 1521 eadem
3190 1468 3352 1524 Maria
3398 1486 3520 1541 qua:
3549 1474 3700 1543 prius
3726 1479 3805 1531 vi-

2226 1548 2381 1603 derat
2418 1550 2698 1606 Dominum
2728 1565 3116 1625 resurgentem,
3163 1570 3346 1628 postea
3390 1562 3461 1617 ad
3504 1567 3802 1635 sepulcrum

2226 1637 2342 1708 ejus
2368 1637 2500 1695 ﬂere
2527 1643 2812 1711 referatur,
2844 1644 2947 1700 boc
2969 1645 3254 1703 dicendum
3284 1660 3388 1719 est,
3416 1654 3559 1723 quod
3589 1665 3645 1711 et
3671 1658 3802 1725 sola,

2225 1740 2281 1784 et
2306 1744 2430 1785 cum
2449 1731 2637 1799 altera,
2665 1735 2780 1790 sive
2801 1750 2921 1790 cum
2942 1737 3062 1792 aliis
3077 1740 3392 1796 mulieribus
3416 1759 3625 1801 memor
3638 1747 3804 1804 bene-

2226 1822 2468 1877 ficiorum
2489 1865 2505 1889 ,
2533 1840 2653 1895 quia
2698 1826 2752 1881 in
2782 1841 2841 1883 se
2875 1829 3129 1886 Dominus
3156 1834 3494 1902 contulerat,
3525 1837 3593 1892 ad
3624 1840 3801 1911 sepul-

2224 1928 2377 1968 crum
2406 1915 2525 1983 ejus
2556 1916 2864 1987 frequeuter
2883 1924 3200 1988 cucurrerit,
3228 1934 3284 1979 et
3308 1941 3452 1982 nunc
3479 1926 3800 1998 adoraverit,

2223 2019 2383 2075 quem
2412 2005 2645 2071 videbat,
2679 2026 2819 2064 nunc
2847 2010 3074 2077 fleverit,
3104 2029 3261 2084 quem
3290 2019 3567 2086 quaerebat
3609 2020 3800 2077 absen-

2228 2102 2334 2151 tem
2358 2114 2372 2151 :
2395 2096 2543 2153 Licet
2567 2098 2785 2168 quidam
2807 2100 2940 2157 duas
2957 2101 3146 2177 Marias
3160 2104 3503 2175 Magdalenas
3523 2108 3594 2165 de
3614 2111 3797 2168 eodem

2224 2186 2343 2242 vico
2369 2187 2607 2258 Magdalo
2633 2190 2797 2247 fuisse
2820 2195 3167 2259 contendant,
3191 2207 3246 2253 et
3269 2200 3493 2257 alteram
3523 2220 3666 2271 esse,
3684 2224 3798 2278 qua:

2225 2277 2278 2332 in
2305 2277 2555 2334 Matthaeo
2598 2296 2723 2337 eum
2750 2283 2942 2339 viderit
2971 2300 3337 2358 resurgentem
3359 2334 3374 2358 ,
3404 2294 3654 2366 alteram,
3684 2316 3798 2371 qua:

2222 2368 2275 2423 in
2301 2368 2507 2426 Joanne
2547 2387 2671 2428 eum
2697 2378 2975 2444 qumrebat
3000 2379 3300 2438 absentem.
3345 2385 3588 2452 Quatuor
3623 2368 3795 2447 autem

2218 2458 2387 2516 fuisse
2412 2461 2640 2531 Marias,
2669 2465 2722 2520 in
2761 2465 3068 2540 Evangeliis
3111 2473 3358 2544 legimus,
3387 2493 3549 2534 unam
3576 2493 3795 2538 matrem

2221 2554 2430 2609 Domini
2473 2556 2768 2615 Salvatoris
2790 2601 2803 2622 ,
2833 2562 3057 2618 alteram
3086 2576 3432 2623 materteram
3478 2572 3596 2641 ejus
3617 2616 3632 2641 ,
3679 2593 3796 2646 quae

2219 2648 2480 2715 appellata
2507 2658 2590 2704 est
2613 2649 2774 2706 Maria
2800 2653 3061 2726 Cleopbe,
3088 2660 3295 2714 tertiam
3324 2662 3544 2720 Mariam
3571 2678 3793 2724 matrem

2218 2737 2400 2794 Jacobi
2446 2750 2500 2796 et
2522 2742 2670 2811 Jose,
2705 2760 2948 2815 quartam
2987 2749 3206 2806 Mariam
3235 2753 3624 2825 Magdalenam.
3653 2761 3797 2818 Licet

2217 2829 2542 2887 sliimatrem
2563 2832 2745 2890 Jacobi
2760 2846 2810 2892 ct
2833 2837 3327 2903 Jose,materteram
3349 2848 3466 2915 ejus
3488 2849 3654 2907 fuisse
3668 2868 3796 2907 con-

2219 2922 2463 2978 tendant.
2491 2925 2744 2983 Nonnulli
2767 2931 2849 3000 (ut
2876 2944 2936 2985 se
2959 2933 3184 2989 iiberent
3206 2938 3524 3012 quaestione)
3546 2943 3600 2997 in
3618 2942 3795 2999 Narro

2217 3014 2400 3068 volunt
2429 3030 2585 3079 unam
2607 3032 2727 3074 esse
2754 3018 2823 3076 de
2842 3020 3039 3088 Mariis,
3072 3023 3167 3079 sed
3187 3040 3293 3081 non
3332 3029 3571 3086 additum
3596 3048 3793 3104 cogno-

2216 3119 2338 3159 men
2368 3105 2695 3177 Magdalene,
2718 3120 2773 3166 et
2789 3126 2853 3166 ex
2876 3114 3146 3183 superﬂuo
3165 3119 3485 3187 scriptorum
3509 3123 3793 3181 inolevisse

2215 3196 2371 3259 vitio,
2426 3196 2568 3266 quod
2634 3200 2862 3269 primum
2918 3204 3251 3276 Evangelista
3319 3225 3427 3265 non
3494 3214 3788 3284 scripserit.

2213 3286 2374 3358 827
2423 3286 2588 3343 Nobis
2610 3300 2788 3346 autem
2807 3293 3029 3363 simplex
3055 3296 3264 3352 videtur
3283 3308 3338 3353 et
3357 3310 3541 3370 aperta
3572 3318 3794 3373 respou-

2214 3380 2316 3440 sio,
2346 3389 2559 3435 sanctas
2581 3381 2830 3450 feminas,
2856 3385 3059 3443 Christi
3088 3389 3382 3445 absentiam
3407 3409 3512 3448 non
3535 3394 3786 3463 ferentes,

2216 3482 2312 3537 per
2357 3477 2522 3525 totam
2570 3482 2801 3540 noctem,
2832 3491 2941 3531 non
2971 3480 3137 3533 semel
3157 3521 3173 3545 ,
3206 3496 3306 3538 nec
3336 3482 3439 3549 bis,
3479 3486 3575 3540 sed
3603 3486 3792 3543 crebro

2212 3558 2280 3612 ad
2330 3561 2634 3630 sepulcrum
2689 3565 2901 3621 Domini
2945 3570 3284 3637 cucurrisse,
3326 3577 3623 3643 prasertim
3670 3594 3789 3634 cum

2216 3659 2573 3717 terrmmotus,
2595 3664 2650 3709 et
2675 3670 2803 3711 saxa
2824 3657 3082 3731 disrupta,
3106 3671 3161 3718 et
3185 3663 3263 3716 sol
3286 3663 3513 3734 fugiens,
3538 3674 3596 3723 et
3614 3685 3788 3725 rerum
3844 3662 3853 3665 ’

2215 3750 2406 3797 natura
2453 3745 2695 3811 turbata,
2727 3750 2986 3820 et'(quod
3017 3752 3100 3807 bis
3126 3753 3297 3824 majus
3329 3756 3435 3827 est)
3462 3757 3788 3816 desiderium

2211 3831 2504 3890 Salvatoris
2528 3851 2775 3894 Somnum
2809 3843 3011 3911 ruperit
3036 3842 3373 3903 feminarum.

2280 3924 2434 3980 CAP.
2460 3926 2533 3982 Ὗ.
2561 3958 2635 3970 -
2659 3931 2938 3998 Quomodo
2957 3933 3113 4004 juxta
3145 3936 3448 3993 Mattltmum
3478 3940 3638 3997 Maria
3678 3944 3789 3998 Ma-

2210 4016 2436 4087 gdaleno
2466 4033 2691 4092 vespere
2734 4022 2938 4079 sabbati
2965 4040 3085 4081 cum
3128 4026 3295 4082 altera
3336 4029 3498 4085 Maria
3540 4034 3786 4088 advoluta

2210 4111 2281 4163 sit
2309 4110 2531 4179 pedibus
2571 4113 2867 4170 Salvatoris
2901 4132 3060 4171 :cum
3102 4119 3394 4174 secundum
3422 4122 3686 4179 Joannem
3711 4127 3783 4197 (ε)

2210 4214 2369 4256 mane
2415 4202 2620 4258 sabbati
2672 4205 2901 4260 audierit
2931 4223 2958 4261 a
2991 4208 3214 4263 Domino
3245 4228 3257 4262 :
3293 4211 3418 4265 Noli
3446 4230 3524 4267 me
3563 4224 3783 4287 (attgert',

2209 4293 2421 4346 necdum
2446 4296 2580 4348 enim
2602 4298 2808 4350 escendi
2832 4298 2901 4351 ad
2927 4298 3135 4355 Patrem
3163 4318 3326 4356 meum
3354 4303 3532 4373 (Joan.
3554 4307 3646 4362 20.
3677 4311 3784 4379 l7).

2209 4384 2338 4451 Qum
2367 4387 2510 4456 prius
2540 4388 2745 4444 viderat
2775 4391 3053 4448 Dominum
3085 4406 3449 4465 resurgentem
3471 4416 3592 4455 cum
3619 4404 3782 4458 altera

2208 4475 2394 4540 Maria,
2438 4488 2491 4531 et
2533 4480 2648 4548 ejus
2690 4481 2916 4551 pedibus
2962 4485 3132 4539 fuerat
3184 4487 3454 4554 advoluta,
3487 4490 3555 4560 (Γ)
3605 4503 3781 4562 postea

2207 4582 2420 4622 reversa
2451 4584 2544 4638 per
2568 4580 2775 4625 noctem
2803 4570 2981 4644 (domi
3026 4575 3167 4629 enim
3197 4576 3266 4631 ob
3292 4577 3619 4635 desiderium
3667 4582 3783 4652 ejus

2208 4676 2426 4715 manere
2455 4676 2559 4716 non
2606 4661 2848 4737 poterat)
2878 4668 3022 4720 venit
3060 4667 3127 4721 ad
3176 4670 3500 4739 sepulcrum.
3544 4673 3781 4745 Cumque

2206 4750 2460 4821 lapidem,
2491 4768 2598 4823 quo
2629 4766 3028 4812 monumentum
3057 4758 3230 4816 fuerat
3267 4762 3531 4829 clausum,
3564 4766 3781 4824 vidisset

2206 4910 2213 4925 τ
2268 4906 2346 4968 (α)
2378 4906 2498 4957 Haec
2521 4916 2659 4972 certe
2681 4911 3010 4971 antiquissima
3040 4914 3289 4963 sententia
3322 4922 3428 4972 est,
3452 4918 3664 4966 omnium
3690 4918 3783 4966 Pa-

2202 4975 2331 5018 trum
2354 4977 2502 5042 atque
2525 4968 2855 5042 Ecclesiaruln
2869 4974 3152 5042 testimonio
3175 4968 3481 5042 comprobata
3498 5012 3514 5036 ,
3551 4981 3780 5042 scriptum

2199 5046 2246 5097 τςι
2269 5038 2413 5093 ωράιδι
2434 5038 2640 5097 dum,
2678 5044 2707 5080 a
2746 5032 2973 5097 Matthiae
2994 5032 3314 5097 Evangeliutit
3330 5076 3344 5097 ,
3370 5040 3448 5087 cui
3473 5032 3684 5090 nondum
3711 5042 3781 5091 vi-

2199 5091 2408 5164 deantur
2423 5091 2686 5164 satis_b_e_ne
2704 5096 3103 5164 reposuisse,_qui
3126 5091 3294 5164 (ἔξωθε
3311 5091 3780 5164 primitusscriptum

2198 5155 2518 5204 contendunt.
2543 5154 2654 5205 Via.
2679 5166 2790 5217 qua:
2811 5156 2860 5202 in
2892 5154 3108 5222 Catalog.
3134 5158 3194 5207 ad
3219 5154 3395 5210 nomen
3417 5154 3675 5213 Mattheus
3696 5164 3780 5213 ad-

2198 5222 2443 5264 notantur.

2262 5276 2331 5346 (e)
2362 5275 2475 5346 pop
2495 5277 2643 5346 verba
2666 5276 3040 5346 manesabbati,
3065 5293 3176 5342 quae
3215 5281 3363 5346 etiam
3388 5283 3436 5332 in
3463 5284 3780 5346 capitulorum

2197 5336 2408 5406 indicato
2436 5337 2703 5406 habentur,
2743 5338 2857 5388 heic
2888 5336 3097 5403 quoque
3120 5343 3455 5406 supplevimus
3490 5336 3552 5396 ὡς
3580 5345 3697 5396 Mss.
3732 5350 3779 5396 in

2197 5399 2345 5447 editis
2367 5401 2499 5447 enim
2519 5399 2742 5449 deerant.
2906 5399 2922 5403 '
3003 5399 3019 5403 “
3183 5399 3197 5405 “
3214 5399 3229 5406 “
3446 5452 3449 5455 .

2259 5460 2330 5518 tr)
2364 5459 2419 5508 In
2437 5459 2807 5527 Commentariis
2831 5463 2881 5510 in
2904 5461 3031 5527 hunc
3054 5463 3265 5515 Matthtei
3290 5464 3470 5527 locum,
3503 5484 3527 5514 ι
3546 5468 3686 5527 Quod
3709 5471 3781 5518 di-

2195 5533 2335 5570 versa
2359 5527 2580 5588 tempora
2603 5524 2801 5588 istarum
2833 5523 3092 5574 mulierum
3117 5528 3166 5574 in
3188 5523 3473 5588 Evangeliis
3492 5523 3777 5581 describun-

2195 5587 2290 5651 t_ut_-,
2316 5583 2674 5651 noomeudacii
2689 5585 2890 5651 signum
2914 5594 2990 5651 est
3007 5621 3022 5645 ,
3048 5594 3105 5636 ut
3124 5589 3263 5651 impii
3284 5583 3547 5651 objiciunt,
3571 5592 3661 5641 sed
3698 5606 3777 5642 se-

2191 5642 2319 5691 dulae
2344 5642 2886 5710 visitationisoliiéium,
2912 5642 3026 5710 dum
3058 5642 3238 5699 crebro
3274 5642 3403 5699 abeo
3441 5658 3491 5710 t,
3530 5642 3587 5702 ac
3608 5665 3777 5703 recur-

2192 5710 2331 5813 ἵιιιιῐ³
2359 5712 2411 5753 et
2434 5717 2528 5753 non
2553 5707 2796 5768 patiuntur
2817 5720 2845 5757 a
2879 5709 3107 5772 sepulcro
3142 5710 3339 5763 Domini
3359 5711 3443 5763 diu
3463 5707 3676 5776 abesse,
3701 5716 3775 5766 vel

2215 5778 2409 5813 υηπιιιε.
2424 5782 2445 5811 ι

2215 5778 2409 5820 onmtts.
2424 5782 2445 5811 ι
