4088 6336
317 360 425 420 089

316 476 580 544 ablatum,
611 476 848 533 cucurrit
870 475 935 530 ad
956 473 1227 532 Simonem
1246 473 1483 538 Petrum,
1507 480 1562 528 et
1589 471 1654 527 ad
1677 472 1900 526 alterum

313 569 668 638 discipulum,
700 584 859 638 quem
895 566 1053 622 Jesus
1094 565 1306 621 amabat
1343 566 1630 637 plurimum
1651 605 1666 629 ,
1699 571 1755 618 et
1776 564 1907 618 dicit

314 660 396 712 eis
419 677 433 712 :
458 658 713 713 Tulerunt
742 657 1021 713 Dominum
1046 656 1111 710 de
1147 665 1471 711 monumento
1498 670 1518 710 :
1545 664 1591 708 et
1617 654 1783 708 inscio
1820 653 1906 707 ubi

316 760 598 819 posuerunt
624 766 737 803 eum
761 748 923 821 (Ibid.
948 750 1065 818 15).
1093 748 1260 802 Error
1289 748 1526 803 mulieris
1553 763 1674 802 cum
1705 747 1904 816 pietate

320 841 564 894 sociatus
593 848 692 894 est.
724 840 901 895 Pietas
920 839 973 891 in
995 854 1064 893 eo
1083 847 1219 903 erat,
1243 824 1381 907 qiiod
1397 836 1736 892 desiderabat
1757 852 1902 901 eum,

312 931 472 999 cujus
518 942 740 986 noverat
766 932 1124 999 maiestatem.
1158 930 1324 985 Error
1366 929 1418 983 in
1447 943 1515 982 eo
1536 970 1551 994 ,
1578 928 1722 997 quod
1749 927 1900 982 dice-

317 1022 409 1077 bat
440 1041 456 1078 :
488 1022 736 1077 Tulerunt
779 1021 1056 1077 Dominum
1091 1023 1157 1076 de
1196 1031 1555 1083 monumento,
1587 1029 1639 1075 et
1681 1030 1897 1074 etetera.

320 1113 567 1183 Denique
608 1130 730 1168 cum
776 1114 966 1168 Petrus
987 1155 1001 1178 ,
1030 1125 1080 1168 et
1110 1113 1342 1168 Joannes
1370 1112 1699 1166 iutroeuntes
1724 1111 1902 1178 sepul-

313 1221 469 1261 crum
490 1206 755 1262 vidissent
774 1206 1079 1261 linteamina
1101 1215 1347 1274 separata
1374 1220 1390 1269 ;
1413 1213 1468 1257 et
1494 1203 1764 1258 sudarium
1790 1218 1898 1271 quo

286 1290 472 1368 caput
503 1299 713 1353 Domini
743 1296 921 1353 fuerat
960 1297 1258 1351 involutum
1281 1336 1296 1361 ,
1327 1311 1569 1350 seorsum
1625 1295 1852 1363 positum
1879 1310 1894 1355 ;

306 1401 364 1446 ct
390 1391 761 1446 resurrexisse
788 1390 1092 1453 crederent,
1113 1389 1267 1456 cujus
1311 1401 1508 1457 corpus
1537 1402 1642 1440 non
1676 1386 1895 1438 invene-

305 1490 431 1536 rant
455 1482 513 1535 in
538 1481 790 1550 sepulcro
821 1498 834 1534 :
863 1480 1026 1535 Maria
1046 1486 1220 1533 stabat
1243 1478 1307 1535 ad
1335 1485 1737 1530 monumentum
1766 1474 1896 1525 foris

304 1572 549 1641 plorans.
588 1571 830 1642 Cumque
874 1586 934 1625 se
965 1571 1301 1631 inclinasset,
1336 1569 1465 1620 vidit
1493 1566 1629 1621 duos
1661 1566 1893 1633 Angelos

306 1665 361 1718 in
387 1664 531 1719 albis
559 1665 815 1720 sedentes
845 1664 897 1718 in
929 1664 1047 1718 loco
1073 1663 1404 1718 monumenti
1432 1660 1498 1713 ad
1529 1670 1687 1729 caput
1716 1668 1770 1714 et
1800 1674 1892 1727 pe~

301 1753 421 1819 des,
458 1754 548 1809 ubi
581 1755 809 1824 positum
848 1752 1020 1808 fuerat
1063 1768 1260 1821 corpus
1307 1751 1433 1806 Jesu
1458 1790 1474 1815 ,
1522 1758 1579 1803 ut
1606 1751 1708 1803 sub
1747 1758 1889 1802 tanta

300 1847 566 1902 custodite
613 1847 872 1916 dignitate
916 1862 1023 1900 non
1069 1845 1315 1899 crederet
1359 1843 1427 1896 ab
1458 1842 1758 1895 hominibus
1792 1856 1888 1909 po-

305 1936 477 1992 tuisse
497 1937 682 2001 turari,
704 1937 794 2006 qui
816 1936 1078 1990 ministris
1097 1935 1314 2001 Angelis
1334 1934 1668 1989 servabatur.
1697 1931 1888 1984 Dicunt

297 2029 349 2083 ei
380 2028 598 2099 Angeli,
640 2044 777 2097 quos
800 2028 1056 2084 cernebat
1086 2045 1098 2081 :
1131 2026 1344 2092 Mulier,
1387 2026 1510 2096 quid
1556 2025 1727 2094 ploras
1749 2021 1775 2075 Ζ)
1802 2037 1887 2076 se-

297 2120 536 2175 cundum
565 2120 692 2175 illud
717 2119 869 2189 quod
888 2120 1145 2173 Dominus
1170 2118 1491 2186 loquebatur
1516 2116 1581 2169 ad
1614 2122 1839 2169 matrem
1867 2131 1882 2168 :

299 2210 445 2277 Quid
471 2210 618 2277 milii,
645 2218 692 2263 et
730 2209 820 2262 tibi
845 2217 920 2262 est
946 2208 1128 2261 mulier
1146 2208 1172 2260 Ρ
1202 2206 1428 2259 nondum
1454 2205 1585 2258 venit
1610 2205 1736 2257 liora
1774 2221 1884 2259 mea

295 2298 482 2370 (Joan.
526 2299 584 2354 2.
616 2299 709 2365 4),
751 2306 809 2352 ut
837 2312 904 2353 eo
947 2296 1090 2367 quod
1135 2296 1880 2364 appellaveruntmulierem,

293 2400 590 2461 arguerem
612 2389 808 2444 frustra
827 2389 1127 2459 plorantem
1153 2396 1205 2441 et
1225 2386 1487 2451 dicerent,
1516 2385 1652 2452 Quid
1672 2388 1882 2469 plorqs?

298 2482 358 2535 ln
393 2489 600 2535 tantum
629 2487 806 2534 autem
837 2478 997 2533 Maria
1039 2477 1346 2547 Magdalene
1372 2475 1740 2545 obstupefacta
1772 2488 1881 2531 tor-

296 2580 512 2641 puerat,
540 2578 595 2625 et
621 2570 802 2636 ﬁdem,
832 2567 1103 2623 miraculis
1173 2567 1340 2638 828
1414 2554 1627 2630 territa,
1648 2566 1796 2636 quasi
1827 2567 1877 2621 iu

292 2662 548 2732 caligine,
578 2659 887 2730 possidebat
915 2676 929 2712 :
961 2667 1017 2713 ut
1043 2673 1111 2713 ne
1141 2658 1464 2726 Attgelorttm
1490 2657 1703 2726 quidem
1745 2672 1880 2727 pra:-

292 2751 530 2806 sentium
561 2750 797 2805 sentiret
814 2758 1110 2819 aspectum,
1142 2747 1236 2802 sed
1284 2746 1619 2802 muliebriter
1647 2763 1874 2818 reSpon-
1916 2778 1925 2785 ο

292 2843 478 2908 deret,
505 2851 560 2897 et
578 2840 812 2896 diceret:
836 2826 961 2895 Ideo
985 2839 1155 2910 ploro,
1183 2838 1304 2907 quia
1334 2837 1568 2892 tulerunt
1596 2838 1874 2893 Dominum

292 2951 497 3000 meum,
523 2942 579 2990 et
600 2926 786 2990 nescio
812 2932 902 2988 ubi
928 2942 1221 3002 posuerunt
1239 2946 1382 2985 eum.
1412 2930 1456 2984 0
1481 2928 1666 2995 Maria,
1694 2930 1739 2984 si
1767 2929 1875 2985 Do-

297 3029 505 3082 minum
527 3026 722 3091 credis,
742 3034 798 3081 et
816 3024 1098 3081 Dominum
1122 3033 1290 3088 tuum,
1309 3022 1577 3093 quomodo
1596 3024 1876 3078 arbitraris

288 3120 359 3176 ab
377 3118 685 3175 hominibus
709 3118 1015 3174 sublatum?
1038 3116 1244 3182 Nescio,
1272 3117 1465 3186 inquit,
1490 3116 1573 3170 ubi
1602 3126 1874 3184 posuerunt

289 3228 429 3266 eum.
460 3211 743 3278 Quomodo
774 3210 973 3277 nescis,
1020 3224 1179 3281 quem
1224 3211 1381 3279 paulo
1422 3218 1547 3263 ante
1587 3209 1818 3263 adorasti
1851 3210 1874 3263 i

288 3306 533 3376 Cumque
561 3303 770 3360 videret
794 3303 1069 3374 Angelos;
1101 3312 1155 3357 et
1182 3316 1318 3372 quos
1355 3301 1628 3364 cernebat,
1662 3301 1873 3370 ignora-

288 3405 394 3462 ret,
444 3402 662 3464 stupore
691 3394 997 3464 perterrita,
1028 3392 1133 3447 line
1172 3401 1331 3462 atque
1379 3390 1505 3445 illuc
1552 3391 1739 3445 faciem
1767 3391 1874 3444 cir-

287 3485 643 3552 cumferebat,
673 3484 805 3539 nihil
829 3482 973 3538 aliud
1000 3482 1104 3537 nisi
1137 3482 1417 3535 Dominum
1448 3481 1630 3535 videre
1660 3480 1872 3535 deside-

287 3592 440 3643 rans,
488 3590 855 3646 conversaque
899 3582 1083 3640 retro,
1133 3572 1264 3626 vidit
1310 3572 1493 3627 Jesum
1538 3580 1787 3636 stantem,
1818 3579 1873 3625 et

287 3668 584 3732 nesciebat,
629 3668 752 3738 quia
795 3665 1116 3745 Jesus’erat.
1164 3663 1276 3716 Non
1325 3660 1465 3731 quod
1504 3661 1652 3729 juxta
1698 3661 1869 3714 Mani-

285 3762 520 3824 chteum,
551 3767 606 3815 et
629 3759 766 3813 alios
790 3755 1073 3812 licereticos
1105 3753 1330 3807 turmam
1363 3752 1616 3822 Dominus
1643 3751 1871 3804 vultum-

287 3867 398 3923 que
437 3859 736 3908 mutasset:
770 3858 830 3904 ut
861 3861 957 3917 pro
997 3845 1271 3899 voluntate
1313 3841 1557 3897 diversus
1601 3856 1665 3896 ac
1695 3842 1871 3895 varius

288 3945 586 4011 videretur,
619 3941 714 3997 sed
742 3939 886 4011 quod
914 3936 1081 3992 Maria
1107 3933 1403 4005 stupefacta
1435 3931 1716 3996 miraculo,
1742 3930 1870 3983 lior-

289 4036 533 4093 tulanum
556 4041 785 4105 putaret,
804 4046 962 4102 quem
983 4038 1131 4084 tanto
1147 4024 1326 4084 studio
1347 4024 1669 4096 requirebat.
1690 4022 1872 4093 Itaque

287 4138 348 4187 et
377 4120 634 4184 Dominus
659 4124 848 4181 iisdem
874 4121 1069 4185 verbis,
1095 4119 1288 4190 quibus
1314 4126 1370 4172 et
1397 4116 1608 4186 Angeli,
1632 4115 1871 4185 loquitur

289 4221 358 4276 ad
402 4234 522 4276 eam
551 4235 568 4272 :
600 4216 791 4289 Mulier
835 4214 958 4287 quid
1001 4210 1221 4284 ploras?
1268 4209 1590 4279 Addiditque
1630 4206 1699 4262 de
1729 4221 1827 4260 suo
1851 4246 1868 4273 ,

289 4327 436 4382 quem
452 4309 644 4382 quieris
664 4308 690 4362 ?
717 4310 789 4363 At
813 4306 904 4362 illa
934 4302 1211 4374 respondit
1241 4319 1254 4356 :
1287 4300 1521 4363 Domine,
1553 4300 1597 4352 si
1622 4308 1674 4350 tu
1700 4309 1870 4352 sustu-

289 4405 393 4459 listi
422 4419 558 4470 cum,
604 4401 757 4455 dicito
785 4398 938 4464 mihi,
986 4396 1071 4451 ubi
1102 4394 1314 4467 posuisti
1357 4406 1513 4455 cuiu;
1544 4401 1591 4444 et
1635 4408 1727 4461 ego
1757 4408 1870 4445 cum

290 4496 489 4551 tollam.
523 4495 621 4549 Hic
650 4494 934 4550 Dominum
966 4504 1071 4544 non
1112 4487 1179 4544 de
1204 4485 1543 4542 confessione
1574 4501 1711 4539 vera:
1744 4482 1869 4539 fidei

290 4588 625 4644 Salvatorem
648 4594 804 4639 vocat
833 4600 849 4639 :
878 4583 973 4638 sed
1004 4581 1301 4636 humilitate
1325 4619 1340 4644 ,
1372 4587 1426 4632 et
1456 4578 1645 4631 timore
1680 4576 1865 4630 Ιιοιίιι-

292 4683 417 4736 lano
454 4679 627 4735 defert
663 4678 1000 4748 obsequium.
1046 4673 1115 4728 Et
1155 4673 1277 4729 vide
1305 4683 1500 4743 quanta
1545 4670 1863 4740 ignorantia.

293 4774 462 4843 Quem
500 4768 835 4826 custodiebat
875 4766 1069 4821 cohors
1116 4764 1375 4827 militum,
1425 4761 1578 4831 cujus
1623 4763 1868 4830 sepulcro

291 4864 480 4935 Angeli
524 4860 916 4934 praesidebant,
971 4857 1039 4912 ab
1085 4872 1193 4911 uno
1247 4854 1532 4909 liortulano
1582 4853 1871 4908 arbitratur

292 4958 529 5013 ablatum
560 4971 574 5008 :
604 4962 659 5008 et
686 4953 938 5023 ignorans
964 4946 1381 5003 imbecillitatem
1414 4942 1724 5008 femineam,
1752 4950 1873 4997 tan-

297 5061 469 5103 tarum
494 5059 553 5101 se
573 5044 766 5098 virium
795 5037 1139 5113 repromittit,
1167 5045 1224 5093 et
1240 5034 1432 5100 credit,
1451 5043 1506 5089 ut
1526 5047 1722 5104 corpus
1746 5032 1868 5099 viri,

294 5152 349 5196 et
378 5131 630 5211 perfecta:
649 5135 829 5191 etatis
860 5150 875 5188 :
906 5132 1048 5204 quod
1077 5131 1156 5203 (ut
1183 5139 1376 5185 caetera
1407 5123 1634 5199 taceam)
1655 5135 1870 5182 centum

295 5233 447 5289 libris
472 5228 703 5302 myrrha:
730 5226 1090 5282 circumlitum
1122 5232 1262 5290 erat,
1290 5221 1623 5276 existimaret
1648 5218 1715 5274 ab
1745 5233 1869 5284 una,

293 5332 348 5380 et
376 5321 565 5394 pavida
598 5318 824 5375 muliere
864 5328 1022 5387 posse
1067 5314 1288 5385 portari.
1332 5309 1572 5381 Cumque"
1593 5309 1751 5366 Jesus
1778 5323 1874 5379 ap-

296 5415 552 5486 pellasset
574 5428 717 5477 eam,
750 5418 909 5481 atque
934 5407 1158 5462 dixisset
1185 5423 1199 5460 :
1233 5404 1426 5472 Maria,
1467 5413 1525 5459 ut
1550 5419 1708 5476 quem
1740 5402 1872 5458 facie

296 5522 401 5563 nan
427 5505 771 5577 agnoscebat,
802 5516 937 5557 voce
964 5499 1288 5569 intelligeret
1309 5498 1441 5563 ,illa
1464 5498 1515 5552 in
1546 5511 1731 5552 errore
1754 5512 1873 5567 per-

294 5601 489 5657 sistens
509 5639 523 5664 ,
571 5609 901 5668 nequaquam
950 5591 1261 5655 Dominum,
1309 5589 1401 5644 sed
1431 5588 1505 5661 (a)
1534 5587 1785 5655 Rabboni,
1818 5586 1868 5642 id

296 5727 1098 5844 lmg?)Iit:;l)1'_'eteresnictvfraute
1127 5723 1267 5787 juxta
1302 5720 1498 5785 Vulgat.
1540 5728 1592 5772 et
1628 5719 1865 5809 Graecum.

370 5809 421 5842 Il
484 5809 542 5842 α’
599 5832 609 5843 .

370 5809 421 5843 ιιι
452 5809 609 5843 ιιιιιοοι,

1716 356 2038 415 εριδτοιιι
2076 354 2241 412 CXX.

3493 358 3603 416 ¢90

2018 480 2122 537 est,
2147 469 2441 541 magistrum
2469 481 2641 526 vocat.
2673 471 2741 528 Et
2772 472 2890 529 vide
2918 482 3115 545 quanta
3147 473 3399 539 turbatio.
3431 492 3591 547 quem

2018 563 2357 617 hortulanum
2404 571 2634 633 putans,
2680 565 2963 622 Dominum
3013 581 3446 638 nuncupaverat,
3499 568 3592 625 Dei

2016 656 2207 711 Filium
2255 666 2663 724 resurgentem,
2714 661 3027 727 magistrum
3076 673 3251 713 vocat.
3302 660 3481 731 Itaque
3523 660 3588 716 ad

2014 761 2154 809 eam,
2186 762 2305 815 qua:
2334 748 2609 816 quaerebat
2638 748 2900 801 viventem
2931 766 3051 804 cum
3082 752 3343 816 mortuis;
3371 767 3488 820 qua:
3505 766 3582 805 er-

2014 853 2136 892 rore
2166 839 2393 893 femineo
2423 850 2476 894 et
2508 839 2874 894 imbecillitate
2917 842 3157 896 muliebri
3204 842 3325 903 buc.
3356 842 3586 910 illtthtm

2011 929 2352 994 currebat,et
2381 944 2575 998 corpus
2601 932 2876 998 qumrebat
2906 933 3066 985 occisi
3092 950 3107 997 ;
3138 937 3290 998 cujus
3320 937 3484 1003 pedes
3511 924 3571 989 vi-

2011 1022 2185 1075 ventis
2215 1034 2476 1087 tenuerat,
2501 1024 2735 1092 loquitur
2803 1026 2984 1111 823
3049 1026 3303 1080 Dominus
3334 1037 3387 1080 et
3410 1029 3541 1082 dicit
3569 1048 3582 1082 :

2009 1110 2136 1165 Noli
2158 1129 2236 1165 me
2265 1123 2488 1184 tangere,
2512 1115 2587 1186 (b)
2613 1116 2705 1169 tibi
2737 1118 2878 1168 enim
2908 1110 3138 1169 nondum
3157 1120 3370 1171 a~ccntli
3401 1120 3465 1173 ad
3487 1122 3583 1173 l’ao

2010 1211 2143 1258 trem
2178 1218 2377 1256 meum.
2411 1206 2477 1258 Et
2506 1215 2589 1261 est
2613 1221 2807 1261 sensus
2834 1225 2846 1260 :
2875 1207 3042 1272 Quem
3074 1218 3338 1262 mortuum
3365 1212 3582 1279 qumris,

2007 1293 2271 1346 viventem
2303 1304 2520 1364 tangere
2553 1312 2659 1349 non
2690 1299 2935 1351 mereris.
2966 1297 3021 1349 Si
3056 1314 3139 1349 me
3173 1298 3396 1353 necdum
3436 1311 3581 1367 putas

2002 1383 2312 1438 ascendisse
2354 1384 2419 1438 ad
2453 1385 2686 1452 Patrem,
2731 1387 2823 1441 sed
2858 1389 3129 1441 hominum
3178 1387 3361 1443 fraude
3403 1392 3581 1445 sublao

2004 1481 2138 1537 tum,
2165 1488 2287 1526 meo
2319 1486 2459 1529 tactu
2493 1476 2703 1546 indigna
2732 1494 2810 1532 es.
2847 1479 2958 1532 lloc
2984 1488 3160 1533 autem
3206 1478 3416 1534 dicebat
3440 1498 3451 1532 :
3478 1497 3581 1535 non

2001 1574 2059 1618 ut
2099 1566 2332 1620 studium
2379 1570 2674 1636 quaerentis
2703 1571 3021 1625 obtunderrt
3048 1590 3061 1635 ;
3094 1573 3187 1626 sed
3220 1582 3275 1625 ut
3304 1573 3580 1642 dispensa-

2002 1656 2201 1710 tionem
2229 1659 2409 1711 carnis
2437 1671 2751 1731 assuniptm,
2780 1662 2829 1715 in
2859 1663 3152 1717 divinitatis
3179 1663 3400 1732 gloriam
3423 1666 3581 1721 sciret

1998 1760 2117 1800 esse
2145 1758 2398 1800 mutatam
2427 1765 2439 1801 :
2470 1758 2523 1802 et
2545 1765 2879 1820 nequaquam
2903 1753 3254 1820 corporaliter
3277 1753 3435 1807 vellet
3460 1768 3579 1808 esse

1998 1852 2119 1891 cum
2153 1838 2402 1906 Domino,
2432 1856 2590 1911 quem
2621 1843 2971 1910 Spiritualiter
3001 1846 3222 1900 credere
3252 1847 3470 1901 deberet
3491 1864 3578 1901 re-

1994 1942 2158 1997 gnare
2205 1945 2325 1983 cuin
2379 1931 2557 1985 Patre.
2604 1932 2758 1989 Unde
2801 1944 2857 1990 et
2904 1938 3145 2004 Apostoli
3193 1937 3413 2007 majoris
3460 1939 3580 1995 liilei

1994 2028 2135 2080 sunt,
2163 2021 2251 2089 qni
2280 2026 2483 2091 absque
2510 2024 2837 2093 Angelurum
2861 2029 2998 2090 visu,
3028 2027 3231 2095 aliSque
3263 2028 3431 2097 ipsius
3457 2029 3579 2085 Sal-

1995 2111 2193 2163 vatoris
2215 2123 2453 2180 aspectu,
2487 2123 2767 2183 p05lqll3lll
2789 2131 2986 2187 corpus
3008 2116 3123 2186 ejus
3154 2118 3204 2172 in
3232 2129 3579 2175 munumento

1993 2216 2098 2255 non
2147 2215 2480 2271 repererunt,
2510 2206 2849 2261 crediderunt
2895 2224 3017 2262 cum
3049 2210 3116 2263 ab
3165 2209 3347 2264 inferis
3392 2226 3575 2265 surre-

1991 2294 2153 2348 xisse.
2186 2296 2288 2349 Alii
2319 2308 2506 2365 putant
2534 2300 2761 2367 pritnum
2790 2315 2911 2354 esse
2941 2299 3079 2368 quod
3108 2316 3136 2353 a
3162 2300 3368 2356 Joanne
3392 2317 3575 2356 narra-

1993 2394 2100 2438 tum
2129 2397 2233 2453 est,
2268 2388 2478 2443 venisse
2505 2389 2723 2444 Mariam
2749 2391 3115 2460 Magdalenam
3143 2392 3208 2444 atl
3242 2394 3568 2462 sepulcrum,

1987 2486 2042 2531 et
2062 2477 2255 2533 vidisse
2279 2480 2576 2534 revolutum
2604 2480 2832 2550 lapidem
2862 2497 2891 2535 a
2921 2492 3286 2547 monumento,
3310 2493 3364 2538 et
3387 2494 3566 2552 postea

1986 2582 2284 2637 regressain
2314 2584 2437 2624 cum
2481 2574 2754 2641 Apostolis
2783 2572 2939 2627 Petro
2964 2582 3018 2627 et
3044 2570 3267 2639 Joanne,
3301 2574 3469 2628 solam
3498 2574 3566 2628 ad

1986 2670 2387 2716 monumentum
2416 2664 2743 2719 remansisse
2773 2683 2787 2718 :
2816 2673 2870 2718 rt
2898 2664 3095 2718 idcirco
3122 2664 3297 2719 adhuc
3323 2665 3567 2719 incredu-

1985 2749 2108 2814 lam,
2140 2765 2170 2803 a
2200 2751 2425 2805 Domino
2457 2753 2621 2807 fuisse
2649 2764 2949 2822 correptam
2991 2770 3005 2805 :
3045 2769 3421 2821 reversumque
3460 2753 3562 2808 do-

1985 2858 2126 2896 mum
2145 2882 2161 2909 ,
2192 2859 2406 2898 rursum
2436 2843 2501 2898 ad
2529 2845 2832 2914 sepulcrum
2874 2848 3085 2899 venisse
3115 2861 3234 2899 cum
3276 2843 3438 2899 Maria
3464 2862 3478 2910 ;
3509 2855 3562 2899 et

1980 2932 2050 2990 ab
2075 2935 2281 3003 Angelo
2312 2935 2589 3002 munitam,
2622 2946 2904 2991 exeuntem
2934 2936 3001 2991 de
3033 2946 3399 3003 monumento,
3427 2937 3559 2991 ado-

1981 3039 2128 3079 rasse
2174 3025 2480 3091 Dominum,
2511 3034 2566 3079 et
2593 3028 2826 3082 lenuisse
2870 3026 3032 3096 pedes
3061 3026 3198 3095 ejus,
3242 3025 3454 3096 quando
3492 3028 3561 3080 ab

1980 3130 2046 3170 eo
2092 3117 2295 3186 pariter
2332 3116 2614 3172 audierunt
2645 3135 2659 3171 :
2690 3118 2859 3172 Avete.
2892 3116 2961 3171 Et
3000 3115 3107 3172 illa:
3144 3128 3481 3185 accesserunt,
3511 3129 3559 3173 et

1981 3217 2246 3261 tenuerunt
2272 3207 2426 3276 pedes
2450 3211 2579 3281 ejus,
2608 3219 2656 3266 et
2679 3209 3014 3265 admoverunt
3039 3227 3174 3265 eum.
3201 3209 3331 3280 Quae
3362 3212 3413 3266 in
3446 3219 3562 3265 tan-

1981 3310 2090 3356 tum
2112 3303 2474 3371 proiecerunt,
2495 3311 2552 3357 ut
2569 3303 2846 3359 mittantur
2863 3303 2927 3357 ad
2948 3303 3255 3372 Apostolos,
3276 3303 3562 3359 etaudiant

1980 3393 2226 3462 primum,
2256 3392 2432 3449 Nolite
2454 3396 2627 3449 timere
2648 3411 2667 3450 :
2693 3395 2951 3460 secundo,
2973 3393 3054 3449 Ite
3068 3396 3295 3451 nuntiate
3320 3395 3562 3467 fratribus

1977 3487 2120 3548 meis,
2148 3496 2203 3539 ut
2230 3487 2424 3542 contain
2454 3486 2742 3555 Galilteam,
2772 3487 2842 3542 ibi
2866 3505 2946 3542 me
2970 3487 3223 3543 videbunt.

2021 3575 2200 3650 ’CAP.
2236 3576 2322 3631 Vl.
2354 3605 2424 3617 --
2452 3577 2735 3644 Quomodo
2757 3579 3094 3634 custodiente
3116 3578 3339 3632 militum
3365 3579 3515 3635 turba
3540 3621 3555 3645 ,

1980 3667 2168 3721 Petrus
2214 3676 2269 3721 et
2296 3667 2533 3724 Joannes
2570 3669 2741 3723 libere
2785 3668 3012 3738 ingressi
3043 3679 3167 3723 sunt
3207 3670 3508 3739 sepulcrum
3539 3711 3555 3738 ,

1981 3758 2130 3811 nullo
2164 3757 2481 3824 prohibente
2509 3758 2792 3812 custodum
2827 3757 3039 3828 (Matth.
3064 3759 3165 3813 22¢
3185 3768 3234 3813 et
3260 3759 3416 3813 Joan.
3442 3760 3556 3834 20).

1979 3849 2089 3903 llac
2116 3848 2362 3902 videlicet
2391 3863 2570 3912 causa,
2596 3848 2717 3918 quia
2734 3864 2937 3916 vespere
2955 3847 3168 3914 sabbati,
3196 3864 3311 3919 quae
3335 3849 3558 3903 lucesce-

1979 3943 2061 3995 bat
2088 3942 2139 3993 iu
2169 3943 2333 4011 prima
2356 3940 2572 4010 sabbati,
2605 3941 2736 3995 venit
2764 3939 2932 3995 Maria
2962 3940 3287 4012 Magdalene,
3315 3951 3362 3995 et
3399 3942 3561 3995 altera

1979 4030 2151 4086 Maria
2181 4030 2347 4085 videre
2375 4031 2685 4097 sepulcrum.
2714 4029 2781 4085 Et
2811 4047 2928 4111 ecce
2957 4040 3269 4087 terrtemotus
3301 4033 3463 4102 factus
3490 4039 3562 4085 est

1979 4140 2209 4194 magnus.
2244 4124 2467 4193 Angelus
2491 4139 2687 4193 quoque
2726 4122 2932 4177 Domini
2962 4123 3220 4177 descendit
3255 4123 3318 4177 de
3345 4123 3490 4193 caelo,
3514 4132 3562 4176 et

1976 4214 2218 4286 accedens
2246 4216 2450 4269 revolvit
2479 4215 2723 4286 lapidem,
2752 4224 2800 4270 et
2843 4215 3044 4271 sedebat
3073 4232 3226 4288 super
3252 4233 3365 4272 eum
3388 4232 3408 4270 :
3429 4224 3565 4270 erat-

1976 4325 2072 4379 que
2115 4318 2347 4379 aspectus
2384 4309 2496 4375 eius
2524 4309 2652 4363 sicut
2682 4309 2877 4381 fulgur,
2913 4318 2963 4364 et
3000 4310 3349 4365 vestimentum
3376 4309 3517 4365 illius
3542 4348 3560 4376 ,

1977 4401 2107 4455 sicut
2133 4401 2241 4456 nix.
2277 4399 2397 4455 Prw
2419 4401 2598 4454 timore
2620 4410 2788 4455 autem
2813 4402 2925 4472 ejus
2965 4403 3220 4472 perterriti
3245 4409 3363 4456 sunt
3388 4409 3558 4454 custo-

1977 4495 2083 4559 des,
2112 4504 2158 4548 et
2189 4494 2313 4564 facti
2352 4502 2468 4547 sunt
2496 4491 2629 4546 velut
2657 4494 2861 4547 mortui.
2890 4493 3055 4564 Igitur
3091 4494 3182 4563 qui
3211 4494 3423 4548 fuerant
3449 4501 3564 4546 tan-

1978 4596 2033 4642 to
2104 4587 2270 4658 830
2348 4588 2537 4640 timore
2567 4586 2856 4655 perterriti,
2888 4595 2944 4640 ut
2975 4593 3297 4655 putarentur
3324 4583 3561 4649 mortui;

1977 4686 2068 4732 aut
2108 4677 2377 4731 dimisisse
2419 4675 2743 4745 sepulcrum,
2775 4684 2828 4729 et
2855 4674 3053 4745 fugisse
3094 4673 3352 4730 credendi
3398 4684 3563 4742 sunt;

1977 4778 2068 4821 aut
2095 4769 2165 4821 ita
2193 4781 2443 4835 corpore,
2472 4775 2526 4820 et
2552 4765 2733 4819 animo
2761 4764 3123 4835 obtorpuisse,
3152 4774 3211 4821 ut
3254 4779 3361 4820 non
3386 4764 3563 4821 dicam

1977 4861 2121 4914 viros
2143 4902 2156 4925 ,
2189 4858 2283 4914 sed
2311 4875 2377 4913 ne
2405 4858 2747 4913 mulierculas
2771 4857 3007 4930 quidem,
3030 4859 3338 4928 sepulcrum
3366 4860 3570 4917 intrare

1977 4953 2254 5023 cupientes
2275 4992 2289 5014 ,
2321 4951 2583 5005 auderent
2627 4949 2934 5020 prohibere.
2967 4949 3188 5021 Magnus
3229 4950 3376 5007 enim
3408 4951 3571 5006 timor

1978 5061 2073 5100 eos
2092 5051 2448 5110 exterruerat,
2476 5042 2721 5098 videntes
2748 5040 2980 5113 lapidem
3007 5042 3341 5110 revolutum,
3368 5051 3423 5097 et
3463 5050 3571 5097 ter-

2047 5217 2109 5285 [ιη
2146 5220 2253 5270 Non
2273 5258 2286 5282 ,
2328 5226 2387 5285 ut
2399 5219 2655 5285 contendit
2675 5217 2950 5285 Victorius,
2974 5216 3096 5269 falso
3118 5217 3305 5281 legitur
3328 5214 3415 5267 tibi
3435 5214 3565 5265 enim

1978 5280 2188 5333 nondum
2210 5280 2426 5335 escendi.
2455 5290 2550 5331 etc.
2576 5280 2659 5330 Sic
2696 5281 2828 5330 enim
2865 5280 3458 5344 subsequens’contextus
3480 5289 3564 5344 [ιο-

1977 5346 2152 5404 stulat,
2178 5352 2231 5394 et
2253 5344 2367 5394 Mss.
2392 5345 2633 5410 omnium,
2659 5350 2810 5410 atque
2835 5337 3077 5410 editorum
3099 5352 3366 5410 consensus
3389 5337 3562 5410 contir-

1979 5416 2106 5465 mat,
2129 5398 2224 5455 una
2259 5413 2467 5468 excepta
2491 5398 2644 5468 ἱμείιὼ
2664 5398 2900 5468 Victorii,
2925 5413 3074 5467 atque
3097 5402 3250 5468 altera
3276 5399 3433 5468 veteri
3460 5398 3563 5468 edi-

1978 5463 2135 5534 tione,
2146 5480 2266 5534 qua:
2290 5463 2561 5534 tibi:vocula
2581 5474 2853 5534 expuncto,
2879 5463 3277 5534 leguiit‘rrondwn
3298 5463 3442 5534 enirn,
3463 5465 3560 5509 etc.

1980 5520 2186 5582 Accedit
2203 5529 2428 5593 lectionis
2450 5542 2554 5593 sure
2580 5520 2694 5593 ipse
2710 5520 3019 5593 assertorIae
3042 5523 3295 5593 ﬁdeiussor
3317 5520 3558 5593 ζει-ρει]-

1979 5606 2088 5643 mus
2109 5596 2158 5644 in
2183 5590 2387 5656 epistola
2409 5591 2474 5656 _ad
2499 5583 2774 5639 Marcellam
2804 5588 2874 5656 de
2898 5583 3184 5656 quihusdam
3207 5583 3563 5656 quaestionibus

1980 5656 2041 5705 N.
2080 5643 2138 5706 Τ.
2178 5643 2352 5718 quaest.
2392 5653 2442 5718 4.
2488 5662 2630 5700 «non
2668 5643 2975 5718 mererisxk.
3016 5646 3121 5718 ejus
3162 5643 3339 5718 tenere
3372 5643 3562 5718 pedes,

1980 5705 2127 5782 quem
2151 5705 2246 5767 non
2271 5717 2524 5766 existimas
2545 5712 2843 5761 surrexisse.
2863 5708 2974 5759 Tibi
2997 5705 3129 5757 enim
3145 5706 3349 5756 necdum
3365 5705 3563 5753 escendi

1982 5780 2040 5829 ad
2065 5780 2261 5829 Patrem
2280 5789 2461 5825 Imm.
2479 5793 2502 5820 ι
