4088 6336
565 367 662 426 991

564 488 842 538 mmotum
885 478 1078 534 factum
1103 519 1118 544 ,
1146 490 1250 532 non
1280 487 1348 530 ex
1387 485 1538 527 more
1565 470 1752 535 solito,
1779 467 1873 522 sed
1901 473 2010 520 tam
2038 478 2145 519 ma-

563 589 744 644 gnum,
793 571 880 642 qui
909 579 1096 625 cuncta
1142 573 1488 630 concuteret,
1515 571 1571 618 et
1600 560 1933 618 eversionem
1980 564 2137 612 teme

565 666 800 721 t'tmditus
844 665 1138 717 minaretur
1182 675 1198 716 :
1244 657 1505 728 Angelotn
1555 667 1766 725 quoque
1801 647 2145 705 descendisse

569 760 634 812 de
660 759 818 820 coelo,
851 767 956 808 tam
985 756 1132 808 claro
1159 752 1308 806 vultu
1331 789 1346 816 ,
1379 759 1436 804 ιιι
1464 764 1568 802 non
1610 743 1927 813 lampadem,
1961 749 2016 796 et
2042 739 2144 793 ltu-

568 865 721 904 mana
765 847 944 901 lumen
984 852 1098 898 arte
1133 856 1472 906 succensum,
1506 839 1598 892 sed
1633 837 1805 906 fulgur
1848 834 2144 888 imitaretur

565 943 713 1003 εαξη,
746 955 852 1010 quo
901 938 1236 992 illustrantur
1263 933 1464 991 omnia.
1513 929 1666 986 Unde
1709 938 1762 983 et
1809 926 1860 980 in
1910 925 2145 980 tenebris

564 1032 743 1086 videre
786 1035 1096 1098 potuerunt.
1157 1026 1342 1094 Itque
1387 1023 1552 1078 libere
1597 1020 1886 1074 introeunt.
1933 1014 2148 1069 Viderat

562 1123 703 1176 enim
738 1118 900 1174 Maria
931 1117 1260 1188 Magdalene,
1293 1129 1411 1183 qum
1437 1112 1514 1166 eis
1556 1111 1890 1165 nuntiaverat
1915 1104 2144 1175 lapidem

563 1215 898 1276 revolutum,
934 1219 988 1265 et
1025 1223 1222 1278 corpus
1268 1205 1481 1261 Domini
1528 1205 1596 1258 de
1641 1210 1987 1256 monumento
2027 1210 2147 1251 esse

563 1307 851 1361 sublatum.
904 1301 1166 1370 Angelum
1198 1308 1374 1352 autem
1405 1312 1508 1350 non
1540 1304 1786 1364 putemus
1832 1289 2032 1345 idcirco
2058 1303 2149 1341 ve-

565 1397 710 1451 nisse
731 1435 746 1460 ,
777 1407 833 1448 ttt
875 1393 1104 1462 aperiret
1143 1389 1445 1459 sepulcrum
1479 1386 1704 1440 Domino
1746 1380 2063 1452 resurgenti,
2093 1386 2146 1433 et

563 1488 861 1542 revolveret
892 1484 1117 1552 lapidem
1146 1499 1159 1536 :
1189 1480 1283 1535 sed
1327 1487 1606 1548 postquam
1669 1475 1924 1528 Dominus
1964 1486 2146 1524 resur-

564 1579 722 1640 rexit,
767 1576 894 1631 liora
927 1591 1028 1645 qua
1076 1575 1189 1643 ipse
1220 1573 1406 1635 voluit,
1433 1578 1487 1622 et
1527 1583 1644 1638 qua:
1676 1565 1806 1620 nulli
1838 1562 2145 1618 mortalium

561 1670 770 1739 cognita
797 1677 900 1731 est,
926 1669 1190 1721 indicasse
1219 1663 1361 1734 quod
1383 1662 1578 1716 factum
1602 1669 1684 1714 est
1709 1677 1722 1712 :
1749 1658 1817 1712 Et
1837 1657 2145 1725 sepulcrum

563 1775 789 1816 vacuum
834 1759 1166 1814 revolutione
1214 1755 1423 1825 lapillis,
1456 1763 1509 1807 et
1538 1752 1618 1806 sui
1663 1748 1968 1804 ostendisse
2012 1761 2150 1816 pra:-

561 1853 731 1908 sentia
771 1869 785 1906 :
827 1866 946 1920 qua:
1008 1849 1187 1904 omnia
1247 1845 1603 1908 videbantur,
1657 1839 1946 1911 splendore
1991 1837 2145 1892 faciei

561 1943 729 2014 ipsius
755 1952 807 1998 et
836 1943 1115 1998 horrorem
1142 1939 1484 1994 tenebrarum
1511 1935 1734 2006 fulgoris
1761 1933 2004 1988 claritate
2035 1927 2148 1984 viu-

559 2047 735 2092 cente.

631 2128 786 2184 CAP.
818 2125 930 2182 Vll.
966 2111 1044 2170 -’
1063 2123 1342 2193 Quomodo
1369 2120 1672 2186 Mattltmus,
1698 2129 1751 2174 et
1777 2117 1986 2173 Marcus
2009 2115 2145 2172 serio

563 2220 692 2275 bant
737 2218 1006 2288 Apostolis
1036 2215 1340 2270 mandatum
1373 2228 1468 2283 per
1497 2211 1750 2266 mulieres
1770 2251 1786 2278 ,
1816 2206 1894 2281 (a)
1923 2217 1981 2262 ut
2009 2207 2150 2261 irent

563 2309 615 2365 in
647 2299 936 2366 Galilaeam
969 2306 1249 2362 Dominum
1294 2302 1523 2358 revisuri
1571 2300 1783 2374 (Matth.
1830 2299 1922 2364 26,
1967 2305 2012 2351 et
2052 2295 2144 2363 28;

564 2401 732 2457 Marc.
766 2402 858 2472 l6)
893 2417 907 2456 :
935 2415 1096 2471 quam
1125 2397 1297 2453 Lucas
1328 2395 1484 2467 (Cap.
1506 2392 1619 2466 2t),
1647 2403 1701 2448 et
1724 2391 1960 2448 Joannes
1985 2387 2139 2460 (Cap.

562 2496 654 2552 20.
681 2507 728 2550 et
748 2494 859 2566 2i),
885 2491 1235 2564 Jerosolymis
1251 2490 1318 2544 ab
1339 2489 1443 2543 illis
1466 2489 1638 2542 visum
1661 2499 1785 2541 esse
1809 2481 2142 2554 perhibeant.

567 2586 725 2642 Aliud
751 2593 835 2641 est
878 2584 1123 2640 undecim
1155 2597 1214 2637 se
1243 2580 1440 2636 offerre
1478 2578 1775 2647 discipulis,
1807 2575 1896 2646 qui
1933 2581 2150 2644 propter

569 2688 769 2735 metum
799 2675 1108 2732 Judzcorum
1149 2671 1446 2728 abseonditi
1487 2680 1639 2726 erant
1661 2711 1677 2735 ,
1707 2667 1920 2738 quando
1949 2664 2016 2720 ad
2055 2677 2149 2719 eos

567 2769 762 2826 clausis
793 2769 1067 2838 ingressus
1092 2774 1176 2820 est
1197 2764 1394 2834 januis,
1421 2772 1470 2818 et
1499 2761 1806 2830 putantibus
1834 2756 1975 2830 quod
2003 2755 2150 2810 vide-

566 2863 716 2909 retur
742 2853 797 2908 in
826 2852 1039 2922 spiritu,
1085 2864 1295 2914 manus,
1341 2857 1398 2902 et
1438 2846 1578 2900 latus
1621 2844 1835 2908 obtulit,
1878 2841 2063 2907 clavis,
2093 2848 2151 2894 et

566 2945 750 3000 lancea
777 2945 1112 2999 vulneratum
1148 2961 1162 2996 :
1195 2940 1338 2995 aliud
1365 2939 1579 3010 quando
1608 2935 1900 2992 secundum
1923 2935 2146 3001 Lucam,

567 3038 794 3109 prmbuit
840 3054 900 3094 se
927 3039 1006 3093 eis
1036 3037 1090 3091 in
1120 3037 1295 3090 multis
1325 3033 1634 3104 argumentis
1664 3048 1752 3103 per
1780 3032 1886 3085 dies
1924 3030 2149 3096 quadra-

565 3131 726 3201 ginta,
755 3146 1010 3201 apparens
1033 3129 1104 3183 eis
1128 3138 1175 3182 et
1201 3129 1407 3197 loquens
1429 3123 1491 3178 de
1510 3141 1663 3195 regno
1693 3122 1784 3177 Dei
1814 3137 1832 3176 :
1856 3132 1902 3176 et
1931 3120 2004 3193 (ὁ)
2031 3137 2150 3176 cono

565 3237 764 3277 vescens
810 3220 1048 3292 pracepit
1094 3220 1196 3285 eis,
1245 3219 1308 3272 ab
1351 3216 1688 3286 Jerosotgmis
1735 3230 1797 3268 ne
1841 3213 2151 3268 discederent

567 3313 766 3385 (Actor.
793 3313 846 3366 1.
877 3312 953 3382 4).
981 3309 1036 3364 ln
1067 3309 1244 3364 altero
1269 3309 1410 3363 enim
1440 3323 1537 3377 pro
1562 3307 1928 3362 consolatione
1957 3305 2150 3359 timen-

571 3408 705 3462 tium
730 3405 1033 3470 videbatur,
1065 3413 1120 3459 et
1150 3402 1432 3458 videbatur
1458 3400 1714 3466 breviter,
1739 3413 2060 3470 rursumque
2085 3414 2148 3454 ex

572 3498 747 3556 oculis
776 3496 1061 3554 tollebatur
1089 3512 1104 3550 :
1137 3496 1189 3550 in
1219 3495 1389 3550 altero
1426 3501 1602 3549 autem
1647 3502 1790 3548 tanta
1820 3492 2152 3548 familiaritas

569 3600 706 3656 erat,
731 3599 786 3647 et
820 3590 1245 3661 perseverantia,
1270 3596 1328 3643 ut
1347 3604 1468 3643 cum
1493 3587 1573 3642 eis
1600 3589 1802 3658 pariter
1820 3597 2148 3643 vesceretur.

570 3683 724 3740 Unde
751 3692 804 3739 et
834 3683 1033 3738 Paulus
1057 3681 1347 3753 Apostolus
1419 3681 1580 3754 831
1658 3681 1824 3737 refert
1853 3698 1976 3738 eum
1997 3683 2152 3751 quin-

570 3777 748 3848 gentis
775 3777 932 3831 simul
952 3754 1264 3848 apparuisse
1288 3777 1587 3846 discipulis.
1619 3775 1684 3834 Et
1711 3775 1764 3830 in
1791 3775 2000 3832 Joanne
2022 3776 2154 3846 legi-

572 3884 712 3936 mus,
743 3869 882 3940 quod
913 3869 1240 3939 piscantibus
1270 3870 1564 3940 Apostolis,
1598 3869 1650 3923 in
1680 3869 1861 3924 littore
1901 3870 2109 3924 steterit
2135 3911 2149 3934 ,

565 3970 622 4016 et
652 3973 854 4033 partem
882 3961 990 4016 assi
1019 3963 1199 4032 piscis,
1231 3961 1516 4032 favumque
1544 3962 1841 4018 comederit
1865 3978 1984 4033 quae
2014 3978 2154 4018 vera:

568 4054 981 4109 resurrectionis
1012 4053 1204 4108 iudicia
1236 4063 1380 4109 sunt.
1414 4053 1470 4108 ln
1492 4052 1791 4109 Jerusalem
1814 4063 1992 4109 autent
2019 4052 2152 4108 nihil

567 4147 757 4200 borum
790 4143 983 4200 fecisse
1022 4155 1289 4200 narratur.

638 4235 794 4290 CAP.
837 4233 968 4289 Vlll.
1000 4265 1072 4276 —-
1095 4234 1233 4302 Quid
1263 4234 1531 4306 signiﬁcet
1558 4236 1700 4306 quod
1731 4237 1784 4292 in
1813 4237 2152 4308 Evangelista

571 4325 823 4383 Matthteo
850 4327 1110 4397 scriptum
1139 4336 1242 4395 est,
1269 4326 1422 4382 Jesus
1447 4337 1614 4382 autem
1642 4329 1870 4384 clamans
1899 4346 2016 4384 voce
2041 4347 2152 4383 ma-

567 4436 689 4491 gna,
721 4419 885 4474 emisit
919 4419 1153 4490 spiritum
1182 4434 1201 4472 :
1222 4428 1268 4473 et
1307 4420 1471 4473 velum
1517 4417 1718 4490 Templi
1755 4422 1969 4475 scissum
1999 4433 2072 4477 est
2101 4423 2152 4476 in

567 4513 698 4568 duas
739 4521 928 4584 partes,
958 4527 990 4565 a
1029 4527 1224 4566 summa
1251 4528 1410 4584 usque
1453 4511 1689 4567 deorsum
1713 4555 1728 4579 ,
1760 4522 1807 4568 et
1846 4523 1980 4568 terra
2019 4525 2153 4568 mota

568 4615 662 4674 est,
705 4614 753 4660 et
780 4617 935 4677 petra
959 4607 1128 4662 scissa
1164 4616 1317 4674 sunt,
1350 4615 1398 4661 et
1424 4620 1748 4663 monumenta
1771 4619 1950 4679 aperta
1985 4619 2104 4664 sunt
2134 4626 2154 4663 :

573 4705 620 4749 et
648 4696 808 4750 multa
839 4712 1054 4766 corpora
1087 4696 1418 4763 Sanctorum,
1447 4699 1534 4768 qui
1566 4698 1893 4759 dormierunt,
1921 4715 2155 4752 surrexe-

570 4797 710 4842 runt.
739 4787 810 4841 Et
844 4801 1082 4843 exeuntes
1113 4787 1175 4841 de
1216 4791 1575 4852 monumentis,
1603 4799 1714 4858 post
1741 4790 2153 4843 resurrectionem

568 4878 699 4950 ejus,
741 4889 984 4934 venerunt
1029 4881 1084 4933 in
1120 4891 1350 4934 sanctam
1393 4881 1666 4947 ciuitatem,
1714 4891 1759 4934 et
1807 4891 2154 4952 apparuerunt

571 4969 744 5024 multis
774 4970 986 5044 (Matth.
1009 4971 1099 5026 27.
1131 4973 1220 5028 50.
1241 4984 1287 5027 et
1307 4973 1486 5045 seqq.)
1519 4975 1592 5030 De
1616 4974 1716 5028 ltoc
1739 4977 1856 5030 loco
1884 4976 1932 5028 in
1964 4976 2151 5030 iisdem

568 5061 801 5115 Mattbaai
845 5061 1254 5118 Commentariis
1298 5064 1667 5120 disseruimus.
1702 5065 2045 5136 Primumque
2074 5067 2155 5122 di-

568 5153 820 5220 cendum,
842 5152 984 5222 quod
1011 5152 1080 5224 (c)
1096 5153 1287 5210 divina:
1313 5156 1382 5210 sit
1407 5157 1680 5225 potentiae,
1706 5172 1906 5226 ponere
1921 5160 2151 5214 animant

637 5309 705 5378 (tt)
739 5309 1065 5378 Nondiverso
1087 5323 1234 5378 sensu
1253 5344 1270 5368 ,
1308 5311 1395 5360 sed
1436 5311 1608 5378 iisdem
1627 5349 1641 5372 ,
1670 5325 1793 5378 qua:
1834 5315 1880 5364 in
1909 5315 2148 5378 indiculo,

570 5372 736 5435 verbis
760 5374 1064 5422 Ambrosian.
1109 5372 1261 5434 legit,
1297 5391 1318 5418 ι
1338 5375 1465 5434 quod
1491 5372 1828 5435 praecederent
1853 5372 2152 5428 Salvatorem

569 5436 619 5484 in
645 5434 871 5496 Galtltea,
914 5443 966 5485 et
1005 5435 1072 5484 ibi
1110 5447 1222 5484 eum
1248 5434 1505 5494 viderent,
1536 5434 1690 5487 Lucas
1729 5445 1894 5490 autem
1931 5449 1984 5490 et
2005 5440 2152 5490 Joan-

569 5509 675 5551 nes.
693 5514 717 5543 ι
749 5505 845 5548 etc.

637 5559 943 5626 (b)__Quidam
965 5559 1103 5626 codd.
1128 5567 1174 5610 et
1197 5565 1501 5626 conversatus
1533 5573 1643 5609 cum
1664 5561 1743 5626 eis,
1758 5563 2015 5626 praecepit,
2052 5571 2148 5614 etc.

569 5617 945 5671 Mo‘x'vtctorius
967 5621 1118 5679 addit,
1142 5622 1235 5686 sed
1259 5629 1569 5686 expectarent
1589 5617 1949 5686 promissionem
1973 5617 2151 5686 Patris,

567 5689 864 5755 qute‘tayaen
891 5688 1116 5755 ignorant
1140 5683 1512 5755 {lieron'ymiana
1538 5683 1856 5755 exemplaria.

633 5744 860 5854 (5)833.
900 5744 997 5794 duo
1035 5745 1166 5809 quod
1203 5744 1380 5797 dicitur:
1425 5746 1646 5808 potentia:
1685 5744 1921 5797 indicium
1964 5747 2025 5798 sit
2065 5761 2148 5812 po-

567 5817 699 5865 nere,
719 5817 748 5852 e

1862 344 2108 407 SANCTI

2254 342 2523 403 ΞΒΟΝἹΜΙ
3729 347 3821 405 θεη

2248 463 2462 533 quando
2505 464 2754 528 voluerit,
2799 475 2856 520 et
2894 479 3106 520 rursum
3137 465 3381 536 accipere
3423 479 3564 521 eam.
3595 464 3824 538 Denique

2247 552 2504 610 Centurio
2533 556 2758 611 audiens
2783 572 2905 611 eum
2936 557 3140 612 dixisse
3168 557 3232 612 ad
3267 558 3480 612 Patrem
3515 576 3528 610 :
3562 557 3629 612 In
3657 576 3824 616 manus

2249 655 2362 701 tuas
2406 650 2702 702 commendo
2728 649 2961 720 spiritum
2987 666 3154 704 meum
3195 649 3347 719 (Luc.
3375 651 3467 706 23.
3496 651 3613 721 ‘6).
3642 659 3698 706 et
3722 663 3824 707 sta-

2251 738 2344 792 tim
2391 741 2636 807 spiritum
2668 751 2870 826 sponte
2890 741 3156 796 dimisisse
3178 782 3192 806 ,
3224 753 3523 797 commotus
3552 744 3690 811 signi
3721 758 3823 798 ms-

2249 830 2546 900 gnitudine,
2579 831 2652 886 ait
2683 848 2696 884 :
2737 831 2863 885 Vere
2891 831 2988 886 Dei
3019 831 3190 888 Filius
3217 843 3324 887 erat
3347 835 3459 888 iste.
3489 835 3676 889 Velum
3705 851 3824 904 quo-

2251 936 2356 991 que
2400 921 2607 992 Templi
2659 923 2886 977 scissum
2933 935 3016 979 est
3046 925 3098 978 in
3150 924 3283 979 duas
3326 933 3551 996 partes;
3598 935 3655 979 ut
3683 941 3822 980 com-

2253 1015 2502 1086 pleretur
2527 1015 2680 1080 illud,
2703 1015 2845 1087 quod
2865 1015 3030 1071 refert
3045 1016 3330 1087 Josepbus,
3351 1017 3604 1086 praesides
3629 1018 3822 1088 Templi

2249 1105 2450 1162 dixisse
2495 1107 2721 1162 virtutes
2766 1105 2888 1180 :(d)
2919 1105 3261 1162 Transeamus
3300 1125 3364 1163 ea:
3406 1109 3487 1162 Itis
3527 1110 3748 1164 sedibus.
3775 1108 3824 1164 lit

2253 1198 2546 1269 Evangelia
2585 1209 2764 1254 autem
2811 1199 2954 1270 quod
3003 1199 3283 1255 Hebraicis
3333 1201 3524 1255 litteris
3579 1201 3824 1272 scriptum

2250 1300 2334 1346 est
2373 1291 2474 1363 (l),
2518 1293 2764 1364 legimus,
2813 1310 2918 1348 non
2964 1294 3141 1348 velum
3183 1293 3390 1364 Templi
3442 1295 3711 1359 scissum;
3741 1297 3825 1351 sed

2251 1385 2662 1454 soperliminare
2697 1385 2903 1453 Templi
2945 1386 3096 1439 mira:
3138 1386 3520 1456 magnitudinis
3544 1388 3823 1442 corruisse.

2251 1471 2432 1541 Terra,
2480 1475 2673 1545 inquit,
2720 1487 2856 1529 mota
2896 1486 2988 1542 est,
3021 1477 3340 1547 pendentem
3372 1479 3654 1532 Dominum
3681 1493 3825 1534 suum

2253 1565 2397 1621 ferre
2425 1582 2531 1620 non
2576 1569 2852 1622 sustinens
2877 1584 2892 1632 ;
2923 1577 2973 1623 et
2996 1579 3156 1636 petrte
3181 1570 3355 1623 scisse
3376 1581 3514 1636 sunt,
3549 1579 3606 1624 ut
3631 1571 3825 1634 indica,-

2251 1672 2370 1715 rent
2395 1660 2645 1715 duritiam
2675 1661 3007 1728 Juda'orum,
3040 1663 3128 1733 qui
3159 1671 3476 1732 przrsentem
3523 1663 3614 1717 Dei
3643 1663 3826 1721 Filium

2253 1753 2552 1824 intelligere
2591 1753 2922 1819 noluerunt;
2964 1763 3012 1808 et
3040 1763 3362 1808 monumenta
3389 1763 3566 1823 aperta
3613 1765 3750 1820 sunt,
3778 1756 3826 1810 in

2251 1848 2462 1917 signum
2509 1847 2700 1902 futura:
2745 1848 3191 1912 resurrectionis;
3223 1846 3482 1917 multaque
3529 1848 3827 1902 Sanctorum

2251 1953 2467 2007 corpora
2499 1938 2735 1991 exeuntia
2777 1938 2842 1992 de
2866 1937 3134 2008 sepulcris,
3162 1947 3400 1991 venerunt
3432 1938 3487 1990 in
3517 1949 3748 1991 sanetam
3772 1940 3828 1992 ά·

2252 2030 2477 2095 eitatem,
2502 2038 2547 2083 et
2571 2039 2920 2101 apparuerunt
2945 2029 3139 2084 multis.
3163 2029 3412 2085 Sanctam
3441 2029 3736 2095 civitatem,
3765 2029 3826 2098 (ε)

2250 2119 2639 2193 Jerosolymam
2685 2120 2946 2177 debemus
2992 2122 3275 2191 accipere.
3321 2121 3386 2176 ad
3438 2121 3825 2176 distinctionem

2252 2215 2491 2268 omnium
2536 2214 2834 2279 civitatum,
2867 2231 2986 2284 qua:
3037 2226 3160 2270 tunc
3210 2215 3364 2273 idolis
3407 2214 3734 2270 serviebant.
3777 2215 3826 2270 In

2255 2306 2356 2361 bac
2381 2307 2524 2361 enim
2556 2306 2670 2360 sola
2700 2306 2796 2361 fuit
2824 2307 3128 2377 Templum,
3158 2315 3213 2361 et
3251 2305 3408 2360 unius
3435 2305 3530 2362 Dei
3560 2307 3756 2370 cultus,
3780 2316 3828 2360 et

2253 2417 2377 2456 vera
2396 2402 2584 2472 religio
2609 2419 2622 2454 :
2646 2411 2699 2455 et
2723 2417 2828 2455 non
2853 2400 3102 2455 omnibus
3121 2409 3507 2469 apparuerunt,
3527 2398 3623 2455 sed
3647 2398 3825 2461 multis,

2252 2495 2340 2564 qui
2371 2501 2738 2562 resurgentem
2773 2492 3054 2546 Dominum
3085 2500 3462 2560 susceperunt.

2323 2586 2378 2641 2.
2413 2585 2614 2640 Deinde
2638 2584 2788 2655 juxta
2820 2598 3093 2655 anagogen
3135 2583 3420 2638 dicendum
3449 2593 3555 2648 est,
3587 2582 3726 2654 quod
3757 2583 3829 2637 inc

2253 2678 2520 2732 clamante
2545 2676 2696 2744 Jesu,
2742 2685 2796 2732 et
2821 2677 3104 2732 emittente
3133 2677 3399 2747 spiritum,
3426 2676 3604 2732 velum
3631 2677 3827 2746 Templi

2255 2775 2481 2828 scissum
2513 2773 2584 2828 sit
2616 2773 2668 2827 in
2694 2772 2829 2827 duas
2855 2783 3034 2842 partes
3060 2787 3089 2826 a
3116 2785 3328 2826 summo
3355 2785 3524 2841 usque
3551 2771 3828 2828 deorsum:

2253 2866 2416 2939 832
2489 2875 2546 2922 et
2601 2866 2780 2921 omnia
2826 2864 2984 2936 Legis
3027 2865 3134 2920 sint
3180 2865 3412 2920 revelata
3456 2852 3831 2934 mysteria;ut

2254 2976 2373 3030 quae
2404 2958 2548 3029 prius
2579 2959 2852 3014 recondita
2903 2958 3252 3021 tenebantur,
3283 2955 3552 3010 universis
3595 2955 3833 3025 gentibus

2256 3051 2630 3120 proderentur.
2674 3049 2730 3105 ln
2761 3051 2895 3105 duas
2923 3058 3100 3105 autem
3133 3057 3312 3117 partes
3335 3089 3348 3110 ,
3379 3047 3432 3101 in
3478 3057 3634 3103 vetns
3663 3058 3717 3102 et
3741 3060 3833 3101 no-

2255 3157 2378 3195 vum
2407 3139 2811 3197 Testamentum
2839 3157 2854 3205 ;
2883 3149 2937 3194 et
2965 3156 2992 3193 a
3025 3154 3236 3195 summo
3277 3151 3443 3207 usque
3468 3138 3743 3200 deorsum,
3773 3135 3835 3190 ab

2256 3232 2408 3287 initio
2441 3231 2648 3296 mundi,
2695 3230 2910 3301 quando
2949 3229 3110 3286 homo
3136 3227 3383 3285 conditus
3410 3237 3524 3288 est.
3557 3238 3612 3282 et
3641 3228 3832 3298 reliqua

2255 3341 2375 3395 qua:
2406 3324 2540 3380 facta
2568 3335 2693 3378 sunt
2720 3325 2772 3378 in
2802 3323 3001 3389 medio,
3029 3336 3180 3377 saera
3203 3328 3385 3376 narrat
3404 3319 3650 3387 historia,
3674 3334 3834 3390 usque

2255 3415 2322 3470 ad
2369 3417 2889 3470 consummationem
2922 3415 3127 3470 mundi.
3171 3413 3240 3468 Et
3275 3413 3660 3485 quaerendum,
3702 3415 3834 3485 quod

2255 3508 2432 3562 velum
2460 3507 2669 3577 Templi
2698 3509 2922 3563 scissum
2953 3507 3042 3573 sit,
3071 3506 3341 3573 exterius,
3369 3506 3437 3578 (f)
3475 3520 3542 3560 an
3575 3507 3836 3562 interius?

2255 3600 2379 3656 Mitti
2403 3601 2616 3657 videtur
2635 3602 2685 3656 in
2709 3601 2955 3670 passione
2983 3597 3190 3654 Domini
3208 3596 3336 3652 illud
3359 3598 3536 3652 velum
3563 3613 3685 3654 esse
3711 3613 3834 3653 con-

2257 3693 2676 3764 scissum,.quod
2708 3695 2762 3748 in
2795 3693 3158 3754 tabernaculo.
3189 3701 3242 3746 et
3268 3692 3318 3746 in
3341 3691 3566 3761 Templo
3597 3691 3727 3746 foris
3749 3706 3838 3762 po-

2257 3787 2416 3840 situm
2449 3786 2621 3842 fuerat
2649 3804 2664 3852 ;
2691 3796 2745 3842 et
2769 3785 3140 3856 appellabatur
3160 3786 3394 3841 exterius
3425 3803 3439 3840 :
3473 3785 3610 3852 Quia
3629 3801 3839 3840 nnnces

2259 3890 2403 3948 parte
2443 3881 2701 3946 videmus,
2744 3890 2790 3934 et
2823 3897 2886 3934 ea:
2928 3891 3072 3950 parte
3107 3881 3472 3951 cognoscimus.
3508 3878 3636 3936 Cum
3677 3892 3837 3934 autem

2258 3975 2445 4025 venerit
2471 3973 2606 4042 quod
2645 3972 2924 4042 perfectum
2952 3982 3024 4026 est
3053 3973 3126 4042 (l.
3159 3972 3276 4026 Cor.
3307 3973 3392 4027 13.
3423 3972 3474 4027 9.
3502 3982 3550 4027 et
3579 3971 3691 4044 10),
3720 3980 3838 4026 tunc

2257 4073 2311 4118 et
2345 4064 2520 4118 velum
2548 4065 2771 4120 interius
2793 4064 3204 4136 dirumpendum
3237 4074 3319 4120 est
3349 4081 3362 4117 :
3397 4076 3451 4120 ut
3478 4067 3658 4121 omnia
3682 4081 3799 4138 qua:
3818 4107 3833 4132 ,

2259 4173 2400 4212 nunc
2430 4157 2585 4212 nobis
2627 4157 2938 4212 abscondita
2969 4167 3114 4219 sunt,
3147 4157 3337 4212 domus
3364 4157 3456 4211 Dei
3486 4167 3835 4222 sacramenta,

2258 4248 2555 4303 videamus.
2593 4248 2878 4303 Videamus
2909 4248 3032 4318 quid
3056 4249 3357 4319 signiﬁcent
3394 4247 3502 4303 duo
3525 4249 3834 4313 Cberubim,

2258 4339 2382 4409 quid
2409 4339 2718 4407 Oraculutn,
2750 4340 2876 4410 quid
2905 4356 2996 4396 vas
3022 4356 3267 4406 aureum,
3310 4342 3362 4394 in
3392 4356 3499 4411 quo
3533 4357 3726 4396 manna
3751 4356 3835 4396 re-

2257 4433 2530 4488 conditum
2574 4432 2692 4488 fuit.
2724 4431 2879 4488 Nunc
2917 4435 3048 4488 enim
3089 4450 3179 4506 per
3221 4435 3480 4506 speculum
3522 4434 3749 4490 videmus
3788 4435 3836 4487 in

2257 4527 2526 4598 wnigmate
2567 4526 2745 4598 (Ibid.
2791 4527 2892 4598 l2)
2925 4546 2939 4582 :
2971 4537 3025 4582 et
3052 4543 3173 4582 cum
3221 4528 3454 4582 historia:
3483 4528 3640 4583 nobis
3669 4528 3835 4582 velum

2259 4619 2483 4672 scissum
2507 4619 2596 4685 sit,
2620 4629 2678 4673 ttt
2699 4620 3060 4689 ingrediantur
3075 4620 3266 4674 atrium
3289 4620 3402 4684 Dei,
3435 4629 3611 4675 tamen
3634 4629 3834 4675 secreta

2257 4710 2372 4779 ejus
2397 4718 2454 4765 et
2480 4711 2724 4767 universa
2754 4712 3006 4784 mysteria
3027 4754 3040 4776 ,
3070 4729 3189 4783 qua:
3218 4714 3270 4767 in
3300 4714 3504 4768 cmlesti
3535 4713 3826 4769 Jerusalem

2259 4807 2437 4860 clausa
2470 4806 2789 4868 retinentur,
2816 4805 2955 4860 scire
2978 4820 3083 4860 non
3117 4820 3418 4876 possumus.
3451 4805 3613 4876 Igitur
3640 4807 3691 4860 in
3714 4821 3831 4876 pns-

2259 4899 2408 4952 sione
2460 4897 2668 4953 Domini
2711 4910 2848 4952 terra
2890 4909 3156 4953 commota
3200 4908 3302 4962 est,
3343 4897 3494 4965 juxta
3542 4898 3670 4952 illud
3703 4895 3834 4967 quod

2259 4992 2513 5061 scriptum
2541 5001 2624 5046 est
2651 4991 2702 5045 itt
2734 4993 2928 5062 Aggaao
2957 5007 2972 5056 ;
3005 4991 3184 5044 Adhuc
3210 4990 3364 5044 semel
3381 5030 3396 5056 ,
3425 5000 3472 5043 et
3510 5006 3603 5060 ego
3643 4989 3837 5042 movebo

2321 5129 2400 5191 (d)
2433 5127 2543 5177 νεα.
2583 5130 2633 5177 in
2673 5129 2814 5189 epist.
2848 5125 3024 5191 XVIII.
3063 5127 3122 5177 ad
3146 5126 3408 5176 Damasum
3431 5139 3567 5175 num.
3600 5126 3649 5175 9.
3683 5137 3791 5188 quae
3816 5136 3839 5171 s

2258 5190 2398 5240 nobis
2419 5191 2483 5240 de
2508 5192 2596 5240 bac
2617 5192 2862 5240 sententia
2884 5190 3186 5238 adnotantur.

2324 5256 2391 5315 (ρ)
2427 5252 2735 5315 (ὶοηῖρτῃυξξξ
2758 5253 2970 5315 diximus
2993 5254 3043 5300 in
3059 5254 3205 5315 epist.
3225 5248 3325 5299 LX.
3351 5249 3410 5298 ad
3428 5249 3624 5299 Heliod.
3646 5264 3776 5298 num.
3792 5247 3836 5296 3.

2259 5326 2306 5366 et
2335 5313 2382 5363 in
2409 5318 2551 5377 epist.
2578 5313 2900 5377 XLVlAsnum.
2924 5314 2972 5362 7.

2322 5379 2395 5440 (Ῑ)
2432 5372 2698 5440 Perperam
2721 5375 2941 5426 Martiau.
2968 5372 3514 5440 nisi_forte_typogt3|;_lti
3540 5375 3716 5440 mendo
3740 5381 3837 5440 est,

2257 5435 2570 5491 un'anteriu's.
2599 5439 2775 5500 Notum
2800 5452 2942 5500 porro
2974 5451 3038 5485 ex
3061 5435 3366 5500 Josephode
3388 5435 3530 5500 Bello
3557 5436 3589 5484 ι.
3621 5438 3668 5500 6.
3694 5451 3738 5487 c.
3765 5437 3837 5486 14.

2257 5505 2354 5552 duo
2380 5504 2424 5549 in
2451 5501 2632 5563 templo
2658 5499 2778 5563 vela
2798 5497 3049 5563 extitisse,
3075 5497 3284 5563 alterum
3306 5507 3428 5563 ante
3440 5498 3624 5563 _Sancta
3649 5499 3842 5549 Sancto-

2257 5579 2392 5622 rum,
2417 5559 2626 5614 alterum
2659 5565 2718 5611 ad
2741 5561 3064 5611 'l’abernaculi
3090 5562 3381 5624 ingressum.
3412 5559 3617 5624 Hieron.
3652 5563 3732 5624 qui
3759 5574 3843 5610 ex-

2259 5628 2414 5676 terius
2459 5627 2586 5675 ιμαά
2635 5626 2784 5675 luime
2826 5625 3124 5672 conscissam
3161 5623 3399 5684 opinatur.
3448 5622 3718 5684 Origenem
3763 5636 3842 5684 se:

2258 5697 2398 5737 cutus
2423 5695 2532 5737 est.
2572 5686 2797 5752 plerique
2837 5687 2968 5733 enim
3007 5685 3089 5734 alii
3129 5680 3431 5747 interpretes
3471 5680 3678 5735 intErius
3714 5680 3842 5735 aliud

2256 5755 2511 5811 accipiunt.

2323 5809 2395 5874 (ι’)
2429 5809 2745 5873 Evangelium
2770 5810 3144 5860 Nazarenorum.
