4088 6336
307 377 413 434 993

305 492 488 546 cretum
512 495 558 543 et
582 485 766 543 territat
799 499 817 540 :
841 493 889 539 et
916 483 1073 538 veniet
1109 479 1420 536 desideratus
1439 478 1629 533 cunctis
1654 477 1882 550 gentibus

306 582 460 654 (Agg.
489 578 546 633 2.
577 579 630 634 7.
656 578 712 648 8)
737 595 754 644 ;
787 585 844 631 ut
868 575 936 629 ab
964 574 1183 630 Oriente
1207 581 1260 626 et
1281 569 1568 626 Occidente
1591 570 1808 623 veniant
1827 576 1884 624 et

306 672 623 728 recumbant
649 683 772 723 cum
798 666 1090 726 Abraham,
1119 663 1287 729 Isaae,
1309 670 1365 718 et
1389 661 1554 716 Jacob
1583 658 1794 731 (Matth.
1825 666 1880 713 8.

305 763 418 830 tt).
449 759 515 814 Et
537 769 691 829 petra:
708 758 876 812 scissa:
895 763 1031 820 sunt,
1055 754 1105 808 id
1131 762 1214 808 est
1231 752 1365 807 dura
1387 752 1545 806 corda
1569 751 1840 820 gentilium
1864 765 1878 812 ;

303 854 416 907 sive
447 861 613 922 petrae
633 892 647 914 ,
682 850 928 904 universa
961 847 1210 902 vaticinia
1253 844 1644 915 Prophetarum
1667 885 1682 908 ,
1714 841 1803 912 qui
1827 849 1883 897 et

304 946 402 1014 ipsi
433 944 508 1015 (a)
534 959 562 997 a
591 951 762 1013 petra,
797 939 901 996 hoc
928 948 1031 1004 est,
1059 953 1090 992 a
1115 938 1328 992 Christo
1347 952 1469 992 cum
1499 935 1768 1005 Apostolis
1791 949 1884 1003 pe-

305 1045 402 1090 me
442 1033 758 1088 vocabulum
798 1040 1162 1100 acceperunt:
1186 1039 1244 1084 ut
1272 1027 1526 1098 quidquid
1555 1027 1607 1080 in
1639 1025 1717 1081 eis
1745 1025 1883 1079 duro

303 1126 460 1196 Legis
503 1125 769 1180 velamine
813 1122 1180 1185 claudebatur,
1213 1120 1438 1175 scissum
1480 1126 1686 1188 pateret
1713 1116 1884 1186 genti-

304 1218 422 1272 bus.
470 1216 810 1271 Monumenta
841 1227 1075 1284 quoque,
1107 1212 1175 1267 de
1213 1211 1409 1282 quibus
1451 1210 1710 1279 scriptum
1749 1217 1832 1263 est
1863 1222 1878 1262 :

315 1309 412 1363 Vos
441 1309 559 1363 estis
582 1308 816 1379 sepulcra
836 1308 1146 1362 extrinsecus
1170 1305 1422 1371 dealbata,
1445 1319 1558 1374 qua:
1577 1304 1713 1358 intus
1732 1303 1883 1372 plena

301 1410 421 1454 sunt
450 1399 646 1454 ossibus
688 1408 1004 1453 mortuorum
1035 1397 1248 1472 (Matth.
1297 1398 1389 1453 23.
1434 1396 1548 1468 27),
1596 1396 1716 1450 ideo
1758 1401 1883 1447 sunt

300 1500 505 1560 aperta,
539 1499 598 1544 ut
622 1489 1008 1560 egrederentur
1033 1489 1102 1544 de
1133 1489 1235 1552 his,
1269 1488 1356 1558 qui
1389 1489 1534 1557 prius
1558 1487 1610 1540 in
1657 1483 1881 1540 inlideli-

302 1590 410 1635 tate
437 1580 633 1635 mortui
674 1587 851 1644 erant,
883 1586 936 1634 et
966 1594 1089 1635 cum
1117 1588 1430 1648 resurgente
1456 1575 1692 1642 Christo,
1721 1582 1881 1643 atque

300 1674 536 1740 vivente,
564 1674 811 1728 viverent
837 1671 1053 1744 (Ephes.
1083 1670 1162 1742 2),
1194 1679 1250 1726 et
1275 1669 1685 1740 ingrederentur
1710 1667 1878 1722 caele-

300 1775 435 1820 stem
475 1763 818 1828 Jerusalem;
846 1771 902 1818 et
930 1763 1192 1817 haberent
1230 1759 1610 1830 municipatum
1633 1798 1646 1822 ,
1674 1771 1877 1828 nequa-

300 1870 458 1925 quam
487 1853 538 1909 in
571 1864 735 1920 terra,
763 1854 858 1908 sed
900 1842 952 1906 in
981 1853 1119 1908 caelo
1143 1868 1159 1918 ;
1190 1852 1587 1920 morientesque
1624 1862 1744 1903 cum
1773 1857 1879 1902 ter-

301 1959 432 2000 reno
469 1945 665 2009 Adam,
710 1953 1053 2012 resurgerent
1101 1956 1222 1996 enm
1269 1941 1437 1994 Adam
1486 1937 1874 2008 snpercrelesti.

301 2039 469 2092 Porro
496 2035 790 2092 secundum
832 2035 1060 2090 litteram
1083 2076 1097 2096 ,
1127 2035 1255 2089 nulli
1282 2032 1572 2088 violentum
1645 2031 1807 2102 833

298 2144 420 2185 esse
449 2129 713 2193 videatur,
747 2137 959 2183 mortuo
989 2127 1267 2182 Salvatore
1296 2124 1552 2195 appellari
1582 2123 1876 2179 Jerusalem

297 2227 539 2275 sanctam
590 2220 900 2284 civitatem;
954 2233 1077 2272 cum
1129 2231 1300 2287 usque
1343 2215 1409 2269 ad
1457 2214 1875 2270 destructionem

297 2309 413 2379 ejus
441 2325 655 2379 semper
679 2309 921 2377 Apostoli
948 2307 1226 2375 Templum
1269 2306 1497 2376 ingressi
1545 2305 1684 2370 sint;
1729 2313 1782 2358 et
1809 2304 1879 2357 ob

296 2400 607 2454 scandalum
637 2413 824 2454 eorum
845 2440 860 2463 ,
891 2401 981 2468 qui
1010 2397 1078 2453 de
1101 2396 1303 2453 Judazis
1332 2396 1692 2463 crediderant,
1721 2393 1878 2465 Legis

296 2489 637 2546 exercuerim
662 2489 1032 2544 crerenmnias.
1065 2487 1119 2542 In
1149 2495 1351 2542 tantum
1381 2485 1557 2542 autem
1583 2485 1876 2541 Jerusalem

295 2581 496 2633 amavit
521 2580 798 2646 Dominus,
821 2591 879 2634 ut
899 2581 1053 2635 ﬂeret
1076 2595 1217 2645 eam,
1238 2588 1295 2634 et
1318 2578 1589 2649 plangeret
1609 2577 1755 2650 (Luc.
1789 2577 1875 2631 l9.

297 2671 414 2740 41),
443 2679 499 2724 et
526 2670 768 2740 pendens
799 2671 850 2724 in
879 2685 1041 2727 cruce
1068 2670 1380 2741 loqueretur
1413 2687 1426 2724 :
1460 2667 1637 2734 Pater,
1679 2671 1879 2740 ignosce

295 2762 399 2816 illis
429 2776 449 2814 :
477 2763 614 2832 quod
638 2763 770 2816 enim
809 2763 1022 2834 faciunt,
1059 2765 1288 2816 nesciunt
1317 2760 1477 2832 (Ibid.
1506 2759 1595 2816 ‘23.
1629 2761 1739 2827 54).
1771 2761 1876 2814 lta-

295 2869 402 2922 que
446 2854 786 2923 impetravit,
827 2854 967 2926 quod
998 2855 1224 2924 petierat
1254 2871 1267 2910 :
1299 2853 1568 2924 multaque
1608 2855 1783 2908 statim
1809 2853 1877 2908 de

293 2945 494 3000 Judaeis
525 2946 690 2999 millia
721 2946 1088 3011 crediderunt,
1121 2954 1176 3000 et
1218 2960 1390 3015 usque
1417 2944 1482 2999 ad
1529 2936 1876 3014 quadragesié-

295 3051 440 3090 mum
470 3035 766 3090 secundum
798 3051 996 3090 annum
1023 3036 1207 3090 datum
1241 3045 1326 3090 est
1353 3036 1424 3108 (b)
1450 3036 1497 3090 ei
1531 3047 1735 3105 tempus
1766 3050 1878 3104 pte-

296 3127 555 3180 nitentiae.
585 3126 714 3180 Post
738 3141 892 3196 quos,
924 3127 1394 3197 perseverantibus
1425 3127 1528 3182 illis
1559 3127 1610 3181 in
1650 3128 1872 3194 malitia,

295 3215 495 3285 egressi
525 3225 645 3271 sunt
677 3216 782 3272 duo
813 3217 922 3271 ursi
951 3216 1018 3272 de
1043 3217 1192 3272 silvis
1229 3218 1465 3288 gentium
1490 3218 1871 3285 Romanarum,

298 3308 692 3378 Vespasianus,
741 3318 797 3364 et
838 3309 1029 3365 Titus:
1059 3317 1114 3364 et
1157 3309 1589 3381 blasphemantes
1633 3326 1826 3380 pueros
1854 3351 1871 3377 ,

293 3397 616 3453 ascendente
640 3413 771 3454 vero
801 3399 999 3453 Elisteo
1029 3399 1082 3452 in
1113 3399 1319 3453 domum
1343 3397 1441 3455 Dei
1471 3399 1596 3472 (hoc
1624 3402 1766 3455 enim
1794 3401 1878 3456 in-

295 3498 622 3560 terpretatur
647 3489 846 3559 Bethet)
883 3505 1018 3546 voce
1056 3505 1292 3546 consona
1324 3492 1609 3547 illudentes
1653 3493 1872 3548 interfe-

294 3589 505 3645 cerunt,
555 3589 717 3650 atque
763 3581 1132 3636 laceraveruut
1181 3582 1259 3650 (4.
1306 3581 1432 3652 Reg.
1473 3583 1530 3653 2)
1574 3593 1672 3638 :et
1702 3600 1767 3639 ex
1807 3599 1874 3639 eo

296 3680 538 3741 tempore
560 3669 856 3726 Jerusalem
879 3686 984 3724 non
1010 3671 1310 3740 appellatur
1328 3671 1516 3726 civitas
1535 3683 1716 3727 sancta
1741 3691 1754 3726 :
1780 3673 1873 3728 sed

294 3762 632 3818 sanctitatem
659 3770 715 3816 et
744 3761 1027 3832 pristinum
1057 3777 1252 3817 nomen
1283 3763 1556 3826 amittens,
1584 3765 1876 3834 spirituali-

297 3865 377 3910 ter
403 3864 621 3911 vocatur
649 3853 906 3921 Sodoma,
951 3863 1006 3911 et
1033 3853 1299 3926 Egyptus
1328 3871 1342 3910 :
1377 3863 1433 3909 ut
1461 3855 1753 3911 aediﬁcetur
1779 3871 1876 3926 pro

295 3963 358 4002 ea
383 3948 574 4003 civitas
603 3961 760 4012 nova,
793 3963 952 4018 quam
979 3947 1212 4002 ﬂuminis
1239 3948 1466 4018 impetus
1494 3948 1729 4003 lzetilicat
1756 3947 1871 4021 (Ps.

294 4038 385 4094 45.
413 4039 468 4108 5)
493 4055 508 4104 ;
531 4047 586 4094 et
605 4037 674 4093 de
695 4038 848 4106 cujus
863 4038 1042 4093 medio
1063 4038 1333 4109 egreditur
1348 4038 1488 4104 fons,
1505 4041 1593 4110 qui
1620 4040 1780 4095 totius
1798 4042 1872 4111 (c)

293 4131 441 4185 orbis
483 4129 895 4185 amaritudinem
940 4131 1207 4200 mitigavit
1235 4147 1250 4184 :
1278 4140 1334 4184 ut
1365 4131 1681 4186 miserabilis
1712 4131 1874 4187 Israel

294 4223 475 4277 ruinas
503 4221 735 4292 Templi,
761 4222 972 4277 nudatis
996 4223 1209 4293 plangat
1230 4223 1444 4278 lacertis
1467 4239 1481 4280 :
1505 4233 1558 4278 et
1587 4225 1636 4278 in
1658 4224 1874 4280 Christo

297 4314 449 4369 turba
479 4314 831 4382 credentium,
866 4329 1001 4370 nova
1042 4315 1280 4386 quotidie
1309 4317 1486 4371 videat
1511 4317 1763 4373 Ecclesia:
1793 4329 1874 4374 te-

293 4416 378 4459 cta
406 4420 753 4477 consurgere,
783 4415 837 4462 et
862 4406 1003 4462 dicat
1025 4406 1177 4473 Sion,
1200 4408 1463 4479 Angustus
1485 4408 1611 4462 mihi
1639 4409 1779 4464 locus
1803 4420 1876 4464 est

295 4497 448 4567 (lsai.
474 4498 564 4555 49.
585 4498 682 4570 20)
707 4517 720 4553 :
746 4497 1138 4570 implenturque
1162 4500 1316 4568 illud,
1341 4501 1481 4571 quod
1509 4501 1561 4556 in
1587 4501 1720 4556 Isaia
1743 4505 1876 4558 scri-

297 4600 444 4660 ptum
495 4601 579 4646 est
620 4591 736 4646 :Et
782 4593 875 4645 erit
917 4593 1208 4663 sepulcrum
1256 4595 1368 4662 ejus
1410 4594 1657 4665 inclytum
1711 4595 1871 4665 (Ibid.

296 4686 384 4739 Η.
415 4683 528 4750 10).

365 4773 520 4830 CAP.
541 4773 634 4829 1X.
648 4802 717 4814 —
732 4773 1010 4842 Quomodo
1039 4775 1283 4831 Salvator
1303 4778 1594 4833 secundum
1616 4779 1875 4836 Joannem

297 4865 479 4934 (lacn.
502 4863 619 4936 ‘10),
665 4864 949 4920 insuﬂ‘lavit
990 4867 1247 4939 Spiritum
1290 4868 1540 4924 Sanctum
1578 4871 1628 4924 in
1665 4881 1877 4929 sanctos

275 4941 588 5028 'Apostolos
607 4995 622 5019 ,
646 4964 701 5010 et
727 4953 1022 5012 secundum
1043 4955 1265 5023 Lucam,
1293 4965 1414 5028 post
1433 4961 1796 5015 ascensionem
1818 4977 1877 5018 se

296 5050 584 5104 missurum
605 5047 963 5117 repromittit?
984 5048 1152 5121 Hujus
1169 5050 1481 5122 quaestionis
1499 5052 1763 5123 perfacilis
1789 5070 1877 5110 so-

361 5225 434 5289 (a)
469 5225 704 5275 victorius
725 5237 756 5274 a
772 5231 916 5276 Petra
937 5227 1138 5280 Christo.

359 5308 450 5383 (lt).
465 5307 777 5380 Εχονὶοιοτὶο
794 5309 1062 5383 addidimus
1083 5313 1144 5363 ei.
1172 5314 1447 5383 Mox‘eodd.
1474 5317 1588 5369 Mss.
1609 5319 1808 5383 habent,
1827 5323 1879 5374 in

217 5412 222 5418 .
297 5368 698 5447 pro
947 5373 1228 5447 Adnotanda
1252 5384 1330 5447 est
1355 5381 1499 5447 etiam
1527 5395 1588 5430 ex
1613 5368 1877 5447 4.Ἱὶᾧῖιῶ

215 5456 230 5496 ,_
297 5429 686 5507 Eligggibistoria
705 5471 717 5490 ,
743 5446 844 5507 quo
863 5435 1170 5507 ascendente
1202 5440 1263 5507 in_
1285 5440 1462 5507 Bethel
1481 5476 1496 5500 ,
1544 5429 1877 5507 (paeéi'p‘iiii

215 5492 233 5563 ί
299 5494 490 5563 egressi
513 5499 627 5543 sunt
648 5493 712 5563 de
736 5492 966 5563 civitate,
1001 5496 1272 5563 illudebant
1296 5502 1345 5550 ei
1381 5492 1630 5563 dicentes,
1659 5492 1877 5558 ascende

297 5554 472 5626 αιιῖθρ,
493 5555 702 5626 ascende
725 5555 903 5626 salve.
927 5554 1012 5626 Qui
1037 5572 1147 5626 cum
1171 5564 1506 5626 respexisset,
1535 5554 1649 5617 vidit
1686 5554 1880 5626 saga

299 5613 550 5690 maledixit
584 5629 678 5690 “eos
719 5618 771 5690 in
809 5613 1006 5690 nomine
1045 5613 1269 5682 Domini,
1309 5613 1878 5690 egressiquewsunt'duo

300 5679 404 5727 ursi
436 5679 500 5728 de
529 5679 688 5739 saltu,
728 5687 781 5729 et
816 5677 1154 5732 laceraveruut
1191 5677 1258 5732 ex
1297 5677 1372 5735 eis
1405 5677 1880 5752 quadragintaid‘no's

303 5753 494 5803 pueros.
518 5756 541 5785 ι

369 5801 439 5862 (cl
473 5802 774 5852 Ambrosiam
803 5803 1054 5856 exemplar
1077 5799 1218 5857 totius
1241 5805 1389 5858 urbis.

1654 361 1981 420 EPISTOLA
2018 357 2185 418 CXX.

3463 361 3568 422 ωδ

1990 474 2122 529 lutio
2139 482 2240 539 est,
2263 475 2308 530 si
2329 467 2555 532 docedte
2574 476 2828 550 Apostolo
2850 479 3267 552 Paulo,Spiritns
3285 479 3467 537 Sancti
3490 479 3572 536 di-

1991 582 2174 622 versas
2197 569 2393 638 gratias
2411 570 2734 624 noverimus.
2750 571 2946 627 Scribit
2961 574 3100 628 enim
3123 575 3173 628 in
3198 573 3367 644 prima
3385 573 3450 630 ad
3463 573 3569 628 Co-

1990 657 2215 712 rinthios
2238 658 2470 727 Epistula
2500 676 2513 712 :
2549 678 2568 710 ‹
2605 659 2897 718 Divisiones
2922 664 3184 718 donorum
3222 675 3375 724 sunt.
3419 665 3560 721 idem

1991 763 2118 803 vero
2141 748 2366 818 Spiritus
2389 765 2406 806 :
2431 759 2484 804 et
2510 750 2796 808 divisiones
2817 755 3224 812 ministeriorum
3251 767 3392 820 sunt,
3417 758 3560 813 idem

1988 849 2162 892 autem
2190 841 2470 896 Dominus:
2496 853 2547 897 et
2563 842 2852 900 divisiones
2871 850 3237 916 Operationum
3257 863 3400 915 sunt,
3422 853 3561 908 idem

1987 940 2163 985 autem
2189 931 2348 998 Dens,
2377 935 2466 1002 qui
2495 943 2747 1003 operatur
2771 939 3024 993 omniain
3054 944 3321 998 erunibus.
3350 944 3565 1002 Utticui~

1988 1037 2091 1091 que
2108 1032 2282 1078 autem
2314 1024 2470 1078 datur
2501 1026 2858 1082 manifestatio
2885 1031 3124 1099 sy’ritns.
3156 1035 3236 1102 (ά)
3255 1036 3317 1088 ad
3342 1036 3393 1090 id
3417 1037 3560 1108 quod

1986 1114 2226 1182 expedit.
2251 1115 2352 1170 Alii
2373 1118 2584 1185 quidem
2605 1117 2762 1173 datur
2783 1135 2875 1187 per
2894 1120 3145 1190 Spiritum
3161 1127 3572 1196 set'uzosapien-

1990 1213 2096 1273 ttae,
2119 1205 2204 1258 alii
2226 1221 2406 1260 sermo
2430 1210 2666 1263 scientia:
2691 1211 2983 1267 secundum
3011 1215 3256 1270 eumdem
3284 1218 3561 1287 Spiritum,

1985 1295 2072 1348 alii
2100 1296 2268 1364 gratia
2295 1299 2580 1354 sanitatum
2609 1302 2665 1355 in
2694 1317 2801 1356 uno
2820 1303 3040 1372 Spiritu.
3060 1305 3148 1360 alii
3193 1307 3323 1364 lides
3401 1310 3568 1382 83‘I

1987 1384 2038 1438 in
2071 1384 2261 1440 eodem
2293 1386 2622 1457 Spiritu,alii
2653 1396 2893 1462 operatio
2912 1397 3182 1462 virtutum,
3205 1400 3292 1454 alti
3326 1401 3565 1471 Pruplteo

1987 1477 2078 1543 tia,
2121 1479 2209 1531 alii
2250 1479 2502 1536 discretio
2542 1484 2848 1553 spirituum,
2883 1489 2971 1542 alii
3005 1504 3200 1560 genera
3237 1492 3558 1562 linguarum,

1983 1568 2073 1620 alii
2101 1578 2280 1624 autetn
2314 1571 2684 1642 interpretatio
2711 1591 3044 1634 sermonum.
3077 1582 3200 1637 lla:c
3237 1595 3414 1639 autent
3445 1602 3564 1640 om-

1983 1660 2071 1714 nia
2099 1672 2354 1731 operatur
2381 1681 2518 1720 unus
2543 1676 2707 1737 atque
2737 1669 2876 1724 idem
2906 1671 3155 1742 Spiritus,
3187 1675 3429 1732 dividens
3453 1680 3566 1733 sin-

1982 1751 2122 1819 gulis
2139 1763 2296 1820 prout
2317 1755 2426 1808 vult
2454 1758 2560 1824 »(1.
2581 1757 2700 1814 Cor.
2726 1760 2880 1814 lii.
2899 1773 2944 1814 et
2963 1763 3093 1832 sqq).
3117 1765 3258 1835 Ergo
3284 1767 3559 1834 Dominus,
3633 1786 3638 1792 ‘

1982 1843 2072 1909 qui
2099 1851 2220 1910 post
2257 1848 2704 1905 resurrectionem
2737 1866 2886 1905 suam
2927 1853 3077 1922 juxta
3121 1854 3279 1911 Lucas
3317 1859 3561 1930 Evange-

1985 1934 2112 1988 lium
2139 1935 2354 1991 dixerat
2384 1955 2398 1992 :
2434 1957 2454 1991 σ
2481 1940 2618 1996 Ecce
2647 1957 2747 2014 ego
2777 1945 2980 2000 mittam
3021 1949 3428 2018 promissionem
3459 1952 3564 2007 Pa-

1984 2028 2082 2081 tris
2113 2027 2216 2082 mei
2249 2029 2301 2083 in
2329 2044 2427 2085 vos
2453 2045 2468 2086 :
2501 2031 2607 2087 Vos
2631 2043 2807 2090 autem
2829 2037 3012 2094 sedete
3039 2040 3091 2093 in
3121 2042 3334 2099 civitate
3355 2045 3560 2115 quoad-

1984 2131 2154 2186 usque
2193 2119 2485 2176 induamini
2514 2125 2710 2180 virtute
2748 2143 2812 2182 ex
2848 2129 2958 2185 alto
2985 2149 3006 2183 ι
3039 2128 3186 2203 (Luc.
3218 2136 3312 2189 ult.
3339 2137 3433 2208 49)
3458 2153 3473 2192 :
3503 2149 3560 2194 et

1977 2208 2126 2276 juxta
2158 2213 2404 2267 eumdem
2439 2216 2490 2268 in
2517 2217 2898 2285 Apostolorum
2928 2223 3150 2279 Actibus
3191 2235 3275 2282 est
3313 2228 3556 2284 locutus:

1988 2318 2006 2350 ι
2039 2301 2294 2372 Praecepit
2333 2309 2412 2360 eis
2446 2308 2514 2363 ab
2543 2309 2891 2384 Jerosolymis
2935 2331 3002 2371 ne
3043 2317 3416 2388 discederent;
3463 2324 3559 2380 sed

1981 2406 2356 2462 exspectarent
2379 2401 2786 2467 promissionem
2809 2405 3002 2470 Patris,
3027 2422 3186 2477 quam
3205 2412 3449 2479 audistis,
3475 2415 3560 2469 in-

1982 2486 2114 2553 quit,
2142 2501 2240 2555 per
2266 2503 2330 2542 os
2356 2506 2532 2545 meum
2564 2510 2576 2545 :
2609 2496 2734 2563 quia
2759 2495 2993 2552 Joannes
3031 2499 3249 2569 quidem
3277 2503 3562 2574 baptizavit

1981 2589 2139 2644 aqua,
2171 2592 2268 2631 vos
2290 2590 2466 2636 autem
2497 2583 2895 2653 baptizabimini
2932 2588 3133 2657 Spiritu
3173 2591 3372 2650 Sancto
3393 2635 3408 2660 ,
3451 2612 3556 2653 non

1984 2675 2104 2734 post
2131 2669 2327 2724 multos
2356 2671 2454 2726 hos
2499 2673 2615 2729 dies
2647 2693 2668 2726 ι
2727 2677 2863 2747 (Act.
2893 2680 2947 2734 4.
2981 2681 3036 2749 5)
3065 2699 3080 2748 ;
3129 2699 3338 2740 rursum
3367 2688 3419 2741 in
3453 2689 3558 2745 line

1983 2758 2253 2829 Evangelii
2281 2764 2574 2818 secundum
2601 2766 2882 2834 Joannem,
2910 2786 2976 2825 eo
3003 2772 3091 2827 die
3115 2789 3222 2850 quo
3252 2791 3559 2835 resurrexe-

1981 2858 2084 2915 rat,
2115 2850 2166 2904 id
2194 2860 2277 2905 est
2312 2852 2400 2908 die
2431 2855 2726 2924 Dontinica,
2757 2859 2952 2916 clausis
2989 2862 3174 2932 jannis
3219 2867 3286 2921 ad
3329 2871 3559 2938 Aposto-

1984 2941 2061 2994 los
2089 2942 2339 2999 introisse
2365 2957 2636 3017 narratur,
2662 2959 2717 3005 et
2745 2952 2945 3008 dixisse
2986 2956 3066 3012 eis
3093 2960 3352 3027 secundo,
3399 2981 3420 3014 ι
3448 2963 3556 3020 Pax

1982 3033 2171 3100 vobis;
2209 3053 2228 3087 ι
2251 3044 2306 3091 et
2350 3038 2590 3096 intulisse
2614 3057 2630 3099 :
2664 3059 2686 3094 ι
2711 3042 2860 3099 Sicut
2885 3045 3032 3102 misit
3059 3062 3147 3104 me
3171 3050 3347 3117 Pater,
3375 3065 3429 3109 et
3453 3071 3556 3125 ego

1979 3125 2132 3179 mitto
2161 3141 2296 3181 vos:
2327 3128 2432 3184 hoc
2477 3145 2601 3187 cum
2646 3132 2904 3200 dixisset,
2949 3138 3269 3208 insul’ﬂavit,
3315 3153 3370 3198 et
3409 3145 3544 3200 dixit

1977 3216 2058 3270 eis
2085 3234 2098 3271 :
2129 3220 2368 3289 Accipite
2392 3220 2647 3292 Spiritum
2667 3226 2918 3284 Sanctum
2946 3249 2958 3284 :
2988 3247 3214 3302 quorum
3237 3238 3555 3293 remiseritis

1980 3318 2220 3376 peccata,
2249 3311 2600 3369 remittuntur
2627 3317 2726 3383 eis,
2756 3328 2811 3373 et
2838 3335 3066 3386 quorum
3093 3327 3440 3394 retinueritis,
3475 3345 3562 3387 re-

1979 3405 2124 3454 tenta
2151 3410 2310 3456 erunt
2338 3403 2520 3472 (Joan.
2549 3408 2640 3463 20.
2668 3409 2758 3464 2|.
2785 3420 2839 3464 et
2865 3415 3028 3484 seqq).
3074 3415 3251 3472 Prima
3281 3418 3443 3488 igitur
3471 3421 3560 3476 die

1978 3495 2426 3562 resurrectionis,
2467 3512 2794 3570 acceperunt
2829 3503 3059 3573 Spiritus
3095 3509 3273 3565 Sancti
3299 3514 3552 3581 gratiam,

1977 3599 2080 3650 qua
2107 3595 2319 3653 peccata
2349 3587 2711 3658 dimitterent,
2739 3603 2794 3647 et
2824 3595 3155 3664 baptizarent
3173 3642 3187 3662 ,
3214 3613 3268 3656 et
3295 3603 3432 3658 ﬂlios
3459 3607 3552 3662 Dei

1979 3671 2250 3739 facerent,
2300 3684 2354 3730 et
2399 3678 2646 3746 spiritum
2687 3682 2990 3752 adoptionis
3019 3689 3362 3747 credentibus
3392 3695 3557 3764 largi-

1981 3771 2203 3818 rentur:
2235 3766 2352 3834 ipso
2376 3767 2652 3826 Salvatore
2679 3772 2929 3830 dicente:
2984 3796 3004 3829 ι
3049 3778 3285 3846 Quorum
3329 3789 3559 3844 remise-

1979 3852 2096 3908 ritis
2125 3865 2361 3924 peccata,
2394 3861 2739 3917 remittuntur
2765 3867 2880 3931 eis;
2920 3877 2974 3922 et
3002 3886 3229 3939 quorum
3271 3878 3560 3937 retinueri-

1982 3945 2069 4008 tis,
2101 3956 2308 4001 retenta
2335 3961 2494 4005 erunt
2524 3972 2543 4004 ι
2588 3954 2682 4010 Die
2709 3966 2886 4012 autem
2915 3959 3262 4020 Pentecostes
3309 3969 3388 4024 eis
3432 3987 3552 4027 am-

1982 4035 2120 4104 plius
2150 4040 2529 4109 repromissum
2543 4052 2656 4109 est,
2697 4057 2754 4101 ut
2783 4049 3182 4118 baptizarentur
3204 4056 3401 4126 Spiritu
3434 4062 3562 4117 Sau-

1980 4136 2086 4189 cto.
2106 4137 2160 4183 et
2185 4129 2530 4188 induerentur
2557 4137 2749 4194 virtute
2775 4155 2840 4194 ex
2865 4141 2994 4208 alto,
3027 4161 3128 4214 qua
3155 4147 3351 4204 Christi
3379 4150 3559 4206 Evan-

1978 4221 2174 4292 gelium
2220 4226 2424 4280 cunctis
2460 4229 2706 4299 gentibus
2755 4235 3142 4304 prmdicarent,
3179 4239 3337 4309 juxta
3388 4244 3558 4312 illud,

1980 4312 2120 4382 quod
2149 4314 2199 4368 in
2224 4314 2296 4387 (e)
2322 4321 2660 4389 sexagesimo
2679 4325 2909 4394 septimo
2929 4326 3143 4384 Psalmo
3166 4330 3392 4402 legimus
3414 4353 3426 4386 :
3450 4335 3558 4390 Do-

1980 4419 2076 4458 nus
2124 4405 2261 4460 dabit
2307 4410 2508 4464 verbum
2546 4416 3004 4485 erangelizantibus
3041 4421 3223 4475 virtute
3263 4426 3461 4491 multa;
3501 4438 3558 4481 ut

1980 4493 2240 4553 haberent
2277 4502 2642 4568 operationem
2693 4507 2970 4573 virtutum,
3008 4521 3062 4564 et
3089 4513 3314 4580 gratiam
3350 4517 3552 4571 sanita-

1983 4597 2128 4654 tum;
2157 4599 2208 4645 et
2235 4592 2573 4660 pradicaturi
2597 4596 2779 4651 multis
2807 4600 3057 4666 gentibus
3076 4643 3092 4668 ,
3123 4604 3429 4674 acciperent
3457 4625 3554 4678 ge-

1981 4695 2109 4734 nera
2137 4682 2475 4752 linguarum:
2511 4695 2564 4738 ut
2590 4686 2700 4756 jam
2743 4697 2868 4744 tunc
2910 4704 3253 4760 nosceretur,
3281 4698 3368 4768 qui
3413 4703 3558 4772 Apoo

1983 4773 2265 4839 stolorum,
2296 4776 2490 4845 quibus
2520 4777 2777 4835 deberent
2805 4784 3048 4853 gentibus
3099 4788 3364 4846 nuntiare.
3399 4793 3560 4849 Deni-

1981 4879 2084 4932 que
2113 4866 2404 4934 Apostolus
2446 4867 2661 4937 Paulus,
2702 4873 2791 4942 qui
2831 4874 2900 4930 de
2943 4875 3238 4935 Jerusalem
3287 4898 3454 4954 usque
3491 4887 3556 4940 ad

1983 4956 2250 5028 Illyricum
2282 4959 2612 5028 praedicavit,
2639 4973 2693 5020 et
2714 4965 2835 5023 inde
2859 4984 2953 5038 per
2973 4971 3196 5028 Romam
3222 4976 3288 5030 ad
3316 4977 3559 5049 lliSpani-

1983 5062 2070 5102 am
2108 5049 2182 5103 ire
2213 5049 2423 5105 festinat
2477 5052 2652 5124 (Rom.
2684 5057 2808 5129 15),
2849 5064 3048 5130 gratias
3092 5065 3193 5135 agit
3246 5067 3389 5129 Deo.
3422 5072 3561 5138 quod

1984 5141 2190 5196 cunctis
2211 5144 2481 5213 Apostolis
2495 5145 2742 5218 (f)magis
2761 5151 2955 5220 linguis
2973 5155 3218 5226 loquatur
3236 5160 3284 5227 (l
3302 5198 3315 5211 .
3333 5159 3431 5213 Cor
3449 5162 3560 5230 14).

1985 5232 2084 5299 Qui
2116 5235 2257 5288 enim
2288 5237 2468 5292 multis
2494 5241 2742 5309 gentibus
2770 5246 3193 5302 annuntiaturus
3211 5259 3343 5315 erat,
3368 5251 3561 5303 multa-

1989 5339 2104 5378 rum
2133 5326 2433 5397 linguarum
2461 5343 2742 5402 acceperat
2765 5338 3016 5404 gratiam.
3059 5339 3189 5406 Qua:
3218 5341 3562 5408 repromissio

1987 5417 2216 5489 Spiritus
2287 5422 2450 5496 835
2521 5423 2704 5483 Sancti
2724 5427 2811 5484 die
2830 5428 2891 5484 de
2913 5431 3034 5484 sima
3058 5432 3558 5501 postaseensionem

2048 5571 2128 5642 ((1)
2152 5573 2467 5642 _M_artia_n_:eus_
2487 5578 2552 5627 ad
2577 5578 2843 5642 utilitatem,
2867 5579 3004 5642 juxta
3030 5578 3300 5642 Vulgatam.

2049 5635 2117 5701 (e)
2152 5634 2298 5701 idem
2310 5636 2430 5686 falso
2454 5637 2644 5701 legerat
2666 5640 2716 5688 in
2739 5634 3038 5701 sexagesimo
3060 5634 3262 5691 Ρδᾶιιηο.

2052 5697 2235 5769 (nulla
2266 5697 2463 5769 Graecus
2499 5697 2697 5758 textus,
2745 5697 3000 5769 Graecique
3019 5701 3247 5769 _Patres,
3278 5710 3346 5769 et
3385 5704 3562 5769 Syrus;

1987 5757 2236 5809 sedillnd
2281 5759 2468 5823 magis,
2513 5772 2677 5822 μᾶλλον,
2720 5757 2949 5810 omittunt
2985 5761 3210 5828 plerique
3239 5757 3359 5823 alii,
3407 5757 3565 5820 Latini

1986 5836 2160 5877 passtm
2167 5858 2180 5872 .
