4088 6336
540 353 643 410 995

535 462 826 521 salvatoris
857 459 1063 530 expleta
1095 463 1198 520 est,
1231 453 1368 509 Luca
1399 450 1668 507 referente
1695 489 1710 516 ,
1742 447 1832 518 qui
1864 448 2078 517 scripsit
2104 463 2122 503 :

546 557 674 609 (Iunt
712 552 1082 622 complerentur
1129 547 1235 600 dies
1284 544 1631 604 Pentecostes,
1657 548 1802 595 erant
1829 554 2000 592 omnes
2028 554 2125 606 pa-

543 653 665 703 riter
692 649 744 700 in
773 645 946 698 eodem
971 643 1082 696 loco
1101 680 1117 704 ,
1149 650 1196 692 et
1218 642 1385 710 factus
1408 645 1479 689 est
1505 642 1706 703 repente
1735 631 1798 684 de
1825 631 1949 684 etrlo
1969 645 2122 683 sonus

545 754 785 808 tanquam
825 732 1136 788 advenientis
1181 730 1406 798 Spiritus
1434 724 1734 780 vehementis
1772 738 1792 776 :
1829 730 1875 776 et
1905 720 2113 788 replevit

449 870 452 873 ι
547 842 704 882 totum
735 828 962 890 domum,
992 823 1074 878 ubi
1101 831 1241 875 erant
1268 819 1530 880 sedentes;
1575 826 1619 869 et
1645 821 1993 882 apparuerunt
2021 809 2127 864 illis

544 923 828 991 dispurtita:
869 920 1060 988 lingua:
1097 926 1334 984 tanquam
1365 912 1494 982 ignis
1535 927 1547 962 :
1580 909 1805 976 seditque
1836 922 1993 971 supra
2022 905 2128 958 sin-

542 1020 686 1088 gulos
713 1029 926 1075 eorum;
958 1021 1003 1063 et
1029 1009 1208 1080 replegi
1247 1017 1364 1058 sunt
1401 1020 1571 1057 euntes
1599 1001 1796 1069 Spiritu
1824 998 2027 1088 Sancta
2039 1014 2051 1049 :
2077 1005 2124 1050 et

541 1086 795 1177 eruperunt
823 1103 959 1168 loqui
990 1100 1066 1172 (α)
1098 1099 1247 1152 variis
1297 1096 1480 1165 linguis
1503 1135 1518 1157 ,
1550 1101 1695 1162 prout
1726 1089 1949 1160 Spiritus
1994 1086 2131 1141 Satt-

543 1212 651 1256 ctus
667 1199 816 1252 tlubat
831 1197 996 1260 eloqui
1011 1195 1112 1247 illis
1127 1194 1263 1260 (Act.
1278 1189 1333 1243 9...
1357 1190 1458 1242 Let
1474 1185 1791 1254 seqq).'l‘une
1806 1181 2126 1248 completum

547 1304 630 1346 est
658 1292 785 1344 illud
812 1287 951 1358 quod
1001 1286 1196 1353 legitur
1241 1283 1292 1334 in
1336 1279 1449 1334 Joel
1479 1297 1490 1331 ε
1526 1276 1593 1330 Et
1625 1277 1719 1330 erit
1760 1275 1814 1327 in
1845 1271 2129 1326 novissimis

546 1384 740 1444 diebus,
769 1383 887 1434 dicit
920 1377 1168 1431 Dominus
1195 1393 1208 1428 :
1246 1371 1504 1438 effundant
1548 1369 1610 1422 de
1626 1368 1817 1438 spiritu
1850 1383 1957 1418 meo
1981 1380 2132 1433 super

547 1491 742 1530 omnem
782 1484 1024 1524 carnem:
1071 1479 1117 1522 ct
1151 1462 1522 1536 praplietabunt
1567 1460 1665 1528 lilii
1705 1459 1888 1524 vestri,
1933 1466 1981 1509 et
2011 1456 2134 1522 [ilice

549 1577 764 1620 vestite:
792 1563 1010 1616 seniores
1037 1559 1188 1611 vestri
1211 1555 1406 1610 somnia
1451 1550 1771 1605 somniabunt
1807 1566 1823 1604 :
1857 1558 1903 1600 et
1919 1547 2133 1618 juvenes

550 1657 698 1711 vestri
736 1655 949 1708 uisiones
986 1651 1222 1704 videbunt
1252 1645 1414 1716 (.locl.
1444 1643 1500 1697 2.
1533 1643 1644 1712 18).
1678 1641 1910 1694 Verbum
1951 1649 2131 1692 autem

547 1747 824 1804 elTusionis
848 1744 1116 1813 significat
1140 1738 1325 1810 gratia:
1355 1736 1680 1805 largitatem,
1712 1731 2016 1798 ctidipsum
2047 1743 2134 1782 so-

549 1851 661 1906 nat,
691 1837 829 1908 quod
861 1835 1117 1891 Dominus
1146 1830 1487 1901 repromisit:
1528 1825 1628 1880 Vos
1656 1835 1822 1879 autem
1850 1820 2133 1891 baptisabi-

552 1933 674 1986 mini
691 1930 889 2001 Spiritu
908 1928 1098 1982 Sancto
1119 1941 1221 1978 non
1243 1931 1355 1991 post
1374 1920 1558 1973 multos
1579 1919 1670 1972 ltos
1693 1918 1797 1970 dies
1818 1916 1955 1984 (Act.
1982 1917 2031 1968 l.
2051 1915 2132 1982 5).

552 2026 606 2080 In
641 2034 842 2079 tantum
869 2022 1010 2076 enim
1044 2018 1245 2087 Spiritu
1274 2015 1472 2070 Sancto
1499 2011 1748 2080 baptizati
1776 2018 1922 2074 sttnl,
1959 2019 2016 2060 ut
2047 2022 2134 2061 re-

551 2117 784 2185 plcretur
810 2121 916 2168 tota
961 2112 1173 2172 domus,
1222 2107 1312 2161 ubi
1353 2114 1510 2160 erant
1555 2103 1848 2157 sedentes:
1898 2109 1951 2155 et
1996 2099 2134 2169 ignis

550 2209 782 2277 Spiritus
823 2203 1004 2260 Sancti
1045 2201 1330 2255 stationem
1362 2199 1412 2251 in
1444 2198 1524 2252 eis
1563 2195 1831 2249 inveniret
1859 2202 2134 2262 optatam,

553 2300 865 2368 linguasque
891 2293 1188 2358 divideret;
1218 2300 1272 2346 et
1297 2288 1590 2345 secundum
1636 2286 1858 2356 Isaiam,
1908 2285 1998 2355 qui
2040 2284 2138 2337 im-

553 2388 748 2442 munda
774 2386 909 2440 labia
935 2383 1134 2438 habere
1155 2397 1213 2436 se
1239 2381 1468 2446 dixerat,
1495 2387 1746 2447 purgaret
1769 2375 1902 2430 labia
1926 2389 2134 2436 eorum,

553 2487 609 2531 nt
640 2477 986 2546 Evangelium
1009 2473 1204 2528 Christi
1229 2471 1415 2542 purius
1441 2470 1812 2538 praedicarent.
1842 2466 1906 2520 Et
1931 2465 1982 2519 in
2006 2466 2138 2520 lsaia

557 2567 710 2637 (Cap.
742 2567 796 2636 6)
827 2565 1043 2636 quidem
1077 2562 1486 2632 superliminare
1512 2557 1723 2628 Templi
1752 2557 1948 2612 dicitur
1975 2554 2142 2610 fuisse

554 2668 882 2714 commotum
907 2672 921 2719 ;
946 2663 1000 2708 et
1020 2653 1224 2722 repleta
1251 2661 1334 2706 cst
1357 2651 1533 2705 omnis
1557 2649 1750 2703 domus
1773 2649 1935 2711 fumo,
1963 2646 2014 2702 id
2036 2657 2138 2713 est,

559 2762 769 2810 errore,
795 2755 850 2800 et
879 2754 988 2799 teni
1008 2743 1140 2808 bris,
1172 2742 1390 2811 verique
1423 2739 1742 2809 ignorantia.
1777 2739 1834 2792 ln
1883 2738 2142 2808 principio

567 2847 747 2893 autem
779 2834 1056 2905 Evangelii
1087 2833 1323 2902 repletur
1349 2831 1549 2901 Spiritu
1577 2829 1775 2886 Sancto
1798 2829 2062 2893 Ecclesia,
2087 2839 2145 2884 ut

559 2929 727 3001 gratia
757 2927 894 2997 ejus,
923 2937 1085 2995 atque
1112 2924 1348 2990 fervore,
1377 2924 1613 2977 omnium
1648 2921 1978 2978 credentium
2021 2937 2146 2990 pec-

562 3030 679 3075 cata
709 3028 1005 3090 purgentur
1029 3034 1042 3071 :
1072 3026 1128 3072 et
1157 3017 1278 3087 igne
1308 3015 1536 3084 Spiritus
1556 3012 1756 3078 Sancti,
1783 3029 1943 3084 quem
1968 3013 2144 3068 Domi-

561 3128 661 3167 nus
683 3111 969 3165 missurum
998 3123 1120 3164 esse
1145 3122 1205 3162 se
1230 3106 1460 3170 dixerat,
1491 3105 1843 3175 praedicatum
1868 3105 2141 3160 Christum

563 3203 744 3273 lingua
768 3209 1006 3256 sanetur.
1034 3198 1153 3254 Non
1181 3214 1308 3269 ergo
1350 3199 1585 3254 Joannes
1616 3196 1890 3266 Lucasque
1933 3195 2142 3251 discor-

562 3293 711 3356 dant,
735 3299 792 3346 ut
817 3291 960 3362 quod
980 3291 1067 3345 ille
1086 3290 1257 3360 primo
1281 3290 1690 3344 resurrectionis
1711 3289 1799 3344 die
1823 3288 2004 3343 datum
2024 3304 2144 3345 esse

560 3383 846 3454 significat,
878 3382 963 3436 hic
989 3381 1431 3452 quinquagesimo
1455 3380 1544 3436 die
1576 3380 1789 3436 venisse
1833 3380 2140 3436 describat:

560 3476 656 3532 sed
680 3475 757 3546 (b)
780 3473 1051 3544 profectus
1076 3473 1416 3543 Apostolicus
1436 3483 1539 3540 est,
1567 3481 1627 3527 ut
1651 3474 1741 3543 qui
1762 3474 1933 3543 primo
1955 3475 2144 3528 remit-

563 3569 843 3624 tcndorum
870 3575 1206 3636 peccatorum
1229 3565 1455 3634 gratiam
1481 3573 1822 3634 acceperant,
1855 3574 2040 3634 postea
2064 3579 2146 3621 ac-

562 3659 801 3728 ciperent
827 3658 1168 3727 Operationes
1195 3656 1464 3722 \irtutum,
1495 3667 1549 3711 et
1575 3664 1766 3711 cuncta
1794 3655 2142 3711 donationum

563 3767 779 3822 genera,
822 3767 940 3820 qum
983 3751 1050 3806 ab
1091 3750 1348 3820 Apos;olo
1390 3750 1658 3820 descripta
1697 3753 2145 3806 commemoravi-

563 3861 681 3900 mus
707 3863 721 3899 :
750 3854 806 3898 et
831 3844 993 3915 (quod
1025 3845 1192 3914 magis
1220 3843 1582 3899 necessarium
1609 3844 1748 3915 erat)
1779 3844 2144 3899 diversitatem

563 3937 858 4006 linguarum
900 3937 1137 3990 omnium
1178 3937 1448 4006 gentium;
1480 3945 1537 3990 ut
1585 3937 1948 3991 annuntiaturi
1985 3935 2146 3990 Chri-

562 4040 726 4096 stum,
756 4030 903 4084 nullo
932 4030 1230 4100 indigerent
1252 4030 1564 4099 interprete.
1599 4028 1749 4085 Unde
1773 4039 1825 4083 et
1856 4029 1909 4082 in
1937 4029 2145 4101 Lycao-

565 4126 651 4180 nia
681 4140 801 4180 cum
829 4123 1103 4178 audissent
1129 4123 1348 4179 Paulum
1372 4164 1384 4186 ,
1435 4133 1489 4176 et
1540 4122 1838 4176 Barnabam
1869 4123 2012 4192 loqui
2043 4123 2146 4175 lin-

563 4217 680 4286 guis
703 4215 837 4278 suis,
883 4215 1013 4268 deos
1053 4215 1104 4268 in
1147 4215 1388 4269 homines
1429 4229 1718 4268 conversos
1791 4215 1956 4286 836
2027 4230 2148 4272 esse

563 4306 856 4362 credebant
889 4304 1021 4376 (Act.
1055 4305 1165 4372 H).
1198 4305 1264 4358 Et
1292 4320 1481 4359 revera
1509 4305 1876 4359 indumentum
1904 4308 2145 4371 virtutis,

565 4399 800 4468 Spiritus
825 4396 1005 4458 Sancti
1037 4397 1203 4466 gratia
1242 4405 1363 4450 est:
1399 4411 1557 4465 quam
1601 4396 1967 4464 possidentes,
2005 4399 2147 4466 judi.

564 4506 687 4545 cum
739 4488 1046 4549 tribunalia,
1097 4497 1150 4542 et
1197 4503 1381 4557 regum
1425 4501 1688 4558 purpuras
1728 4503 1832 4542 non
1871 4490 2144 4544 timebant.

567 4582 902 4636 Promiserat
928 4581 1072 4635 enim
1104 4579 1362 4634 Dominus
1394 4579 1541 4649 prius
1568 4593 1725 4648 quam
1767 4588 2059 4650 pateretur,
2095 4591 2150 4636 et

573 4673 787 4727 dixerat
822 4689 836 4724 :
868 4669 994 4726 Cum
1028 4681 1194 4724 autem
1221 4671 1418 4724 tradent
1445 4686 1551 4734 vos,
1582 4671 1738 4725 nolite
1773 4672 1996 4742 cogitare
2025 4688 2151 4743 quo-

573 4762 758 4825 modo,
792 4772 880 4815 aut
914 4763 1036 4832 quid
1073 4759 1388 4831 loquamini;
1429 4760 1631 4814 dabitur
1656 4762 1786 4814 enim
1813 4762 1951 4816 vobis
1975 4763 2027 4815 in
2059 4765 2150 4817 illa

570 4855 718 4917 liora,
750 4852 872 4922 quid
899 4853 1196 4922 loquamini.
1228 4851 1349 4906 Non
1375 4853 1507 4905 enim
1546 4868 1632 4906 vos
1659 4853 1807 4916 estis,
1851 4854 1938 4921 qui
1982 4854 2147 4922 loqui-

575 4945 721 5006 mini,
751 4944 856 4997 Sed
885 4945 1113 5012 Spiritus
1144 4942 1317 4997 Patris
1345 4944 1516 5006 vestri,
1548 4944 1634 5012 qui
1665 4941 1890 5010 loquitur
1914 4947 1967 4998 in
1990 4947 2147 5001 vobis.

576 5035 789 5102 (.llattlt.
812 5033 902 5089 10.
927 5033 1039 5106 l9).
1060 5035 1172 5103 Ego
1193 5043 1372 5088 autem
1399 5034 1670 5096 audacter,
1691 5045 1744 5088 et
1771 5043 1881 5089 tota
1910 5037 2154 5092 libertate

575 5124 884 5196 pronuntio,
914 5139 980 5178 ex
1004 5139 1068 5180 eo
1093 5134 1356 5195 tempore,
1389 5140 1494 5192 quo
1519 5125 1755 5192 Apostuli
1790 5126 2018 5182 Domino
2037 5144 2153 5184 cre-

570 5219 850 5280 diderunt,
883 5231 1096 5286 semper
1132 5233 1226 5272 eos
1254 5217 1504 5272 habuisse
1545 5217 1800 5285 Spiritum
1857 5220 2109 5276 Sanctum
2137 5239 2150 5276 :

571 5325 672 5366 nec
704 5309 941 5380 potuisse
967 5307 1317 5378 signa-facere
1342 5307 1544 5376 absque
1567 5306 1797 5378 Spiritus
1825 5312 2006 5367 Sancti
2034 5329 2152 5384 gra-

639 5485 712 5547 (α)
745 5484 992 5551 Victorius
1027 5483 1197 5533 maluit
1228 5483 1358 5547 loqui
1379 5482 1488 5551 aliis
1519 5481 1725 5551 linguis,
1755 5489 1896 5551 juxta
1934 5489 2158 5543 Griecum

577 5546 732 5614 ιτιρειξ.
751 5546 1105 5614 ‘Atulirosianus
1129 5546 1421 5614 autemced.
1449 5546 1631 5614 tantum
1657 5546 1786 5614 loqui
1823 5552 2017 5613 linguis-

641 5607 920 5672 (b)7Confer
943 5609 1178 5672 Basilium
1198 5609 1272 5672 de,
1286 5609 1464 5672 Spiritu
1491 5609 1666 5658 Sancto
1688 5607 1731 5660 c'.
1759 5613 1834 5661 16.
1861 5607 2083 5662 Ᾱὲιιῡποε.
2109 5618 2160 5664 1η

579 5669 660 5736 Ps.
687 5670 793 5736 tl§_.
821 5682 914 5736 ser.
948 5671 1028 5736 if).
1057 5678 1209 5736 utque
1230 5669 1352 5736 alios
1388 5674 1682 5736 omittamus,
1707 5673 1964 5736 Cyrillum,
2005 5674 2163 5725 Leon-

579 5733 727 5795 tium,
754 5728 1061 5795 Eutbyiiiium
1082 5769 1095 5786 ,
1121 5728 1200 5793 (pii
1229 5731 1612 5794 Hieronymiaute
1639 5728 2023 5795 interpretationi
2051 5751 2162 5791 cum

581 5792 745 5847 (rimis
767 5792 1108 5853 sulfraganlur.
1143 5792 1148 5793 ⁷
1418 5792 1426 5794 “
1770 5792 1782 5795 “
1993 5817 1996 5822 .

1833 332 2072 390 εΑΝετι
2115 332 2486 390 lllERONYMl

3711 335 3808 391 996

2238 445 2348 501 tia:
2377 444 2469 500 sed
2498 459 2594 515 pro
2638 445 2854 501 modulo
2893 453 3051 517 atque
3093 459 3363 502 mensura.
3392 445 3547 503 Unde
3573 443 3812 503 Salvator

2231 538 2496 593 clamabat
2521 537 2574 592 in
2606 537 2848 606 Templa,
2883 540 3064 594 dicens
3091 556 3104 592 :
3141 540 3240 604 Qui
3270 541 3396 604 sitit,
3424 541 3590 594 veniat
3615 539 3686 593 ad
3712 553 3804 608 me,

2231 638 2277 681 et
2305 628 2435 681 bibat
2459 639 2532 681 :et
2556 629 2640 698 qui
2667 628 2823 681 credit
2845 630 2895 682 in
2918 629 3147 691 me,sicut
3169 630 3290 682 dicit
3312 630 3608 699 Scriptura,
3649 629 3813 699 ﬂumi-

2232 735 2297 772 na
2327 721 2389 771 de
2417 729 2585 772 ventre
2608 723 2717 790 ejus
2739 721 2896 789 [luent
2927 735 3072 789 aqua
3098 721 3240 774 vivw.
3269 719 3384 774 lloc
3410 732 3578 773 autem
3603 721 3735 774 dixit
3756 720 3810 774 de

2235 811 2430 881 Spiritu
2451 830 2599 882 quem
2617 814 2874 882 accepturi
2903 824 3046 867 erant
3069 813 3326 866 credentes
3347 815 3401 866 in
3427 831 3540 865 eum
3564 811 3743 882 (Joan.
3765 814 3809 866 7.

2233 905 2320 959 57.
2355 905 2468 972 58).
2503 905 2569 958 Ει
2597 906 2650 958 in
2677 905 2867 959 eodem
2896 906 3012 960 loco
3040 906 3201 960 infert
3225 924 3240 960 :
3277 905 3524 960 Nondum
3550 907 3682 959 enim
3709 917 3813 959 erat

2235 995 2464 1059 Spiritus
2491 996 2679 1049 datus:
2709 997 2828 1064 quia
2859 994 3013 1050 Jesus
3041 996 3272 1050 nondum
3308 1001 3476 1068 fuerat
3507 999 3813 1066 gloriﬁcatus

2235 1083 2395 1153 (Ibid.
2418 1086 2509 1141 39')
2534 1101 2546 1136 :
2569 1102 2672 1138 non
2695 1102 2801 1155 quo
2817 1103 2923 1141 non
2942 1096 3084 1141 esset
3102 1087 3328 1156 Spiritus
3342 1089 3594 1152 Sanctus,
3615 1085 3815 1142 dicente

2239 1178 2462 1232 Domino
2479 1178 2755 1234 Salvatore
2775 1197 2789 1233 :
2812 1181 2872 1234 Si
2887 1190 3050 1233 autent
3066 1196 3158 1250 ego
3175 1181 3227 1234 in
3247 1180 3444 1250 Spiritu
3467 1179 3662 1234 Sancto
3680 1181 3815 1247 ejicio

2235 1268 2507 1334 daemonia,
2531 1271 2602 1339 (c)
2628 1271 2723 1337 ﬁlii
2743 1272 2888 1324 vestri
2910 1271 2961 1323 in
2982 1287 3081 1340 quo
3103 1272 3336 1341 ejiciunt?
3359 1269 3573 1342 (Matth.
3600 1271 3686 1324 12.
3709 1270 3814 1340 26),

2234 1359 2327 1414 sed
2350 1362 2470 1428 quia
2488 1372 2602 1414 erat
2626 1362 2675 1415 in
2697 1362 3174 1427 l)uinino,necdum
3195 1371 3336 1416 totus
3357 1363 3408 1415 in
3427 1361 3814 1431 Apalstolisnio-

2237 1449 2472 1503 rabatur.
2504 1451 2860 1517 Quamobrem
2895 1460 3164 1506 terrentur
3189 1451 3256 1506 ad
3281 1452 3584 1521 passionem
3608 1452 3744 1521 ejus,
3771 1462 3817 1506 et

2237 1551 2431 1610 negant
2451 1550 2504 1594 et
2519 1542 2790 1595 Christum
2810 1556 2868 1595 se
2886 1543 3095 1597 nescire
3111 1542 3314 1612 juraut.
3341 1543 3628 1613 Postquam
3651 1555 3815 1597 autem

2238 1631 2573 1700 baptizantur
2601 1633 2654 1686 in
2696 1633 2894 1702 Spiritu
2921 1633 3118 1689 Sancto
3147 1676 3162 1701 ,
3216 1645 3271 1688 et
3314 1635 3612 1689 infunditur
3652 1637 3703 1689 in
3736 1651 3818 1690 eos

2235 1721 2468 1792 Spiritus
2494 1723 2673 1780 Sancti
2702 1729 2871 1795 gratia
2894 1766 2910 1789 ,
2958 1737 3084 1781 tunc
3112 1727 3278 1781 libere
3321 1727 3615 1798 loquuntur
3646 1728 3726 1799 (tl)
3761 1729 3818 1782 ad

2239 1818 2509 1886 principes
2547 1818 2854 1873 Judmorum
2900 1837 2914 1874 :
2976 1819 3194 1875 Obedire
3239 1823 3404 1892 magis
3446 1821 3557 1876 Deo
3600 1833 3814 1892 Oportet,

2239 1924 2390 1978 quam
2420 1909 2710 1962 hominibus
2737 1908 2902 1978 (Ibid.
2931 1911 2985 1966 5.
3008 1911 3103 1982 9.9)
3128 1930 3142 1965 :
3167 1923 3407 1966 mortuos
3435 1914 3720 1978 suscitant,
3745 1915 3819 1967 in-

2243 2007 2324 2054 ter
2343 1999 2546 2069 ﬂagella
2570 2000 2854 2063 laetantur;
2879 2001 3106 2056 fundunt
3127 2005 3440 2072 sanguinem
3469 2019 3566 2072 pro
3589 2004 3816 2070 Christo;

2241 2101 2298 2146 et
2324 2092 2602 2160 suppliciis
2630 2093 2740 2146 suis
2767 2106 3116 2149 coronantur.
3147 2094 3392 2150 Nondum
3417 2111 3549 2167 ergo
3571 2107 3688 2152 erat
3711 2097 3820 2168 Spi-

2241 2186 2377 2240 ritus
2407 2186 2458 2239 in
2489 2187 2783 2254 Apostolis,
2819 2201 2915 2241 nec
2941 2187 3008 2241 de
3034 2198 3222 2242 ventre
3241 2203 3427 2243 eorum
3449 2187 3689 2243 ﬂuebant
3711 2205 3820 2259 gra-

2243 2279 2329 2334 tia:
2351 2279 2638 2347 spiritales,
2667 2281 2790 2349 quia
2824 2279 3085 2334 Dominus
3111 2280 3334 2335 necdum
3363 2279 3540 2336 fuerat
3563 2281 3822 2352 gloriﬁcao

2244 2379 2348 2425 tus.
2377 2371 2506 2436 Qua:
2534 2371 2603 2423 sit
2630 2380 2807 2423 autem
2834 2371 3025 2440 gloria,
3053 2372 3166 2440 ipse
3193 2371 3243 2425 in
3268 2371 3559 2442 Evangelia
3577 2373 3818 2443 loquitur:

2250 2459 2408 2514 Pater
2437 2461 2673 2531 glorifica
2698 2476 2775 2514 me
2803 2463 3000 2532 gloria,
3033 2479 3184 2529 quam
3214 2464 3351 2533 apud
3395 2473 3444 2516 te
3491 2463 3647 2517 ltabui
3690 2466 3823 2532 prius

2243 2569 2392 2622 quam
2444 2553 2664 2606 mundus
2712 2560 2855 2606 esset.
2908 2552 3089 2607 Gloria
3153 2552 3486 2618 Sali‘atoris,
3539 2554 3821 2623 patibulum

2245 2645 2624 2713 triumphantis
2669 2654 2770 2698 est.
2812 2642 3152 2713 Cruciligitur
3193 2654 3248 2699 ut
3274 2645 3472 2712 homo;
3503 2647 3826 2717 gloriﬁcatur

2247 2746 2301 2790 ut
2323 2738 2480 2791 Deus.
2503 2737 2742 2807 Denique
2760 2737 2838 2791 sol
2859 2737 3006 2806 fugit,
3030 2739 3154 2792 luna
3177 2747 3411 2793 mutatur
3427 2739 3478 2792 in
3497 2741 3822 2809 sanguinem,

2250 2839 2556 2884 terra‘motu
2602 2829 2822 2884 insolito
2863 2832 3269 2884 contremiscit:
3313 2833 3630 2900 aperiuntur
3657 2831 3823 2894 inferi,

2247 2920 2445 2973 mortui
2472 2919 2783 2985 ambulant,
2815 2936 2939 2975 saxa
2985 2930 3326 2990 rumpuntur.
3367 2923 3489 2976 "€ch
3523 2933 3606 2976 est
3643 2923 3826 2993 gloria,

2246 3012 2314 3066 de
2345 3027 2448 3080 qua
2476 3011 2794 3080 loquebatur
2835 3011 2888 3066 in
2932 3011 3183 3066 Psalmo:
3234 3013 3444 3082 Exurge
3481 3013 3649 3083 gloria
3693 3031 3826 3078 mea,

2246 3119 2434 3173 exurge
2460 3105 2778 3174 psalterium,
2811 3115 2856 3158 et
2883 3105 3080 3157 cit/rara
3113 3104 3128 3176 (
3155 3103 3249 3159 Ps.
3275 3107 3362 3160 93.
3396 3109 3473 3176 9).
3511 3105 3738 3178 Ipsaque
3762 3108 3825 3162 de

2247 3208 2307 3249 se
2331 3195 2608 3264 respondit
2633 3197 2802 3266 gloria
2874 3196 3036 3268 837
3111 3207 3166 3251 et
3191 3196 3520 3264 disliensatio
3544 3199 3727 3254 carnis
3749 3215 3831 3252 as-

2247 3297 2514 3356 sumptus:
2554 3286 2814 3357 Exin-gum
2857 3289 3126 3353 diluculo;
3174 3300 3226 3343 ut
3259 3289 3548 3358 impleatur
3595 3291 3829 3361 vigesimi

2249 3378 2406 3449 primi
2434 3379 2627 3434 Psalmi
2657 3381 2859 3447 titulus,
2909 3397 3001 3448 pro
3031 3382 3372 3451 assumptione
3400 3384 3676 3438 matutina.
3706 3382 3827 3438 Hrec-

2252 3468 2481 3525 dicimus
2513 3485 2618 3524 non
2647 3471 2791 3540 quod
2815 3471 2978 3525 alium
3012 3471 3201 3535 Deum,
3234 3473 3396 3526 alium
3423 3473 3695 3528 hominem
3718 3489 3831 3527 esse

2248 3559 2566 3644 credamus,
2619 3569 2673 3616 et
2718 3560 2854 3615 duas
2897 3576 3153 3630 personas
3193 3560 3450 3616 faciamus
3479 3563 3530 3616 iu
3564 3579 3672 3617 uno
3702 3563 3832 3618 Filio

2252 3649 2368 3716 Dei,
2395 3652 2533 3705 sicut
2565 3654 2634 3720 (e)
2671 3667 2805 3706 nova
2853 3653 3074 3708 haeresis
3117 3653 3513 3719 calumniatur;
3560 3656 3654 3710 sed
3699 3672 3832 3710 unus

2250 3748 2410 3810 atque
2433 3742 2573 3795 idem
2600 3741 2768 3796 Filius
2794 3742 2914 3807 Dei,
2936 3754 2992 3797 et
3017 3743 3184 3798 Filius
3212 3744 3444 3799 hominis
3470 3756 3592 3800 est:
3622 3746 3834 3817 etquid-

2250 3832 2378 3901 quid
2407 3832 2660 3900 loquitur,
2693 3833 2837 3888 aliud
2879 3833 3164 3890 referimus
3207 3836 3273 3890 ad
3305 3837 3541 3892 divinam
3578 3839 3698 3908 ejus
3718 3841 3830 3910 glo-

2252 3926 2406 3988 riam,
2441 3925 2582 3978 aliud
2612 3925 2676 3980 ad
2708 3935 2944 3980 nostram
2974 3927 3222 3982 salutem.
3257 3928 3360 3983 Pro
3389 3929 3584 3999 quibus
3613 3947 3720 3986 non
3747 3948 3832 3986 ra-

2253 4016 2431 4084 pinam
2455 4015 2744 4070 arbitratus
2764 4027 2844 4071 est
2865 4033 2923 4072 se
2943 4032 3064 4073 esse
3083 4019 3341 4088 aequalem
3368 4019 3496 4086 Deo,
3521 4021 3616 4075 sed
3639 4032 3836 4076 semet-

2253 4106 2427 4174 ipsum
2456 4107 2783 4171 exinanivit,
2830 4107 3054 4163 formam
3099 4110 3243 4164 servi
3288 4113 3560 4181 accipiens
3605 4131 3618 4166 :
3671 4114 3836 4170 factus

2253 4197 2512 4252 ebedieus
2560 4197 2704 4252 Patri
2753 4213 2921 4269 usque
2967 4198 3033 4253 ad
3081 4211 3334 4267 mortem,
3381 4215 3611 4259 mortem
3661 4216 3834 4260 autem

2254 4289 2434 4343 crucis
2467 4286 2728 4359 (Ptiilipp.
2762 4288 2839 4362 2).
2872 4290 2940 4344 lt't
2989 4289 3207 4345 Verbum
3249 4310 3369 4347 caro
3415 4296 3609 4365 factum
3656 4306 3760 4361 est,
3791 4307 3836 4347 et

2254 4380 2502 4434 habitavit
2527 4381 2581 4434 in
2611 4379 2755 4436 nobis
2783 4381 2965 4452 (Joan.
2997 4384 3051 4437 1.
3089 4383 3202 4454 16).
3233 4384 3397 4440 Miror
3420 4396 3602 4442 autem
3631 4387 3835 4442 Monta-

2255 4487 2401 4534 num,
2435 4482 2489 4524 ct
2519 4473 2736 4528 insanas
2760 4472 2988 4543 feminas
3017 4475 3156 4542 ejus,
3187 4475 3458 4530 abortivos
3505 4477 3798 4548 Pmphetas
3819 4518 3834 4542 ,

2257 4562 2482 4615 Domino
2513 4565 2879 4631 promittente,
2921 4576 3078 4635 atque
3109 4565 3320 4621 dicente
3357 4585 3371 4622 :
3414 4567 3558 4624 Vada
3606 4581 3653 4624 et
3681 4571 3836 4624 alium

2254 4653 2582 4708 Paracletum
2605 4658 2798 4709 mittant
2821 4658 2958 4712 vobis
2982 4657 3035 4723 (J
3043 4675 3160 4712 oan.
3183 4661 3270 4714 14.
3295 4661 3402 4731 16);
3427 4672 3480 4716 ct
3501 4673 3683 4733 postea
3693 4707 3708 4731 ,
3734 4665 3836 4719 Lu-

2256 4761 2317 4799 ca
2343 4745 2682 4816 Evangelista
2707 4751 3085 4818 narrante(Ac.
3112 4752 3134 4805 1
3160 4763 3203 4804 et
3223 4752 3304 4822 2),
3328 4753 3467 4822 quod
3492 4756 3732 4823 Apostoli
3757 4770 3840 4807 ar-

2257 4851 2520 4910 cepcruut
2545 4842 2686 4911 quod
2720 4844 3043 4911 promissum
3071 4853 3150 4898 est
3176 4862 3188 4898 :
3217 4845 3269 4900 id
3297 4846 3467 4901 multo
3495 4859 3615 4916 post
3644 4858 3841 4918 tempo-

2260 4950 2318 4988 rc
2342 4935 2393 4987 in
2419 4950 2477 4988 se
2501 4933 2680 4990 dicere
2707 4934 2872 4990 fuisse
2891 4937 3232 5007 completum.
3258 4939 3530 5008 Apostolis
3553 4943 3698 4996 enim
3719 4956 3840 5010 pro-

2260 5014 2482 5081 missum
2504 5039 2586 5080 cst
2610 5045 2625 5082 :
2651 5028 2759 5098 Ego
2780 5031 2973 5082 mittant
2992 5032 3309 5098 sponsionem
3330 5031 3508 5087 Patris
3530 5036 3627 5087 mei
3648 5035 3698 5087 in
3721 5050 3805 5087 vos
3829 5048 3843 5082 :

2261 5131 2306 5172 et
2321 5136 2403 5172 ros
2414 5121 2646 5174 sedebitis
2661 5122 2940 5186 incivitate,
2957 5125 3281 5193 quoadusque
3297 5124 3579 5180 induamini
3595 5128 3773 5180 virtute
3789 5142 3846 5177 ex

2324 5248 2391 5358 gi)
2428 5248 2578 5308 llasc,
2617 5246 2709 5314 ﬁlii
2743 5251 2886 5300 vestri
2922 5251 2972 5301 in
3006 5265 3098 5318 quo
3133 5252 3359 5316 ejiciunt,
3395 5257 3522 5320 apud
3544 5258 3730 5309 Victor.
3755 5269 3846 5306 non

2261 5325 2392 5361 sunt.

2327 5374 2406 5444 (dx)
2429 5370 2643 5444 ‘Bectius
2666 5373 2977 5444 .Ambrosian.
3029 5377 3126 5444 Ms1
3136 5376 3209 5444 ad
3241 5377 3490 5444 Principes
3527 5382 3844 5432 sacerdotum.

2349 5436 2396 5493 ε)
2429 5433 2577 5503 Erant
2611 5436 2758 5496 igitur
2793 5440 2938 5485 etiam
2968 5448 3085 5503 ante
3109 5439 3316 5487 Nestorii
3343 5433 3763 5503 inaugurationetn
3803 5443 3847 5489 in

2267 5494 2779 5566 CphtmnAEpiscOpum
2804 5512 2930 5566 anno
2956 5501 3062 5566 4‘38.
3082 5503 3156 5549 cui
3177 5503 3358 5561 epoeha
3385 5494 3608 5566 uelimth
3632 5508 3738 5566 ejus
3758 5505 3849 5552 lue-

2267 5569 2440 5628 reseos
2469 5559 2716 5628 tribuitur,
2753 5561 2834 5628 qui
2869 5559 3464 5628 prteludei'eiit_‘perti_diw,
3503 5559 3756 5628 quamfille
3782 5569 3848 5613 vi-

2268 5622 2398 5690 ginti
2428 5625 2534 5690 post
2568 5631 2734 5690 annos
2758 5622 3040 5690 instauravit
3065 5637 3086 5690 ;_
3107 5634 3157 5673 et
3190 5622 3315 5690 forte
3349 5622 3594 5676 Theodori
3632 5627 3852 5690 Mopsue-

2271 5681 2424 5752 steui,
2447 5681 2671 5752 ejusque
2687 5683 3036 5752 discipulorum
3058 5681 3269 5752 doctrina
3294 5687 3546 5752 hiecerat,
3572 5681 3725 5752 queui
3746 5693 3777 5748 ir
3797 5701 3851 5735 se

2269 5744 2433 5812 statim
2453 5755 2510 5812 ae
2533 5744 2977 5812 adivit_Nestori_us,
2996 5755 3126 5798 teste
3164 5748 3371 5812 Evagrio
3408 5748 3442 5796 l.
3474 5750 3517 5798 l.
3539 5744 3647 5812 ’ςἶέ
3670 5744 3852 5809 pietatm

2275 5805 2584 5868 naufragium
2609 5805 2741 5868 fecit.
2758 5807 2864 5855 Viti.
2893 5808 3171 5859 Liberatum
3197 5805 3328 5858 Diae.
3355 5811 3402 5857 in
3433 5805 3698 5862 metiaris}.
