4088 6336
284 382 386 446 997

283 506 384 559 alto
415 499 563 573 (Luc.
587 497 678 554 ει.
702 499 792 569 L9)
819 515 834 554 :
866 507 918 554 et
946 500 1253 568 resurgens,
1282 497 1366 570 (α)
1386 497 1440 551 in
1464 497 1749 569 Apostolos
1771 497 1854 550 in-

281 593 532 657 sufﬁavit,
563 600 746 644 etnon
777 591 826 644 in
854 589 1183 662 Montanum,
1217 587 1548 652 Priscillam,
1592 596 1647 642 et
1686 587 1854 642 Maxi-

280 685 482 741 millam
514 700 526 736 :
555 693 609 736 et
637 682 760 747 illis,
797 681 845 736 id
870 691 973 744 est,
1002 679 1273 750 Apostolis
1292 720 1305 744 ,
1331 680 1444 736 ait:
1490 678 1721 745 Quorum
1765 679 1850 734 di-

276 776 511 831 miseritis
531 785 754 843 peccata,
777 775 1100 828 dimittuntur
1112 774 1210 841 eis,
1233 783 1277 827 et
1295 789 1510 843 quorum
1523 773 1848 838 retinueritis,

279 876 470 920 retenta
500 875 637 920 sunt.
666 865 962 935 Apostolis,
996 866 1234 936 inquam,
1262 865 1550 936 praecepit,
1577 880 1644 920 ne
1669 865 1849 920 disce-

275 958 467 1012 derent
512 957 579 1011 ab
604 956 954 1027 Jerosolymis
973 998 987 1020 ,
1019 957 1113 1011 sed
1140 965 1515 1027 eXSpectarent
1540 957 1850 1027 promissio-

275 1065 394 1104 nem
427 1049 617 1103 Patris.
643 1049 709 1102 Et
736 1059 921 1118 postea
939 1048 1084 1119 quod
1107 1049 1426 1119 promissum
1450 1058 1550 1113 est,
1579 1050 1847 1120 expletum

274 1140 517 1209 legimus.
543 1138 741 1210 Repleli
756 1152 870 1195 sunt
891 1157 1060 1194 omnes
1076 1140 1271 1208 Spiritu
1293 1140 1504 1206 Sancte,
1525 1150 1572 1195 et
1591 1149 1849 1210 capiemus

273 1235 411 1306 loqui
438 1235 591 1288 variis
617 1234 805 1304 linguis
824 1274 839 1298 ,
868 1244 1016 1303 prout
1044 1234 1268 1304 Spiritus
1297 1231 1519 1289 Sanctus
1556 1233 1706 1288 dabat
1736 1234 1845 1288 ela-

270 1329 358 1394 (μή
388 1325 496 1380 illis
525 1320 660 1397 (Act.
690 1325 745 1378 2.
780 1326 860 1395 4).
891 1325 1122 1395 Spiritus
1162 1326 1302 1380 enim
1329 1326 1556 1381 Sanctus
1599 1325 1684 1379 ubi
1737 1325 1846 1379 vult

270 1420 432 1490 spirat
463 1419 642 1490 (Joan.
667 1421 718 1474 5.
749 1418 827 1492 8).
859 1421 926 1475 Et
955 1420 1169 1490 quando
1195 1420 1325 1475 dicit
1371 1421 1647 1484 Dominus,
1687 1420 1844 1474 alium

266 1511 597 1567 Paracletum
629 1514 822 1565 mittam
854 1513 1011 1578 vobis,
1034 1523 1087 1567 et
1114 1529 1172 1568 se
1190 1513 1425 1568 ostendit
1452 1528 1571 1568 esse
1590 1512 1842 1566 Paracle-

267 1614 400 1670 tum,
432 1605 521 1674 qui
549 1605 851 1674 appellatur
874 1604 1195 1662 Consolator.
1233 1604 1381 1661 Unde
1421 1615 1475 1660 et
1523 1605 1659 1659 Deus
1684 1605 1842 1660 Pater

269 1694 372 1748 hoc
397 1704 651 1748 censetur
681 1695 896 1750 nomine
915 1736 929 1760 ,
976 1694 1115 1748 Deus
1142 1694 1551 1762 miserationem,
1598 1704 1644 1748 et
1690 1696 1842 1750 totius

264 1787 626 1841 mualatiouis
654 1786 726 1858 (2.
753 1788 870 1841 Cor.
895 1788 966 1857 l).
994 1787 1051 1842 Si
1068 1797 1244 1841 autem
1265 1798 1319 1841 et
1337 1787 1494 1841 Pater
1515 1788 1837 1854 consolator,

263 1887 317 1930 et
346 1877 512 1932 Filius
537 1878 863 1946 consolator,
901 1887 955 1932 et
993 1879 1222 1947 Spiritus
1266 1877 1495 1933 Sanctus
1532 1879 1841 1934 consolator

260 1979 342 2022 cst
368 1986 381 2023 :
411 1980 458 2021 et
490 1970 541 2023 in
571 1970 784 2025 nomine
813 1970 1006 2036 Patris,
1036 1979 1089 2024 et
1113 1970 1257 2037 Filii,
1299 1981 1351 2025 et
1377 1970 1608 2041 Spiritus
1633 1970 1836 2035 Sancti,

259 2058 396 2130 quod
421 2060 735 2131 intelligitur
755 2061 916 2126 Deus,
939 2061 1272 2131 baptizantur
1287 2061 1590 2128 credentes,
1611 2076 1836 2131 quorum

258 2169 423 2208 unum
451 2155 767 2220 divinitatis,
801 2164 854 2208 et
883 2155 1240 2209 consolatoris
1267 2164 1352 2208 est
1393 2169 1586 2208 nomen
1607 2197 1620 2219 ,
1650 2169 1837 2211 eorum

257 2254 310 2298 et
338 2261 441 2299 una
465 2255 656 2300 natura
677 2253 777 2299 est.
807 2245 906 2298 llic
930 2244 1162 2314 Spiritus
1232 2245 1400 2316 838
1447 2245 1697 2311 Sanctus,
1728 2261 1832 2300 non

254 2338 429 2392 solum
461 2340 514 2391 in
542 2337 834 2407 Apostolis,
867 2337 960 2391 sed
991 2341 1151 2391 etiam
1183 2338 1234 2391 in
1265 2339 1544 2406 Prophetis
1590 2338 1723 2405 fuit,
1765 2340 1835 2396 de

253 2443 360 2499 quo
389 2429 553 2484 David
576 2428 780 2490 orabat,
814 2428 998 2483 dicens
1015 2449 1032 2481 ε
1058 2427 1312 2497 Spiritum
1339 2430 1589 2485 Sanctum
1612 2442 1834 2488 tuumne

251 2523 462 2592 auferas
503 2538 535 2574 a
556 2538 633 2574 me
658 2521 776 2593 (Ps.
802 2521 892 2577 50.
919 2521 1026 2591 l3).
1056 2522 1116 2574 Et
1143 2521 1322 2576 Daniel
1345 2522 1598 2591 Spiritum
1622 2523 1714 2578 Dei
1740 2524 1833 2578 ha-

252 2616 435 2668 buisse
462 2624 710 2668 narratur
735 2631 748 2666 :
777 2625 832 2669 et
857 2614 1018 2668 David
1053 2614 1104 2667 in
1133 2614 1321 2683 spiritu
1349 2616 1601 2686 loquitur,
1632 2616 1831 2673 dixisse

250 2705 539 2759 Dominum
569 2705 794 2759 Domino
823 2720 943 2772 suo,
977 2706 1094 2760 sede
1117 2723 1148 2758 a
1166 2705 1360 2760 dextris
1390 2710 1533 2776 meis,
1555 2709 1712 2762 donec
1739 2725 1831 2779 po-

249 2804 370 2848 nam
385 2796 616 2850 inimicos
635 2805 764 2861 tuos,
782 2798 1054 2852 seabellum
1076 2797 1258 2867 pedum
1277 2807 1474 2852 tuorum
1488 2798 1639 2868 (Psal
1648 2841 1659 2852 .
1682 2800 1824 2869 109);

247 2886 357 2942 Nec
383 2888 504 2942 sine
531 2888 734 2957 Spiritu
775 2889 974 2944 Sancto
1020 2890 1470 2961 prophetarerunt
1507 2890 1823 2962 Prophetas:

245 2991 300 3036 et
328 2981 496 3036 verbo
522 2981 728 3034 Domini
751 2982 870 3036 caeli
897 2982 1088 3037 ﬁrmati
1111 2993 1252 3046 sunt,
1282 2993 1335 3038 et
1356 2982 1556 3053 Spiritu
1579 2984 1688 3038 oris
1711 2984 1828 3054 ejus

243 3073 419 3128 omnis
435 3075 606 3129 virtus
623 3087 804 3129 eorum
829 3087 904 3131 :et
916 3077 1170 3146 quidquid
1185 3077 1378 3145 Patris,
1397 3085 1451 3132 et
1470 3078 1587 3133 Filii
1599 3090 1700 3141 est,
1727 3080 1826 3134 hoc

244 3167 382 3222 idem
415 3176 472 3224 et
498 3168 724 3237 Spiritus
747 3168 926 3223 Sancti
951 3178 1071 3224 est:
1100 3179 1154 3224 et
1174 3168 1246 3242 (ὑ)
1287 3171 1402 3240 ipse
1427 3170 1654 3242 Spiritus
1690 3172 1825 3227 Sano

243 3270 358 3314 ctus
396 3276 522 3316 cum
564 3261 808 3330 mittitur,
840 3276 868 3314 a
897 3261 1052 3318 Patre
1093 3271 1147 3317 et
1179 3261 1314 3318 Filio
1344 3265 1603 3321 mittitur:
1636 3267 1685 3319 in
1717 3267 1824 3320 alio

247 3365 408 3425 atque
434 3355 545 3408 alio
575 3355 716 3418 loco,
745 3355 976 3424 Spiritus
1007 3355 1096 3410 Dei
1130 3355 1324 3418 Patris,
1353 3369 1407 3412 et
1427 3357 1624 3412 Christi
1655 3358 1824 3429 Spiri-

242 3449 327 3494 tus
356 3439 680 3510 appellatur.
709 3439 862 3494 Unde
887 3453 937 3495 et
966 3439 1269 3496 in-Actibus
1298 3443 1696 3512 Apostolorum,
1730 3444 1821 3512 qui

241 3529 465 3586 Joannis
493 3529 818 3601 Baptismate
860 3530 1068 3586 fuerant
1090 3533 1358 3602 baptizati,
1379 3543 1433 3588 et
1455 3535 1746 3590 credebant
1769 3535 1820 3589 in

239 3621 402 3677 Deum
434 3622 670 3686 Patrem,
715 3631 769 3676 et
795 3621 1062 3677 Christum
1085 3664 1100 3689 ,
1131 3625 1252 3693 quia
1283 3624 1538 3693 Spiritum
1567 3625 1819 3681 Sanctum

239 3711 590 3779 nesciebant,
639 3715 831 3768 iterum
879 3714 1214 3785 baptizantur
1250 3734 1262 3768 :
1295 3717 1404 3770 imo
1460 3726 1584 3772 tunc
1634 3732 1819 3772 verum

239 3809 510 3875 accipiunt
536 3806 818 3876 baptisma.
849 3808 1056 3870 Aesone:
1083 3823 1206 3862 £qu
1233 3807 1432 3876 Spiritu
1459 3808 1654 3863 Sancto
1674 3850 1688 3873 ,
1720 3809 1823 3863 imo

239 3900 540 3966 perfectum
567 3908 648 3952 est
676 3899 987 3968 mysterium
1013 3897 1307 3952 Trinitatis.
1343 3901 1406 3953 Et
1435 3901 1484 3954 in
1517 3901 1703 3954 eodem
1730 3917 1822 3955 vo-

239 3988 465 4054 lumine,
498 3990 684 4044 Petrus
709 3990 1014 4054 Ananizr,et
1035 3989 1311 4059 Sapphira:
1329 3990 1528 4046 dixisse
1551 3995 1817 4061 narratur,

235 4083 377 4152 quod
411 4082 732 4136 mentientes
763 4081 978 4152 Spiritui
1009 4082 1228 4147 Sancto,
1258 4096 1361 4137 non
1383 4084 1490 4138 sint
1514 4084 1819 4139 hominibus

237 4172 472 4235 mentiti,
503 4173 595 4227 sed
630 4173 737 4228 Deo
765 4173 897 4243 (Act.
925 4174 1004 4243 ὅ).

305 4266 465 4322 CAP.
494 4265 565 4320 Χ.
597 4265 826 4334 —-Quid
859 4266 1120 4336 signiﬁcet
1153 4266 1305 4332 illud,
1348 4269 1490 4338 quod
1530 4269 1818 4339 Apostolus

237 4357 436 4412 Paulus
486 4357 741 4426 disputat,
790 4355 856 4410 ad
907 4357 1174 4412 Romanos
1225 4359 1487 4427 scribens,
1528 4361 1664 4428 Quid
1699 4379 1818 4434 ergo

234 4451 508 4504 dicemus?
537 4448 780 4520 numquid
808 4451 1050 4521 iniquitas
1073 4453 1212 4522 apud
1244 4451 1450 4508 Deum?
1477 4453 1608 4506 absit
1634 4456 1658 4523 (
1664 4455 1814 4508 Rom.

231 4543 287 4598 9.
325 4544 438 4614 Η),
473 4556 640 4610 usque
667 4542 732 4595 ad
763 4558 884 4596 eum
916 4543 1112 4609 locum,
1147 4544 1234 4599 ubi
1261 4547 1333 4600 ait
1363 4563 1377 4601 :
1415 4545 1534 4599 Nisi
1565 4545 1816 4603 Dominus

231 4637 451 4689 sabaotlt
500 4634 784 4698 reliquisset
821 4633 962 4688 nobis
1002 4651 1190 4701 semen,
1243 4640 1371 4692 sicut
1414 4639 1641 4694 Sodoma
1693 4643 1817 4709 facti

237 4728 531 4798 fuissemus,
559 4735 603 4778 et
619 4725 745 4778 sicut
762 4724 1015 4779 Gomorra
1029 4729 1218 4783 similes
1236 4733 1501 4800 fuissemus
1521 4732 1678 4805 (Ibid.
1696 4734 1812 4806 29).

229 4820 427 4876 Omnis
448 4817 662 4888 quidem
702 4819 768 4872 ad
807 4819 1078 4874 Romanos
1109 4820 1347 4890 Epistola
1376 4825 1814 4894 interpretatione

232 4911 461 4980 indiget,
491 4919 545 4963 et
587 4909 746 4964 tantis
793 4909 1210 4966 obscuritatibus
1245 4912 1479 4968 involuta
1525 4923 1627 4979 est,
1656 4925 1713 4970 ut
1742 4919 1810 4973 ad

233 5000 635 5071 intelligendam
662 5016 804 5066 eam,
841 5001 1070 5071 Spiritus
1099 5001 1281 5058 Sancti
1309 5003 1640 5075 indigeamus
1666 5009 1815 5062 auxi-

235 5097 330 5160 lio,
363 5095 454 5166 qui
487 5109 581 5164 per
611 5093 927 5163 Apostolum
966 5095 1081 5150 haec
1117 5096 1228 5167 ipsa
1261 5096 1480 5153 dictavit
1510 5099 1642 5154 :sed
1670 5116 1806 5170 prae-

231 5187 392 5256 cipue
422 5185 571 5239 locus
602 5184 708 5249 hic,
739 5185 792 5238 in
817 5197 923 5255 quo
951 5186 1164 5255 quidam
1195 5190 1439 5244 volentes
1469 5190 1563 5246 Dei
1591 5207 1812 5250 servare

231 5277 523 5346 justitiam,
550 5290 612 5329 ex
645 5275 1070 5346 praecedentibus
1103 5282 1301 5348 causis,
1359 5282 1544 5338 dicunt
1581 5285 1810 5341 electum

233 5367 289 5420 in
321 5375 473 5420 utero
489 5366 946 5434 Rebeccmlacob,
971 5378 1024 5422 et
1051 5371 1316 5440 abjectum
1343 5373 1483 5429 Esau
1511 5375 1663 5450 (Gen.
1682 5376 1773 5449 25)
1797 5397 1811 5433 :

297 5519 374 5582 (a)
408 5519 519 5569 Duo
562 5518 679 5568 Mss.
716 5519 767 5570 in
802 5520 1124 5580 Apostolorum
1167 5525 1420 5589 insufflatit
1460 5531 1650 5593 faciem.
1690 5534 1812 5584 Tum

230 5580 354 5651 alibi
386 5581 436 5630 in
475 5581 679 5645 catalog.
705 5595 749 5632 c.
785 5583 847 5632 59
872 5591 921 5633 et
953 5584 1014 5634 40
1047 5584 1266 5637 Priscam
1296 5589 1438 5651 dicit,
1479 5605 1576 5642 non
1616 5595 1811 5648 In‘iscil-

231 5643 672 5784 ῗξᾷὶμῗίῖῙΡΞῗὲἮ
701 5705 1039 5784 Ῡθὲιέἓέδίὲίον
1069 5709 1508 5784 εδιέἱφίιίοιίιιιεξηξε
1534 5722 1810 5784 exemplar.

234 5767 338 5869 2ῗὲ
352 5767 673 5883 ἴιὲΐοζηὲιέἕιιιν
696 5782 726 5818 a
748 5774 910 5829 Patre,
935 5776 981 5819 et
1004 5783 1094 5838 pro
1117 5771 1240 5824 Filio
1265 5773 1436 5836 veniat,
1459 5775 1508 5828 in
1530 5776 1643 5842 alia,
1670 5767 1812 5850 adiit}

449 5937 454 5941 ’
529 5909 590 5968 S.
625 5907 1015 5979 Htunounn.
1064 5919 1113 5981 Ι.

1595 367 1929 436 Eptsmm
1966 369 2130 437 cxx.

3427 381 3528 440 998

1959 496 2101 552 sicut
2128 505 2184 552 et
2205 496 2502 566 Jeremias,
2538 509 2596 558 et
2638 502 2873 573 Baptista
2906 489 3143 560 Joannes
3182 501 3450 574 eliguntur
3475 503 3528 558 in

1955 596 2110 642 utero
2141 589 2158 657 (
2183 587 2372 644 Jerem.
2401 590 2449 656 l;
2480 582 2610 645 Luc.
2641 592 2665 647 l
2696 591 2714 663 )
2743 611 2757 648 :
2787 601 2842 649 et
2871 593 2987 665 ipse
3013 594 3302 664 Apostolus
3330 591 3529 649 Paulus

1958 679 2372 746 praedestinatur
2418 681 2474 736 in
2527 681 2876 753 Evangelium
2921 694 3205 756 antequam
3253 693 3528 740 nascatur.

1955 770 2122 827 Nobis
2145 783 2322 829 autem
2367 775 2498 830 nihil
2536 776 2729 845 placet,
2775 777 2878 831 nisi
2923 779 3062 848 quod
3095 777 3529 833 Ecclesiasticum

1953 872 2056 931 est,
2087 874 2144 921 et
2165 866 2377 936 publice
2423 867 2476 923 in
2509 869 2736 925 ecclesia
2765 868 2946 926 dicere
2987 885 3092 926 non
3129 874 3378 926 timemus
3409 887 3424 926 :
3457 885 3528 925 ne

1945 955 2095 1026 juxta
2127 957 2500 1031 Pythagoram,
2524 969 2577 1015 ct
2595 961 2889 1023 Platonem,
2932 969 2986 1016 et
3005 961 3295 1031 discipulos
3363 961 3530 1034 839

1951 1063 2158 1116 eorum,
2174 1051 2262 1122 qui
2289 1051 2393 1106 sub
2409 1053 2627 1107 nomine
2644 1051 2948 1107 Christiano
2965 1052 3309 1108 introducunt
3333 1054 3528 1122 dogma

1950 1143 2227 1212 gentilium
2251 1175 2272 1211 δ
2295 1142 2368 1216 (c)
2390 1144 2633 1199 dicamus
2665 1145 2870 1199 animas
2901 1145 3079 1214 lapsas
3107 1145 3173 1200 de
3202 1145 3338 1200 cmlo
3361 1160 3482 1201 esse
3511 1163 3528 1202 :

1948 1245 2002 1288 et
2029 1249 2129 1304 pro
2153 1234 2465 1292 diversitate
2497 1237 2833 1301 meritorum,
2866 1238 2919 1292 in
2959 1237 3041 1292 his
3070 1237 3156 1292 ‘vel
3188 1239 3240 1292 in
3273 1238 3380 1293 illis
3402 1253 3528 1292 cor-

1947 1325 2165 1394 poribus
2197 1340 2381 1396 poenas
2424 1327 2766 1398 antiquorum
2798 1329 2945 1384 luere
2985 1331 3348 1397 peccatorum.
3394 1326 3526 1380 Mul-

1947 1426 2108 1488 toque
2137 1417 2328 1473 melius
2352 1431 2432 1475 est
2457 1419 2772 1490 simpliciter
2795 1420 3119 1490 imperitiam
3168 1419 3438 1485 conﬁteri,
3471 1426 3526 1472 et

1943 1506 2084 1562 inter
2110 1520 2305 1563 cattera
2331 1526 2449 1580 quae
2473 1512 2761 1575 nescimus,
2780 1511 2938 1566 etiam
2961 1511 3118 1582 hujus
3143 1511 3246 1566 loci
3271 1509 3522 1565 obseuri-

1945 1607 2104 1654 tatem
2134 1598 2379 1670 refugere
2404 1599 2502 1673 (ἀ).
2535 1601 2754 1672 effugere
2773 1601 2794 1674 ]
2814 1633 2830 1666 -,
2879 1618 3037 1673 quam
3060 1644 3076 1669 ,
3105 1602 3232 1657 dum
3271 1603 3518 1658 volumus

1943 1689 2036 1745 Dei
2063 1691 2287 1759 probare
2304 1693 2590 1760 justitiam,
2621 1693 2867 1749 Basilidis
2893 1703 2952 1749 et
2976 1680 3252 1749 Manielia'i
3270 1694 3520 1750 heresim

1941 1779 2260 1847 defendere,
2301 1792 2356 1838 ct
2381 1782 2458 1855 (b)
2503 1785 2684 1840 lberas
2723 1785 2946 1851 nmnias,
2998 1784 3354 1858 Egyptiaque
3392 1800 3521 1856 por-

1943 1879 2085 1926 tenta
2116 1872 2329 1927 sectari.
2365 1873 2617 1930 Dicamus
2647 1875 2826 1946 igitur,
2860 1886 2915 1930 ut
2945 1891 3246 1946 possumus,
3283 1887 3332 1931 et
3365 1878 3512 1947 Apo-

1939 1960 2144 2017 stolicze
2186 1963 2478 2019 voluntatis
2517 1976 2805 2038 sequentes
2851 1969 3096 2039 Vestigia,
3143 1985 3211 2024 ne
3260 1977 3516 2040 punctum

1939 2053 2152 2122 quidem
2177 2055 2197 2124 (
2221 2064 2276 2109 nt
2304 2055 2534 2128 dicitur)
2562 2067 2720 2129 atque
2749 2075 2976 2131 unguem
3022 2072 3384 2118 transversum
3405 2102 3419 2126 ,
3447 2060 3516 2115 ab

1937 2145 2080 2198 illius
2099 2149 2383 2203 sententiis
2409 2151 2744 2208 recedamus.
2778 2153 3028 2210 Fleverat
3053 2171 3236 2227 supra,
3260 2165 3314 2212 et
3339 2157 3516 2213 dolori

1937 2251 2073 2303 suo,
2119 2247 2174 2292 et
2223 2241 2568 2296 conscientiae
2623 2253 2816 2300 testem
2867 2248 3207 2304 invocaverat
3253 2248 3511 2320 Spiritum

1937 2325 2216 2395 Sanctum,
2249 2331 2390 2400 quod
2423 2332 2612 2390 fratres
2633 2335 2714 2389 sui
2740 2344 2794 2392 et
2819 2339 3030 2405 cognati
3057 2339 3350 2396 secundum
3382 2358 3512 2399 car-

1937 2435 2080 2486 nem,
2105 2422 2154 2475 id
2181 2431 2284 2487 est,
2315 2423 2568 2481 lsraelitze
2591 2467 2605 2492 ,
2637 2427 2729 2482 Dei
2757 2427 2796 2482 F
2801 2429 2952 2485 ilium
2997 2446 3104 2486 non
3135 2435 3461 2505 recepissent
3492 2453 3508 2492 :

1933 2525 2161 2580 quorum
2190 2512 2289 2569 fuit
2314 2514 2552 2586 adoptio,
2602 2527 2655 2573 et
2697 2520 2889 2588 gioria,
2931 2531 2984 2576 et
3029 2521 3431 2592 testamentum,
3456 2538 3514 2583 ct

1933 2601 2216 2671 legislatio,
2265 2605 2334 2677 (e)
2377 2618 2432 2662 et
2475 2609 2703 2677 cultura,
2749 2621 2804 2666 ct
2853 2614 3138 2682 ριόηιὶεδεο
3168 2632 3271 2672 :cx
3316 2619 3511 2688 quibus

1931 2694 2088 2746 etimn
2122 2695 2236 2764 ipse
2261 2697 2506 2754 Christus
2551 2704 2847 2758 secundum
2877 2720 3092 2760 carnem
3125 2708 3192 2765 de
3230 2709 3389 2765 Maria
3415 2727 3510 2782 ge-

1931 2794 2148 2840 neratus
2177 2796 2259 2843 est
2289 2788 2504 2861 Virgine
2540 2810 2553 2848 :
2583 2803 2637 2848 ct
2664 2803 2770 2850 tam
2817 2799 3074 2853 continuo
3101 2800 3279 2856 cordis
3318 2802 3507 2859 dolore

1932 2885 2250 2948 torquetur:
2285 2892 2338 2938 ut
2369 2883 2483 2954 ipse
2512 2895 2659 2956 aptet
2711 2889 2998 2945 anathema
3041 2907 3162 2948 esse
3205 2908 3234 2946 a
3261 2893 3502 2959 Christo,

1927 2970 1982 3024 id
2028 2980 2110 3025 est
2150 2973 2300 3028 solus
2345 2975 2557 3044 perire,
2605 2993 2672 3034 ne
2721 2995 2881 3036 omne
2931 2981 3284 3040 lsraeliticmn
3337 3004 3507 3058 genus

1926 3073 2112 3134 pereat
2135 3064 2310 3138 (Rom.
2340 3067 2415 3139 9).
2440 3069 2505 3124 Et
2535 3071 2660 3140 quia
2684 3071 2783 3128 hoc
2811 3074 3041 3142 dixerat,
3071 3080 3255 3134 statim
3285 3085 3510 3139 venien-

1927 3164 2088 3212 teme
2119 3159 2335 3228 regione
2364 3162 2612 3232 prmvidit
2635 3171 3155 3238 quaestionem-.Quid
3181 3190 3307 3246 ergo
3330 3175 3504 3233 dicis?

1925 3247 2124 3305 Omnes
2154 3251 2244 3321 qui
2273 3268 2340 3308 ex
2368 3253 2534 3310 Israel
2559 3266 2682 3312 sunt
2707 3260 3025 3329 perierunt?
3055 3265 3122 3321 Et
3145 3270 3416 3336 quomodo
3445 3281 3501 3328 tu

1927 3344 2042 3414 ipse
2084 3353 2140 3400 et
2187 3347 2369 3402 caeteri
2422 3349 2776 3419 Apostoli,'et
2834 3355 3036 3414 inﬁnita
3074 3358 3282 3417 Judaici
3320 3366 3506 3435 p0puli

1924 3436 2229 3506 multitudo,
2247 3439 2515 3498 Christum
2547 3446 2640 3500 Dei
2666 3445 2858 3503 Filium
2885 3453 3160 3522 recepistis
3188 3453 3213 3509 Ἰ
3237 3441 3407 3524 Quam
3431 3460 3505 3515 ita

1924 3534 2088 3588 solvit
2120 3553 2132 3588 :
2163 3534 2324 3590 lsrael
2343 3535 2395 3590 in
2421 3539 2715 3609 Scripturis
2737 3545 2936 3598 sanctis
2960 3545 3244 3617 dupliciter
3268 3551 3506 3620 appella.

1926 3633 2030 3689 tur,
2057 3636 2111 3680 et
2141 3626 2192 3679 in
2219 3627 2356 3682 duos
2393 3629 2655 3684 dividitur
2685 3631 2860 3689 ﬁlios:
2894 3635 2944 3688 in
2981 3653 3166 3705 unum,
3213 3640 3302 3709 qui
3349 3641 3502 3710 juxta

1923 3730 2138 3772 carnem
2167 3730 2282 3785 est;
2312 3730 2368 3774 et
2397 3722 2446 3775 in
2471 3723 2835 3795 alterum,qui
2853 3727 3004 3797 juxta
3028 3733 3502 3800 repromissionem

1923 3819 1978 3863 et
1999 3811 2267 3879 spiritum.
2311 3813 2578 3868 Abraham
2625 3815 2760 3872 duos
2806 3817 2993 3875 habuit
3023 3823 3181 3891 lilios,
3219 3823 3406 3882 lsmael
3447 3840 3505 3884 et

1927 3901 2091 3968 Isaac,
2124 3902 2341 3970 lstnael,
2372 3906 2460 3975 qui
2486 3908 2779 3964 secundum
2811 3925 3028 3966 carnem
3063 3925 3220 3972 natus
3263 3929 3365 3981 eSt,
3391 3918 3502 3974 has-

1923 3995 2202 4051 reditatem
2227 3997 2393 4066 patris
2419 4015 2526 4055 non
2553 4003 2778 4072 accepit.
2807 4005 2972 4070 Isaac,
3003 4007 3092 4077 qui
3114 4009 3182 4065 de
3204 4025 3243 4065 rt
3266 4014 3500 4081 promis-

1923 4089 2076 4142 sione
2103 4099 2389 4157 generatus
2418 4107 2485 4146 ex
2515 4092 2646 4148 Sara
2673 4105 2776 4161 est,
2819 4111 3006 4153 semen
3056 4099 3151 4154 Dei
3177 4102 3498 4173 appellatur.

1923 4178 2190 4248 Scriptura
2223 4191 2306 4235 cst
2333 4182 2476 4237 enim
2506 4201 2519 4238 :
2551 4183 2620 4238 In
2643 4183 2797 4239 Isaac
2819 4189 3078 4242 vocabitur
3105 4191 3194 4245 tibi
3217 4210 3421 4262 semen,
3447 4197 3501 4252 id

1923 4283 2027 4339 est,
2057 4287 2160 4328 non
2188 4275 2277 4343 qui
2311 4275 2406 4329 lilii
2431 4277 2630 4342 carnis,
2657 4278 2710 4332 hi
2743 4279 2837 4334 ﬁlii
2859 4280 2952 4336 Dei
2976 4299 2992 4348 ;
3016 4284 3112 4340 sed
3143 4286 3232 4354 qui
3252 4299 3378 4343 sunt
3405 4288 3502 4346 lilii

1921 4365 2374 4436 repromissionis,
2402 4369 2484 4424 isti
2506 4368 2588 4442 (ι’)
2603 4371 2979 4431 existimantur
2995 4377 3046 4431 in
3068 4379 3295 4435 semine.
3318 4380 3384 4436 Et
3400 4383 3502 4439 hoc

1921 4474 2027 4518 non
2057 4457 2230 4514 solum
2263 4459 2316 4516 in
2346 4461 2535 4518 lsmael
2567 4471 2621 4519 et
2642 4464 2791 4520 lsaac
2811 4467 3070 4524 accidisse
3096 4472 3498 4543 convincimus;

1921 4551 2018 4606 sed
2048 4552 2212 4606 etiam
2242 4553 2292 4607 in
2319 4553 2531 4609 duobus
2557 4554 2816 4612 Rebecca:
2857 4559 2979 4613 ﬁliis
2998 4601 3015 4628 ,
3045 4561 3184 4616 Esau
3211 4572 3267 4619 et
3307 4563 3496 4636 Jacob,

1921 4658 2152 4711 quorum
2179 4643 2320 4698 alter
2343 4643 2606 4713 abiectus,
2635 4647 2771 4702 alter
2806 4647 3012 4706 electus
3048 4662 3152 4707 est.
3184 4653 3249 4710 Et
3283 4656 3388 4715 hoc
3417 4669 3500 4716 to-

1921 4747 2029 4791 tum
2055 4737 2204 4802 dicit,
2240 4748 2295 4791 ut
2325 4741 2377 4792 in
2452 4739 2618 4811 85.0
2686 4740 2894 4796 duobus
2924 4743 3189 4812 prioribus
3212 4747 3494 4821 fratribus,

1921 4829 2106 4883 lsmael
2156 4839 2210 4884 et
2255 4829 2417 4896 Esau,
2451 4831 2700 4900 populum
2729 4831 3034 4891 Juda‘orum
3068 4837 3334 4908 abjectum
3375 4862 3498 4906 esse

1919 4921 2179 4992 signiticet
2207 4939 2220 4975 ι
2246 4922 2302 4977 ln
2329 4923 2710 4992 posterioribus
2752 4936 2953 4995 autem,
2993 4931 3094 4986 hoc
3123 4945 3224 5003 est,
3267 4937 3319 4995 in
3349 4940 3497 5002 Isaac

1982 5099 3498 5177 (Pliidcphi'opemdsA"e$°"iist.etpeulopessumaeua-

1917 5163 2308 5278 ἓὲεὶέῖῖἐὲωὲἕεί,
2326 5162 2652 5226 Augustinum
2667 5162 2724 5214 in
2747 5162 2990 5220 Enchn'id.
3008 5162 3114 5235 cap.

1933 5228 1998 5275 58.
2024 5228 2152 5275 inter
2174 5228 2252 5275 8'5.

1982 5285 3048 5369 {413139..{afii’iffl’Hﬁ‘P‘iiit}PPiSEO‘a
3070 5298 3129 5348 ad
3160 5299 3491 5369 Desiderium.

1920 5348 2358 5418 qum—Praefation‘is
2382 5348 2488 5398 loco
2500 5348 2586 5418 est
2609 5352 2657 5400 in
2680 5348 3068 5418 Pentateuchum
3093 5394 3105 5406 .
3123 5348 3496 5418 scitié'eiiiiéii'é

1919 5411 2261 5487 mlas—‘29“
2293 5411 2684 5487 Ανίὶετῖνιλονξιω
2721 5415 3209 5487 meaemeae.
3239 5411 3493 5487 erant;

1923 5476 2072 5543 lgpsis
2097 5473 2217 5543 Elite
2249 5473 2435 5543 somnia
2457 5473 2493 5543 ;ς
2513 5474 2690 5543 quibus
2732 5476 2958 5543 Basilidis
2999 5473 3264 5543 discipulus
3307 5473 3495 5542 sinitis

1920 5527 2170 5604 Egyptius
2207 5537 2254 5604 in
2288 5527 2721 5604 Histiatiia'plures
2742 5537 2977 5604 decepit,
3014 5527 3489 5604 nitideb‘écu'iiiiifi

1919 5599 2028 5675 ‘1"te
2054 5599 2688 5676 etiametarﬁetzuwaa
2702 5599 3010 5676 ,θέῗῖμὲδῖφ
3033 5599 3178 5676 mi.“
3202 5599 3344 5676 Pam“
3367 5599 3490 5676 εόῖοξ

1920 5658 2024 5713 sive
2051 5660 2256 5770 Egﬁpto
2274 5694 2288 5717 ,
2314 5666 2574 5719 nuncupat.
2601 5658 2723 5708 Vide
2747 5658 3016 5711 Comment.
3049 5664 3098 5711 in
3123 5665 3259 5717 Isaia
3281 5658 3489 5738 capiti:

1922 5734 1974 5770 ct
1995 5735 2105 5770 aute
2130 5736 2145 5769 ι
2183 5737 2195 5769 ι
2219 5721 2517 5769 adnutamus.

1922 5734 1974 5776 et
1995 5721 2630 5854 (ὲῗωΔέιἛιῗἙὲῧῐὲᾃέἠηει
2650 5779 2936 5842 obsequium.

1982 5787 2055 5909 if)
2089 5844 2333 5895 Victorius
2354 5842 2605 5892 contendit
2626 5839 2890 5891 levendum
2912 5858 2936 5894 α

2005 5839 2055 5910 f')
2089 5844 2333 5895 Victorius
2354 5842 2605 5892 contendit
2626 5839 2890 5891 leaen'dum
2912 5844 3225 5902 testimantur.

2711 5927 3188 6007 (Tremo-deum.
3197 5948 3221 6015 )
