4088 6336
595 341 712 398 θυει

607 472 655 514 et
687 458 867 524 Jacob,
897 458 1121 515 electum
1149 457 1400 530 populum
1446 456 1683 530 gentium
1709 498 1725 522 ,
1757 455 1839 511 vel
1864 468 1958 511 eos
1990 454 2079 525 qui
2109 469 2176 509 ex

600 553 803 610 ludi-is
826 553 875 606 in
903 553 1170 607 Christum
1198 551 1450 607 credituri
1481 559 1654 606 erant.
1693 547 1764 603 Et
1791 547 2043 618 quoniam
2083 548 2185 601 hoc

605 645 789 700 volens
819 645 1116 714 approbare
1135 685 1150 707 ,
1182 651 1536 715 pr0posuerat
1568 641 1928 698 testimonium
1963 653 2186 693 nascen-

604 739 734 793 tium
761 737 1092 808 geminorum
1126 736 1264 791 Esau
1291 745 1345 791 et
1368 735 1532 791 Jacob
1550 775 1564 801 ,
1607 732 1674 788 de
1703 731 1895 803 quibus
1923 731 2181 800 scriptum

599 839 682 883 cst
716 845 728 882 :
765 827 938 898 Major
965 829 1142 883 serviet
1179 827 1359 882 minori
1392 825 1546 897 (Gen.
1584 824 1676 889 25)
1703 840 1716 877 :
1746 833 1798 878 et
1829 823 1879 877 in
1923 819 2180 876 Malachia

602 922 824 988 legimus
845 937 858 976 :
876 919 1036 976 Jaeob
1062 919 1238 988 dilexi,
1263 920 1398 974 Esau
1418 929 1583 974 autem
1609 917 1726 972 odio
1755 916 1906 970 habui
1924 914 2178 988 (Μαιαι-Ιι.

602 1013 650 1066 1.
680 1013 735 1067 2.
766 1012 847 1083 3),
893 1012 1194 1068 venientem
1240 1027 1270 1067 e
1300 1011 1466 1065 latere
1507 1009 1855 1079 qumstionem
1897 1021 2045 1060 more
2082 1018 2182 1058 suo

601 1105 864 1176 proponit,
897 1115 948 1160 et
971 1103 1188 1159 disserit
1219 1123 1231 1158 :
1265 1112 1318 1159 et
1344 1102 1444 1158 hac
1471 1103 1666 1164 soluta.
1692 1099 1979 1155 revertitur
2003 1098 2070 1153 ad
2102 1099 2176 1160 id,

597 1196 664 1251 de
692 1212 799 1268 quo
821 1204 1056 1265 cmperat
1095 1195 1389 1266 disputare.
1419 1194 1472 1250 Si
1504 1194 1644 1248 Esau
1674 1205 1725 1248 et
1756 1191 1922 1249 Iacob
1949 1191 2176 1246 necdum

598 1288 706 1342 nati
736 1297 922 1353 erant;
961 1302 1058 1341 nec
1089 1286 1286 1357 aliquid
1314 1295 1534 1355 egerant
1563 1284 1688 1339 boni
1715 1294 1804 1338 aut
1832 1284 1978 1349 mali,
2009 1291 2064 1336 ut
2093 1281 2176 1336 vel

597 1386 1034 1449 pmmererentur
1057 1378 1245 1440 Deum,
1276 1379 1358 1432 vel
1386 1376 1720 1432 oll'endereut
1748 1395 1760 1431 :
1789 1384 1844 1430 et
1869 1375 2062 1429 electio
2083 1390 2176 1430 eo-

596 1487 714 1526 rum
744 1481 904 1542 atque
927 1470 1179 1541 ahjectio,
1214 1485 1317 1524 non
1346 1469 1535 1524 merita
1573 1468 1926 1540 singulorum,
1955 1466 2048 1521 scd
2078 1482 2178 1521 vo-

597 1565 852 1618 luntatem
901 1563 1147 1634 eligentis
1175 1571 1228 1618 et
1268 1563 1568 1633 alnjicieutis
1595 1561 1850 1628 ostendit,
1880 1559 2005 1630 quid
2046 1574 2178 1630 ergo

591 1655 870 1710 dicemus?
897 1654 1113 1725 Iniquus
1157 1663 1238 1708 est
1281 1654 1458 1708 Deus?
1501 1653 1803 1708 Secundum
1838 1651 1962 1705 illud
1991 1667 2175 1705 excin-

593 1748 760 1816 plum,
791 1763 898 1817 quo
921 1745 1154 1817 loquitur
1180 1745 1245 1800 ad
1274 1746 1486 1817 Moysen
1520 1764 1532 1800 :
1563 1743 1840 1799 Misercbor
1879 1746 1963 1798 cui
1999 1746 2178 1798 miser-

591 1851 671 1893 tus
700 1839 843 1906 fuero
871 1838 1050 1909 (Rom.
1083 1837 1138 1895 9.
1167 1840 1279 1909 l5),
1300 1848 1346 1891 et
1370 1837 1768 1892 misericordiam
1795 1837 2066 1906 praestabo.
2092 1835 2176 1889 cui

591 1931 884 1988 miserebor.
929 1930 990 1986 Si
1030 1931 1150 1993 hoc,
1179 1931 1374 2000 inquit,
1398 1929 1716 1998 recipimus,
1751 1937 1808 1981 ιιι
1834 1926 1989 1981 faciat
2035 1927 2174 1982 Deus

589 2023 969 2094 quodettmque
1001 2023 1248 2086 voluerit,
1272 2031 1321 2077 et
1353 2021 1556 2090 absque
1586 2019 1780 2075 merito
1809 2028 1863 2074 et
1885 2019 2170 2090 operibus,

588 2118 674 2173 vel
703 2118 862 2189 eligat
893 2101 1143 2187 aliquem,
1177 2114 1257 2170 vel
1293 2113 1616 2170 condemnet
1648 2131 1662 2168 :
1694 2127 1822 2184 ergo
1845 2128 1951 2166 non
1973 2123 2055 2166 est
2075 2127 2173 2166 vo-

597 2210 754 2264 lentis
776 2225 948 2279 neque
973 2205 1257 2272 currentis,
1300 2205 1395 2261 sed
1427 2204 1728 2258 tniscrentis
1752 2204 1844 2258 Dei
1881 2221 1894 2258 :
1929 2204 2170 2260 maxime

586 2317 708 2357 cum
751 2302 939 2356 eadem
982 2298 1254 2368 Scriptura
1282 2338 1296 2362 ,
1340 2296 1444 2352 hoc
1469 2306 1551 2351 est
1577 2296 1716 2351 idem
1755 2297 1892 2352 Deus
1925 2297 2173 2366 loquatur

586 2393 655 2452 ad
687 2391 1018 2448 Pharaonem
1051 2409 1066 2447 :
1105 2389 1170 2444 In
1196 2389 1289 2443 hoc
1315 2391 1480 2461 ipsum
1503 2389 1712 2445 excitavi
1733 2400 1800 2458 te,
1830 2401 1881 2444 at
1909 2391 2170 2444 ostendam

585 2485 638 2538 in
672 2494 721 2538 te
756 2484 988 2538 uirtutem
1025 2499 1187 2536 meam
1212 2522 1229 2548 ,
1273 2491 1318 2536 et
1352 2482 1680 2536 annuntietur
1715 2500 1894 2537 nomen
1926 2501 2087 2554 meum
2118 2484 2172 2537 in

587 2577 821 2632 universa
869 2585 1023 2630 terra.
1071 2577 1124 2629 Si
1161 2575 1259 2629 hoc
1304 2577 1374 2630 ita
1420 2583 1536 2640 est,
1570 2584 1623 2630 et
1653 2591 1746 2646 pro
1773 2577 2043 2630 Voluntate
2073 2593 2168 2630 sua

588 2669 874 2722 miseretur
902 2664 1102 2730 Israeli,
1127 2676 1180 2721 ct
1220 2665 1430 2721 indurat
1474 2666 1804 2721 Pharaonem
1837 2683 2003 2739 :crgu
2055 2667 2170 2722 fru-

584 2766 696 2812 stra
721 2757 984 2827 queritur,
1017 2767 1181 2827 atque
1217 2768 1487 2823 causatur,
1518 2774 1614 2812 nos
1659 2758 1743 2812 vel
1777 2758 1909 2812 bona
1961 2775 2062 2812 non
2093 2759 2168 2814 le—

581 2851 742 2915 cisse,
774 2848 856 2904 vel
909 2846 1101 2904 fecisse
1151 2848 1286 2902 mala
1315 2866 1328 2903 :
1358 2863 1478 2902 cum
1521 2849 1572 2902 iu
1607 2856 1870 2918 potestate
1909 2848 2074 2919 ipsius
2101 2849 2170 2903 sit

581 2949 638 2997 et
663 2941 962 3008 voluntate,
1004 2940 1208 3012 absque
1253 2939 1406 2994 bonis
1453 2947 1508 2995 et
1552 2940 1704 2994 malis
1749 2941 2022 3010 operibus,
2081 2942 2166 2996 vel

579 3033 778 3103 eligere
820 3033 1073 3103 aliquem,
1105 3032 1188 3087 vel
1229 3030 1505 3102 abjicere;
1579 3033 1876 3103 pra‘sertim
1922 3047 2041 3087 cum
2077 3049 2143 3088 vo

582 3125 774 3179 luntati
819 3125 964 3179 illius
1011 3124 1243 3179 butnana
1293 3124 1550 3194 fragilitas
1605 3125 1858 3179 resistere
1914 3134 2163 3194 nequeat.

579 3217 749 3284 Quam
772 3216 997 3271 validam
1025 3204 1374 3287 quaestionem
1393 3216 1790 3286 Scripturarum
1821 3217 2027 3271 ratione
2049 3232 2170 3270 con.

583 3321 806 3375 textam,
824 3316 878 3362 et
897 3323 1031 3378 pene
1057 3307 1417 3371 insolubilem,
1438 3307 1584 3362 brevi
1609 3308 1896 3378 Apostolus
1913 3325 2165 3365 sermone

579 3400 845 3468 dissolvit,
875 3399 1100 3456 dicens:
1132 3401 1177 3453 0
1203 3400 1392 3454 homo!
1420 3411 1472 3453 tu
1507 3403 1618 3472 quis
1648 3419 1700 3454 es
1737 3403 1822 3472 qui
1862 3405 2166 3474 respondeas

578 3491 690 3549 Deo
708 3494 734 3548 ?
758 3493 823 3549 Et
851 3502 932 3550 est
956 3508 1166 3548 sensus.
1197 3492 1271 3547 Ex
1295 3492 1510 3563 eoquod
1541 3496 1834 3564 respondes
1865 3497 1989 3561 Deo,
2011 3508 2062 3552 ct
2079 3514 2166 3553 ca-

579 3587 834 3642 lumniam
867 3585 1091 3652 f.tcis,et
1116 3585 1491 3656 deScripturis
1515 3597 1657 3640 tanta
1691 3590 1972 3659 perquiris,
2007 3603 2061 3644 ut
2084 3591 2163 3646 lo-

575 3679 759 3748 quaris
787 3689 975 3735 contra
1008 3679 1195 3743 lleum,
1227 3690 1278 3734 et
1301 3680 1562 3749 justitiam
1613 3681 1895 3736 voluntatis
1937 3682 2052 3752 ejus
2083 3684 2164 3738 in-

573 3788 730 3827 cuSas
753 3770 844 3845 [aL
875 3771 1125 3845 inquiras]
1147 3815 1160 3837 ,
1188 3773 1425 3830 ostendis
1452 3784 1502 3829 le
1534 3773 1686 3829 liberi
1714 3789 1834 3831 esse
1857 3776 2081 3842 arbitrii,
2111 3787 2166 3834 et

575 3868 751 3923 facere
768 3868 910 3938 quod
937 3868 1036 3932 vis,
1059 3870 1140 3922 \‘cl
1162 3878 1360 3934 tacere,
1386 3870 1469 3923 vel
1494 3869 1657 3940 loqui.
1677 3869 1733 3925 Si
1751 3871 1893 3925 enim
1914 3872 2168 3926 insimili-

574 3961 810 4017 tudinem
835 3961 976 4015 vasis
995 3962 1170 4015 lietilis
1191 3972 1242 4017 te
1312 3961 1474 4035 851
1550 3963 1967 4020 aDeocreatum
1991 3975 2162 4034 putas,

577 4061 632 4107 et
650 4053 792 4107 illius
818 4069 922 4106 non
940 4068 1097 4122 posse
1117 4054 1368 4109 resistere
1392 4055 1653 4109 voluntati
1684 4073 1696 4108 :
1719 4054 1821 4111 hoc
1848 4058 2126 4112 Corsidera
2149 4076 2163 4113 :

573 4145 698 4212 quia
729 4159 826 4197 vas
864 4145 1025 4199 lictile
1057 4161 1160 4200 non
1190 4145 1319 4200 dicit
1350 4146 1511 4217 ﬁgulo
1541 4162 1554 4202 :
1582 4164 1737 4218 quare
1762 4165 1840 4202 me
1863 4150 1932 4202 sic
1959 4149 2166 4217 fecisti?

574 4231 794 4304 Figulus
819 4236 964 4289 enim
1010 4233 1169 4288 habet
1207 4244 1527 4304 patestatem
1556 4236 1623 4291 de
1663 4237 1854 4292 eodem
1902 4240 2045 4305 luto,
2074 4249 2165 4294 aut

572 4329 761 4384 eadem
787 4342 987 4393 massa,
1019 4327 1162 4382 aliud
1195 4342 1286 4381 vas
1315 4328 1364 4381 iu
1401 4329 1660 4384 honorem
1692 4331 1866 4385 facere
1887 4373 1902 4396 ,
1935 4333 2075 4386 aliud
2109 4333 2160 4388 in

571 4421 975 4477 contumeliam.
1023 4421 1160 4474 Dens
1187 4430 1365 4475 autem
1393 4421 1581 4491 aequali
1611 4431 1832 4477 cunctos
1879 4433 2024 4479 sorte
2065 4439 2160 4496 ge-

573 4513 872 4575 neravit,et
917 4512 1062 4567 dedit
1106 4512 1312 4567 arbitrii
1357 4515 1680 4580 libertatem,
1711 4522 1768 4568 ut
1795 4513 1950 4569 faciat
1993 4531 2164 4571 usus-

572 4605 796 4676 quisque
818 4605 958 4676 quod
981 4607 1109 4670 vult,
1131 4605 1246 4659 sive
1270 4604 1616 4669 bonum,sive
1633 4605 1853 4660 malum.
1881 4607 1935 4661 ln
1957 4615 2160 4662 tantum

574 4706 752 4752 autem
792 4699 940 4753 dedit
978 4700 1227 4752 omnibus
1254 4709 1610 4768 potestatem;
1648 4708 1826 4754 utvox
1857 4702 2017 4771 impia
2046 4701 2160 4756 dis-

577 4799 727 4856 putet
763 4799 945 4844 contra
993 4790 1304 4845 Creatorem
1345 4808 1524 4858 suum,
1549 4801 1604 4847 et
1644 4807 1835 4848 causas
1871 4793 2162 4849 voluntatis

574 4880 719 4936 illius
761 4889 1142 4950 perscrutetttr.
1180 4881 1274 4937 Sin
1302 4892 1470 4935 autem
1505 4883 1641 4936 Deus
1684 4884 1854 4940 volens
1901 4888 2163 4941 ostendere

575 4973 722 5035 iram,
749 4981 795 5024 et
847 4980 1018 5024 notam
1062 4974 1227 5042 facere
1269 4975 1544 5043 potentiam
1593 4991 1735 5028 suam
1762 5014 1778 5039 ,
1824 4977 2059 5030 sustinuit
2109 4979 2162 5031 in

575 5061 735 5115 multa
776 5060 1021 5128 patientia
1047 5076 1166 5115 vasa
1196 5062 1319 5128 iret,
1347 5072 1468 5132 apta
1496 5063 1566 5114 ad
1604 5064 1882 5129 interitum,
1912 5075 1968 5118 ut
1992 5077 2160 5120 osten-

574 5154 713 5208 deret
743 5151 944 5206 divitias
992 5153 1170 5223 gloriae
1191 5169 1299 5208 sine
1349 5155 1404 5207 in
1452 5170 1571 5208 vasa
1611 5156 2008 5223 misericordia,
2049 5177 2163 5228 qua:

575 5245 880 5314 prwparauit
905 5245 957 5297 in
981 5243 1195 5315 gloriam
1225 5258 1244 5298 :
1268 5260 1393 5314 quos
1430 5254 1475 5298 et
1506 5247 1718 5311 vocavit,
1747 5263 1850 5303 non
1878 5251 2043 5304 solum
2069 5268 2161 5306 nos

573 5351 638 5389 ex
671 5334 906 5403 Judtzis,
936 5334 1025 5390 sed
1061 5335 1212 5388 etiam
1237 5351 1299 5389 ea:
1325 5335 1572 5406 gentibus,
1612 5337 1742 5392 sicut
1786 5338 1837 5392 in
1871 5339 1998 5396 Osee
2039 5342 2161 5396 dicit

573 5426 726 5496 (Cap.
747 5426 804 5483 2.
825 5426 920 5498 24)
943 5448 955 5483 :
991 5425 1188 5481 Vocabo
1213 5443 1314 5481 non
1342 5425 1534 5496 plebem
1558 5445 1742 5495 meam,
1761 5430 1958 5501 plebem
1973 5449 2160 5497 meum;

560 5519 651 5584 la)
673 5529 719 5575 et
739 5536 840 5574 non
868 5521 1128 5587 dilectam,
1157 5519 1393 5574 dilectam
1421 5535 1439 5575 :
1463 5531 1511 5575 et
1532 5520 1624 5576 erit
1652 5522 1705 5576 in
1725 5523 1835 5578 loco
1855 5525 1940 5579 ubi
1968 5528 2158 5580 dictum

633 5697 709 5761 (α)
741 5697 838 5748 Pro
859 5698 948 5749 hac
964 5698 1208 5762 lectione,
1232 5705 1385 5750 etnon
1409 5697 1654 5762 dilectam,
1683 5700 1923 5762 dilectam,
1951 5705 1997 5753 in
2023 5703 2156 5756 Com-

577 5762 832 5824 mentariis
863 5763 914 5810 in
947 5761 1126 5812 Oscam
1157 5762 1297 5824 aliam
1337 5761 1564 5824 piratica,
1599 5764 1704 5812 sive
1748 5771 1795 5813 et
1838 5777 1930 5816 non
1975 5766 2162 5816 miseri-

569 5823 790 5874 cordiam
831 5827 1150 5881 consscntam,
1196 5822 1580 5875 naisericordium
1623 5832 1957 5890 consecutam,-
2004 5830 2158 5881 addit-

1910 335 2146 396 SANCTI
2189 335 2300 396 111Ιεί
2310 332 2560 396 ιιοκιίιι

3738 351 3854 410 l000

2293 465 2367 508 est
2391 454 2462 508 eis
2483 470 2502 509 :
2532 469 2632 510 non
2661 455 2798 526 plebs
2825 473 2934 512 mea
2960 471 3066 522 vos,
3101 458 3170 513 ibi
3194 457 3504 518 vocabantur
3529 462 3630 532 ﬁlii
3667 465 3755 520 Dei
3777 471 3858 524 viri

2291 543 2311 611 (
2334 544 2484 600 Rom.
2517 546 2570 601 9.
2602 547 2693 601 22.
2718 558 2764 602 et
2791 548 2974 620 seqq),
2997 559 3050 605 et
3080 559 3272 606 ctctera
3302 569 3421 621 quae
3463 567 3764 626 sequuntur
3809 561 3855 616 Si

2290 638 2478 708 inquit,
2511 639 2766 708 patientia
2797 641 2887 696 Dei
2935 642 3201 698 induravit
3226 645 3596 715 Pharaonem,
3625 659 3682 706 et
3710 650 3856 710 multo

2290 736 2531 797 tempore
2559 745 2743 800 pinnas
2757 731 2964 788 distulit
2987 733 3220 803 lsraelis,
3251 747 3307 791 ut
3332 737 3524 809 justius
3546 743 3856 799 condemna-

2286 831 2386 882 ret,
2421 837 2556 892 quos
2583 831 2729 878 tanta
2757 835 2997 895 tempore
3021 829 3341 884 sust'nucrat
3366 870 3384 897 ,
3428 846 3535 887 non
3569 832 3662 890 Dei
3713 850 3852 891 accu-

2287 914 2450 969 sanda
2481 926 2562 969 cst
2592 917 2846 986 patientia
2887 927 2941 974 et
2987 919 3189 975 infinita
3219 922 3527 989 clementia,
3561 925 3656 981 sed
3685 941 3851 984 eorum

2285 1006 2499 1071 duritia,
2525 1009 2614 1077 qui
2641 1010 2877 1067 bonitate
2920 1011 3037 1079 Dei,
3068 1013 3118 1066 iu
3147 1013 3502 1082 perditionem
3536 1035 3694 1075 suam
3720 1023 3852 1080 abusi

2284 1109 2429 1153 sunt.
2460 1100 2710 1167 Aliotptin
2742 1118 2877 1158 unus
2903 1114 2985 1160 est
3012 1106 3141 1162 solis
3165 1107 3332 1174 calor,
3359 1116 3414 1164 et
3450 1113 3749 1168 secundum
3776 1131 3851 1171 es-

2283 1192 2483 1246 sentias
2512 1193 2876 1263 suhjacentes,
2901 1196 3003 1252 alia
3030 1197 3322 1268 liquefacit,
3349 1201 3453 1256 alia
3499 1202 3734 1270 indurat,
3764 1207 3850 1262 alia

2281 1283 2462 1350 solvit,
2496 1285 2599 1340 alia
2627 1287 2967 1359 constringit.
2999 1288 3252 1361 Liqaatur
3277 1293 3420 1348 enim
3451 1309 3598 1361 cera,
3630 1306 3687 1352 et
3716 1297 3853 1354 indtb

2283 1385 2430 1428 ratur
2451 1375 2619 1430 lutum
2646 1393 2662 1432 :
2691 1387 2743 1432 et
2775 1387 2950 1434 tamen
2972 1380 3168 1436 caloris
3187 1397 3288 1438 non
3313 1392 3395 1438 est
3416 1383 3629 1440 diversa
3657 1398 3848 1447 natura.

2281 1463 2368 1520 Sic
2393 1474 2447 1521 et
2477 1466 2717 1533 bonitas.
2749 1478 2802 1523 et
2825 1469 3107 1526 clementia
3135 1471 3264 1537 Dei,
3295 1488 3418 1528 vasa
3453 1475 3566 1541 irae,
3599 1491 3720 1547 qme
3744 1490 3850 1548 apta

2280 1565 2404 1612 sunt
2433 1557 2487 1613 in
2519 1558 2792 1614 interitum
2817 1602 2832 1625 ,
2864 1561 2915 1616 id
2965 1571 3048 1617 est
3097 1564 3348 1634 populum
3375 1565 3564 1632 Israel,
3603 1568 3849 1628 indurat:

2281 1665 2405 1705 vasa
2437 1660 2616 1707 autem
2665 1653 3086 1719 misericordias.
3117 1673 3235 1726 quae
3287 1660 3608 1729 prmparavit
3655 1661 3710 1716 in
3749 1662 3851 1732 gloo

2279 1742 2437 1804 riam,
2478 1759 2596 1814 qua:
2625 1745 2871 1809 vocavit,
2903 1745 3005 1802 hoc
3031 1756 3114 1802 est
3161 1762 3280 1815 nos,
3313 1751 3400 1819 qui
3433 1766 3542 1805 non
3573 1751 3749 1807 solum
3793 1769 3850 1810 es

2277 1831 2478 1888 Iudaeis
2526 1850 2747 1901 sumus,
2777 1837 2872 1892 sed
2916 1839 3079 1893 etiam
3125 1855 3189 1894 ex
3234 1841 3508 1911 gentibus,
3536 1859 3646 1898 non
3698 1847 3852 1904 salvat

2279 1923 2736 1992 irrationabiliter,
2765 1936 2818 1983 et
2846 1928 3051 2000 absque
3092 1931 3276 1999 judicii
3309 1934 3575 2002 veritate;
3605 1937 3704 1992 sed
3734 1953 3850 1994 eau-

2276 2013 2352 2069 sis
2385 2014 2810 2084 prtecedeutibus
2835 2035 2848 2070 :
2878 2021 2999 2089 quia
3031 2020 3116 2074 alii
3149 2036 3254 2077 non
3287 2035 3643 2094 susceperunt
3670 2026 3849 2084 Filium

2278 2105 2405 2166 Dei;
2433 2107 2522 2161 alii
2565 2117 2741 2164 autem
2774 2111 3014 2181 recipere
3041 2128 3134 2166 sua
3181 2124 3370 2184 sponte
3400 2117 3709 2174 voluerunt.
3741 2120 3851 2176 lltcc

2273 2205 2453 2252 autem
2487 2213 2612 2254 vasa
2655 2201 3059 2270 misericordia,
3090 2220 3196 2260 non
3242 2207 3415 2262 solum
3461 2211 3693 2280 populus
3735 2227 3851 2281 geu-

2275 2289 2404 2343 tittm
2435 2300 2516 2346 est
2537 2331 2551 2356 ,
2585 2292 2678 2348 sed
2711 2293 2869 2348 etiam
2901 2295 2951 2347 Ιιί
2974 2335 2991 2360 ,
3035 2297 3124 2365 qui
3155 2312 3221 2352 ex
3249 2297 3453 2354 ludatis
3506 2301 3733 2357 credere
3761 2320 3847 2360 vo-

2276 2379 2490 2434 luerunt
2516 2423 2531 2445 ,
2564 2394 2616 2437 et
2650 2400 2785 2439 unus
2816 2386 3152 2442 credentium
3199 2387 3424 2444 cﬂ'cctus
3471 2400 3559 2446 est
3607 2394 3846 2463 populus.

2277 2472 2354 2526 Ex
2400 2490 2505 2543 quo
2545 2475 2864 2541 ostenditur,
2898 2493 3001 2531 non
3035 2489 3223 2550 gentes
3269 2479 3417 2553 eligi,
3451 2485 3547 2540 sed
3579 2487 3847 2548 hominum

2273 2565 2596 2632 voluntates,
2635 2582 2797 2640 atque
2865 2569 3028 2643 θήῃ
3104 2571 3175 2626 ita
3205 2571 3404 2629 factum
3447 2589 3553 2644 est,
3583 2588 3641 2634 ut
3674 2581 3852 2650 imple-

2273 2669 2418 2712 retur
2446 2659 2598 2726 illutl,
2621 2662 2760 2731 quod
2787 2662 2986 2718 dictum
3014 2673 3097 2718 est
3124 2663 3179 2720 in
3206 2667 3344 2724 Osee
3367 2667 3601 2724 :I’oeabo
3626 2689 3726 2726 non
3753 2675 3852 2744 ple.

2272 2753 2380 2807 bent
2410 2771 2591 2819 nteant,
2618 2757 2808 2824 plebem
2841 2773 3022 2820 meam,
3046 2759 3145 2815 hoc
3176 2770 3275 2821 est,
3305 2763 3550 2832 papulum
3591 2767 3853 2836 gentium:

2271 2854 2318 2898 et
2366 2845 2545 2915 quibus
2571 2847 2710 2915 prius
2736 2847 2996 2900 dicebatur
3019 2864 3036 2901 :
3059 2867 3162 2903 non
3187 2851 3326 2920 plebs
3349 2869 3457 2905 mea
3484 2871 3591 2920 ros,
3618 2873 3754 2910 nunc
3773 2875 3854 2911 tto-

2271 2946 2446 2990 centur
2469 2935 2562 3009 [al.
2592 2935 2860 3011 vocantur]
2891 2939 2987 3007 lilii
3036 2939 3126 2993 Dei
3156 2942 3272 2996 viri.
3303 2943 3458 3009 Quod
3490 2961 3557 2998 ne
3584 2947 3761 3001 solum
3793 2930 3853 3003 de

2270 3029 2519 3097 gettlibtts
2558 3028 2741 3084 dicere
2775 3029 3048 3084 videretur
3071 3073 3086 3095 ,
3115 3032 3277 3086 etiam
3311 3049 3404 3088 eos
3434 3037 3521 3104 qui
3552 3054 3616 3090 ex
3650 3037 3854 3094 lsraeli-

2274 3124 2374 3186 lica
2406 3123 2745 3178 multitudine
2771 3125 3142 3194 crediderunt,
3176 3144 3300 3182 vasa
3351 3131 3736 3186 misericm-dize
3761 3177 3776 3200 ,
3805 3145 3854 3189 et

2271 3213 2555 3268 electionis
2604 3215 2856 3285 appellat.
2888 3214 3093 3270 Clamat
3141 3220 3281 3273 enim
3317 3220 3479 3275 Isaias
3511 3239 3608 3293 pro
3641 3224 3800 3280 Israel
3838 3244 3851 3286 ;

2273 3301 2335 3358 Si
2359 3304 2514 3372 fuerit
2549 3322 2788 3360 nunterus
2835 3308 3059 3376 ﬁliorum
3111 3309 3276 3365 Israel
3316 3315 3462 3384 quasi
3489 3333 3648 3370 arena
3680 3319 3854 3383 maris,

2270 3395 2498 3461 reliquae
2531 3397 2688 3451 salva:
2713 3398 2834 3466 ﬁent
2862 3399 2879 3466 (
2917 3398 3065 3454 lioin.
3094 3401 3150 3456 9.
3182 3402 3250 3456 27
3279 3401 3323 3475 ),
3355 3403 3455 3459 hoc
3485 3417 3588 3471 est,
3619 3409 3780 3462 etiam
3813 3411 3853 3463 si

2271 3489 2560 3543 multitudo
2588 3506 2693 3545 non
2727 3491 3036 3556 crediderit,
3072 3505 3246 3553 tamen
3281 3497 3431 3564 pauci
3459 3499 3706 3554 credent.
3728 3500 3856 3556 γρι-

2272 3579 2395 3635 lunn
2444 3582 2586 3636 enim
2632 3594 3065 3639 consummatum
3121 3597 3279 3656 atque
3329 3588 3628 3645 breviatum
3663 3593 3714 3648 in
3763 3609 3856 3648 sua

2273 3671 2412 3728 Deus
2454 3674 2707 3745 :rqutate
2760 3675 2974 3730 libravit
3000 3718 3014 3738 ,
3047 3687 3103 3731 ιιι
3155 3677 3225 3732 hu
3254 3700 3260 3728 :
3287 3679 3455 3736 ilitate
3480 3722 3498 3748 ,
3524 3693 3574 3737 et
3611 3683 3856 3738 incarna-

2273 3763 2417 3819 tione
2443 3765 2668 3832 Christi,
2697 3783 2791 3821 eos
2821 3767 3002 3822 salvos
3031 3768 3249 3833 faceret,
3278 3770 3367 3840 qui
3401 3771 3452 3824 in
3481 3788 3605 3826 eum
3634 3775 3858 3834 credere

2270 3856 2585 3912 voluissent.
2623 3859 2733 3914 lloc
2774 3859 2946 3929 ipsum
2994 3870 3047 3914 et
3096 3863 3145 3915 iu
3197 3864 3305 3917 alio
3337 3864 3454 3919 loco
3481 3865 3615 3921 dixit
3645 3867 3856 3924 Isaias:

2275 3945 2391 4000 Nisi
2438 3947 2686 4005 Dominus
2738 3950 2949 4007 sabaotlt
2999 3953 3280 4022 reliquisset
3320 3957 3463 4012 nobis
3504 3975 3698 4024 stenten,
3729 3963 3859 4015 sicut

2271 4037 2500 4091 Sodoma
2526 4043 2654 4111 facti
2675 4043 2966 4112 fuissemus,
3000 4053 3046 4098 et
3073 4047 3200 4099 sicut
3227 4046 3474 4102 Gomorra
3503 4050 3698 4106 similes
3727 4071 3858 4108 esse-

2269 4145 2381 4184 mus
2440 4130 2613 4202 (lsai.
2669 4134 2719 4188 1.
2770 4133 2869 4204 9).
2901 4136 3140 4206 Cumque
3187 4140 3487 4194 testimonia
3540 4147 3858 4214 proposuis-

2268 4229 2372 4284 set,
2402 4223 2594 4292 quibus
2619 4225 2814 4294 duplex
2849 4229 3060 4282 vacatio
3093 4228 3416 4298 pra'dicitur,
3448 4243 3496 4287 et
3527 4237 3772 4304 gentium
3805 4247 3860 4293 et

2270 4316 2449 4383 populi
2482 4314 2812 4383 Judaeorum,
2843 4320 3033 4375 transit
3061 4320 3126 4375 ad
3147 4321 3507 4378 coha'reutetn
3529 4324 3859 4398 disputatio-

2268 4421 2413 4469 nem,
2445 4415 2498 4460 et
2545 4406 2745 4462 ideirco
2791 4409 2919 4463 dit-it
2965 4422 3176 4482 gentes,
3213 4428 3333 4484 qua:
3360 4429 3466 4470 non
3509 4419 3862 4475 sectabantur

2261 4496 2545 4566 justitiam,
2573 4501 2992 4569 apprehendisse
3013 4505 3310 4574 justitiam,
3339 4508 3462 4577 quia
3505 4525 3610 4566 non
3661 4526 3858 4582 super-

2266 4587 2463 4642 bieriut
2483 4629 2498 4656 ,
2527 4591 2621 4644 sed
2649 4591 2701 4644 in
2730 4591 3002 4648 Christum
3049 4595 3396 4652 crediderint.
3430 4598 3647 4655 l~raelis
3676 4615 3856 4656 autem

2269 4698 2513 4752 Iiiaguam
2558 4694 2760 4753 partem
2806 4683 2925 4740 ideo
2969 4689 3278 4758 corruisse,
3304 4691 3426 4761 quia
3473 4692 3762 4749 oﬂ'enderit
3806 4699 3858 4750 in

2269 4772 2496 4842 lapidem
2552 4775 2879 4842 oll‘ensiouis,
2910 4786 2965 4832 et
2997 4789 3201 4850 petram
3246 4783 3506 4850 scandali,
3538 4795 3592 4840 et
3640 4787 3859 4857 ignora.-

2268 4865 2402 4918 verit
2427 4865 2690 4934 justitiam
2724 4867 2814 4920 Dei
2847 4884 2860 4918 :
2891 4878 2947 4922 et
2986 4885 3233 4939 quaerens
3253 4885 3404 4926 suam
3435 4883 3677 4930 statuere
3702 4877 3862 4939 justi-

2269 4953 2418 5021 tiam,
2445 4955 2667 5024 justitiae
2689 4958 2800 5019 Dei,
2833 4974 2951 5025 qua:
2979 4959 3225 5016 Christus
3251 4973 3352 5026 est,
3375 4963 3565 5034 subjici
3599 4967 3858 5022 noluerit.

2265 5045 2393 5119 Legi
2420 5049 2470 5103 iu
2497 5049 2774 5118 cujusdam
2798 5049 3210 5109 Commentariis
3227 5056 3302 5111 sic
3332 5058 3681 5126 respondisse
3706 5061 3861 5129 Apo-

2266 5142 2461 5196 stolum
2494 5151 2552 5195 ut
2576 5145 2746 5212 magis
2775 5142 3117 5213 implieuerit,
3147 5162 3308 5217 quam
3351 5150 3568 5205 solverit
3599 5154 3863 5222 qntcstiu-

2268 5249 2412 5289 nent.
2444 5234 2534 5289 Ait
2575 5236 2718 5289 enim
2746 5233 2812 5289 ad
2862 5235 2936 5302 id,
2965 5238 3104 5307 quod
3139 5253 3492 5310 proposuerat
3521 5261 3532 5296 :
3571 5243 3710 5309 Quid
3737 5262 3863 5315 ergo

2267 5327 2488 5383 dicemus
2507 5327 2533 5381 ?
2562 5325 2826 5400 Numquid
2853 5329 3091 5401 iniquitas
3117 5334 3257 5402 apud
3289 5333 3448 5388 Deam
3466 5335 3493 5388 ?
3521 5337 3608 5402 Et,
3635 5336 3760 5392 Non
3791 5348 3862 5392 est

2335 5475 2384 5534 e,
2406 5471 2498 5512 Pro
2511 5474 2576 5513 at:
2589 5475 2780 5534 ιιιηιιη,
2791 5461 2846 5513 id
2861 5470 2930 5515 est
2946 5466 3129 5531 absque
3146 5467 3548 5534 misericordiajn
3566 5469 3865 5534 quibusdam

2284 5526 2421 5592 ἱέρειαι·
2441 5526 2883 5592 exemptars'bnsotn
2912 5526 3132 5592 ἠγατςηιὼη,
3156 5531 3210 5579 id
3226 5537 3294 5581 est
3319 5544 3414 5581 non
3436 5526 3635 5584 dilecta.
3664 5534 3760 5583 sed
3791 5545 3866 5592 rej-

2265 5583 2400 5654 tiara
2415 5591 2522 5654 sunt
2538 5583 2839 5654 eiempluria
2861 5583 2971 5654 quin
2989 5583 3158 5654 habent
3174 5594 3359 5654 absque
3374 5583 3733 5653 misericordia,
3759 5590 3862 5644 etc.

2267 5645 2587 5722 Consentium
2608 5645 3199 5722 hodteputualiquotﬁss.
3216 5645 3400 5722 .thteci,
3420 5667 3482 5704 ex
3505 5645 3867 5722 antiquis'vero

2265 5707 2498 5778 _Pa_tribus
2511 5708 2734 5778 Irentcus
2754 5709 2890 5778 lib_.4.
2911 5707 3016 5774 cap.
3035 5716 3111 5778 57.
3127 5713 3227 5763 Sed
3242 5707 3468 5778 plerique
3490 5719 3572 5767 alii
3597 5707 3721 5768 hanc
3748 5723 3863 5778 (1ᾳὲ

2267 5769 2380 5819 heie
2407 5769 2689 5835 prsetertur,
2715 5769 2983 5820 lectionem"
3002 5769 3294 5835 probant,'et
3317 5769 3411 5826 non
3446 5779 3701 5835 dilectam,
3731 5769 3863 5824 αἶιεο

2271 5829 2434 5895 cttmz';
2459 5829 2694 5894 Vulgatus
2714 5840 2973 5895 utrumque
2996 5829 3230 5899 extubet,
3254 5837 3395 5889 simul
3419 5848 3469 5884 et.
3491 5839 3662 5885 nectit.
