4088 6336
295 369 424 440 1001

293 498 501 554 volentis
528 513 684 568 neque
710 496 974 562 currentis,
1001 481 1088 549 sed
1115 491 1392 547 miser-emis
1417 479 1517 543 Dei
1544 504 1564 544 :
1597 487 1682 552 Et,
1708 489 1866 558 Cujus

295 591 397 645 bult
420 589 700 654 miseretur,
729 595 774 642 et
800 601 947 658 quem
975 583 1080 640 vult
1108 582 1317 636 indurat
1346 580 1482 634 Deus
1512 595 1531 634 :
1559 579 1644 644 Et,
1679 577 1873 632 Volun-

293 684 386 738 tati
403 685 514 752 ejus
541 683 652 752 quis
689 689 848 752 potest
876 676 1144 734 resistere?
1173 675 1262 731 Sic
1284 674 1600 745 Apostolum
1645 677 1870 742 respon-

293 775 438 830 disse
466 791 479 826 :
509 773 554 829 0
583 773 763 838 homo,
792 771 881 843 qui
913 780 1073 836 terra,
1103 778 1158 823 et
1197 766 1333 822 cinis
1359 781 1419 821 es
1441 808 1456 832 ,
1484 764 1650 820 audes
1697 764 1872 818 facere

293 867 642 938 quaestionem
675 864 828 920 Deo?
856 873 913 920 et
941 879 1034 917 vas
1062 860 1247 932 fragile
1280 867 1758 931 atquextcstaeeum
1788 870 1874 910 re-

293 959 463 1014 bellas
507 965 692 1012 contra
751 955 965 1026 figulum
1023 964 1169 1008 tuum
1199 949 1509 1020 lNumquid
1565 948 1872 1018 ligtnentum

295 1057 472 1119 potest
509 1048 691 1102 dicere
735 1046 787 1102 ei
840 1046 926 1116 qui
972 1059 1030 1099 se
1075 1029 1248 1108 tinxit,
1277 1059 1434 1113 quare
1463 1057 1542 1095 me
1565 1041 1636 1094 sic
1661 1038 1824 1110 fecisti
1848 1037 1876 1090 .’

295 1142 400 1195 Aut
431 1153 536 1194 non
581 1137 747 1192 habet
770 1145 1108 1208 .potestntcm
1158 1135 1355 1206 ﬁgulus
1407 1132 1505 1188 luti
1556 1146 1627 1187 ex
1686 1130 1872 1184 eadem

295 1241 471 1286 massa
501 1229 700 1296 facere,
729 1227 872 1283 aliud
922 1227 1136 1298 quidem
1183 1236 1280 1281 vas
1325 1224 1378 1279 in
1421 1224 1702 1288 honorem,
1728 1218 1874 1274 aliud

296 1338 423 1378 vero
464 1323 515 1377 in
559 1320 986 1378 contumeliam?
1015 1319 1241 1377 Etcrno
1265 1318 1424 1388 igitur
1464 1316 1676 1371 silentio
1703 1312 1877 1368 conti-

295 1429 450 1470 cesce
483 1424 577 1470 :et
621 1415 757 1468 scito
805 1411 1140 1489 fragilitatem
1188 1419 1357 1476 tuam,
1399 1417 1456 1464 et
1487 1409 1594 1462 Deo
1641 1420 1709 1460 ne
1761 1417 1876 1458 mo-

296 1520 420 1564 veas
442 1509 816 1580 quaestionem,
849 1509 935 1578 qui
963 1507 1090 1562 fecit
1159 1504 1322 1577 843
1395 1501 1536 1573 quod
1576 1498 1746 1554 voluit
1774 1514 1790 1552 :
1820 1504 1878 1552 ut

294 1601 348 1655 iu
376 1600 513 1656 alios
537 1600 796 1665 clemens,
831 1600 884 1653 in
914 1599 1048 1654 alios
1073 1614 1293 1654 severus
1318 1596 1593 1651 existeret.

364 1693 502 1762 Quid
543 1695 614 1748 sit
641 1693 782 1765 quod
813 1694 1101 1764 Apostolus
1145 1692 1335 1748 scribit
1373 1691 1440 1745 ad
1487 1687 1794 1745 Corinthios
1823 1686 1875 1741 in

294 1789 529 1841 secunda
564 1786 798 1857 Epistula
834 1804 848 1841 :
879 1787 1010 1840 Aliis
1036 1786 1164 1840 odor
1191 1785 1366 1838 mortis
1394 1784 1449 1837 in
1476 1791 1684 1836 mortem
1715 1795 1734 1835 :
1762 1780 1878 1834 aliis

292 1879 422 1932 ‘odor
445 1879 562 1933 uiue
587 1879 639 1932 iu
665 1880 856 1946 vitam;
883 1889 931 1933 et
968 1878 1038 1933 ad
1078 1881 1184 1932 hac
1227 1877 1340 1948 quis
1384 1885 1486 1929 tatu
1529 1874 1739 1929 idoneus
1777 1865 1877 1944 (2.

292 1969 416 2024 Cor.
446 1969 500 2024 2.
530 1970 598 2026 i6
619 1970 679 2043 )?
704 1971 897 2027 Totum
934 1971 1041 2026 loci
1091 1970 1250 2042 hujus
1277 1970 1567 2041 capitulum
1606 1980 1876 2038 prepona-

294 2078 437 2128 mus,
471 2070 532 2117 ut
575 2080 639 2118 ex
679 2063 1126 2133 praecedentibus,
1173 2073 1228 2118 et
1276 2060 1623 2131 sequentibus
1675 2057 1882 2128 possint

297 2153 514 2223 intelligi
546 2153 718 2208 media
745 2195 760 2220 ,
789 2169 909 2224 quae
949 2169 1016 2209 ex
1044 2165 1269 2223 utroque
1294 2161 1548 2208 contexta
1577 2158 1722 2205 sunt.
1749 2148 1880 2204 Cum

295 2245 538 2299 uenissem
557 2286 572 2309 ,
603 2245 715 2311 ait,
745 2242 1022 2310 Troadem,
1056 2254 1261 2314 propter
1308 2242 1640 2314 Euangelium
1669 2239 1878 2306 Christi,

295 2346 343 2390 et
370 2341 552 2390 ostium
568 2336 696 2389 mihi
717 2348 950 2406 apertum
972 2346 1100 2391 esset
1130 2337 1182 2390 in
1213 2335 1452 2401 Domino,
1477 2351 1578 2388 non
1607 2333 1758 2387 habui
1792 2349 1879 2387 re-

292 2430 465 2498 quiem
491 2429 692 2498 spiritui
719 2445 848 2496 meo,
881 2446 938 2483 eo
962 2430 1097 2500 quod
1125 2446 1226 2484 non
1273 2429 1544 2483 invenerim
1575 2427 1742 2483 Titum
1771 2431 1884 2498 fra-

297 2531 426 2574 trem
453 2537 618 2574 meum
639 2538 664 2588 ς
691 2523 780 2576 sed
803 2523 1104 2593 patefaciens
1133 2523 1222 2588 eis,
1254 2525 1511 2594 profectus
1543 2538 1654 2576 sum
1682 2521 1735 2575 in
1767 2519 1883 2573 Ma—

294 2611 582 2666 cedoniam.
614 2611 723 2666 Deo
749 2623 916 2667 autem
936 2615 1122 2685 gratia,
1153 2615 1238 2683 qui
1267 2621 1465 2684 semper
1484 2630 1576 2668 nos
1605 2611 1882 2681 triumphat

295 2702 354 2755 in
372 2701 576 2757 Christo
601 2703 748 2769 J‘esu,
777 2715 824 2758 et
854 2705 1057 2759 odorem
1087 2707 1280 2759 notitia!
1306 2720 1414 2759 sua:
1434 2721 1523 2775 per
1543 2720 1635 2759 nos
1666 2703 1883 2773 manife-

297 2805 397 2849 stat
424 2796 477 2850 in
501 2797 640 2851 omni
667 2798 819 2866 loco;
849 2799 967 2869 quia
995 2797 1184 2854 Christi
1207 2799 1370 2854 bonus
1395 2799 1521 2854 odor
1543 2809 1717 2853 sumus
1750 2797 1880 2862 Deo,

295 2889 458 2946 initis
475 2890 562 2955 qui
579 2891 708 2944 salui
731 2891 881 2960 ﬁunt,
903 2902 948 2946 et
966 2892 1020 2946 in
1047 2892 1126 2947 his
1152 2892 1239 2960 qui
1264 2901 1472 2961 pereunt
1497 2907 1516 2946 :
1540 2890 1656 2945 aliis
1681 2889 1883 2962 quidem

297 2983 436 3035 odor
454 2982 710 3039 malisin
738 2993 970 3051 autem,
1000 2984 1116 3037 otiis
1141 2994 1309 3037 autem
1335 2983 1461 3037 odor
1480 2983 1596 3038 uiue
1621 2983 1676 3037 in
1705 2983 1879 3037 vitam.

299 3074 368 3129 Et
395 3075 463 3128 ad
491 3075 602 3130 haec
627 3078 870 3146 quietam
896 3077 1155 3135 idoneus?
1189 3076 1311 3132 Non
1346 3077 1481 3131 enim
1528 3093 1723 3143 sumus,
1755 3077 1884 3131 sicut

299 3169 508 3239 plurimi
545 3171 619 3241 (a)
662 3172 1004 3227 vettundantes
1041 3172 1244 3228 verbum
1273 3171 1372 3226 Dei
1393 3188 1414 3236 ;
1439 3171 1528 3225 sed
1568 3188 1634 3226 ea;
1675 3172 1886 3227 sinceri-

301 3271 421 3325 tate,
444 3262 532 3316 sed
553 3262 680 3316 sicut
705 3277 770 3316 ea:
795 3261 923 3328 Deo,
953 3278 1125 3318 coram
1157 3262 1262 3319 Deo
1302 3265 1355 3318 iu
1383 3263 1588 3319 Citrist
1609 3263 1881 3333 loquimur.

299 3349 490 3407 Narrat
514 3351 806 3408 Corinthiis
831 3371 949 3425 quze
978 3355 1178 3420 fecerit,
1201 3370 1322 3426 qua:
1348 3369 1536 3425 passus
1561 3355 1650 3419 sit,
1673 3362 1728 3409 et
1753 3369 1887 3424 quo.-

303 3443 462 3497 modo
513 3443 563 3498 in
607 3445 813 3498 eunetis
840 3446 948 3500 Deo
987 3455 1106 3516 agat
1151 3446 1351 3516 gratias
1379 3486 1394 3510 ,
1424 3453 1480 3500 ut
1508 3445 1608 3500 sub
1637 3444 1886 3514 exemplo

299 3536 383 3590 sui
411 3535 530 3591 illos
561 3547 814 3607 provocet
839 3536 905 3590 ad
933 3537 1270 3592 certandum;
1308 3536 1462 3603 Veni,
1494 3536 1686 3606 inquit,
1716 3537 1886 3591 Troa-

299 3631 447 3696 dem,
476 3647 594 3702 qua:
623 3632 772 3702 prius
797 3631 956 3700 Troja
1000 3630 1370 3701 appellabatur
1389 3671 1404 3696 ,
1435 3637 1495 3684 ut
1537 3629 1883 3701 Evangelium

294 3723 500 3779 Christi
551 3724 604 3779 in
650 3725 772 3779 Asia
830 3723 1198 3794 praedicarem.
1226 3721 1468 3794 Cumque
1514 3723 1645 3777 mihi
1688 3723 1884 3778 ostium

299 3827 542 3887 apertum
560 3817 770 3872 essetin
793 3817 1036 3881 Domino,
1053 3815 1265 3881 hocest,
1282 3815 1493 3887 plurimi
1511 3815 1882 3882 credidissent,

301 3910 416 3965 sive
447 3924 542 3981 per
567 3911 721 3981 signa
745 3919 906 3982 atque
933 3910 1159 3966 virtutes
1194 3926 1314 3981 quae
1347 3913 1397 3964 iu
1436 3925 1522 3964 me
1566 3909 1888 3980 operabatur

303 4002 466 4070 Dens,
498 4013 551 4058 et
576 4017 700 4072 spes
729 4013 872 4058 esset
897 4004 1164 4058 nascentis
1189 4003 1328 4070 tidei,
1357 4005 1413 4058 et
1432 4003 1484 4057 in
1516 4003 1742 4060 Domino
1767 4018 1888 4059 suc-

299 4095 612 4159 crescentis,
633 4110 738 4149 non
771 4095 928 4150 habui
958 4095 1197 4166 requiem
1228 4095 1436 4166 spiritui
1465 4111 1605 4163 meo,
1644 4095 1746 4152 hoc
1773 4104 1877 4164 est,

300 4195 568 4256 speratam
598 4185 1021 4242 consolationem
1047 4187 1289 4242 invenire
1312 4203 1417 4242 non
1446 4187 1617 4259 potui,
1646 4202 1712 4244 eo
1743 4187 1886 4259 quod

300 4276 476 4336 Titum
505 4282 720 4336 fratrem
751 4292 928 4338 meum
976 4296 1082 4336 non
1116 4282 1408 4337 invenerim
1435 4321 1450 4348 ,
1480 4281 1596 4338 sive
1625 4297 1782 4352 quem
1811 4280 1886 4337 ibi

300 4373 676 4444 reperiendum
706 4375 974 4445 putabam,
1005 4373 1118 4428 sive
1165 4388 1323 4444 quem
1370 4373 1440 4429 ibi
1485 4372 1760 4429 audieram
1787 4375 1884 4428 de-

299 4481 447 4538 gere,
475 4469 557 4523 vel
613 4468 702 4538 qui
736 4479 1018 4523 venturum
1044 4482 1164 4523 esse
1213 4467 1338 4522 illuc
1380 4482 1441 4523 se
1495 4467 1722 4523 dixerat.
1755 4466 1886 4535 Qua:

299 4569 479 4615 autem
505 4560 603 4614 l'uit
629 4568 774 4614 tanta
802 4562 1120 4626 consolatio,
1154 4569 1208 4614 et
1251 4573 1371 4630 quae
1413 4560 1628 4630 requies
1676 4559 1887 4629 spiritui

299 4651 354 4705 in
387 4649 672 4719 prmsentia
693 4649 822 4716 Titi,
842 4665 998 4719 quem
1027 4651 1149 4720 quia
1179 4666 1284 4705 non
1317 4651 1539 4718 invenit,
1560 4651 1885 4707 valcfaciens

299 4742 402 4805 eis,
435 4737 707 4809 profectus
749 4751 833 4796 est
881 4741 933 4795 in
960 4740 1322 4796 Macedoniam
1349 4742 1374 4796 ἳ
1403 4743 1702 4813 Aliquoties
1743 4744 1885 4798 dixi-

300 4849 421 4889 mus
451 4832 765 4902 Apost‘olum
811 4833 1032 4889 Paulum
1078 4834 1249 4888 virum
1281 4833 1446 4890 fuisse
1487 4835 1882 4902 doctissimum,

297 4936 356 4982 et
381 4925 649 4981 eruditum
689 4924 753 4979 ad
781 4925 945 4996 pedes
972 4921 1284 4982 (iarnalielis
1306 4925 1443 4998 (Act.
1475 4925 1565 4982 22.
1598 4928 1681 4998 3),
1707 4929 1796 4999 qui
1831 4930 1885 4984 in

300 5016 683 5088 Apostolorum
711 5017 931 5072 Actibus
957 5019 1326 5083 concionatur.
1356 5028 1412 5075 et
1451 5019 1584 5076 dicit
1615 5038 1627 5074 :
1657 5020 1725 5076 Et
1752 5038 1885 5076 nunc

299 5111 423 5181 quid
452 5107 643 5163 habetis
680 5125 794 5162 cum
821 5109 1104 5165 hominibus
1149 5111 1258 5167 istis
1281 5111 1306 5166 2
1332 5111 1396 5168 Si
1419 5112 1552 5166 enim
1593 5130 1626 5166 α
1652 5112 1762 5169 Deo
1789 5123 1882 5180 est,

299 5204 472 5270 stabit,
501 5202 544 5258 si
569 5217 631 5256 ea:
666 5201 970 5268 hominibus,
1000 5202 1285 5259 destruetur
1313 5203 1334 5278 (
1362 5202 1498 5261 Ibid.
1526 5205 1581 5262 5.
1611 5205 1702 5262 58.
1742 5205 1811 5263 39
1836 5206 1883 5279 ).

299 5296 545 5367 Cumque
601 5295 823 5351 haberet
868 5296 1147 5351 scientiam
1211 5308 1514 5354 sanctarum
1577 5299 1885 5372 Scriptura-

301 5396 443 5453 rum,
518 5384 686 5460 3M
756 5395 811 5442 et
837 5386 1102 5441 sermonis
1122 5386 1561 5460 diversarumque
1582 5389 1884 5462 linguarum

367 5549 441 5610 (a)
480 5542 560 5596 Sic
591 5551 730 5612 Juxta
755 5544 991 5612 praecum
1014 5559 1275 5612 ωηλώςντις
1297 5543 1606 5601 Martianaaus
1624 5586 1640 5612 ,
1666 5560 1719 5603 et
1745 5561 1886 5603 vetu-

300 5607 480 5658 stiores
503 5611 662 5673 nostri
671 5608 878 5673 codices
913 5607 1120 5673 legunt;
1161 5609 1241 5659 alii
1266 5618 1432 5673 tamen
1454 5607 1717 5673 praeferunt
1743 5617 1885 5665 adul-

299 5676 507 5735 terantes
525 5683 633 5719 cum
644 5670 851 5732 Vulgata
871 5671 1106 5735 editione,
1125 5673 1255 5734 quod
1276 5670 1488 5722 Victorii)
1506 5672 1680 5735 placet.
1695 5675 1887 5727 Revera

301 5730 695 5797 Chrysostomus,
721 5730 882 5797 quem
903 5732 987 5783 alii
1006 5730 1186 5797 pasam:
1209 5730 1520 5797 sequuntur;
1539 5736 1742 5786 alteram
1766 5739 1888 5789 hanc

303 5793 760 5864 Interpretationeui
785 5795 976 5859 probat,
1001 5793 1117 5845 illud
1138 5796 1270 5846 enim
1285 5793 1547 5860 aqua...
1559 5797 1821 5864 explicant,
1841 5815 1888 5853 τὰ

297 5865 415 5904 eheu
438 5863 688 5915 ἂναμτνῦντις
710 5871 785 5912 τοῖς
803 5867 925 5915 οιίοις.

1628 351 1964 426 ἘἰηδῒοιΑ
2005 351 2166 426 exit.

3425 388 3560 446 1002

1977 484 2204 558 gratiam
2237 488 2532 559 possideret
2563 508 2577 546 :
2609 484 2750 552 unde
2775 495 2890 568 ips‘e
2925 481 3186 570 gloriatur
3223 501 3275 557 in
3309 501 3557 567 Domino.

1977 587 2033 633 et
2057 577 2187 634 dicit
2212 597 2227 634 :
2251 577 2458 634 Gratias
2485 599 2584 652 ago
2619 583 2748 652 Deo,
2778 589 2915 658 quod
2952 592 3178 646 omnium
3215 604 3431 649 uestrum
3461 596 3558 653 lino

1977 673 2091 743 guis
2121 674 2282 744 (uagis
2329 674 2510 745 loquor
2538 673 2616 743 (I.
2647 679 2764 732 Cor.
2795 681 2881 735 ﬂ.
2929 682 3044 754 i8),
3087 683 3386 742 divinorum
3437 703 3560 744 sen-

1979 776 2132 817 suum
2157 764 2489 836 ma‘jcstat‘em
2514 767 2673 838 digno
2699 767 2773 838 (ὁ)
2801 783 2906 826 nea
2936 783 3140 842 poterat
3160 774 3336 832 Graeci
3358 779 3558 850 eloquii

1979 855 2251 924 explicare
2303 872 2570 913 sermone.
2605 860 2842 916 Habebat
2891 877 3018 935 ergo
3072 866 3245 922 Titum
3297 870 3562 942 interpre-

1977 950 2087 1000 tem
2113 963 2133 998 τ
2167 947 2322 1016 sicut,
2349 955 2409 1005 et
2435 950 2616 1006 beatus
2645 952 2832 1006 Petrus
2859 953 3112 1024 Marcum,
3143 959 3293 1029 Cujus
3323 963 3562 1035 Evange-

1979 1038 2132 1107 li'um,
2164 1039 2323 1096 Petro
2352 1051 2622 1112 narrante,
2650 1055 2706 1100 et
2751 1039 2846 1101 illo
2886 1050 3172 1114 scribente,
3203 1058 3560 1125 compositum

1979 1139 2082 1185 est.
2133 1131 2372 1204 Denique
2401 1143 2457 1190 et
2498 1135 2618 1191 dum
2665 1130 2920 1208 Epistulae
2956 1149 3074 1212 Quae
3103 1142 3348 1202 feruntur
3379 1149 3518 1205 Petri
3548 1193 3564 1215 ,

1978 1224 2122 1294 st‘ylo
2146 1223 2288 1280 inter
2311 1242 2371 1282 se
2407 1237 2463 1282 et
2483 1228 2801 1287 charactere
2831 1232 3158 1305 discrepant,
3191 1249 3566 1312 structuraque

1980 1315 2286 1371 verborum.
2322 1317 2399 1373 Ex
2430 1336 2537 1390 quo
2568 1320 2937 1394 intelligimus,
2966 1329 3066 1397 pro
3110 1333 3430 1390 necessitate
3480 1349 3568 1392 re-

1979 1421 2119 1472 rum,
2137 1407 2363 1464 diversis
2381 1425 2501 1465 eum
2519 1423 2671 1467 naum
2700 1415 3100 1486 interpretibus.
3119 1420 3258 1492 Ergo
3285 1433 3339 1479 et
3368 1423 3566 1482 Paulus

1980 1496 2272 1568 Apostolus
2315 1503 2854 1576 contristatur:qnia
2901 1511 3304 1580 praedicationis
3352 1532 3464 1572 sua:
3513 1518 3566 1576 in

1977 1592 2384 1660 praesentiarum
2407 1594 2660 1663 ﬁstulam,
2679 1609 3046 1673 organUmque
3068 1619 3164 1674 per
3187 1607 3326 1675 quod
3350 1609 3567 1666 Christo

1979 1690 2339 1749 cane’ret,non
2373 1685 2650 1743 invenerat
2678 1707 2691 1743 :
2724 1694 3074 1764 perrexitqu‘e
3095 1695 3146 1750 in
3173 1696 3560 1770 Macedoniam,

1979 1784 2300 1843 apparuerat
2343 1776 2485 1830 extim
2532 1778 2582 1833 ei
2628 1778 2709 1834 vir
2752 1780 2989 1850 Macedo,
3041 1785 3267 1842 dicens:
3300 1786 3568 1846 Transieas

1981 1868 2172 1934 adjuva
2201 1884 2329 1934 nos;
2359 1877 2414 1923 ut
2455 1869 2524 1925 ibi
2567 1871 2833 1930 inveniret
2861 1875 3059 1944 Titum,
3090 1889 3146 1934 et
3175 1880 3415 1938 visitaret
3457 1884 3569 1940 fra-

1982 1961 2130 2015 t'res:
2158 1961 2241 2015 vel
2279 1964 2750 2032 persecittionibus
2790 1969 3109 2038 probaretur
3139 1989 3154 2027 :
3185 1969 3289 2031 hoc
3314 1984 3398 2032 est
3425 1979 3568 2033 enim

1981 2050 2123 2120 quod
2152 2051 2276 2108 dicit
2311 2070 2328 2107 :
2360 2053 2468 2145 Deo
2516 2066 2686 2111 autem
2729 2061 2916 2128 gratia,
2939 2064 3030 2133 qui
3071 2079 3269 2138 semper
3293 2070 3572 2140 triumph-tt

1980 2155 2075 2200 nos
2099 2145 2151 2200 in
2178 2146 2374 2202 Christo
2400 2147 2432 2202 J
2440 2166 2547 2215 esu,
2578 2161 2627 2205 et
2655 2151 2864 2208 adorent
2908 2157 3101 2212 notitia:
3143 2175 3253 2215 sua:
3293 2165 3489 2234 spargit
3516 2167 3572 2220 in

1978 2237 2124 2290 omni
2147 2237 2280 2293 loco.
2309 2239 2627 2311 Triumphat
2654 2256 2755 2298 nos
2779 2287 2792 2309 ,
2828 2259 2927 2315 pro
2955 2258 3020 2304 c'o
3051 2251 3192 2320 quod
3233 2263 3353 2322 est,
3387 2257 3572 2314 trium--

1985 2331 2116 2400 phat
2143 2333 2209 2388 de
2239 2333 2392 2389 nobis
2415 2376 2431 2400 ,
2459 2337 2574 2392 siVe
2605 2338 2934 2410 triumphum
2980 2351 3135 2400 suum
3179 2345 3287 2418 agit
3311 2363 3408 2419 per
3432 2366 3528 2408 nos
3554 2369 3570 2408 :

1981 2423 2074 2493 qui
2129 2424 2179 2479 in
2225 2426 2333 2481 alio
2387 2427 2505 2484 loco
2556 2429 2798 2487 dixerat:
2830 2434 3192 2506 Spei-locutum
3235 2443 3357 2512 facti
3400 2460 3575 2500 sumus

1985 2517 2194 2584 mundo,
2221 2527 2266 2572 et
2309 2518 2538 2592 Auge-iis,
2570 2531 2618 2575 et
2647 2523 2932 2581 hominibus
2964 2529 3038 2597 (l.
3069 2530 3186 2585 Cor.
3220 2533 3299 2604 Δ).
3337 2535 3576 2607 Deuique

1985 2612 2167 2663 narrat
2197 2611 2750 2684 in‘couscqueulibns.
2798 2615 2937 2674 Nam
2965 2633 3080 2676 cum
3116 2627 3420 2683 venissemus
3452 2630 3576 2684 Μα-

1981 2701 2281 2770 cedoniam,
2335 2705 2532 2761 nullam
2580 2709 2801 2779 requiem
2853 2711 3026 2768 habuit
3075 2731 3196 2772 caro
3240 2729 3414 2774 nostra
3440 2736 3461 2776 :
3487 2723 3578 2777 sed

1982 2801 2185 2848 omnem
2213 2793 2582 2851 tribulationem
2609 2801 2750 2868 passi
2774 2815 2968 2858 sumus.
3004 2803 3153 2861 Foris
3189 2825 3376 2880 pugna:
3395 2853 3408 2876 ,
3441 2813 3578 2868 intus

1987 2883 2212 2942 (iurares.
2245 2885 2354 2942 Sed
2377 2887 2516 2944 Deus
2555 2892 2644 2958 qui
2686 2895 2976 2950 consolatur
3011 2898 3245 2966 lautitites,
3288 2907 3577 2960 consolatus

1987 2988 2056 3033 est
2101 2995 2190 3032 nos
2217 2980 2270 3034 in
2311 2981 2528 3036 adventu
2567 2974 2691 3038 Titi.
2728 2985 2851 3042 Non
2877 2988 3040 3044 satum
3083 3001 3250 3048 autem
3275 2996 3326 3050 in
3359 2996 3579 3052 adventu

1987 3070 2118 3139 ejus,
2147 3074 2232 3126 sed
2261 3074 2410 3127 etiam
2453 3076 2506 3129 in
2543 3076 2887 3134 consoia'tioae
2911 3077 3005 3153 [:il.
3031 3083 3256 3159 solatio].
3286 3087 3426 3160 Ergo
3447 3105 3577 3161 pro-

1988 3171 2170 3231 pterea
2199 3163 2517 3220 valefaeiens
2550 3167 2796 3238 Trojanis
2837 3171 2954 3227 εἰνθ
3003 3165 3421 3246 Troadensibus,
3452 3197 3578 3250 pro-

1989 3253 2160 3310 fectus
2183 3256 2344 3313 estin
2367 3253 2757 3329 Macedoniam,
2783 3271 2841 3318 ut
2880 3263 3145 3323 inveniret
3192 3270 3263 3325 ibi
3295 3269 3494 3341 Titum,
3523 3283 3580 3330 et

1989 3347 2208 3405 haberet
2235 3349 2687 3422 interpretationis
2708 3353 3088 3430 Evangeliique
3111 3361 3392 3418 solatium:
3417 3380 3578 3436 quem

1989 3441 2338 3514 intelligimus
2357 3454 2464 3499 nun
2497 3445 2567 3500 ibi
2599 3458 2891 3516 repertum,
2917 3451 3011 3506 sed
3041 3465 3156 3522 post
3185 3455 3577 3522 tribulationes,

1987 3535 2046 3591 et
2087 3538 2494 3606 persecutiones
2539 3539 2779 3608 Apostoll
2826 3544 3220 3613 supervenisse.
3249 3543 3404 3602 Prius
3452 3563 3581 3618 ergo

1989 3645 2149 3715 quam
2187 3631 2424 3686 venisset
2451 3623 2626 3715 Tiths,
2669 3633 2832 3686 multa
2875 3647 3198 3703 perpessus,
3228 3639 3336 3708 agit
3383 3641 3580 3710 gratias

1991 3718 2104 3776 Deo
2132 3722 2182 3775 in
2209 3721 2423 3778 Christo
2446 3717 2592 3788 Jesu,
2620 3737 2778 3792 quem
2802 3722 3050 3793 gentibus
3077 3724 3416 3795 prtedicabat,
3435 3731 3580 3800 quod

1989 3811 2204 3882 dignum
2253 3827 2314 3867 se
2341 3813 2580 3882 elegerit,
2610 3813 2666 3868 in
2711 3829 2816 3884 quo
2859 3823 3041 3884 ageret
3085 3811 3411 3889 triumphum
3460 3816 3580 3876 Filii

1990 3903 2094 3956 sui.
2124 3903 2448 3973 Triumphus
2497 3902 2592 3957 Dei
2639 3912 2724 3960 est
2774 3905 2952 3975 passio
3000 3906 3324 3980 Martyrum;
3373 3919 3429 3966 et
3483 3929 3580 3982 pro

1990 3983 2185 4050 Christi
2213 3995 2430 4052 nomine
2471 3997 2682 4053 'cruoris
2707 3996 2918 4066 eﬂhsih,
2950 4006 3004 4056 et
3031 4001 3168 4056 inter
3189 4010 3454 4061 tormenta
3483 4007 3581 4062 lae-
3627 3984 3636 4023 ³

1993 4086 2127 4141 tilia.
2150 4085 2282 4142 Cum
2313 4087 2454 4142 enim
2482 4087 2605 4158 quis
2623 4089 2818 4146 viderit
2845 4099 2992 4146 tanta
3015 4095 3404 4162 perseverantia
3436 4106 3580 4156 stare

1991 4178 2272 4253 Martyres,
2300 4190 2460 4252 atque
2486 4183 2746 4255 torqueri,
2821 4182 2986 4258 845
3059 4193 3115 4242 et
3154 4185 3216 4243 in
3237 4189 3347 4245 suis
3369 4193 3580 4248 crucia-

1993 4273 2133 4329 tibus
2169 4273 2406 4346 gloriari,
2431 4273 2566 4331 odor
2593 4275 2797 4331 notitiae
2825 4276 2917 4332 Dei
2964 4277 3344 4338 disseminatur
3368 4283 3420 4340 in
3446 4299 3482 4356 g
3502 4301 3579 4340 ~n-

1993 4372 2094 4430 tes,
2127 4373 2182 4421 et
2210 4365 2354 4421 subit
2382 4366 2540 4421 tacita
2579 4367 2830 4439 cogitatio
2877 4367 3018 4438 quod
3058 4371 3160 4425 nisi
3210 4384 3394 4429 verum
3437 4386 3582 4434 esse:

1992 4457 2365 4532 Evangelium,
2389 4469 2660 4532 nunquam
2686 4461 2944 4531 sanguine
2968 4461 3363 4521 defenderetur.
3393 4467 3580 4533 Neque

1992 4567 2120 4608 nam
2148 4567 2414 4608 υειιωτι
2439 4561 2494 4607 et
2522 4550 2724 4606 divitiis
2751 4551 2973 4606 studens
2999 4567 3062 4608 ac
3092 4568 3280 4609 secura
3309 4559 3579 4616 confessio

1991 4651 2107 4707 est;
2139 4642 2232 4698 sed
2261 4643 2312 4697 in
2350 4641 2674 4706 carceribus,
2709 4642 2760 4695 in
2793 4641 2980 4712 plagis,
3013 4643 3068 4698 in
3096 4645 3575 4718 persecutionibus,

1994 4733 2046 4786 in
2093 4732 2252 4797 fame,
2283 4732 2336 4786 iu
2377 4732 2616 4786 nuditate
2645 4740 2699 4785 et
2743 4733 2848 4788 siti.
2883 4732 2978 4788 llic
3028 4735 3324 4807 triumphus
3373 4747 3456 4796 est
3485 4741 3576 4799 Dei

1993 4825 2478 4896 Apostolorumque
2531 4823 2771 4879 victoria.
2805 4825 2909 4881 Sed
2966 4835 3173 4897 poterat
3217 4831 3440 4890 audiens
3493 4853 3580 4893 re-

1993 4916 2294 4988 spondere:
2321 4915 2601 4984 Quomodo
2635 4930 2766 4988 ergo
2812 4933 2918 4972 non
2960 4931 3150 4977 omnes
3191 4925 3579 4987 crediderunt?

2059 5117 2124 5184 (bl
2163 5117 2349 5168 Passim
2371 5113 2655 5186 Apostolum
2685 5113 2750 5165 ob
2767 5110 3457 5186 eruditionem‘ﬂleronymus
3491 5125 3577 5175 ad;

1993 5176 2228 5241 miratur,
2268 5185 2319 5243 et
2350 5176 2732 5243 cumulatissime
2767 5176 2967 5243 laudat:
2991 5181 3119 5243 quod
3159 5176 3337 5233 autem'
3359 5185 3470 5234 beic
3506 5187 3573 5236 illi

1994 5239 2219 5295 Graecam
2235 5239 2815 5304 eloquentiamdenegat,
2841 5239 3176 5304 multoqueex
3185 5246 3403 5304 pressius
3419 5247 3466 5294 in
3489 5260 3575 5302 se-

2029 5305 2168 5355 uenti
2191 5303 2249 5354 ad
2271 5301 2695 5365 AlgasiamrEpist.
2724 5301 2922 5365 ’Qumst.
2961 5301 3038 5353 10.
3063 5303 3114 5365 id
3135 5301 3334 5365 mlnime
3357 5307 3576 5358 tribuen-

1992 5319 2168 5418 ﬂuenu
2191 5319 2249 5354 aa
2271 5319 2518 5374 argutam
2541 5319 2695 5364 nptss.
2736 5319 2922 5361 quam.
2961 5319 3038 5353 ιυ.
3063 5319 3114 5352 tu
3135 5319 3334 5375 mlntme
3357 5319 3573 5378 moueu-

2029 5380 2109 5438 um
2145 5372 2223 5416 est
2253 5364 2644 5438 Hieronymisuaz
2676 5362 2927 5438 autiloglae
2947 5364 3078 5438 quod
3113 5363 3573 5438 pleriquefactunt,

1991 5429 2083 5492 sed
2099 5441 2162 5479 eo
2177 5439 2326 5492 sensu
2342 5425 2764 5492 acd'piendummt
2775 5425 2928 5490 quem
2944 5425 2990 5492 vi
2999 5425 3150 5488 atque
3163 5425 3575 5492 dicendienergia

1995 5486 2463 5555 eloquentissimum
2480 5486 2626 5555 dixit,
2648 5486 2910 5555 verborum
2945 5486 3104 5555 nitore
3140 5492 3289 5550 atque
3329 5486 3578 5553 elegantia

1992 5546 2115 5603 infra
2138 5551 2382 5615 Rhetores
2403 5546 2702 5615 unigniores
2721 5546 2906 5615 laceret
2923 5578 2941 5607 ,
2961 5546 3093 5610 quod
3115 5546 3296 5615 nempe
3314 5546 3441 5615 ,dut'
3466 5555 3573 5615 ipse

1991 5626 2051 5664 se
2089 5613 2302 5678 esplicat
2328 5607 2797 5681 _coutra'Rut_llnum.
2813 5607 2888 5660 uel
2902 5607 3439 5681 .tg‘r'teucamfaeunaium
3459 5607 3573 5681 eon-

1992 5667 2241 5734 temneret,
2266 5672 2340 5725 vel
2361 5679 2492 5725 certe
2505 5673 2754 5734 quod_erat
2777 5668 3086 5734 Manilitatis,
3101 5667 3442 5734 dissimularet.
3471 5679 3574 5727 Au.

2031 5744 2129 5789 ust.
2153 5736 2189 5788 Ι.
2205 5730 2252 5786 4.
2277 5737 2342 5786 de
2364 5730 2587 5800 Doctrln.
2613 5730 2792 5800 Christ.
2815 5743 2862 5782 c.
2886 5731 2936 5780 'I.
2961 5746 3018 5800 ιι..
3042 5732 3092 5781 ll
3122 5747 3135 5783 :
3171 5750 3192 5778 ιι
3215 5733 3352 5800 Sicut
3369 5737 3577 5800 Armsto.

2015 5792 2096 5848 um
2129 5804 2376 5860 precepta
2399 5795 2680 5860 eloquentia
2701 5801 2925 5860 secutum
2958 5792 3109 5860 fuisse
3133 5809 3227 5844 non
3249 5792 3453 5849 dicimus
3472 5837 3484 5854 .
3514 5805 3577 5850 ita

2003 5853 2256 5925 quod'ejus
2275 5853 2561 5924 sapientiam
2581 5859 2751 5906 secuta
2771 5857 2836 5906 sit
2851 5853 3149 5918 eloquentia.
3170 5871 3262 5907 non
3279 5874 3528 5924 negamus».
3547 5877 3571 5910 ι
