4088 6336
571 320 687 378 999

582 452 630 494 et
661 438 843 505 .lacob,
872 439 1096 496 electum
1123 438 1376 511 populum
1421 437 1658 510 gentium
1683 478 1699 504 ,
1731 437 1814 492 vel
1838 450 1933 492 eos
1965 435 2054 506 qui
2084 450 2151 490 ex

577 532 778 589 ludatis
801 533 850 586 in
878 533 1145 588 Christum
1173 532 1425 588 credituri
1455 539 1629 588 erant.
1666 529 1738 584 Et
1765 528 2018 599 quoniam
2058 529 2160 582 hoc

581 624 764 680 volens
793 625 1090 694 approbare
1111 665 1126 687 ,
1158 633 1510 696 preposuerat
1543 622 1903 679 testimonium
1937 634 2161 674 nascen-

579 719 710 772 tium
735 717 1067 788 geminorum
1101 717 1240 771 Esau
1266 725 1319 772 et
1343 716 1539 782 Jacob,
1582 713 1648 769 de
1677 712 1869 784 quibus
1899 711 2155 780 scriptum

572 817 656 862 est
691 825 704 861 :
741 806 914 877 Major
940 808 1117 863 serviet
1153 808 1334 862 minori
1366 805 1521 878 (Gen.
1559 805 1651 870 9.5)
1678 821 1692 858 :
1721 813 1773 859 et
1804 804 1854 857 in
1898 801 2154 856 Malacltia

577 901 800 968 legimus
820 917 834 955 :
851 899 1012 955 ,Ιησοὸ
1037 899 1214 967 dilexi,
1239 899 1372 954 Esau
1393 909 1558 954 autem
1583 899 1702 952 odio
1731 896 1881 950 habui
1898 894 2152 968 (Malaclt.

577 993 626 1045 i.
657 991 711 1046 2.
743 990 823 1061 ὅ),
868 992 1169 1047 venientem
1215 1007 1246 1046 e
1275 991 1441 1045 latere
1482 989 1830 1059 quzrstiouem
1872 1001 2019 1040 more
2057 999 2156 1038 suo

576 1083 840 1154 proponit,
873 1095 924 1139 et
947 1083 1163 1139 disserit
1195 1101 1207 1137 :
1240 1092 1294 1138 et
1319 1082 1420 1137 bac
1447 1082 1642 1144 soluta,
1667 1080 1954 1135 revertitur
1979 1079 2045 1133 ad
2077 1078 2151 1140 id,

573 1175 640 1229 de
668 1191 774 1247 quo
797 1183 1032 1244 cmpcrat
1071 1174 1365 1246 disputare.
1395 1173 1448 1230 Si
1478 1174 1619 1228 Esau
1649 1183 1701 1228 et
1731 1171 1897 1228 Jacob
1924 1171 2152 1226 necdum

573 1267 682 1320 nati
711 1276 897 1332 erant;
937 1281 1034 1320 nec
1065 1265 1261 1336 aliquid
1290 1275 1509 1334 egerant
1538 1264 1663 1319 boni
1689 1274 1779 1318 aut
1807 1264 1953 1330 mali,
1984 1271 2039 1316 ut
2068 1261 2151 1316 vel

573 1365 1010 1428 promerereutur
1033 1357 1221 1419 Deum,
1251 1357 1333 1411 vel
1362 1355 1694 1411 oll'endereut
1723 1375 1736 1411 :
1765 1365 1819 1410 et
1844 1355 2037 1409 electio
2057 1371 2150 1410 eo-

571 1465 690 1504 rum
719 1459 880 1520 atque
903 1449 1155 1520 abjeCtio,
1189 1464 1292 1502 nou
1321 1449 1510 1503 merita
1548 1447 1901 1518 singulorum,
1930 1445 2023 1501 sed
2053 1462 2152 1500 vo-

571 1543 828 1597 luntatem
876 1542 1122 1612 eligentis
1151 1550 1204 1596 et
1244 1541 1544 1611 alnjicieulis
1571 1540 1826 1606 ostendit,
1856 1539 1980 1610 quid
2021 1553 2152 1609 ergo

567 1633 846 1688 dicemus?
873 1632 1089 1704 Iniquus
1133 1641 1214 1686 est
1257 1632 1434 1686 Deus?
1477 1631 1779 1687 Secundum
1813 1630 1938 1684 illud
1966 1646 2149 1684 exem-

569 1726 737 1796 plum,
767 1741 874 1795 quo
896 1724 1130 1796 loquitur
1155 1723 1221 1778 ad
1249 1725 1462 1796 Moysen
1495 1743 1508 1779 :
1538 1723 1816 1778 Miscrebor
1854 1725 1939 1777 cui
1975 1725 2152 1777 miser-

566 1829 647 1872 tus
675 1817 820 1884 fuero
847 1816 1026 1887 (Rom.
1058 1815 1114 1873 9.
1143 1818 1254 1887 l5),
1275 1827 1320 1870 et
1345 1816 1742 1871 misericordiam
1770 1815 2041 1885 prwstabo,
2066 1815 2150 1868 cui

567 1909 859 1966 miserebor.
905 1908 965 1964 Si
1005 1909 1125 1972 hoc,
1154 1909 1348 1978 inquit,
1372 1907 1692 1978 recipimus,
1726 1916 1782 1960 ut
1809 1905 1964 1960 faciat
2009 1906 2148 1960 Deus

565 2002 944 2073 quodcumque
976 2001 1223 2064 voluerit,
1247 2009 1296 2055 et
1327 2000 1531 2070 abSquc
1562 1999 1755 2054 incrito
1784 2008 1836 2053 et
1860 1998 2144 2070 operibus,

563 2096 648 2152 vel
678 2096 838 2167 eligat
867 2079 1118 2166 aliquem,
1151 2093 1232 2148 vel
1268 2093 1591 2149 condemnet
1623 2109 1636 2148 :
1669 2107 1797 2162 ergo
1820 2107 1926 2146 non
1947 2103 2029 2145 est
2050 2105 2146 2145 vo-

571 2188 729 2242 lentis
751 2203 923 2258 neque
947 2185 1231 2250 currentis,
1275 2183 1370 2240 scd
1402 2183 1703 2238 misereutis
1726 2183 1818 2237 Dei
1856 2201 1868 2236 :
1904 2183 2144 2238 maxime

562 2295 682 2335 cum
726 2280 914 2335 eadem
956 2277 1228 2348 Scriptura
1257 2318 1270 2342 ,
1315 2275 1418 2331 hoc
1443 2285 1525 2330 est
1552 2275 1691 2331 idem
1730 2275 1867 2330 Deus
1900 2276 2146 2345 loquatur

561 2372 629 2430 ad
661 2369 992 2426 Pharaonem
1025 2389 1040 2426 :
1079 2368 1143 2423 In
1170 2369 1264 2423 hoc
1289 2370 1455 2440 ipsum
1477 2369 1686 2424 excitavi
1707 2379 1775 2436 te,
1805 2380 1856 2422 ut
1883 2370 2143 2423 ostendam

559 2463 612 2516 in
647 2472 695 2517 te
731 2463 962 2516 virtutem
998 2478 1202 2527 nteant,
1247 2470 1292 2516 ct
1326 2461 1655 2515 annuntielur
1689 2479 1869 2515 nomen
1900 2480 2061 2533 meum
2091 2463 2146 2515 in

561 2555 794 2612 universa
842 2564 996 2609 terra.
1043 2555 1098 2608 Si
1134 2554 1233 2608 hoc
1278 2555 1348 2608 ita
1395 2562 1510 2618 est,
1545 2563 1598 2609 el
1627 2571 1721 2625 pro
1747 2555 2018 2609 Voluntate
2047 2571 2141 2608 sua

561 2647 847 2700 miseretur
876 2643 1075 2709 lsracli,
1100 2655 1153 2700 et
1193 2644 1404 2700 indurat
1448 2645 1778 2700 Pharaonem
1811 2662 1977 2717 :ergo
2028 2645 2143 2700 fru-

558 2744 670 2790 stra
695 2735 957 2806 queritur,
989 2745 1154 2805 atquc
1189 2746 1461 2802 causatur,
1492 2752 1588 2790 nos
1633 2737 1715 2790 vel
1750 2736 1883 2790 bona
1934 2753 2036 2790 non
2067 2737 2142 2792 le-

556 2829 716 2893 cisse,
748 2826 830 2882 vel
883 2825 1074 2882 fecisse
1125 2827 1258 2880 utala
1288 2844 1302 2881 :
1331 2841 1451 2880 cum
1495 2827 1546 2880 in
1581 2834 1844 2896 potestate
1883 2826 2047 2896 ipsius
2074 2827 2143 2881 sit

556 2919 936 2986 etvoluntatc,
979 2917 1181 2990 absque
1226 2917 1379 2972 bonis
1427 2925 1481 2972 et
1525 2917 1678 2972 malis
1722 2918 1996 2988 operibus,
2055 2919 2140 2974 vel

555 3011 754 3081 eligere
795 3007 1162 3080 aliqucm,‘vel
1203 3008 1478 3080 abjieere;
1553 3011 1850 3080 prtrsertim
1897 3025 2014 3064 eum
2051 3026 2117 3066 vo

557 3103 749 3157 luutati
794 3103 938 3156 illius
985 3102 1217 3156 humana
1267 3101 1523 3172 fragilitas
1579 3103 1831 3156 resistere
1889 3111 2136 3170 nequeat.

554 3195 724 3262 Quam
747 3193 971 3248 validam
999 3182 1348 3264 runcationem
1367 3194 1763 3263 Scripturarum
1795 3193 2000 3248 ratione
2021 3209 2142 3246 con-

557 3298 780 3352 textam,
798 3293 852 3340 et
871 3300 1004 3356 pene
1030 3284 1390 3349 insolubilem,
1411 3284 1557 3339 brevi
1583 3285 1869 3354 Apostolus
1887 3301 2138 3340 sermone

553 3377 820 3444 dissolvit,
849 3375 1074 3432 dicens:
1105 3377 1150 3430 0
1176 3377 1364 3430 homo!
1393 3388 1446 3430 tu
1479 3379 1592 3449 quis
1621 3395 1673 3430 es
1710 3379 1796 3449 qui
1835 3380 2140 3450 respondeas

554 3469 708 3524 Deo?
733 3468 798 3524 Et
827 3478 908 3526 est
930 3485 1140 3524 sensus.
1170 3468 1246 3524 Ex
1268 3469 1483 3540 eoquod
1515 3471 1807 3540 respondes
1838 3472 1963 3536 Deo,
1983 3483 2140 3528 etca-

554 3562 810 3618 lumniam
843 3561 1066 3628 f.tcis,et
1091 3561 1465 3632 deScripturis
1489 3573 1630 3616 tanta
1665 3565 1946 3634 perquiris,
1981 3577 2035 3618 ut
2058 3566 2138 3620 lo-

553 3657 736 3726 quaris
764 3666 951 3711 contra
984 3655 1171 3719 Deum,
1202 3666 1253 3710 et
1276 3657 1536 3726 justitiam
1586 3656 1869 3710 voluntatis
1911 3657 2026 3727 ejtts
2057 3659 2138 3712 in-

551 3765 707 3804 cttSas
731 3747 822 3822 [aL
852 3747 1136 3821 inquiras],
1163 3749 1400 3805 ostendis
1427 3760 1478 3804 le
1508 3749 1660 3804 liberi
1687 3764 1808 3806 esse
1831 3750 2056 3816 arbitrii,
2085 3761 2141 3807 et

554 3845 729 3899 facere
746 3844 888 3915 quod
913 3844 1012 3909 vis,
1036 3846 1117 3897 vel
1138 3853 1335 3909 tacere,
1361 3845 1443 3898 vel
1469 3844 1632 3915 loqui.
1651 3843 1707 3899 Si
1725 3845 1868 3900 enim
1888 3846 2142 3900 iusimili-

552 3937 788 3993 tudinem
813 3937 952 3990 vasis
972 3937 1146 3990 lictilis
1167 3946 1218 3991 te
1287 3935 1448 4010 85,1
1525 3937 2136 4008 aDeocrcalumpuuts,

555 4037 611 4082 et
629 4028 770 4083 illius
796 4045 898 4081 non
917 4044 1073 4097 posse
1093 4029 1344 4084 resistere
1367 4030 1628 4084 voluntati
1658 4047 1671 4083 :
1694 4029 1794 4085 boc
1822 4031 2100 4087 cut-sidera
2123 4051 2136 4087 :

551 4121 677 4189 quia
708 4136 804 4174 vas
841 4121 1002 4175 liclile
1032 4136 1136 4175 non
1166 4121 1295 4176 dicit
1325 4121 1486 4192 ligula
1515 4137 1529 4177 :
1557 4138 1712 4194 quare
1736 4139 1814 4176 me
1837 4124 1906 4177 sic
1933 4124 2140 4191 fecisti!

552 4208 772 4281 Figulus
797 4211 940 4265 enim
986 4209 1144 4265 habet
1183 4220 1502 4281 petestatem
1531 4211 1598 4267 de
1638 4212 1828 4267 eodem
1877 4214 2020 4279 luto,
2049 4223 2139 4269 aut

551 4306 738 4361 eadem
765 4318 963 4370 massa,
994 4303 1138 4359 aliud
1172 4319 1262 4358 vas
1290 4304 1340 4358 iu
1377 4305 1634 4360 honorem
1667 4306 1841 4361 l‘acere
1862 4348 1876 4372 ,
1909 4308 2050 4362 aliud
2083 4308 2135 4362 iu

549 4398 952 4453 contumeliam.
1000 4398 1138 4451 Deus
1164 4407 1340 4452 autem
1369 4397 1557 4467 atquali
1585 4408 1806 4453 cunctos
1855 4409 2000 4455 sorte
2039 4414 2135 4471 ge-

551 4490 850 4552 neravit,et
895 4489 1039 4543 dedit
1083 4489 1288 4544 arbitrii
1332 4491 1655 4556 libertatem,
1687 4499 1743 4544 ut
1771 4489 1925 4544 iaciat
1968 4508 2138 4546 usus-

549 4583 773 4654 quisque
795 4581 934 4652 quod
957 4582 1086 4645 vult,
1109 4580 1223 4635 sive
1247 4579 1593 4645 bonum,sive
1609 4581 1829 4636 malum.
1857 4582 1911 4636 In
1932 4591 2134 4638 tantum

551 4684 727 4730 autem
767 4674 916 4729 dedit
954 4676 1203 4729 omnibus
1231 4685 1587 4744 potestatem;
1624 4685 1682 4729 ut
1700 4691 1802 4730 vox
1833 4677 1992 4746 impia
2021 4677 2135 4732 dis-

553 4775 701 4832 putet
737 4776 921 4821 contra
969 4767 1279 4822 Creatorem
1320 4783 1500 4833 suum,
1525 4777 1580 4822 et
1620 4783 1810 4824 causas
1847 4769 2137 4825 voluntatis

550 4855 694 4912 illius
737 4866 1117 4928 perscrutctur.
1155 4858 1250 4914 Sin
1277 4869 1445 4912 autem
1481 4859 1616 4914 Deus
1659 4859 1830 4915 volens
1876 4863 2138 4917 ostendere

550 4949 698 5012 iram,
724 4957 771 5002 et
823 4958 993 5001 notam
1037 4951 1202 5018 facere
1244 4951 1518 5020 potentiam
1567 4967 1710 5005 suam
1737 4991 1752 5016 ,
1799 4953 2034 5006 sustinuit
2084 4955 2138 5008 in

551 5039 711 5092 multa
752 5037 996 5105 patientia
1022 5053 1142 5092 vasa
1171 5039 1294 5105 iras,
1321 5049 1442 5108 apta
1471 5039 1540 5091 ad
1579 5041 1857 5106 interitum,
1887 5053 1943 5095 ut
1968 5053 2136 5097 osten-

550 5131 689 5184 deret
719 5129 918 5183 dieitias
967 5130 1145 5200 gloria:
1166 5145 1274 5184 sua:
1323 5132 1379 5184 in
1427 5146 1546 5184 vasa
1585 5133 1983 5200 misericordia,
2025 5152 2138 5204 qua:

551 5221 856 5291 prwparaoit
881 5221 932 5272 in
955 5219 1170 5291 gloriam
1199 5234 1219 5274 :
1243 5236 1367 5291 quos
1404 5229 1450 5274 et
1480 5223 1692 5287 vocavit,
1722 5240 1825 5278 non
1853 5227 2019 5280 solum
2045 5243 2137 5282 nos
2183 5241 2186 5244 ‘

549 5328 614 5366 ex
647 5311 881 5378 Iudicis,
911 5310 1000 5366 sed
1037 5311 1188 5364 etiam
1212 5327 1273 5365 ex
1299 5310 1547 5382 gentibus,
1587 5313 1717 5368 sicut
1760 5314 1813 5368 in
1846 5315 1974 5372 Osee
2015 5317 2136 5372 dicit

549 5403 702 5472 (Cap.
723 5401 780 5459 2.
801 5402 896 5474 24)
919 5424 930 5458 :
966 5401 1164 5456 Vocabo
1189 5418 1289 5456 non
1316 5400 1509 5471 plebem
1533 5420 1717 5470 meam,
1736 5405 1933 5476 plebem
1948 5424 2136 5472 meam;

538 5496 626 5560 ila)
648 5505 816 5550 etnon
844 5497 1103 5562 dilectam,
1132 5495 1368 5550 dilectam
1395 5510 1414 5550 :
1438 5505 1486 5550 et
1507 5496 1599 5551 erit
1627 5497 1811 5552 inloco
1831 5499 1916 5554 ubi
1944 5503 2134 5555 dictant

609 5673 685 5737 (α)
717 5673 815 5724 Pro
835 5674 924 5725 hac
941 5673 1183 5737 lectione,
1207 5680 1361 5725 etnon
1384 5671 1631 5735 dilectam,
1659 5674 1899 5737 dilectam,
1927 5681 1973 5728 iu
1999 5678 2133 5732 Com-

553 5739 809 5807 mentariis
839 5739 890 5785 in
924 5736 1102 5807 Oscam
1133 5737 1273 5807 aliam
1313 5737 1540 5807 prerem,
1575 5737 1680 5786 sive
1724 5746 1770 5787 et
1811 5736 1907 5807 non
1951 5741 2138 5807 iniseri-

547 5798 767 5850 cordiam
808 5804 1126 5858 conssctttam,
1171 5797 1556 5850 misericorditer:
1600 5806 1934 5865 consecutura;
1980 5805 2134 5858 addit-

1884 318 1966 378 ΞΛ
1975 317 2122 377 NCTI
2163 313 2535 377 IllHRONYlll

3705 332 3831 395 lOOO

2268 446 2342 489 est
2367 435 2438 488 eis
2459 451 2478 490 :
2507 451 2606 492 non
2636 437 2773 507 plebs
2801 454 2910 494 mea
2936 453 3042 504 vos,
3076 439 3146 495 ibi
3171 437 3480 499 vocabuntur
3503 443 3602 514 ﬁlii
3638 446 3724 502 Dei
3748 454 3835 509 viri

2266 524 2286 592 (
2309 525 2460 580 Rom.
2492 527 2546 582 9.
2577 528 2668 582 22.
2693 539 2739 583 et
2767 530 2948 601 seqq),
2973 541 3026 587 et
3056 541 3248 588 cartera
3279 550 3398 602 qua
3439 548 3735 607 sequuntur
3781 545 3834 600 Si

2265 619 2453 688 inquit.
2485 620 2740 689 patientia
2772 622 2862 677 Dei
2910 624 3177 680 induravit
3202 626 3569 696 Pharaonem,
3598 641 3652 689 ct
3679 635 3834 695 multo

2265 717 2506 778 tempore
2533 726 2719 781 pmuas
2732 712 2940 768 distulit
2962 715 3196 784 lsraelis,
3227 728 3283 772 ut
3308 717 3499 790 justius
3520 724 3836 783 condemna-

2261 811 2360 862 ret,
2395 817 2530 872 quos
2558 812 2704 858 tanto
2733 816 2972 876 tempore
2997 810 3317 865 sust'nuerat
3342 851 3360 878 ,
3403 827 3510 869 non
3543 814 3633 871 Dei
3683 831 3832 874 accu-

2261 894 2425 949 sanda
2456 907 2537 950 est
2567 898 2822 966 patientia
2862 909 2916 955 et
2963 900 3165 956 infinita
3195 903 3502 970 clementia,
3535 907 3627 962 sed
3655 923 3831 966 eorum

2259 986 2473 1052 duritia,
2500 989 2589 1058 qui
2617 991 2852 1048 bonitate
2895 991 3012 1059 Dei,
3044 995 3093 1048 in
3123 994 3476 1062 perditionem
3511 1016 3663 1056 suam
3689 1004 3833 1061 abusi

2258 1089 2403 1134 sunt.
2434 1081 2685 1147 AliOqttin
2717 1099 2852 1138 unus
2879 1095 2960 1140 est
2987 1087 3117 1142 solis
3141 1089 3306 1154 calor,
3334 1097 3390 1145 et
3425 1093 3720 1150 secundum
3750 1111 3831 1152 es-

2256 1173 2457 1227 sentias
2486 1174 2852 1242 subjacentes,
2877 1177 2978 1232 alia
3005 1177 3297 1249 liquefacit,
3323 1182 3427 1236 alia
3473 1183 3705 1250 indurat,
3737 1188 3832 1244 alla

2255 1264 2435 1329 solvit,
2469 1265 2573 1319 alia
2601 1268 2942 1340 constringit.
2975 1269 3227 1342 Liquatur
3253 1274 3395 1328 enim
3425 1279 3657 1342 cera,’et
3685 1277 3835 1335 induw

2257 1365 2404 1408 ratur
2425 1355 2593 1410 lutum
2621 1373 2638 1412 :
2667 1367 2720 1412 et
2750 1368 2925 1414 tamen
2947 1361 3144 1416 caloris
3161 1378 3264 1418 non
3288 1371 3369 1419 est
3390 1363 3601 1422 diversa
3627 1379 3830 1428 natura.

2253 1443 2341 1499 Sic
2367 1455 2419 1501 cl
2450 1446 2693 1513 bonitas,
2725 1458 2778 1503 et
2801 1449 3082 1506 clementia
3111 1452 3239 1517 Dei,
3270 1469 3392 1508 vasa
3427 1455 3539 1522 irte,
3571 1472 3690 1528 qua:
3717 1471 3832 1529 apta

2254 1544 2378 1591 sunt
2406 1537 2460 1593 in
2492 1537 2768 1594 interitum
2792 1582 2807 1606 ,
2839 1541 2890 1596 id
2939 1552 3022 1597 est
3071 1544 3323 1614 populum
3350 1546 3537 1614 Israel,
3575 1549 3787 1607 indurat
3816 1567 3832 1610 :

2255 1645 2379 1684 vasa
2410 1640 2590 1686 autem
2640 1633 3060 1699 misericordia),
3092 1654 3210 1707 qua:
3262 1641 3580 1710 praeparavit
3625 1642 3680 1697 in
3722 1643 3834 1714 gloo

2253 1721 2410 1784 riam,
2451 1738 2570 1793 qute
2599 1725 2810 1779 vocavit
2830 1765 2846 1789 ,
2878 1725 2979 1781 hoc
3005 1737 3088 1782 est
3134 1743 3255 1795 nos,
3288 1733 3374 1800 qui
3406 1747 3514 1786 non
3544 1731 3722 1788 solum
3769 1749 3833 1791 ex

2251 1810 2452 1868 Iudaeis
2499 1829 2722 1882 sumus,
2753 1816 2846 1872 sed
2891 1819 3053 1873 etiam
3099 1835 3162 1875 ex
3208 1821 3480 1892 gentibus,
3509 1840 3615 1880 non
3667 1828 3835 1886 salvat

2252 1902 2712 1972 irrationabiliter,
2739 1917 2793 1962 et
2820 1908 3025 1980 absque
3066 1910 3250 1979 judicii
3283 1915 3545 1982 veritate;
3576 1918 3674 1973 sed
3706 1934 3833 1976 cau-

2249 1993 2325 2048 sis
2358 1993 2823 2064 praecedentibus:
2851 2001 2973 2069 quia
3003 2000 3090 2054 alii
3123 2017 3229 2057 nou
3261 2016 3613 2074 susceperunt
3639 2007 3832 2066 Filium

2251 2084 2379 2145 Dei;
2406 2086 2495 2140 alii
2539 2097 2716 2143 autem
2748 2091 2988 2162 recipere
3015 2108 3108 2146 sua
3154 2105 3343 2164 sponte
3373 2098 3680 2154 voluerunt.
3713 2101 3836 2158 lltec

2246 2185 2426 2232 autem
2460 2193 2585 2234 vasa
2629 2181 3032 2251 utisericordim,
3063 2200 3168 2241 non
3215 2188 3388 2242 solum
3434 2192 3662 2261 populus
3707 2209 3835 2263 geu-

2248 2269 2378 2322 tinm
2409 2279 2490 2325 cst
2510 2311 2525 2335 ,
2559 2271 2652 2328 sed
2683 2273 2842 2328 etiam
2875 2275 2924 2326 lii
2948 2315 2964 2340 ,
3009 2278 3097 2344 qui
3129 2293 3194 2333 ex
3223 2278 3426 2335 Judteis
3477 2283 3704 2339 credere
3735 2301 3832 2341 vo-

2250 2358 2504 2425 luerunt,
2537 2374 2589 2416 et
2623 2379 2758 2418 otius
2789 2366 3125 2422 credentium
3172 2368 3396 2426 cll'ectus
3443 2381 3529 2427 est
3577 2375 3829 2444 populus.

2250 2451 2327 2505 Ex
2373 2469 2478 2522 quo
2519 2455 2838 2520 ostenditur,
2871 2473 2974 2511 nou
3007 2469 3196 2529 gentes
3242 2460 3390 2533 eligi,
3423 2465 3517 2520 sed
3549 2467 3831 2528 hominum

2247 2544 2568 2611 voluntates,
2607 2561 2769 2619 atque
2837 2549 3001 2622 “2
3077 2551 3148 2607 ita
3178 2551 3376 2609 factum
3420 2569 3523 2624 est,
3553 2569 3609 2614 ut
3642 2561 3837 2632 imple-

2246 2647 2392 2691 retur
2419 2637 2571 2704 illud,
2593 2641 2732 2709 (ptod
2760 2641 2958 2697 dictum
2987 2653 3070 2698 est
3097 2643 3152 2700 in
3178 2647 3316 2704 Osee
3339 2647 3570 2705 :l’oeabo
3595 2669 3698 2707 non
3727 2655 3837 2725 plc-

2245 2731 2354 2785 bcm
2383 2749 2564 2797 meant,
2590 2736 2780 2802 plebem
2814 2753 2994 2801 meam,
3019 2739 3117 2794 hoc
3148 2749 3247 2802 est,
3277 2743 3520 2813 pOpulum
3559 2747 3839 2816 gentium:

2244 2832 2291 2876 ct
2339 2822 2517 2893 quibus
2543 2825 2682 2893 prius
2709 2825 2968 2880 dicebatur
2990 2844 3008 2881 :
3031 2846 3134 2882 non
3159 2831 3298 2899 plebs
3321 2849 3428 2885 mea
3456 2851 3560 2900 ros,
3588 2853 3729 2890 nuuc
3748 2854 3838 2891 eo-

2245 2923 2419 2967 centur
2441 2912 2534 2987 [al.
2565 2915 2831 2990 vocantur]
2862 2919 2959 2986 lilii
3007 2918 3098 2972 Dei
3128 2922 3243 2976 viri.
3274 2923 3429 2989 Quod
3461 2941 3526 2978 ne
3554 2926 3736 2980 solum
3771 2911 3839 2982 de

2243 3006 2492 3075 gentibus
2531 3006 2713 3062 dicere
2747 3008 3019 3063 videretur
3041 3051 3057 3074 ,
3087 3011 3248 3066 etiam
3282 3028 3374 3067 eos
3405 3018 3491 3084 qui
3522 3033 3587 3070 ex
3618 3016 3839 3073 Israeli-

2247 3101 2347 3162 lica
2379 3101 2716 3155 multitudine
2743 3103 3112 3171 crediderunt,
3147 3122 3270 3160 vasa
3321 3110 3712 3166 misericordiae
3739 3157 3754 3179 ,
3787 3123 3842 3169 et

2244 3189 2527 3244 electionis
2576 3191 2826 3260 appellat.
2858 3191 3063 3247 Clamat
3111 3197 3251 3250 enim
3286 3198 3448 3253 Isaias
3481 3217 3576 3270 pro
3609 3203 3782 3259 lsrael
3824 3223 3838 3266 ;

2245 3278 2307 3333 Si
2331 3279 2486 3347 fuerit
2521 3297 2758 3334 numerus
2805 3283 3028 3351 filiorum
3081 3285 3245 3341 Israel
3285 3291 3432 3358 quasi
3458 3309 3616 3347 arena
3651 3299 3842 3363 maris,

2244 3369 2470 3436 rein/uite
2503 3371 2659 3425 salraz
2684 3372 2804 3439 [ient
2831 3374 2849 3441 (
2887 3373 3034 3428 liam.
3063 3376 3119 3432 9.
3150 3377 3219 3432 27
3248 3377 3292 3450 ),
3323 3379 3424 3434 hoc
3453 3393 3554 3447 est,
3585 3387 3762 3442 etiam
3800 3391 3842 3442 si

2245 3463 2531 3517 multitudo
2561 3479 2664 3518 non
2697 3465 3006 3531 crediderit,
3041 3480 3215 3528 tamen
3249 3473 3400 3540 pauci
3429 3474 3679 3530 credent.
3704 3479 3845 3535 Ver-

2245 3555 2368 3609 bum
2416 3556 2558 3610 enim
2604 3568 3035 3614 consummatum
3091 3572 3249 3631 atque
3299 3563 3596 3622 breviatum
3633 3570 3689 3626 in
3743 3588 3844 3628 sua

2247 3646 2385 3701 Dens
2427 3648 2678 3719 tequitate
2732 3649 2943 3704 libravit
2970 3692 2984 3713 ,
3015 3662 3074 3705 ut
3125 3652 3196 3707 bu
3225 3675 3231 3704 :
3257 3654 3426 3712 ilitate
3451 3698 3469 3724 ,
3495 3669 3545 3712 et
3580 3660 3845 3718 incarna-

2247 3737 2390 3792 tione
2416 3738 2640 3805 Christi,
2669 3756 2763 3794 eos
2791 3741 2972 3796 salvos
3002 3742 3220 3808 lat-cret,
3249 3746 3339 3815 qui
3372 3747 3424 3800 in
3452 3763 3574 3802 eum
3604 3753 3844 3810 credere

2244 3829 2558 3885 voluissent.
2595 3831 2706 3887 lloc
2746 3832 2917 3902 ipsum
2965 3845 3019 3890 et
3067 3838 3117 3891 in
3169 3839 3276 3892 alio
3309 3839 3425 3894 loeti
3452 3840 3584 3897 dixit
3616 3844 3794 3901 Isaias
3825 3867 3841 3902 :

2249 3919 2364 3974 Nisi
2411 3921 2659 3978 Dominus
2710 3925 2920 3980 sabaotlt
2970 3929 3252 3998 reliquisset
3292 3933 3435 3987 nobis
3475 3950 3672 4001 semen,
3705 3941 3844 3992 sicut

2244 4011 2473 4066 Sodoma
2499 4016 2627 4084 facti
2648 4015 2938 4085 fuissemus,
2971 4028 3019 4073 et
3045 4021 3172 4074 sicut
3199 4021 3447 4078 Gomorra
3475 4027 3671 4083 similes
3704 4049 3844 4086 esse-

2243 4119 2354 4156 mus
2413 4103 2586 4175 (lsai.
2642 4107 2692 4161 ι.
2742 4106 2842 4178 9).
2874 4109 3112 4180 Cumque
3159 4115 3460 4170 testimonia
3512 4124 3843 4190 proposuis-

2241 4202 2346 4258 set,
2376 4196 2568 4264 quibus
2592 4197 2786 4267 duplex
2821 4203 3031 4255 vocalia
3065 4203 3389 4273 pra-dicitur,
3421 4219 3469 4263 et
3499 4214 3750 4281 gentium
3785 4225 3844 4271 et

2244 4289 2423 4357 populi
2455 4287 2784 4358 Judaeorum,
2816 4293 3005 4348 transit
3033 4294 3098 4348 ad
3119 4296 3479 4354 cohaerentem
3502 4300 3842 4374 disputatio-

2242 4396 2387 4444 nem,
2420 4389 2472 4434 et
2519 4380 2719 4436 idcirco
2763 4384 2891 4437 dicit
2937 4395 3149 4455 gentes,
3187 4404 3306 4459 qua:
3333 4405 3439 4446 non
3481 4395 3845 4453 sectabantur

2235 4471 2520 4542 justitiam,
2547 4474 2964 4543 apprelteudisse
2985 4480 3246 4546 justitiam
3267 4521 3284 4547 ,
3313 4484 3434 4552 quia
3476 4501 3581 4541 non
3631 4502 3839 4558 super-

2241 4563 2436 4617 bieriut
2457 4604 2472 4630 ,
2501 4566 2595 4618 sed
2623 4565 2675 4618 in
2704 4565 2973 4620 Christum
3021 4568 3370 4627 crediderint.
3402 4573 3617 4630 l~raelis
3647 4590 3838 4634 autem

2243 4673 2488 4726 magnam
2533 4668 2734 4728 partem
2779 4658 2898 4714 ideo
2941 4663 3252 4733 corruisse,
3278 4666 3399 4735 quia
3445 4667 3739 4725 oll‘cnderit
3785 4675 3840 4727 in

2244 4748 2471 4817 lapidem
2526 4749 2852 4816 ollensionis,
2883 4760 2938 4806 et
2970 4763 3175 4823 petram
3221 4757 3478 4824 scandali,
3510 4769 3563 4814 et
3610 4762 3840 4832 ignora.-

2243 4839 2377 4892 verit
2403 4839 2664 4908 justitiam
2698 4841 2788 4894 Dt-i
2821 4858 2834 4893 :
2865 4851 2921 4896 et
2959 4859 3207 4913 quarens
3227 4861 3378 4901 suam
3409 4857 3649 4906 statuere
3675 4853 3842 4915 justi-

2244 4929 2393 4995 tiam,
2419 4931 2640 4998 justitia:
2663 4933 2774 4994 llei,
2806 4949 2925 5001 qua:
2953 4933 3199 4992 Christus
3225 4949 3326 5001 est,
3349 4939 3537 5009 subjici
3570 4942 3838 4999 noluerit.

2240 5021 2368 5093 Legi
2395 5023 2444 5077 in
2471 5023 2748 5092 cujusdam
2771 5024 3185 5084 Commentariis
3202 5031 3277 5087 sic
3305 5033 3653 5100 respondisse
3680 5036 3840 5106 Apo.

2241 5117 2437 5170 stolum
2469 5126 2526 5171 ut
2550 5120 2720 5186 magis
2749 5118 3091 5189 implicuerit,
3122 5139 3280 5193 quant
3325 5125 3539 5179 solverit
3570 5130 3840 5196 quaestio.

2243 5224 2386 5263 nem.
2419 5209 2508 5263 Ait
2549 5210 2692 5264 enim
2720 5209 2786 5265 ad
2835 5211 2910 5278 id,
2939 5214 3078 5283 quod
3114 5227 3463 5286 proposuerat
3492 5236 3504 5272 :
3543 5218 3686 5284 Quid
3713 5239 3840 5291 ergo

2241 5302 2463 5357 dicemus
2482 5303 2508 5357 i’
2537 5301 2800 5375 Numquid
2826 5305 3067 5378 iniquitas
3092 5310 3231 5378 apud
3263 5309 3420 5363 Deum
3438 5309 3465 5362 ?
3492 5312 3578 5377 Et,
3604 5310 3735 5367 Non
3766 5325 3838 5369 est

2240 5451 2359 5562 que,
2381 5446 2473 5489 Pro
2486 5451 2550 5490 et...
2563 5451 2753 5511 ῆλσιειιρη,
2765 5438 2820 5490 id
2835 5447 2905 5492 est
2921 5443 3104 5507 absque
3121 5442 3519 5500 misericordiajn
3537 5443 3842 5508 quibusdam

2261 5508 2396 5562 ertur
2415 5504 2771 5562 exemplarsbus
2791 5515 2856 5554 οὐκ
2886 5517 3108 5562 ἠγαπημένη,
3131 5507 3183 5554 id
3199 5511 3268 5557 est
3292 5519 3386 5555 non
3409 5505 3604 5558 dilecta.
3634 5510 3735 5558 sed
3765 5522 3841 5559 re-

2290 5508 2396 5550 rtur
2415 5503 2856 5568 exemplaribus».
2886 5503 3108 5568 ἦταςημῑάνη,
3131 5507 3183 5554 id
3199 5511 3268 5557 est
3292 5519 3386 5555 non
3409 5503 3604 5558 dilecta.
3634 5510 3735 5558 sed
3765 5522 3841 5559 re-

2241 5560 2374 5630 ζέοντι
2389 5569 2497 5630 sunt
2512 5560 2813 5630 exemplaria
2835 5560 2946 5630 quia
2963 5560 3133 5617 habent
3149 5570 3331 5630 absque
3342 5568 3708 5630 misericordia,
3734 5577 3838 5620 etc.

2242 5622 2561 5695 gousentiunt
2581 5622 3172 5695 bodtenutu'aliquotjlss.
3189 5622 3372 5695 Graeci,
3393 5643 3454 5679 ex
3477 5622 3843 5695 aluiquis'vero

2241 5683 2472 5753 i’atribus
2486 5685 2707 5753 irettzeus
2728 5687 2864 5753 lib_.4.
3009 5693 3086 5739 57.
3103 5691 3199 5740 Sed
3215 5683 3440 5753 plerique
3461 5693 3542 5742 alii
3566 5683 3697 5744 hanc
3723 5701 3839 5753 qua

2242 5746 2356 5795 heie
2381 5747 2662 5814 pt‘tet‘ertur,
2689 5746 2957 5800 lectionem'
2977 5746 3266 5814 probantfet
3289 5746 3384 5814 non
3417 5754 3676 5814 dilectam,
3707 5746 3838 5802 (tile-

2246 5816 2408 5873 ctttm;
2433 5809 2667 5874 Vulgatus
2688 5820 2947 5874 utrumque
2969 5809 3172 5864 exhibet
3189 5853 3202 5876 ,
3226 5813 3367 5865 simul
3391 5823 3440 5860 et
3462 5813 3632 5860 nectit.
