4088 6336
305 367 432 439 ltiti!

303 496 508 553 volentis
535 511 692 566 neque
718 493 984 559 currentis,
1011 479 1097 546 seti
1124 488 1398 544 miserentis
1422 477 1522 541 Dei
1548 502 1568 542 :
1601 485 1688 550 Et,
1713 487 1872 556 Cujus

304 589 404 644 ttult
427 588 706 652 miseretur,
736 593 781 639 et
808 599 956 656 quem
984 581 1089 637 vult
1117 580 1322 634 indurat
1351 577 1486 632 Deus
1516 593 1535 632 .°
1563 577 1649 642 Et,
1684 575 1878 630 Voturi-

302 683 520 750 tati-ejus
548 681 658 750 quis
695 687 856 750 potest
884 674 1152 732 resistere?
1180 672 1268 729 Sic
1290 672 1605 743 Apostolutr.
1650 683 1875 739 respon-

302 773 444 828 disse
471 789 486 825 :
515 771 560 827 0
588 771 770 836 homo,
799 769 888 841 qui
921 778 1081 833 terra,
1112 775 1166 820 et
1204 764 1338 820 cinis
1364 778 1424 818 es
1446 805 1460 830 ,
1488 761 1654 817 audes
1702 761 1877 816 facere

301 865 648 936 quaistionem
680 861 834 918 Deo?
862 871 920 918 et
949 876 1041 914 vas
1070 857 1254 929 fragile
1286 865 1763 928 atquetcstaceum
1793 867 1878 906 re-

301 957 469 1012 bellas
513 963 697 1010 contra
756 953 972 1023 ligulam
1030 961 1175 1006 tuum
1206 946 1514 1018 iNumquid
1570 945 1876 1016 figmentum

302 1055 478 1116 potest
515 1046 696 1100 dicere
740 1043 792 1100 ei
845 1044 932 1113 qui
977 1057 1036 1097 se
1081 1027 1254 1105 tinxit,
1283 1057 1438 1110 quare
1468 1055 1546 1092 me
1569 1038 1641 1092 sic
1665 1036 1828 1108 fecisti
1853 1034 1880 1087 .9

301 1139 407 1192 Aut
437 1151 541 1191 non
587 1134 752 1190 habet
774 1142 1114 1206 potestatem
1163 1132 1360 1203 ﬁgulus
1412 1129 1510 1185 luti
1561 1143 1632 1184 ex
1691 1127 1877 1182 eadem

301 1239 476 1284 massa
507 1227 705 1293 facere,
734 1225 876 1281 aliud
927 1225 1142 1296 quidem
1189 1233 1284 1278 vas
1330 1221 1382 1276 in
1427 1221 1708 1284 honorem,
1733 1215 1878 1271 aliud

303 1335 429 1375 vero
470 1320 521 1374 in
564 1317 991 1375 contumeliam?
1019 1316 1246 1374 Etcrno
1271 1315 1429 1386 igitur
1469 1313 1680 1368 silentio
1708 1309 1882 1365 conti-

301 1426 456 1467 cesce
489 1421 580 1467 :et
625 1411 762 1466 scito
810 1409 1146 1486 fragilitatem
1193 1417 1362 1474 tuam,
1405 1414 1461 1461 et
1491 1405 1600 1460 Deo
1646 1417 1714 1457 ne
1766 1413 1882 1454 nio-

302 1517 426 1561 vcas
448 1506 822 1577 qumstionem,
853 1505 940 1575 qui
968 1504 1096 1558 fecit
1163 1501 1328 1575 843
1400 1498 1541 1570 quod
1581 1495 1752 1550 Votuit
1779 1511 1795 1549 :
1825 1501 1882 1548 ut

301 1598 354 1652 in
382 1597 518 1652 alios
543 1597 801 1662 clemens,
836 1597 888 1650 in
919 1596 1052 1650 alios
1079 1611 1299 1651 severus
1323 1593 1598 1648 existeret.

371 1690 507 1759 Quid
548 1692 618 1746 sit
647 1691 786 1762 quod
819 1691 1106 1760 Apostolus
1151 1689 1340 1744 scribit
1379 1687 1444 1742 ad
1492 1683 1799 1741 Corinthios
1829 1682 1880 1738 in

301 1786 535 1838 secunda
570 1783 803 1854 Epistula
839 1801 853 1838 :
885 1783 1015 1838 Aliis
1041 1783 1170 1836 odor
1197 1781 1372 1836 mortis
1399 1781 1454 1834 in
1481 1788 1690 1833 startem
1719 1791 1738 1831 .'
1767 1776 1883 1830 aliis

298 1875 568 1930 udor’vitte
592 1876 644 1929 in
670 1877 862 1942 vitam;
889 1886 936 1930 et
973 1875 1043 1930 ad
1083 1877 1190 1929 haec
1233 1874 1345 1944 quis
1389 1882 1491 1926 tam
1533 1870 1744 1925 idoneus
1782 1862 1882 1940 (2.

299 1965 421 2021 Cor.
451 1967 506 2021 2.
536 1967 603 2023 16
625 1967 684 2040 )?
709 1969 902 2024 Totum
939 1968 1047 2022 loci
1096 1967 1255 2038 hujus
1283 1966 1572 2037 capitulum
1611 1976 1882 2034 prepona-

301 2075 443 2125 mus,
476 2066 538 2114 ut
581 2076 645 2114 ex
684 2060 1132 2129 praecedentibus,
1179 2069 1234 2115 et
1281 2056 1628 2127 sequentibus
1680 2053 1887 2124 possint

303 2150 520 2220 intelligi
552 2149 724 2204 media
751 2191 766 2216 ,
795 2166 915 2220 qua:
955 2166 1021 2205 ex
1049 2161 1274 2220 utroque
1301 2158 1554 2204 contexta
1581 2155 1726 2202 Stmt.
1755 2144 1885 2200 Cum

301 2242 544 2296 uenissem
563 2283 577 2306 ,
609 2242 721 2308 ait,
751 2239 1028 2307 Troadem,
1061 2251 1266 2310 propter
1314 2238 1645 2310 Evangelium
1675 2235 1882 2302 Christi,

301 2343 350 2386 et
375 2337 558 2386 ostium
574 2333 702 2386 mihi
723 2345 955 2402 apertum
978 2342 1106 2387 esset
1135 2334 1189 2386 in
1219 2331 1457 2397 Domino,
1483 2347 1582 2385 non
1612 2329 1762 2383 habui
1798 2345 1884 2383 re-

298 2426 470 2495 quiem
497 2425 698 2495 spiritui
725 2442 854 2492 utea,
887 2442 944 2480 eo
967 2427 1102 2496 quod
1131 2443 1232 2480 non
1279 2426 1550 2480 invenerim
1580 2423 1747 2479 Titum
1776 2427 1889 2494 {m-

303 2527 431 2570 trem
459 2533 624 2571 meum
645 2535 670 2584 ς
697 2519 787 2573 sed
809 2519 1110 2588 valefacien‘s
1138 2519 1228 2584 eis,
1260 2521 1516 2590 profectus
1548 2534 1659 2572 sum
1687 2517 1740 2571 in
1773 2515 1889 2569 Ma-

300 2607 588 2663 cedoniam.
619 2607 729 2662 Deo
755 2619 922 2663 autem
942 2611 1127 2681 gratia,
1159 2611 1244 2679 qui
1272 2618 1470 2679 semper
1490 2626 1582 2664 nos
1610 2607 1887 2677 triumphat

300 2699 359 2752 in
378 2698 582 2753 Christo
606 2699 754 2765 J'esu,
784 2711 830 2754 et
859 2701 1063 2755 odorem
1092 2702 1285 2755 notitia!
1313 2716 1420 2755 sua:
1440 2717 1528 2771 per
1549 2717 1640 2755 nos
1671 2699 1888 2768 manife-

303 2802 402 2846 stat
429 2793 482 2847 in
507 2794 646 2847 omni
671 2794 826 2861 loco-,-
855 2795 974 2865 quia
999 2793 1190 2850 Christi
1215 2794 1376 2850 bonus
1401 2794 1526 2848 odor
1549 2809 1723 2848 sumus
1756 2793 1886 2858 Deo,

301 2885 464 2943 initis
481 2886 568 2952 qui
586 2886 714 2940 salui
737 2886 887 2956 ﬁunt,
909 2898 954 2942 et
973 2887 1027 2941 in
1053 2887 1132 2942 his
1158 2887 1245 2956 qui
1271 2896 1478 2957 pereunt
1503 2902 1522 2940 :
1545 2885 1662 2941 aliis
1687 2885 1888 2958 quidem

303 2980 440 3032 odor
461 2978 718 3034 insulisin
744 2988 976 3046 mrtem,
1006 2979 1122 3033 aliis
1147 2990 1315 3032 autem
1341 2978 1467 3032 odor
1487 2979 1602 3033 uiue
1627 2978 1682 3032 in
1711 2979 1884 3032 vitam.

305 3071 374 3126 Et
401 3072 469 3125 ad
497 3072 609 3126 haec
634 3073 752 3142 quis
773 3082 876 3128 tam
903 3073 1160 3129 idoneus?
1195 3072 1316 3127 Non
1353 3073 1487 3126 enim
1535 3087 1728 3137 sumus,
1761 3072 1890 3127 sicut

305 3166 514 3236 pint-imi
552 3167 626 3237 (a)
669 3167 1010 3223 renuntiantes
1047 3168 1251 3223 verbum
1280 3167 1378 3222 Dei
1399 3183 1421 3231 ,°
1445 3167 1533 3221 sed
1574 3183 1640 3222 ea:
1682 3167 1891 3222 sinceri-

307 3267 427 3322 tate,
450 3258 538 3312 sed
560 3250 687 3312 sicut
712 3273 777 3312 ea:
803 3257 930 3323 Deo,
959 3273 1132 3313 coram
1163 3258 1270 3314 Deo
1308 3260 1362 3314 in
1390 3259 1596 3314 Christo-
1615 3259 1887 3328 loquimur.

305 3345 496 3404 Narrat
520 3347 813 3404 Corinthiis
838 3365 956 3421 qua:
984 3350 1184 3415 fecerit,
1208 3365 1329 3421 qua:
1354 3364 1541 3420 passus
1567 3350 1657 3414 sit,
1679 3357 1734 3404 et
1759 3363 1892 3419 quo-

310 3439 468 3494 modo
519 3440 570 3494 in
614 3441 820 3494 cunctis
846 3441 954 3496 Deo
994 3451 1113 3512 agat
1158 3441 1356 3511 gratias
1385 3482 1400 3505 .
1430 3449 1486 3496 ut
1515 3440 1615 3495 sub
1643 3439 1891 3509 exemplo

306 3533 390 3587 sui
417 3532 536 3587 illos
567 3543 820 3603 provocet
845 3532 911 3586 ad
940 3533 1276 3589 certandum.
1314 3531 1468 3599 Veni,
1500 3531 1693 3602 inquit,
1722 3532 1893 3586 Troa-

307 3627 453 3693 dem,
483 3643 601 3698 qua:
630 3628 778 3698 prius
803 3626 962 3697 Troja
1007 3626 1376 3698 appellabatur
1395 3667 1410 3692 ,
1441 3632 1501 3680 ut
1543 3625 1888 3696 Evangelium

302 3719 506 3776 Christi
559 3720 610 3775 in
657 3721 779 3775 Asia
837 3719 1204 3790 praedicarem.
1233 3717 1474 3790 Cumque
1519 3719 1651 3774 mihi
1695 3719 1890 3774 ostium

306 3823 548 3882 apertum
567 3813 776 3868 essetin
800 3813 1042 3878 Domino,
1059 3812 1271 3878 hocest,
1287 3811 1500 3883 plurimi
1517 3811 1888 3878 credidissent,

308 3905 422 3961 sive
453 3920 548 3977 per
574 3907 726 3976 signa
753 3915 912 3977 atque
939 3906 1165 3962 virtutes
1201 3922 1320 3977 quae
1353 3909 1402 3960 in
1443 3921 1528 3961 me
1572 3905 1894 3976 operabatur

310 3998 472 4065 Deus,
505 4008 558 4054 et
583 4013 707 4068 spes
735 4009 878 4054 esset
905 4000 1170 4054 nascentis
1194 3998 1335 4065 lidei,
1363 4007 1420 4054 et
1439 3999 1490 4053 in
1522 3999 1748 4055 Domino
1774 4014 1894 4055 suc-

305 4090 619 4153 cresccntis,
641 4106 745 4144 non
779 4090 935 4145 habui
964 4091 1203 4161 requiem
1234 4092 1442 4162 spiritui
1471 4107 1611 4159 meo,
1650 4091 1752 4147 hoc
1779 4099 1882 4159 est,

307 4191 576 4252 speratam
605 4181 1027 4237 consolationem
1054 4183 1295 4238 invenire
1319 4199 1423 4238 non
1452 4183 1622 4254 potui,
1652 4198 1718 4239 eo
1749 4182 1892 4255 quod

307 4271 484 4332 Titum
511 4278 727 4332 fratrem
758 4287 935 4332 meum
983 4291 1088 4330 non
1123 4277 1416 4332 invenerim
1441 4316 1456 4343 ,
1477 4277 1602 4333 sive
1631 4292 1788 4348 quem
1818 4275 1892 4332 ibi

308 4368 683 4440 reperiendum
713 4369 980 4440 putabam,
1011 4368 1124 4424 sive
1172 4383 1329 4439 quem
1375 4368 1446 4424 ibi
1492 4368 1765 4424 audieram
1793 4371 1890 4424 de-

306 4475 454 4533 gere,
482 4463 564 4518 vel
620 4463 710 4533 qui
743 4473 1025 4518 venturum
1051 4477 1171 4518 esse
1220 4463 1345 4517 illuc
1387 4478 1447 4518 se
1501 4463 1728 4518 dixerat.
1761 4461 1892 4530 Quae

306 4565 486 4610 autem
512 4555 610 4609 fuit
636 4563 782 4609 tanta
809 4556 1126 4622 consolatio,
1160 4563 1215 4609 et
1258 4569 1377 4626 qua:
1419 4555 1634 4626 requies
1682 4554 1893 4625 spiritui

305 4645 361 4701 in
393 4645 679 4715 praesentia
701 4643 829 4710 Titi,
849 4660 1005 4714 quem
1033 4645 1156 4716 quia
1186 4661 1291 4701 non
1324 4646 1545 4713 invenit,
1566 4646 1891 4702 valefaciens

307 4738 408 4802 eis,
442 4733 714 4806 profectus
755 4745 840 4791 est
888 4736 940 4789 in
966 4735 1329 4792 Macedoniam
1356 4737 1380 4792 t
1409 4738 1708 4808 Aliquoties
1749 4740 1891 4794 dixi-

307 4846 427 4884 mus
457 4828 772 4898 Apostolum
819 4829 1039 4884 Paulum
1085 4829 1255 4883 virum
1287 4829 1452 4886 fuisse
1493 4831 1888 4898 doctissimum,

305 4931 363 4977 et
387 4922 656 4977 eruditum
696 4920 760 4976 ad
787 4920 952 4992 pedes
979 4918 1291 4978 Gatnalielis
1313 4921 1450 4993 (Act.
1481 4921 1571 4977 ‘22.
1605 4923 1687 4994 3),
1713 4925 1804 4995 qui
1837 4926 1890 4980 in

308 5013 689 5084 Apostolorum
717 5013 938 5069 Actibus
965 5014 1334 5077 concinnatur.
1363 5024 1418 5071 et
1458 5015 1590 5071 dicit
1621 5033 1634 5070 :
1663 5016 1731 5071 Et
1758 5034 1891 5072 nunc

308 5107 429 5176 Quid
458 5104 650 5160 habetis
687 5122 802 5159 cum
829 5106 1111 5160 hominibus
1157 5107 1266 5162 istis
1289 5107 1314 5161 i’
1339 5106 1402 5163 Si
1426 5107 1558 5162 enim
1601 5125 1632 5160 α
1659 5107 1768 5164 Deo
1796 5119 1889 5175 est,

307 5199 478 5265 stabit,
507 5199 551 5254 si
576 5214 638 5252 ea:
673 5198 978 5263 hominibus,
1007 5197 1292 5254 destruetur
1321 5197 1342 5273 (
1369 5197 1505 5255 Ibid.
1533 5200 1588 5256 5.
1617 5200 1708 5256 58.
1749 5201 1818 5258 39
1842 5201 1890 5274 ).

307 5291 552 5363 Cumque
608 5291 830 5347 haberet
875 5291 1154 5347 scientiam
1217 5303 1521 5348 sanctarum
1585 5293 1892 5367 Scriptura-

309 5393 450 5448 rum,
525 5380 693 5455 ω
763 5391 818 5437 et
844 5381 1109 5436 sermonis
1129 5381 1569 5454 diversarumque
1589 5383 1891 5457 linguarum

375 5545 448 5604 (a)
487 5538 568 5591 Sic
599 5546 738 5602 Juxta
761 5540 998 5606 praecum
1021 5553 1282 5606 κηλιδογτις
1305 5537 1614 5595 Martianaaus
1631 5580 1648 5606 ,
1673 5554 1726 5597 et
1753 5555 1892 5597 vetu-

310 5603 488 5653 stiores
511 5606 662 5653 nostri
680 5603 885 5667 codices
921 5603 1127 5667 legunt;
1169 5603 1248 5653 alii
1274 5612 1440 5667 tamen
1462 5603 1725 5667 praeferunt
1750 5611 1893 5659 adul-

309 5671 515 5729 terantes
532 5665 859 5728 cum‘V’ulgata
878 5665 1113 5729 editione,
1133 5667 1262 5728 quod
1284 5665 1496 5716 Victoria
1513 5665 1688 5729 placet.
1701 5670 1896 5721 Revera

312 5723 703 5790 Chrysostomus,
727 5723 875 5788 quem
910 5726 994 5777 alii
1020 5723 1194 5790 passim
1227 5723 1528 5790 sequuntur;
1547 5729 1750 5780 alteram
1773 5733 1897 5782 hanc

314 5787 768 5847 interpretationem
793 5790 984 5853 probat,
1009 5787 1124 5839 illud
1145 5790 1278 5840 enim
1293 5787 1556 5854 aqua...“
1568 5791 1830 5857 explicent,
1849 5808 1897 5846 τὰ

308 5858 424 5897 ὃταν
446 5858 696 5908 myrin“
718 5865 793 5906 τοῖς
810 5861 933 5909 Οιὶοις.

1633 350 1968 424 tristem
2010 349 2170 424 cxx.

3428 386 3564 444 1002

1982 482 2209 556 gratiam
2242 486 2537 557 possideret
2568 506 2581 544 :
2613 491 2755 550 unde
2779 493 2894 565 ips’e
2929 478 3190 568 gloriatur
3227 498 3279 555 in
3312 499 3561 565 Domino.

1981 584 2038 631 et
2062 575 2191 631 dicit
2217 594 2231 632 :
2255 575 2462 632 Gratias
2489 597 2588 650 ago
2625 580 2752 650 Deo,
2783 585 2919 655 quod
2956 589 3181 644 omnium
3219 602 3434 646 vestrum
3465 594 3562 650 litt-

1981 671 2096 740 guis
2125 671 2287 742 magis
2334 672 2514 742 loquor
2543 667 2621 739 (l.
2651 676 2768 728 Cor.
2799 678 2885 732 ιι.
2934 679 3048 751 18),
3092 681 3390 739 divinorum
3441 700 3564 741 scnd-

1984 773 2136 814 suum
2161 761 2494 833 maiestatem
2519 764 2678 835 digno
2703 765 2778 835 (ὑ)
2805 775 2910 823 nun
2939 780 3144 840 poterat
3164 771 3340 830 Graeci
3362 776 3562 846 eloquii

1983 852 2256 922 esplicarc
2307 869 2574 910 sermone.
2609 857 2847 912 Habebat
2895 874 3022 932 ergo
3076 863 3250 919 Titum
3301 867 3566 939 interpre-

1982 947 2091 997 tem
2118 960 2138 995 τ
2171 945 2326 1012 sicut,
2357 955 2413 1002 et
2439 947 2620 1002 beatus
2650 949 2836 1003 Petrus
2863 951 3116 1022 Marcum,
3147 957 3297 1026 cujus
3327 959 3567 1030 Evange-

1984 1035 2136 1104 li'uin,
2169 1037 2328 1093 Petro
2357 1049 2626 1108 narrante,
2655 1052 2710 1097 et
2757 1035 2850 1098 illo
2891 1047 3176 1111 Scriben'te,
3207 1055 3564 1121 composition

1983 1137 2086 1182 est.
2138 1128 2377 1200 Denique
2405 1140 2462 1186 et
2502 1132 2622 1188 duae
2669 1133 2925 1205 Epistulae
2961 1146 3077 1208 (tua:
3107 1139 3353 1198 feruntur
3382 1145 3522 1202 Petri
3552 1189 3568 1212 ,

1983 1221 2127 1291 st’ylo
2150 1220 2293 1277 inter
2316 1238 2376 1279 se
2412 1234 2468 1280 et
2488 1224 2804 1284 charactere
2835 1229 3163 1302 discrepant,
3195 1246 3570 1308 structuraque

1984 1312 2290 1368 verborum.
2327 1314 2403 1370 Ex
2435 1333 2542 1386 quo
2573 1318 2942 1391 intelligimus,
2970 1331 3070 1393 pro
3115 1329 3435 1386 necessitate
3485 1346 3572 1388 reo

1984 1417 2124 1469 rum,
2141 1403 2368 1460 diversis
2386 1421 2505 1462 cum
2525 1421 2676 1464 usum
2704 1411 3105 1483 interpretibus.
3124 1416 3262 1488 Ergo
3288 1429 3343 1475 ct
3372 1420 3570 1478 Paulus

1985 1493 2277 1565 Apostolus
2319 1500 2858 1573 eontristatur:qnia
2905 1508 3309 1577 praedicationis
3357 1528 3469 1568 suae
3517 1514 3571 1571 in

1982 1589 2388 1657 prtescntiarunt
2413 1591 2665 1660 ﬁstulam,
2684 1598 3050 1670 organumqtm
3072 1615 3167 1670 per
3191 1602 3330 1672 quod
3355 1604 3571 1663 Christo

1984 1689 2343 1745 cane‘rct,non
2378 1681 2655 1740 invenerat
2683 1703 2695 1740 :
2729 1691 3078 1760 perrexitque
3099 1692 3151 1746 in
3177 1692 3565 1765 Macedoniam,

1985 1780 2304 1839 apparuerat
2348 1773 2490 1827 enim
2537 1775 2587 1830 ei
2633 1775 2714 1830 vir
2756 1777 2992 1846 Macedo,
3045 1781 3271 1838 dicens:
3304 1781 3573 1842 Transiem

1986 1864 2176 1930 adjuva
2205 1881 2334 1930 nos;
2363 1874 2419 1919 ut
2459 1867 2529 1922 ibi
2572 1868 2837 1926 inveniret
2865 1871 3063 1940 Titum,
3093 1884 3150 1931 et
3179 1876 3419 1934 visitaret
3461 1879 3574 1937 fra-

1987 1956 2134 2010 tres:
2162 1957 2246 2011 vel
2283 1959 2754 2028 persecutionibns
2794 1965 3112 2034 probaretur
3142 1984 3157 2022 :
3189 1965 3293 2026 hoc
3318 1980 3401 2027 est
3429 1975 3573 2028 enim

1984 2046 2128 2117 quod
2157 2047 2281 2104 dicit
2315 2067 2332 2104 :
2365 2049 2473 2141 Deo
2520 2063 2690 2107 autem
2732 2056 2920 2124 gratia,
2943 2060 3034 2129 qui
3074 2075 3273 2134 semper
3297 2065 3575 2136 triumphat

1985 2151 2080 2196 nos
2103 2141 2156 2196 in
2183 2142 2379 2198 Christo
2404 2142 2437 2198 .7
2445 2163 2552 2211 esu,
2582 2157 2631 2201 et
2660 2147 2868 2204 odorem
2912 2153 3105 2208 notitia
3147 2171 3257 2211 sua:
3297 2160 3492 2229 spargit
3519 2162 3576 2215 in

1984 2233 2128 2287 omni
2152 2233 2284 2289 loco.
2314 2235 2632 2307 Triumphat
2659 2251 2758 2294 nos
2783 2283 2797 2305 ,
2832 2253 2930 2311 pro
2959 2255 3024 2299 c‘o
3055 2247 3196 2316 quod
3237 2258 3356 2317 est,
3391 2252 3577 2309 trium-

1990 2327 2121 2396 phat
2147 2330 2214 2384 de
2244 2329 2397 2384 nobis
2420 2372 2436 2396 ,
2463 2332 2578 2388 sire
2609 2334 2938 2406 triumphum
2984 2346 3139 2395 suum
3182 2341 3290 2413 agit
3315 2357 3411 2414 per
3435 2361 3532 2403 nos
3558 2364 3574 2402 :

1985 2419 2078 2490 "qui
2133 2420 2184 2475 in
2230 2421 2338 2477 alio
2391 2423 2510 2479 loco
2561 2425 2802 2483 dixerat:
2835 2429 3196 2502 Spectacuium
3239 2438 3361 2508 facti
3405 2455 3579 2496 sumus

1989 2513 2198 2579 mundo,
2225 2523 2271 2568 et
2313 2515 2542 2587 Auge-iis,
2574 2527 2623 2571 et
2652 2518 2936 2576 hominibus
2969 2524 3042 2592 (l.
3073 2526 3189 2580 Cor.
3224 2528 3302 2599 ὁ).
3341 2530 3581 2602 Deuiquo

1989 2610 2172 2659 narrat
2202 2607 2755 2680 in'conscquentibus.
2803 2611 2941 2670 Nam
2969 2629 3084 2672 cum
3120 2622 3424 2678 venissemus
3456 2625 3580 2680 Ma-

1985 2697 2286 2766 cedoniam,
2340 2701 2537 2756 nullam
2585 2705 2805 2774 requiem
2857 2707 3030 2763 habuit
3079 2726 3201 2767 caro
3244 2723 3418 2770 nostra
3445 2731 3465 2771 :
3491 2718 3582 2772 sed

1988 2797 2190 2843 omnem
2218 2789 2587 2846 tribulationem
2615 2796 2754 2864 passi
2778 2811 2972 2854 sumus.
3008 2798 3157 2856 Foris
3194 2821 3380 2876 pugno:
3399 2848 3413 2871 ,
3445 2807 3582 2863 intus

1992 2879 2217 2936 timores.
2250 2881 2359 2937 Sed
2382 2881 2521 2938 Deus
2559 2887 2649 2954 qui
2691 2890 2981 2945 consolatur
3016 2893 3250 2962 Immites,
3293 2902 3582 2956 consolatus

1992 2983 2062 3028 est
2106 2990 2195 3028 nos
2221 2975 2275 3029 in
2317 2975 2534 3032 aduentu
2573 2969 2696 3034 Titi.
2732 2981 2855 3036 Non
2881 2983 3045 3039 satum
3087 2997 3254 3043 autem
3279 2991 3330 3044 in
3364 2991 3582 3047 adventu

1991 3065 2124 3134 ejus,
2152 3070 2238 3121 sed
2267 3069 2414 3122 etiam
2458 3071 2510 3124 in
2547 3071 2891 3129 consoia’tione
2915 3072 3010 3148 {:il.
3035 3077 3260 3154 soiatio].
3291 3082 3430 3154 Ergo
3451 3100 3581 3156 pro-

1993 3166 2176 3227 pterea
2205 3159 2522 3216 valefaciens
2555 3162 2801 3232 Trojanis
2842 3166 2960 3222 sive
3007 3161 3426 3242 Troadensibus,
3456 3192 3583 3246 pro-

1995 3248 2165 3306 fectus
2189 3259 2272 3306 est
2296 3251 2349 3308 in
2372 3247 2762 3324 Macedoniam,
2789 3266 2846 3312 ut
2885 3259 3149 3318 inveniret
3197 3265 3266 3321 ibi
3299 3263 3499 3336 Titum,
3527 3279 3584 3326 ct

1995 3343 2214 3400 haberet
2241 3345 2692 3417 interpretationis
2713 3348 3093 3425 Evangeliique
3116 3357 3397 3414 solatium:
3421 3376 3582 3432 quem

1995 3436 2344 3508 intelligimus
2363 3451 2469 3494 non
2503 3440 2572 3496 ibi
2605 3452 2896 3512 repertum,
2922 3447 3016 3502 sed
3045 3459 3159 3517 pOst
3190 3451 3581 3518 tribulationes.

1993 3531 2052 3586 et
2092 3532 2499 3615 persecutiones
2544 3535 2784 3604 Apostoll
2831 3539 3224 3607 supervenisse.
3254 3538 3408 3598 Prius
3456 3559 3585 3614 ergo

1995 3639 2155 3710 quam
2193 3626 2430 3681 venisset
2456 3619 2630 3710 Titus,
2674 3627 2837 3682 multa
2881 3644 3202 3698 perpessus,
3233 3634 3340 3703 agit
3387 3638 3584 3706 gratias

1997 3707 2109 3771 Deo
2137 3717 2188 3770 in
2215 3715 2430 3773 Christo
2451 3707 2598 3784 Jesu,
2625 3733 2783 3787 quem
2807 3717 3054 3788 gentibus
3081 3720 3420 3790 prtedicabat,
3439 3727 3584 3796 quod

1995 3807 2210 3877 dignum
2259 3822 2319 3862 se
2347 3808 2586 3877 elegerit,
2615 3808 2670 3863 in
2716 3823 2820 3879 quo
2863 3819 3045 3880 ageret
3089 3807 3415 3884 triumphum
3463 3813 3584 3872 Filii

1996 3898 2100 3952 sui.
2129 3897 2453 3968 Triumphus
2503 3897 2597 3953 Dei
2645 3908 2730 3955 est
2779 3900 2956 3970 passio
3004 3901 3328 3975 Martyrum;
3377 3915 3432 3962 et
3487 3925 3584 3978 pro

1995 3978 2190 4045 Christi
2218 3991 2435 4046 nomine
2477 3992 2686 4048 cruoris
2711 3990 2922 4061 eﬂ'usio,
2954 4002 3008 4052 et
3035 3996 3172 4052 inter
3193 4005 3457 4056 tormenta
3488 4003 3585 4058 he-
3632 3979 3640 4018 ³

1998 4081 2132 4136 tilia.
2156 4081 2288 4137 Cum
2318 4081 2460 4138 enim
2488 4081 2609 4154 quis
2627 4083 2822 4140 viderit
2849 4093 2998 4141 tanta
3018 4090 3408 4157 perseverantia
3440 4101 3585 4150 stare

1996 4173 2278 4248 Martyres,
2305 4185 2466 4247 atque
2492 4177 2750 4248 torqueri,
2824 4177 2990 4253 845
3063 4187 3119 4237 et
3158 4181 3216 4238 in
3240 4184 3352 4240 suis
3373 4188 3584 4243 crucia-

1999 4268 2139 4324 tibus
2174 4268 2412 4342 gloriari,
2437 4267 2571 4325 odor
2597 4270 2800 4326 notitia:
2828 4271 2921 4326 Dei
2968 4272 3348 4334 disseminatur
3372 4277 3425 4335 in
3451 4295 3486 4351 g
3506 4295 3584 4334 ἠ·

1999 4368 2100 4426 tes,
2133 4368 2188 4416 ct
2216 4360 2359 4416 subit
2389 4360 2546 4416 tacita
2583 4361 2835 4433 cogitatio
2882 4363 3023 4433 quod
3064 4365 3164 4421 nisi
3215 4379 3400 4423 verum
3442 4381 3587 4428 esse:

1998 4453 2371 4528 Evangelium,
2395 4464 2666 4526 nunquam
2691 4456 2950 4525 sanguine
2974 4456 3368 4515 defenderetur.
3398 4461 3585 4527 Neque

1998 4562 2126 4603 nutu
2154 4561 2420 4603 DELICATA
2445 4555 2500 4602 et
2528 4545 2729 4600 divitiis
2757 4546 2978 4601 studens
3005 4562 3068 4602 ac
3098 4561 3284 4603 secura
3314 4553 3585 4610 confessio

1996 4646 2113 4702 est;
2145 4637 2237 4692 sed
2266 4638 2318 4692 in
2356 4635 2680 4699 carceribus,
2715 4636 2766 4689 in
2799 4636 2986 4707 plagis,
3019 4637 3073 4692 in
3101 4639 3581 4711 persecutionibus,

1999 4729 2052 4782 in
2100 4727 2258 4792 fame,
2289 4728 2342 4781 in
2383 4727 2622 4781 nuditate
2651 4735 2706 4780 et
2748 4726 2854 4782 siti.
2889 4727 2984 4782 llic
3033 4729 3330 4801 triumphus
3378 4743 3462 4790 est
3490 4735 3582 4793 Dei

1999 4821 2483 4891 Apostolorumque
2537 4817 2777 4874 victoria.
2811 4819 2915 4876 Sed
2971 4830 3178 4892 poterat
3223 4825 3446 4884 audiens
3499 4847 3586 4887 re-

1999 4911 2300 4984 spondere:
2327 4910 2606 4979 Quomodo
2642 4925 2772 4983 ergo
2818 4929 2924 4968 non
2966 4927 3155 4971 omnes
3197 4918 3585 4980 crediderunt?

2065 5112 2131 5179 (bl
2169 5113 2355 5162 Passim
2377 5109 2661 5180 Apostolum
2691 5107 2756 5160 ob
2773 5104 3463 5180 eruditionemlllemnymus
3497 5119 3583 5169 ads

1999 5171 2234 5236 miia'tur,
2275 5180 2326 5238 et
2357 5171 2738 5238 cumulatissime
2772 5171 2972 5238 laudat:
2997 5175 3126 5238 quod
3165 5171 3343 5226 autem'
3366 5179 3476 5228 beic
3513 5181 3579 5229 i!ti

2001 5233 2227 5290 Graecam
2242 5234 2821 5298 eloqttetttianidencgat,
2847 5233 3410 5298 multoqueexpressius
3425 5241 3472 5288 in
3495 5255 3581 5294 se-

2037 5300 2176 5350 uenti
2197 5298 2256 5348 ad
2279 5295 2702 5360 Al'gasiamilipist.
2728 5295 2928 5360 'Qumst.
2967 5295 3044 5348 10.
3069 5297 3119 5360 id
3142 5295 3341 5360 mlnime
3364 5302 3582 5352 tribuen-

2037 5314 2176 5350 uenti
2197 5314 2256 5348 θα
2279 5314 2525 5360 Algasutm
2547 5314 2702 5359 ιψιδι.
2743 5314 2928 5356 υιιωει.
2967 5314 3044 5348 ιυ.
3069 5314 3119 5347 la
3142 5314 3341 5348 minime
3364 5314 3580 5352 11⁸1011611·

1999 5314 2116 5412 3utn
2152 5367 2231 5412 est
2260 5359 2650 5425 Hieronymisnae
2682 5357 2934 5422 antlloglm
2953 5358 3085 5425 quod
3119 5356 3362 5425 plerique,
3379 5361 3580 5425 faciunt,

1999 5371 2116 5412 dum
2152 5371 2231 5412 est
2261 5371 2650 5432 Hieronymum).
2682 5371 2934 5422 unum
2953 5371 3085 5469 quoa
3119 5371 3362 5432 ptertque.
3379 5371 3580 5435 lactant,

1998 5424 2090 5491 sed
2107 5436 2170 5474 eo
2185 5434 2333 5491 sensu
2349 5419 2706 5491 acdptgndttm,
2716 5427 2770 5491 ut
2782 5432 2935 5484 quem
2950 5425 3156 5491 {atque
3169 5419 3582 5491 dicendtpnergta

2002 5480 2469 5550 eloquentissimum
2487 5481 2632 5550 dixit,
2655 5480 2916 5550 verbo'mm
2951 5480 3110 5550 nitore
3146 5485 3294 5542 atque
3335 5480 3584 5550 elegantia

2001 5540 2123 5597 intra
2145 5546 2390 5612 Rhetores
2409 5540 2708 5612 insigniores
2728 5541 2912 5612 laceret
2929 5540 3100 5612 ,__qu0tl
3121 5540 3302 5612 nempe
3319 5540 3445 5612 ."ut'
3473 5548 3580 5608 ipse

1999 5620 2060 5658 se
2097 5607 2308 5672 explicat
2337 5601 3445 5672 contra'Rutllnumtetigt'mcamfac’undiam
3466 5601 3580 5658 c'on.

2001 5659 2249 5728 temiet,
2273 5667 2347 5720 vel
2368 5673 2498 5719 certe
2512 5667 2761 5728 quod_erat
2784 5662 3093 5728 h3mtt'litatis,
3107 5659 3448 5728 dissimularet.
3479 5671 3581 5718 Au-

2039 5738 2136 5784 ust.
2161 5731 2196 5782 l.
2212 5723 2260 5780 4.
2283 5731 2349 5780 de
2372 5723 2594 5791 Doctrin.
2620 5723 2799 5791 Christ.
2823 5736 2868 5775 c.
2892 5724 2942 5773 ’1.
2967 5739 3025 5791 ti.
3048 5724 3098 5773 ll
3128 5739 3141 5774 :
3177 5741 3198 5770 α
3221 5723 3357 5791 Sicut
3373 5729 3584 5791 Αροειο-

2039 5748 2136 5784 ιιΒι.
2161 5748 2196 5782 ι.
2212 5748 2260 5780 4.
2283 5748 2349 5780 (te
2372 5748 2594 5779 uocum.
2621 5748 2799 5776 umet.
2823 5748 2868 5775 υ.
2901 5748 2942 5773 ι.
2969 5748 3017 5772 ιι.
3048 5748 3098 5773 ιι
3128 5748 3141 5774 ;
3177 5748 3198 5770 ι
3221 5748 3357 5775 διιτιιι
3373 5748 3584 5791 aposto-

2002 5748 2103 5842 fum
2125 5798 2383 5855 praecepta
2406 5788 2687 5855 eloquentia
2963 5784 3114 5855 fuisse
3137 5800 3232 5835 non
3254 5787 3460 5840 dicimus
3478 5828 3490 5845 .
3520 5796 3584 5840 ne

2012 5845 2264 5918 quod'ejus
2283 5845 2568 5918 sapientiam
2587 5853 2756 5898 secuta
2777 5849 2842 5898 sit
2856 5845 3153 5910 eloquentia,
3175 5861 3267 5898 non
3283 5864 3534 5913 negamus.
3553 5863 3577 5899 ι
