4088 6336
557 357 590 412 1
601 357 706 414 003

564 473 718 528 Prius
764 485 890 542 ergo
937 485 1092 542 quam
1145 470 1580 540 interregaretnr,
1627 467 1782 524 solvit
1822 471 2141 538 ἀνθυποφορὰν

563 563 980 634 (exceptionem);
1011 571 1066 618 et
1102 563 1252 632 juxts.
1279 577 1485 618 morem
1514 577 1668 617 suum
1706 558 1960 629 quidquid
2006 557 2142 612 alius

560 657 793 726 objicere
815 664 1010 725 potest,
1035 663 1317 724 antequam
1345 653 1627 724 objiciatur
1647 652 1914 706 edisserit.
1949 649 2016 704 Et
2059 657 2140 703 est

558 763 750 804 sensus
779 766 793 802 :
823 747 1062 804 Nominis
1089 746 1285 802 Christi
1333 747 1384 802 in
1436 746 1582 802 omni
1625 745 1744 799 loco
1793 745 1962 799 bonus
2006 740 2140 795 odor

557 857 744 896 sumus
777 841 905 903 Deo,
933 848 987 894 et
1031 839 1421 910 praedicationis
1464 849 1660 894 nostrae
1714 837 1868 904 longe
1922 834 2137 902 lateque

555 937 723 1001 spirat
751 929 1055 1000 fragrantia.
1088 929 1194 984 Sed
1237 930 1356 1000 quia
1384 929 1626 982 homines
1665 941 1762 981 suo
1800 926 2017 980 arbitrio
2044 924 2138 979 de-

556 1022 724 1077 reiiCli
753 1031 876 1076 sunt
903 1039 916 1074 :
951 1036 1122 1092 neque
1155 1022 1295 1077 enim
1336 1021 1530 1075 bonum
1572 1018 1887 1074 necessitate
1915 1017 2133 1081 faciunt,

553 1117 646 1170 sed
676 1116 966 1180 voluntate,
996 1125 1054 1168 ut
1104 1114 1384 1168 credentes
1435 1127 1689 1166 coronam
1738 1110 2019 1180 accipiant,
2050 1109 2134 1161 in-

552 1207 755 1263 creduli
785 1206 1060 1276 suppliciis
1085 1205 1454 1274 mancipeutur
1484 1221 1498 1255 :
1534 1203 1652 1257 ideo
1677 1201 1812 1257 odor
1838 1210 2022 1255 uoster
2044 1199 2134 1269 qui

544 1316 650 1370 per
671 1315 730 1354 se
758 1299 1042 1361 bonusest,
1068 1298 1263 1352 virtute
1279 1311 1464 1351 eorum
1491 1304 1545 1350 et
1573 1296 1702 1350 vitio
1725 1295 1812 1364 qui
1837 1292 2134 1361 suscipiunt

550 1395 666 1448 sive
708 1409 815 1448 non
859 1391 1173 1460 suscipiunt,
1204 1391 1255 1444 in
1285 1391 1444 1444 vitam
1491 1389 1702 1456 transit,
1731 1398 1821 1442 aut
1863 1398 2129 1442 mortem:

544 1495 610 1540 stt
635 1486 723 1556 qui
753 1483 1103 1547 crediderint,
1129 1483 1261 1537 salvi
1294 1481 1420 1535 ﬁant
1444 1523 1459 1546 ,
1481 1481 1572 1550 qui
1600 1495 1727 1534 vero
1765 1493 1866 1532 nou
1889 1478 2134 1532 credide-

546 1580 657 1632 rint
685 1584 922 1647 pereant.
949 1574 1058 1630 Nec
1104 1573 1205 1629 hoc
1251 1571 1546 1627 mirandum
1596 1570 1663 1626 de
1706 1569 1982 1640 Apostolo,
2010 1583 2131 1622 cum

550 1671 708 1724 etiam
748 1668 816 1724 de
845 1668 1069 1724 Domino
1096 1666 1414 1736 legerimus:
1449 1663 1580 1719 Ecce
1605 1665 1686 1718 hic
1726 1663 1920 1731 positus
1961 1673 2034 1716 est
2077 1662 2131 1715 in

540 1760 772 1822 .ruinum,
801 1769 846 1813 et
874 1759 927 1812 in
967 1757 1353 1812 resurectionem
1381 1755 1656 1809 multorum
1694 1755 1746 1807 in
1771 1752 1972 1818 Israel,
2004 1762 2049 1806 et
2079 1753 2132 1806 in

547 1854 750 1924 signum
779 1851 860 1904 cui
889 1849 967 1922 (tt)
1009 1848 1380 1902 contradicetnr
1423 1851 1439 1916 (
1471 1845 1594 1900 Luc.
1624 1845 1681 1899 (Ξ.
1711 1845 1778 1900 51
1803 1843 1821 1916 )
1852 1863 1864 1897 :
1894 1843 2129 1913 solisque

548 1945 726 2001 radios
757 1952 862 1998 tam
891 1941 1084 1997 munda
1114 1941 1230 1996 loca
1255 1939 1539 2008 excipiant,
1571 1953 1728 2008 quam
1752 1936 2042 2002 immunda,
2076 1944 2131 1990 et

547 2039 626 2094 sic
673 2037 725 2092 in
773 2035 1014 2098 ﬂoribus,
1050 2032 1319 2104 quomodo
1371 2032 1420 2085 iu
1467 2041 1703 2085 stercore
1733 2029 1990 2083 luceant:
2030 2040 2130 2082 nec

551 2145 726 2188 tamen
770 2130 898 2185 solis
935 2128 1068 2184 radii
1119 2126 1438 2199 polluuntur.
1472 2124 1561 2180 Sic
1607 2133 1664 2179 et
1711 2121 1910 2177 Christi
1961 2121 2130 2175 bonus

549 2223 820 2294 odor,.qui
851 2237 1120 2292 nunquam
1147 2217 1340 2274 mutari
1366 2226 1559 2288 potest,
1589 2232 1686 2272 nec
1709 2230 1858 2270 suam
1886 2223 2125 2268 naturam

543 2315 812 2379 amittere,
843 2312 1182 2370 credentibus
1210 2313 1313 2365 vita
1343 2319 1445 2374 est,
1479 2308 1766 2364 incredulis
1791 2323 1954 2361 mors.
1984 2305 2127 2360 Mors

546 2419 727 2464 autem
755 2421 864 2462 non
896 2406 994 2460 ista
1037 2404 1366 2469 communis,
1401 2405 1521 2472 quia
1569 2417 1689 2456 cum
1734 2400 1916 2456 bestiis
1966 2398 2129 2453 mori-

537 2516 669 2555 .mur
719 2507 773 2554 et
820 2493 1236 2568 jumentiszsed
1292 2493 1381 2548 illa
1427 2492 1496 2547 de
1544 2508 1646 2562 qua
1691 2494 1946 2562 scriptum
2000 2496 2122 2544 est:

548 2593 730 2646 Anima
757 2605 872 2662 qua:
914 2585 1207 2658 peccaverit,
1231 2585 1343 2656 ipsa
1381 2584 1618 2638 morietur
1643 2583 1662 2653 (
1689 2581 1877 2635 Ezech.
1907 2580 1992 2634 18.
2025 2579 2059 2633 4
2083 2581 2125 2648 ).

541 2685 686 2755 Ergo
714 2693 769 2740 et
811 2682 914 2736 vita
955 2679 1254 2735 arbitranda
1284 2686 1366 2734 est
1408 2693 1511 2733 non
1545 2675 1679 2741 lucc,
1709 2690 1808 2745 qua
1837 2675 2123 2743 Spiranius,

545 2789 602 2834 et
644 2775 964 2838 incedimus,
993 2781 1046 2829 et
1085 2771 1189 2826 huc
1229 2771 1455 2839 illucque
1503 2767 1884 2830 discurrimus;
1914 2764 2005 2819 sed
2038 2763 2124 2818 illa

545 2871 742 2938 deque
791 2866 955 2922 David
1011 2863 1289 2931 loquitur:
1325 2859 1486 2915 Credo
1530 2860 1698 2912 videre
1742 2858 1871 2910 bona
1920 2856 2124 2910 Domini

540 2963 598 3016 in
624 2961 698 3033 (b)
729 2971 862 3014 terra
887 2958 1154 3012 viventium
1195 2953 1365 3028 (I’sal.
1396 2951 1485 3006 26.
1517 2952 1628 3021 l3).
1667 2950 1802 3003 Deus
1827 2950 1961 3002 enim
1990 2950 2126 3003 vivo-

543 3071 656 3108 rum
683 3062 754 3106 est
781 3093 796 3118 ,
824 3060 872 3105 et
913 3067 1011 3103 non
1045 3057 1351 3102 mortuorum
1379 3044 1589 3115 (Jlattlt.
1618 3041 1708 3096 22.
1736 3043 1828 3112 9.3)
1854 3059 1867 3094 :
1897 3051 1971 3105 et,
2010 3039 2126 3094 Vita

546 3156 716 3200 nostra
746 3142 1043 3198 abscondita
1072 3149 1143 3194 est
1172 3156 1286 3192 cum
1331 3137 1530 3191 Christo
1559 3136 1610 3188 in
1643 3134 1766 3188 Deo.
1795 3133 1920 3187 Cum
1955 3143 2124 3188 autem

545 3238 774 3292 Christus
803 3233 1095 3305 apparuerit
1145 3230 1247 3282 vita
1291 3236 1498 3291 nostra,
1527 3235 1642 3278 tunc
1685 3235 1731 3277 et
1763 3240 1851 3278 nos
1889 3240 2001 3277 cum
2033 3225 2124 3278 illo

544 3325 901 3398 apparebiinus
927 3323 978 3376 in
1021 3321 1186 3392 gloria
1223 3317 1442 3390 (Coloss.
1471 3317 1525 3373 5.
1567 3313 1680 3388 54).
1709 3314 1819 3371 Nec
1848 3315 2001 3370 vobis
2046 3315 2126 3370 iu-

543 3418 677 3488 quit,
707 3431 740 3470 o
759 3413 1040 3476 Corinthii,
1077 3425 1260 3480 parum
1287 3423 1406 3464 esse
1436 3407 1696 3473 videatur,
1729 3407 1774 3461 si
1807 3405 1959 3460 nobis
1989 3421 2125 3476 pra:-

543 3505 846 3562 dicantibus
878 3504 1174 3567 veritatem,
1197 3501 1284 3554 alii
1323 3498 1562 3564 credant,
1594 3498 1680 3553 alii
1710 3513 1815 3553 non
1863 3497 2122 3563 credant;

543 3601 630 3654 alii
661 3613 785 3654 vera
817 3605 984 3650 morte
1007 3594 1324 3659 min-lantur,
1346 3591 1433 3646 alii
1467 3590 1646 3645 vivant
1669 3605 1729 3646 ea
1758 3590 1863 3644 vita
1896 3604 2012 3660 qua:
2038 3589 2122 3643 di-

543 3692 659 3747 cit:
757 3688 922 3763 846
1015 3687 1124 3759 Ego
1164 3685 1427 3741 sumvita.
1456 3683 1569 3740 Nisi
1619 3684 1761 3739 enim
1810 3700 1905 3738 nos
1963 3683 2125 3738 locuti

542 3797 805 3848 essemus,
831 3796 929 3836 nec
959 3779 1260 3834 incredulos
1288 3792 1450 3843 mors,
1477 3792 1575 3831 uec
1591 3777 1870 3832 credentes
1898 3776 2001 3830 vita
2034 3792 2123 3830 se-

544 3884 799 3948 queretur
826 3889 839 3927 :
869 3876 992 3945 quia
1020 3872 1238 3928 difﬁcile
1265 3872 1457 3942 dignus
1478 3885 1653 3940 primo
1681 3873 1932 3924 virtutum
1963 3868 2122 3923 Cbri-

543 3970 613 4024 sti
662 3967 885 4024 inveniri
943 3974 1136 4037 potest,
1187 3965 1274 4035 qui
1322 3963 1374 4017 in
1416 3961 1793 4018 anuuntiaudis
1861 3961 1963 4016 illis
2017 3975 2120 4015 non

544 4078 720 4125 suam,
749 4058 842 4115 sed
870 4057 986 4128 ejus
1012 4065 1213 4126 quaerat
1241 4054 1463 4125 gloriam
1487 4067 1644 4122 quem
1672 4051 1940 4123 prmdieat.
1974 4050 2026 4104 lu
2056 4065 2123 4105 eo

544 4161 720 4204 autem
757 4150 896 4220 quod
923 4162 980 4203 se
1011 4155 1166 4217 negat
1189 4160 1292 4200 non
1332 4158 1451 4199 esse
1484 4145 1621 4199 sicut
1641 4144 1856 4209 multos,
1883 4143 1971 4213 qui
2004 4157 2124 4198 ven-

542 4241 714 4296 diteut
735 4239 954 4296 verbum
988 4239 1100 4304 Dei,
1131 4236 1370 4292 ostendit
1396 4251 1695 4305 essequam
1728 4235 2007 4304 plurimos,
2031 4235 2120 4306 qui

541 4342 806 4404 qumstum
835 4341 1019 4400 putant
1047 4346 1164 4386 esse
1195 4331 1464 4400 pietatem,
1490 4337 1544 4383 et
1583 4328 1752 4396 turpis
1780 4328 1910 4383 lucri
1953 4329 2121 4400 gratia

542 4428 721 4482 numia
768 4425 988 4491 faciunt,
1028 4424 1115 4494 qui
1146 4424 1402 4477 devorant
1429 4421 1616 4476 domos
1643 4421 1916 4476 viduarum
1944 4423 1961 4490 (
1992 4421 2118 4475 Luc.

540 4521 662 4592 20);
695 4537 753 4574 se
779 4528 955 4574 autem
992 4532 1055 4571 ex
1086 4514 1392 4571 sinceritate
1420 4513 1571 4584 quasi
1601 4513 1820 4569 missum
1848 4530 1876 4566 a
1907 4515 2038 4581 Deo,
2069 4523 2124 4569 et

542 4625 806 4684 praesente
831 4629 898 4671 eo
930 4615 1099 4684 quise
1127 4611 1352 4677 miserit,
1395 4610 1574 4664 omnia
1600 4610 1653 4664 in
1679 4609 1892 4664 Christo
1934 4619 1986 4663 et
2027 4624 2122 4679 pro

541 4708 754 4762 tihristo
775 4707 952 4778 loqui:
984 4715 1041 4760 ut
1067 4719 1224 4759 causa
1256 4702 1650 4774 praedicationis
1677 4701 1790 4767 Dei,
1821 4700 2120 4770 triumphus

540 4799 762 4866 Christi,
795 4799 1016 4869 ejusque
1064 4797 1134 4852 sit
1177 4796 1368 4867 gloria.
1399 4795 1463 4849 Et
1510 4792 1802 4848 notandum
1831 4792 1974 4864 quod
2005 4808 2120 4864 my-

540 4894 761 4949 sterium
807 4890 1082 4947 Trinitatis
1124 4891 1176 4943 in
1225 4887 1382 4958 hujus
1431 4887 1649 4956 capituli
1699 4887 1805 4941 line
1849 4896 2117 4942 monstre-

541 4997 646 5039 tur.
694 4983 778 5038 Ea:
825 4982 934 5037 Deo
963 4981 1128 5044 enim,
1159 4981 1210 5035 in
1259 4979 1459 5050 Spiritu
1513 4980 1729 5044 Sancto,
1769 4995 1939 5032 coram
1967 4978 2115 5044 Deo,

540 5076 719 5140 Patre,
748 5073 799 5128 iu
831 5072 1032 5128 Christo
1060 5070 1303 5140 loquitur.
1332 5069 1408 5124 Ad
1439 5067 1893 5136 comprobandum
1941 5080 2119 5124 autem

538 5165 681 5237 quod
709 5165 776 5220 de
801 5161 1011 5219 Troade
1036 5159 1726 5231 perrexeritMacedoniam,
1748 5160 1814 5215 de
1832 5161 2115 5230 Apostolo-

539 5274 658 5313 rum
708 5257 924 5313 Actibus
966 5269 1157 5324 ponam
1209 5251 1591 5306 testimonium.
1621 5249 1745 5305 Cum
1791 5263 1958 5307 autem
2005 5270 2118 5324 per-

539 5351 836 5404 transissent
883 5345 1135 5418 Mysiam,
1185 5343 1549 5397 descenderunt
1592 5342 1843 5399 Troadem
1867 5388 1882 5411 ,
1916 5358 1961 5400 et
1992 5347 2117 5401 visio

540 5457 632 5511 per
657 5449 850 5494 noctem
883 5437 1049 5492 Paulo
1077 5448 1275 5491 ostensa
1303 5444 1394 5489 cst.
1421 5433 1508 5488 Vir
1537 5433 1751 5491 Macedo
1779 5439 1983 5508 quidam
2010 5451 2116 5494 erat

536 5546 676 5588 stans
701 5543 749 5588 et
770 5533 1045 5603 deprecans
1067 5547 1203 5596 eum,
1235 5545 1296 5584 ac
1320 5529 1487 5584 dicens
1516 5546 1534 5585 :
1565 5527 1836 5584 Transicns
1866 5533 1918 5584 in
1946 5530 2116 5586 Mace-

603 5697 676 5774 (a‘)
710 5712 801 5760 Alii
837 5710 965 5774 Mss.
988 5717 1141 5774 atque
1171 5709 1290 5758 editi
1321 5705 1685 5766 contradicitur,
1725 5708 1852 5770 quod
1900 5707 2114 5770 prtetulit

534 5771 692 5823 editor
716 5771 1082 5823 Beuedictiuus.
1109 5771 1266 5821 Graec.

601 5835 670 5899 (li)
703 5835 902 5896 Quidam
927 5832 1040 5882 Mss.
1061 5833 1110 5882 in
1134 5831 1327 5894 regione
1349 5830 1618 5882 virentium.

1866 355 2105 413 S.\NCTI
2147 354 2520 411 ΙΙΙΕΠΟΝΥΜΙ

3687 380 3808 442 1001

2247 466 2475 558 doniam,
2509 467 2696 538 adfusa
2725 485 2837 526 nos.
2867 471 3014 538 Quod
3052 492 3165 531 cum
3196 479 3418 548 vidisset,
3449 486 3616 540 statim
3642 497 3806 558 quasi.

2247 557 2407 612 vimus
2435 561 2692 630 proﬁcisci
2719 561 2772 616 in
2803 561 3178 634 Macedoniam,
3208 573 3330 625 certi
3378 574 3500 642 {acti
3519 618 3533 643 ,
3562 557 3692 648 quod
3731 601 3810 639 vo.

2245 661 2521 742 cassctnos
2549 650 2682 706 Dens
2717 656 3057 726 cuangelizare
3081 661 3153 714 eis
3181 662 3315 732 (Act.
3353 666 3438 719 16.
3462 666 3515 721 8.
3547 678 3594 722 et
3613 673 3764 742 seqq).

2315 741 2466 796 cur.
2505 743 2619 797 xu.
2649 775 2718 785 —
2743 745 2882 813 Quid
2923 750 2992 802 sit
3029 751 3169 820 quod
3209 753 3260 807 in
3289 754 3521 824 Epistula
3549 741 3731 816 scribit
3749 765 3807 820 ait

2245 830 2749 892 Tliessalouicenses
2779 838 2944 907 prima
2974 857 2987 892 :
3020 839 3141 910 Ipse
3179 855 3343 899 autem
3377 846 3509 903 Deus
3537 853 3674 920 pacis
3697 871 3806 909 san-

2242 924 2423 991 ctiﬁcet
2442 942 2525 978 vos
2551 943 2642 995 per
2666 930 2857 996 omnia,
2878 941 2928 983 ut
2950 932 3138 1003 integer
3159 935 3363 999 spiritus
3394 949 3552 994 vester
3577 953 3624 995 et
3652 945 3810 998 anima

2241 1024 2286 1068 et
2311 1031 2516 1084 corpus,
2557 1018 2666 1071 sine
2690 1022 2892 1089 querela
2922 1023 2976 1076 in
3006 1024 3220 1078 adventu
3254 1025 3458 1082 Domini
3497 1034 3656 1086 nostri
3696 1035 3809 1091 Iesu

2240 1104 2424 1160 Christi
2443 1119 2662 1163 servetur
2689 1111 2762 1180 (l.
2794 1111 2946 1168 Thes.
2975 1113 3029 1170 5.
3060 1117 3172 1186 15).
3207 1117 3431 1175 Famosa
3461 1127 3702 1193 qtta‘stio,
3725 1130 3809 1184 sed

2239 1195 2388 1250 brevi
2429 1212 2679 1256 sermone
2737 1205 3032 1260 tractanda.
3091 1207 3262 1278 Supra
3297 1211 3543 1280 dixerat,
3586 1218 3808 1286 spiritum

2237 1289 2392 1341 nolite
2418 1291 2707 1362 extinguere
2723 1293 2879 1368 (Ibid.
2914 1297 3036 1369 l9):
3061 1301 3200 1370 quod
3223 1303 3265 1356 si
3289 1303 3446 1358 fuerit
3472 1306 3806 1380 intellectum,

2235 1382 2412 1436 statim
2437 1385 2669 1440 sciemus
2694 1389 2812 1457 quis
2837 1389 2937 1445 iste
2983 1389 3051 1444 sit
3091 1393 3328 1462 spiritus,
3356 1396 3596 1466 quicum
3647 1403 3810 1459 anima

2235 1481 2288 1526 et
2312 1488 2537 1544 corpore
2571 1475 2623 1530 in
2651 1478 2738 1533 die
2765 1480 3022 1536 adventus
3052 1483 3259 1539 Domini
3289 1491 3687 1548 conservandus
3714 1506 3808 1551 est.

2235 1565 2362 1658 Quis
2390 1566 2533 1658 enim
2561 1571 2729 1639 possit
2751 1573 2973 1629 credere
2999 1615 3014 1639 ,
3042 1575 3184 1644 quod
3213 1577 3379 1634 instar
3403 1581 3632 1639 llammze
3661 1629 3676 1652 ,
3702 1605 3810 1658 quae

2233 1656 2466 1712 extincta
2495 1657 2688 1715 desiuit
2717 1677 2837 1718 esse
2865 1664 3008 1734 quod
3036 1664 3210 1721 fuerat
3229 1709 3243 1734 ,
3270 1671 3613 1742 extinguatur
3655 1656 3811 1749 Spiri-

2236 1759 2322 1804 tus
2358 1750 2588 1807 Sanctus
2611 1793 2627 1819 ,
2651 1763 2705 1809 et
2731 1758 2990 1812 sustineat
3032 1759 3374 1817 abolitionem
3429 1767 3550 1832 sui,
3579 1770 3672 1838 qui
3725 1770 3813 1827 fuit

2234 1842 2500 1911 quondam
2527 1843 2578 1899 in
2608 1845 2785 1913 Israel,
2810 1849 3021 1918 quando
3070 1867 3164 1922 per
3216 1853 3402 1909 Isaiam
3444 1865 3500 1912 et
3531 1858 3810 1918 Jerentiam

2233 1941 2285 1988 et
2310 1935 2546 2006 singulos
2577 1937 2869 2008 Prophetas
2895 1941 3076 1998 dicere
3105 1954 3313 2014 poterat
3339 1964 3352 2000 :
3388 1947 3514 2003 llaec
3555 1951 3680 2006 dicit
3713 1953 3814 2008 Do-

2233 2027 2417 2093 minus,
2442 2039 2496 2082 et
2537 2044 2680 2084 nunc
2728 2030 2779 2084 in
2831 2032 3067 2088 Ecclesia
3108 2051 3203 2105 per
3251 2039 3490 2109 Agabum
3542 2041 3812 2112 quuitur:

2233 2115 2360 2172 Hac
2397 2119 2516 2174 dicit
2546 2121 2770 2190 Spiritus
2799 2123 3038 2180 Sanctus.
3088 2127 3368 2186 Divisiones
3394 2133 3646 2191 donorum
3683 2153 3811 2205 sunt,

2229 2209 2362 2263 idem
2406 2226 2518 2265 vero
2548 2211 2774 2282 Spiritus
2803 2231 2821 2270 :
2849 2225 2896 2269 et
2935 2218 3202 2274 divisiones
3247 2223 3640 2280 ministeriorum
3681 2241 3813 2297 sunt,

2229 2301 2360 2356 idem
2390 2313 2556 2357 autem
2582 2302 2831 2361 Dominus
2853 2324 2872 2361 :
2901 2318 2948 2362 et
2977 2309 3244 2366 dvisltmes
3285 2316 3660 2384 operationum,
3689 2320 3818 2373 idem

2229 2412 2342 2450 vero
2369 2397 2538 2465 Deus,
2593 2400 2679 2467 qui
2731 2413 2972 2472 aperntttr
3025 2406 3195 2459 omnia
3237 2408 3287 2460 in
3326 2410 3577 2465 omnibus.
3656 2412 3816 2485 847

2232 2489 2513 2561 Unicuique
2530 2502 2696 2547 autem
2725 2495 2874 2549 datur
2897 2499 3236 2568 manifestatio
3263 2500 3486 2570 Spiritus
3515 2504 3583 2557 ad
3610 2506 3668 2558 id
3690 2507 3822 2576 quod

2227 2584 2448 2654 expedit.
2478 2584 2582 2638 Alii
2609 2603 2699 2655 per
2729 2585 2980 2655 Spiritum
3022 2591 3175 2643 datur
3199 2609 3362 2646 sermo
3399 2596 3701 2663 sapientia,
3733 2596 3822 2649 alii

2227 2693 2390 2731 sermo
2411 2679 2632 2734 scientia:
2657 2680 2935 2734 secundum
2979 2683 3209 2737 eumdem
3251 2683 3502 2754 Spiritum
3531 2705 3544 2740 :
3573 2689 3667 2742 alii
3698 2689 3825 2756 fides

2226 2767 2280 2820 in
2308 2767 2482 2822 eodem
2512 2769 2728 2840 Spiritu,
2759 2769 2850 2824 alii
2876 2773 3104 2842 Operatio
3133 2774 3395 2838 virtutum,
3424 2778 3514 2830 alii
3539 2781 3710 2848 gratia
3737 2797 3824 2832 sa-

2229 2861 2444 2916 nitatum
2470 2863 2523 2916 in
2545 2879 2644 2917 uno
2659 2865 2862 2933 spiritu,
2881 2866 2972 2919 alii
2997 2863 3302 2937 Prophetia,
3329 2870 3421 2922 alii
3445 2870 3686 2924 discretio
3713 2871 3826 2938 spi-

2227 2955 2435 3008 rituum.
2457 2953 2640 3009 Omnia
2656 2967 2825 3010 autem
2848 2961 2955 3012 luet:
2980 2970 3360 3028 operaturunus
3383 2972 3530 3030 atque
3544 2963 3682 3018 idem
3704 2965 3830 3031 Spi—

2225 3049 2373 3115 ritus,
2389 3049 2614 3104 dividens
2633 3050 2844 3119 singulis
2857 3063 3002 3120 prout
3023 3052 3125 3105 vult
3144 3055 3222 3122 (l.
3248 3053 3364 3107 Cor.
3385 3053 3470 3108 12.
3494 3056 3550 3112 4.
3571 3065 3618 3108 et
3635 3056 3830 3127 seqq).

2229 3139 2306 3194 De
2329 3139 2431 3194 hoc
2459 3140 2681 3210 Spiritu,
2703 3156 2770 3194 ne
2813 3157 2841 3193 a
2872 3157 2930 3196 se
2961 3142 3295 3207 auferretur,
3341 3146 3560 3214 rogabat
3613 3149 3829 3208 David.

2227 3231 2410 3287 dicens
2466 3250 2480 3286 :
2534 3232 2788 3303 Spiritum
2837 3244 3066 3287 sanctum
3111 3244 3250 3288 tuum
3301 3254 3364 3291 ne
3413 3239 3623 3305 auferas
3674 3260 3708 3296 a
3754 3259 3835 3297 me

2227 3325 2344 3396 (Ps.
2375 3325 2463 3382 50.
2499 3327 2609 3396 15).
2639 3325 2740 3393 Qui
2767 3326 2980 3404 quando
2996 3326 3254 3393 aufertur,
3283 3345 3386 3382 non
3418 3329 3488 3402 (ε)
3515 3332 3831 3388 substantia

2226 3418 2330 3482 sui,
2359 3417 2453 3473 sed
2476 3417 2524 3473 ei
2549 3433 2580 3471 a
2599 3433 2703 3487 quo
2725 3416 2982 3485 aufertur,
3001 3418 3344 3488 extinguitur.
3373 3420 3485 3490 Ego
3507 3431 3635 3490 puto
3657 3441 3833 3480 unum

2225 3519 2385 3579 atque
2435 3508 2574 3564 idem
2630 3507 2962 3578 significare,
3015 3508 3267 3578 Spiritum
3321 3512 3477 3566 nolite
3523 3515 3836 3587 extinguere

2226 3602 2302 3672 (1.
2329 3600 2505 3656 Thess.
2523 3602 2573 3656 5.
2598 3601 2685 3672 19)
2711 3643 2724 3666 ,
2744 3610 2798 3656 et
2822 3602 2961 3671 quod
2995 3602 3048 3656 in
3075 3602 3180 3654 alio
3207 3602 3324 3657 loco
3353 3594 3540 3658 scribit
3563 3623 3576 3658 :
3615 3607 3834 3678 Spiritu

2225 3693 2469 3764 ferventes
2496 3694 2671 3766 (liam.
2704 3692 2792 3748 12.
2824 3693 2946 3764 11).
2982 3692 3034 3748 lu
3067 3709 3172 3763 quo
3197 3694 3338 3748 enim
3369 3697 3545 3750 fervor
3573 3700 3829 3768 spiritus,

2227 3785 2572 3854 multiplicata
2599 3784 2890 3854 iniquitate,
2923 3794 2976 3839 et
3005 3785 3241 3839 caritatis
3269 3784 3484 3856 frigore,
3517 3803 3625 3844 non
3669 3799 3832 3859 tepe«

2226 3877 2364 3943 scit,
2397 3879 2449 3932 in
2500 3877 2602 3932 boc
2645 3877 2862 3946 Spiritus
2909 3891 3238 3946 nequaquam
3282 3878 3626 3948 extinguitur.
3689 3880 3835 3936 Deus

2226 3970 2382 4041 igitur
2408 3970 2548 4041 pacis
2583 3968 2863 4037 sancti/iret
2888 3985 2974 4023 vos
3000 3984 3090 4038 per
3115 3969 3306 4035 omnia,
3336 3971 3416 4023 vel
3443 3969 3496 4023 iit
3537 3973 3827 4042 omnibus,

2227 4061 2340 4116 sive
2372 4062 2549 4132 plenos
2589 4071 2750 4132 atque
2782 4063 3029 4132 perfectos
3062 4075 3079 4112 :
3127 4058 3228 4114 hoc
3268 4061 3407 4114 enim
3450 4063 3618 4132 magis
3663 4076 3832 4119 sonat

2225 4161 2472 4216 ὁλοτελιις.
2526 4155 2664 4210 Deus
2710 4162 2886 4207 autem
2939 4152 3235 4222 appellatur
3285 4153 3426 4222 pacis
3477 4171 3491 4206 :
3543 4159 3668 4225 quia
3729 4174 3829 4227 per

2215 4245 2494 4302 -Cbristum
2521 4245 2569 4300 ei
2611 4243 2936 4298 reconciliati
2977 4258 3195 4306 sumus;
3228 4243 3316 4314 qui
3345 4252 3424 4298 est
3456 4260 3554 4312 pax
3605 4256 3824 4313 nostra,

2225 4339 2313 4408 qui
2358 4337 2477 4392 fecit
2509 4347 2729 4405 utraque
2753 4351 2914 4389 unum
2937 4333 3155 4404 (Ep/tes.
3180 4334 3232 4390 2.
3268 4334 3388 4408 li):
3419 4337 3506 4406 qui
3539 4348 3592 4392 et
3626 4339 3679 4392 in
3711 4340 3827 4394 alio

2225 4429 2343 4483 loco
2371 4443 2470 4498 pax
2503 4427 2594 4481 Dei
2628 4427 2840 4490 dicitur,
2873 4440 3129 4496 superans
3155 4441 3369 4480 omnem
3401 4441 3616 4482 sensum
3637 4469 3654 4494 ,
3697 4447 3824 4500 qua:

2224 4521 2455 4577 CUSlodil
2479 4519 2638 4575 corda
2664 4519 3117 4589 cogitationesque
3138 4518 3472 4575 Sanctorum.
3500 4521 3600 4590 Qui
3631 4533 3820 4578 autem

2225 4612 2609 4678 sanctiﬁcatur,
2641 4611 2750 4665 sive
2773 4610 3039 4681 perlectus
3066 4611 3115 4664 in
3147 4613 3392 4667 omnibus
3417 4623 3518 4678 est,
3552 4615 3602 4669 in
3632 4615 3742 4671 bnc
3765 4627 3821 4671 et

2224 4706 2440 4775 Spiritus
2464 4713 2520 4759 el.
2544 4703 2718 4758 anima
2765 4715 2816 4758 et
2853 4718 3046 4774 corpus
3089 4704 3138 4757 in
3170 4704 3255 4758 die
3286 4705 3491 4760 Domini
3522 4721 3822 4763 conserva-

2225 4803 2330 4850 tur.
2369 4793 2595 4862 Corpus,
2637 4794 2682 4848 si
2709 4793 3038 4864 singulorum
3082 4796 3437 4849 membrorum
3477 4807 3658 4852 utatur
3689 4800 3820 4854 olli-

2222 4888 2340 4952 ciis,
2371 4887 2519 4942 verbi
2549 4886 2740 4958 gratia,
2781 4887 2824 4940 si
2855 4900 3105 4956 operetur
3135 4903 3356 4953 manus,
3391 4903 3488 4958 pes
3525 4891 3774 4946 ambulet
3800 4933 3817 4959 ,

2222 4980 2409 5035 oculus
2453 4979 2647 5046 videat,
2701 4978 2880 5032 audiat
2921 4979 3085 5043 auris,
3140 4980 3326 5035 dentes
3376 4979 3527 5036 cibos
3575 4984 3815 5050 molaut,

2221 5069 2528 5126 stomachus
2557 5078 2770 5140 coquat,
2793 5069 2943 5125 alvus
2972 5058 3178 5140 digerat
3205 5110 3217 5133 ,
3261 5079 3354 5124 aut
3381 5072 3427 5125 si
3454 5074 3596 5128 nulla
3627 5091 3816 5130 mem-

2223 5161 2439 5217 brorum
2466 5171 2617 5233 parte
2648 5165 2957 5215 truncatum
2976 5170 3077 5217 est.
3107 5161 3171 5214 Et
3201 5160 3301 5216 boe
3325 5163 3601 5233 quisquam
3626 5174 3818 5235 potest

2221 5254 2442 5308 credere
2470 5251 2780 5319 Apostolum
2812 5267 2907 5321 pro
2934 5252 3276 5307 credentibus
3303 5251 3580 5323 deprecari
3607 5296 3621 5320 ,
3670 5267 3731 5311 ut
3762 5258 3815 5311 in

2193 5347 2308 5409 ,dic
2341 5345 2525 5415 judicii
2557 5336 2826 5415 integrum
2871 5345 3106 5400 omnium
3149 5359 3342 5415 corpus
3369 5345 3611 5402 Christus
3657 5349 3821 5404 inve-

2221 5438 2332 5492 niat
2357 5455 2369 5488 :
2403 5451 2522 5491 cum
2547 5437 2784 5490 omnium
2812 5451 3062 5507 corpora,
3089 5446 3368 5492 uutmorte
3389 5437 3641 5493 dissoluta
3673 5441 3814 5506 sint,

2217 5537 2313 5586 aut
2351 5529 2394 5584 si
2424 5530 2504 5591 (ut
2547 5527 2761 5598 quidam
2789 5529 2996 5601 volunt)
3048 5539 3255 5600 reperta
3309 5529 3507 5584 fuerint
3547 5530 3818 5601 spirantia

2286 5707 2346 5773 (ε)
2389 5709 2648 5773 Veriorem
2687 5705 3134 5773 esse__lectionem,
3174 5720 3266 5773 non
3305 5705 3656 5773 insulistantia
3689 5709 3811 5768 sui,

2216 5767 2361 5880 qqinit
2398 5783 2428 5822 e
2462 5771 2708 5822 Brixianis
2739 5768 2987 5819 codicibus
3021 5769 3293 5831 eitpressit,
3319 5767 3565 5818 Victorius
3595 5777 3815 5820 conten-

2252 5847 2264 5880 ι
2293 5868 2304 5880 .
