4088 6336
328 411 464 471 1003

325 532 420 608 [aL
450 529 615 586 adhuc
638 526 888 601 spirantia
925 521 1161 597 habeant]
1185 564 1201 588 ,
1231 520 1409 577 adhuc
1443 519 1682 577 habeant
1710 517 1907 575 debili-

328 634 467 679 tates
490 634 648 686 suas,
679 629 736 675 et
760 616 991 673 maxime
1022 614 1312 686 Martyrum
1338 655 1353 680 ,
1385 622 1443 669 et
1479 626 1665 667 eorum
1692 610 1782 682 qui
1812 624 1911 682 pro

327 712 524 770 Christi
552 710 770 765 nomine
788 706 871 763 vel
892 706 1075 761 oculos
1103 703 1352 769 elfossos,
1380 701 1466 758 vel
1493 711 1795 774 amputatae
1815 706 1915 757 na-

329 822 439 872 res,
466 803 552 861 vel
592 802 859 859 abscissas
902 813 1091 853 manus
1134 794 1408 851 habeant?
1460 794 1598 864 Ergo
1646 794 1910 863 integrum

328 910 523 966 corpus
547 902 650 960 est,
671 893 740 949 de
764 904 872 963 quo
896 890 1127 944 diximus
1161 888 1214 942 in
1242 887 1343 940 alia
1372 885 1693 956 quaestione,
1722 891 1913 959 tenens

328 997 508 1058 caput,
537 1000 602 1040 ex
629 999 736 1055 quo
759 996 919 1038 omne
944 996 1141 1049 corpus
1170 993 1473 1034 connexum
1505 984 1667 1046 atque
1685 988 1910 1044 compa-

235 1082 244 1091 '
328 1088 497 1143 ctum,
539 1075 763 1146 accipiet
801 1071 898 1146 [aL
938 1070 1143 1145 accipit]
1171 1078 1515 1140 augmentum
1545 1068 1619 1139 (τι)
1648 1069 1701 1121 in
1743 1066 1914 1119 admi-

330 1170 698 1243 nistrationem
768 1165 937 1238 8&8
1008 1163 1251 1234 corporis
1285 1161 1509 1217 Christi.
1559 1160 1669 1214 Hoc
1716 1171 1912 1228 corpus

330 1262 569 1321 Ecclesia
600 1270 703 1317 est.
730 1259 799 1315 Et
838 1259 1162 1330 quicumque
1202 1255 1361 1326 hujus
1400 1253 1644 1326 corporis
1679 1250 1912 1308 tennerit

330 1365 523 1424 caput,
555 1359 610 1407 ct
637 1361 827 1406 cetera
858 1349 1097 1404 membra
1138 1346 1470 1413 servaverit,
1500 1344 1719 1400 habebit
1762 1343 1911 1398 inte-

329 1434 482 1523 grum
512 1459 708 1516 corpus
734 1462 748 1499 :
782 1452 1037 1514 quantum
1075 1444 1317 1512 accipere
1343 1449 1519 1511 potest
1547 1438 1777 1494 lmmana
1809 1451 1910 1492 nae

331 1550 471 1596 tura.
500 1537 654 1593 Juxta
697 1535 841 1589 hunc
884 1533 1098 1589 modum
1127 1542 1182 1589 et
1221 1534 1413 1589 animae
1460 1530 1737 1603 integritas
1776 1543 1910 1584 con-

328 1630 589 1688 servanda
614 1636 698 1685 cst
717 1670 729 1691 ,
754 1644 874 1698 qua:
902 1627 1081 1682 dicere
1109 1634 1283 1696 potest
1314 1643 1328 1680 :
1354 1624 1573 1680 Benedic
1600 1623 1773 1677 anima
1798 1638 1908 1677 mea

329 1723 627 1789 Dominum,
654 1721 740 1792 qui
768 1728 913 1774 sanat
934 1735 1104 1772 omnes
1130 1719 1446 1782 inﬁrmitates
1478 1716 1630 1785 tuas(
1659 1713 1750 1771 Ps.
1782 1715 1905 1771 102.

329 1818 383 1872 1.
430 1816 527 1886 3);
558 1821 616 1870 ct
642 1813 710 1868 de
735 1828 837 1882 qua
868 1812 1122 1880 scriptum
1171 1819 1254 1864 est
1283 1827 1297 1863 :
1333 1809 1472 1864 Misit
1497 1808 1699 1864 verbum
1737 1825 1906 1875 suum,

326 1920 376 1968 et
404 1910 596 1965 sanavit
621 1923 703 1961 cos
729 1905 846 1977 (Ps.
876 1906 991 1960 lilii.
1018 1904 1135 1974 20).
1165 1903 1399 1974 Spiritus
1432 1918 1645 1974 quoque
1676 1903 1731 1957 in
1754 1903 1910 1957 nobis

329 1992 533 2076 integer
556 2013 919 2065 conservatur,
939 1999 1151 2072 quando
1173 2014 1277 2055 non
1303 2015 1548 2056 erranuts
1573 2000 1623 2051 in
1652 1998 1903 2067 Spiritua-

328 2097 486 2163 lihus,
514 2095 607 2152 sed
650 2094 877 2149 vivimus
903 2093 955 2147 in
985 2093 1194 2161 spiritu,
1241 2090 1633 2160 acquiescimus
1661 2087 1867 2157 spiritui
1892 2129 1906 2151 ,

330 2200 387 2245 et
414 2202 576 2258 opera
623 2187 804 2242 carnis
853 2183 1234 2240 mortiﬁcamus
1278 2181 1488 2252 spiritu,
1531 2178 1911 2249 alferimnsque

328 2294 515 2336 omnes
540 2279 741 2332 fructus
763 2276 879 2347 ejus
904 2316 920 2341 ,
947 2275 1246 2341 caritatem,
1279 2272 1528 2343 gaudium
1551 2314 1566 2340 ,
1607 2284 1791 2342 pacem
1811 2310 1827 2338 ,
1856 2280 1911 2326 ct

326 2386 542 2430 ett-tera.
566 2356 753 2429 Aliter.
778 2373 1094 2443 Precipitnr
1142 2371 1319 2437 nobis,
1338 2370 1625 2429 Salomone
1652 2367 1863 2424 dicente
1891 2385 1905 2424 :

330 2466 407 2522 Tu
428 2479 596 2521 autent
619 2466 846 2521 describe
870 2484 928 2520 ea
968 2466 1231 2533 triplicilcr
1262 2466 1312 2519 in
1351 2464 1564 2519 consilio
1591 2472 1638 2519 et
1664 2463 1908 2528 scientia;

326 2569 384 2614 ut
416 2558 722 2626 respondeas
753 2558 830 2627 (b)
871 2557 1015 2612 verba
1063 2558 1284 2611 veritatis
1312 2599 1326 2624 ,
1386 2556 1463 2610 his
1490 2556 1577 2626 qui
1621 2564 1925 2625 proponunr

329 2649 419 2705 tibi
431 2648 614 2723 (Prov.
637 2649 727 2704 22.
755 2649 844 2705 ‘20.
864 2649 980 2720 2|).
1008 2648 1223 2719 Triplex
1247 2646 1476 2703 incurde
1504 2657 1691 2702 nostro
1714 2645 1910 2702 deseri-

328 2745 461 2816 ptio,
492 2752 546 2801 ct
575 2744 753 2818 regula
782 2743 1174 2811 Scriptnrarutu
1197 2750 1298 2797 est.
1330 2740 1507 2798 Prima
1530 2782 1544 2807 ,
1571 2750 1628 2795 ut
1648 2738 1910 2809 intelliga-

326 2851 449 2892 mus
468 2849 559 2890 eas
581 2835 729 2905 juxta
753 2834 1049 2889 historiam.
1068 2833 1334 2895 Secunda,
1357 2832 1506 2901 juxta
1531 2832 1907 2902 tropologiatn.

239 2927 257 2935 ’
327 2928 527 2993 Tertia,
552 2928 702 2997 juxta
731 2926 1134 2997 intelligentiam
1163 2926 1518 2997 spiritualem.
1561 2924 1616 2980 ln
1659 2923 1902 2990 historia,

326 3035 513 3076 eorum
541 3035 659 3090 qua:
679 3021 874 3090 scripta
903 3032 1048 3086 sunt,
1094 3019 1228 3075 ordo
1258 3029 1529 3074 servatur.
1576 3017 1632 3073 ln
1663 3019 1906 3088 tropolo-

327 3113 435 3183 gia,
461 3111 717 3167 delittera
740 3113 805 3166 ad
838 3112 1035 3182 majora
1067 3111 1464 3182 consurgimus,
1490 3118 1545 3167 et
1572 3109 1825 3182 quidquid
1854 3109 1909 3164 in

328 3204 494 3275 priori
521 3202 716 3275 popqu
741 3203 1031 3259 carnaliter
1074 3202 1269 3260 factum
1299 3212 1417 3270 est,
1464 3202 1615 3274 juxta
1646 3202 1906 3257 moralem

329 3295 743 3366 interpretanmr
789 3298 987 3361 locum,
1027 3303 1081 3350 et
1125 3294 1191 3349 ad
1236 3294 1428 3349 animae
1467 3302 1664 3350 nostra:
1707 3295 1912 3350 emolu-

248 3400 251 3401 '
328 3394 506 3441 menta
526 3387 904 3443 convertimus.
935 3387 990 3441 ln
1019 3386 1278 3457 spirituali
1302 3395 1473 3457 θεωρίᾳ
1501 3387 1568 3442 ad
1596 3385 1910 3442 sublimiora

332 3480 641 3559 transimus,
682 3487 892 3536 terrena
925 3480 1241 3536 dimittimus
1262 3523 1278 3548 ,
1317 3479 1386 3536 de
1414 3480 1711 3536 futurorum
1738 3481 1910 3536 beati-

332 3569 536 3637 tudine,
562 3580 615 3627 et
638 3572 948 3629 cmlestibns
975 3574 1311 3642 disputamus
1345 3590 1360 3629 :
1390 3583 1448 3628 ut
1479 3575 1756 3645 praesentis
1786 3576 1910 3630 vitae

331 3664 630 3734 meditatio,
643 3667 827 3722 umbra
843 3666 1031 3720 futura:
1046 3666 1387 3721 beatitudinis
1404 3667 1489 3721 sit.
1508 3665 1653 3736 Quos
1670 3666 1912 3721 Christus

333 3754 429 3829 [aL
460 3757 598 3825 Quos
624 3759 667 3813 si
695 3756 947 3831 Christus]
972 3758 1105 3812 tales
1134 3757 1421 3835 invenerit,
1445 3766 1569 3812 utet
1588 3773 1837 3828 corpore,
1859 3766 1914 3813 et

332 3848 542 3917 anima,
569 3859 624 3904 et
652 3850 838 3920 Spiritu
868 3848 1058 3920 integri
1103 3859 1512 3916 conserventur,
1537 3858 1591 3904 et
1620 3847 1911 3919 perfectam

334 3941 565 3999 habeant
595 3943 817 4013 triplicis
860 3943 912 3996 in
961 3957 1019 3996 se
1062 3941 1301 3996 scientia:
1334 3941 1657 4006 veritatem,
1690 3938 1788 3995 hos
1818 3954 1913 3995 sua

334 4048 465 4107 pace
491 4033 840 4090 sanctificabit
865 4043 919 4090 et
945 4033 1105 4088 faciet
1144 4049 1265 4088 esse
1293 4031 1583 4102 perfectos.
1616 4031 1762 4087 Multi
1793 4033 1916 4086 sim-

335 4127 548 4197 pliciter
579 4127 717 4181 hunc
741 4126 916 4181 locum
953 4124 1020 4181 de
1060 4125 1456 4180 resurrectione
1497 4123 1817 4195 intelligunt,
1859 4133 1917 4179 ut

332 4229 389 4275 ct
430 4220 675 4289 spiritus,
713 4228 766 4275 et
789 4218 988 4284 anima,
1022 4227 1073 4272 et
1103 4231 1300 4286 corpus
1346 4215 1397 4270 in
1427 4214 1659 4270 adventu
1706 4215 1915 4270 Domini

337 4311 539 4382 integra
576 4320 980 4368 conserventur.
1018 4311 1089 4381 (c)
1139 4311 1239 4366 Alii
1267 4326 1330 4366 ex
1364 4310 1466 4365 hoc
1505 4310 1624 4365 loco
1651 4310 1915 4380 triplicem

339 4405 392 4460 in
427 4404 645 4462 homine
683 4405 867 4461 volunt
894 4404 1165 4461 affirmare
1206 4403 1561 4462 substantiam
1613 4423 1626 4459 :
1658 4401 1911 4474 Spiritus,

336 4513 444 4571 quo
465 4498 723 4555 sentimus
746 4540 761 4565 ,
798 4496 989 4553 animae
1009 4540 1025 4567 ,
1056 4512 1159 4569 qua
1207 4496 1455 4564 vivimus,
1486 4496 1731 4566 corporis
1754 4536 1771 4563 ,
1812 4512 1918 4569 quo

337 4588 657 4646 incedimus.
704 4588 839 4644 Sunt
883 4589 973 4659 qui
1017 4604 1083 4644 ex
1122 4588 1296 4643 anima
1330 4597 1560 4652 tantum,
1590 4597 1643 4644 et
1691 4602 1917 4659 corpore

337 4678 634 4734 subsistere
679 4678 949 4735 hominem
976 4679 1322 4751 disserentes,
1356 4679 1605 4750 spiritum
1635 4679 1686 4734 in
1712 4695 1777 4735 eo
1811 4687 1920 4735 ter-

405 4831 472 4897 (ιι)
510 4831 1370 4897 Vetustioresatqueemendatiores
1406 4831 1555 4882 libros
1575 4835 1735 4897 secuti
1747 4835 1826 4897 sic
1848 4834 1922 4885 Ie-

337 4892 500 4957 ginuis
523 4906 632 4944 cum
647 4892 871 4959 Victor-ip
886 4892 974 4959 {et
989 4894 1128 4955 juxta
1151 4893 1432 4944 Grteeorum
1453 4908 1694 4959 ιςιιορητίας.
1719 4894 1919 4947 Martia-

339 4953 479 5007 ittens
498 4969 620 5019 vero
641 4954 691 5005 in
713 4953 1100 5019 wdiﬁcationem.

401 5019 470 5085 (b)
495 5018 748 5085 Erasmum
764 5016 935 5085 passim
949 5018 1235 5085 exscribens
1251 5016 1575 5085 Martianreus,
1593 5016 1708 5085 heie
1723 5031 1925 5085 quoque

338 5078 513 5131 minori
537 5092 743 5129 numero
766 5078 960 5144 verbum
983 5079 1105 5142 legit
1126 5092 1213 5140 pro
1236 5078 1380 5130 verba
1399 5091 1418 5129 :
1438 5078 1853 5144 quemadmodum
1870 5088 1925 5132 et

337 5144 733 5206 atttiqtti_ontnes
766 5140 902 5198 libri.
945 5148 997 5206 et
1033 5140 1202 5206 [estus
1236 5140 1700 5204 uterque—retinet,
1741 5150 1792 5192 et
1815 5142 1921 5206 ipse

276 5240 281 5243 -
339 5202 488 5253 etiam
511 5204 757 5253 Victorius
779 5205 1025 5253 emendat.
1047 5202 1156 5252 Mos
1176 5211 1230 5253 ut
1250 5202 1426 5253 sensus
1446 5210 1658 5265 constet,
1682 5209 1765 5253 aut
1783 5202 1923 5255 certe

338 5267 617 5330 concinnior
638 5266 720 5330 sit,
745 5273 851 5329 post
866 5265 1135 5316 Salomonis
1154 5266 1302 5314 verba
1319 5278 1417 5315 uno
1436 5267 1609 5330 spiritu
1630 5267 1925 5330 subnecten-

337 5328 451 5376 dum
466 5327 670 5390 videtur
695 5327 963 5390 inaequens
984 5338 1199 5390 comma,
1214 5327 1627 5390 espuncta'etiam
1660 5330 1707 5378 in
1732 5327 1828 5378 ﬁne.
1852 5335 1923 5382 est

340 5388 532 5500 :‘oIclulai
553 5396 606 5440 ut
630 5401 690 5439 ea
717 5386 1021 5453 ipsa'triplex
1045 5386 1327 5452 descriptio,
1355 5398 1409 5441 et
1428 5386 1603 5456 regula
1628 5392 1824 5456 praecipi
1847 5391 1921 5440 in-

363 5465 390 5500 e
431 5466 507 5500 nm
533 5465 608 5500 ur.

340 5459 608 5509 telligatur.

403 5513 475 5578 (c)
512 5514 726 5564 Alteram
773 5512 898 5564 hanc
928 5509 1304 5578 explicationem
1329 5521 1414 5563 aut
1435 5516 1734 5565 sententiam
1756 5513 1921 5566 Tatia-

338 5574 432 5626 nus
454 5574 757 5627 commentus
780 5583 875 5636 est,
895 5587 951 5624 ac
967 5574 1203 5640 defendit,
1229 5575 1437 5640 animam
1460 5588 1488 5624 a
1508 5588 1716 5639 corpore
1747 5584 1800 5627 et
1822 5580 1922 5640 Spi-

338 5639 435 5702 ritu
476 5640 541 5702 ita
576 5639 914 5702 distinguens,
938 5645 994 5687 ut
1030 5636 1257 5698 spiritum
1284 5638 1418 5702 inter
1453 5643 1506 5687 et
1529 5636 1723 5702 corpus
1762 5636 1927 5702 media

337 5699 491 5752 veluti
515 5697 783 5751 substantia
800 5702 883 5759 sit,
898 5712 1008 5762 qua:
1022 5697 1197 5763 corpus
1212 5699 1414 5763 quidem
1432 5697 1848 5763 moderetur,_sed
1874 5710 1928 5753 et

465 5772 666 5833 regatur
688 5776 717 5815 a
746 5760 1562 5833 βρίειςξιαίμιυυηξιιιρεξῃι,αἰγὶ-οδω
1596 5761 1839 5833 appellat,
1874 5770 1930 5833 et.

342 5822 598 5936 ignitginém
636 5833 681 5877 et
717 5822 1075 5878 similitudinem
1110 5822 1221 5893 Dei.
1247 5822 1371 5875 Vide
1413 5823 1521 5887 ejus
1560 5822 1831 5877 orationem
1864 5826 1927 5876 ad

387 5898 541 5936 mare
1598 5922 1606 5936 .

387 5898 541 5937 Γωυυῧ

1697 400 2025 459 EPISTULA
2062 402 2251 460 CXXI.

3457 404 3593 467 ιοω

2018 520 2172 586 tium,
2203 535 2308 575 non
2347 519 2699 578 substantiam
2768 523 2937 598 839
3008 524 3171 583 velint
3198 524 3441 597 intelligi,
3492 531 3588 585 sed

2013 612 2390 679 efﬁcientiam,
2421 628 2517 684 per
2545 629 2703 685 quam
2731 625 2788 672 et
2813 632 2967 674 ruens
2998 618 3053 675 in
3090 618 3266 682 nobis.
3299 630 3353 675 et
3377 634 3588 682 sensus.

2015 709 2070 757 et
2083 703 2354 774 cogitatio,
2368 714 2422 758 et
2435 703 2645 760 animus
2669 705 3225 777 appellantur,.ntique
3250 724 3353 763 non
3371 718 3493 764 sunt
3517 717 3595 764 tot

2014 794 2348 862 snbstantize,
2391 803 2521 865 quot
2545 794 2781 850 nomina.
2811 794 3051 869 Cumque
3092 797 3231 854 illud
3264 800 3343 855 eis
3371 801 3586 872 Opposi-

2016 893 2127 940 tum
2173 886 2375 942 fuerit:
2416 885 2707 943 Benedicile
2750 887 2991 965 spiritus,
3023 900 3070 946 et
3110 893 3294 947 anima:
3324 894 3585 965 justorunt

2021 975 2236 1030 Domino
2268 976 2425 1050 (Dan.
2456 979 2511 1035 ’5.
2548 979 2675 1050 86),
2706 978 3034 1051 Scripturam
3060 997 3165 1038 non
3194 983 3480 1055 rccipiunt,
3512 985 3595 1039 di-

2014 1077 2198 1123 centes
2234 1084 2352 1123 eam
2396 1069 2449 1123 in
2498 1069 2761 1126 Hebraico
2787 1086 2894 1126 non
2944 1071 3151 1128 haberi.
3196 1072 3307 1129 Nos
3334 1083 3508 1130 autem
3535 1075 3591 1130 in

2016 1154 2264 1231 pi'azsenti
2304 1161 2424 1216 loco
2453 1160 2532 1235 (ut
2574 1177 2733 1233 supra
2760 1161 3016 1234 diximus)
3044 1163 3323 1235 scriptum,
3357 1167 3593 1237 quicum

2014 1250 2189 1304 anima
2220 1259 2272 1306 et
2301 1266 2526 1321 corpore
2567 1252 2773 1323 integer
2792 1264 3175 1323 conservatur,
3206 1272 3311 1310 non
3347 1259 3593 1312 substan-

2016 1342 2141 1397 tiam
2171 1343 2397 1415 Spiritus
2441 1345 2643 1412 Sancti,
2677 1361 2794 1418 qua:
2823 1363 2928 1403 non
2970 1358 3150 1421 potest
3195 1349 3451 1413 interire.
3497 1353 3605 1407 sedi

2016 1433 2098 1508 (ά)
2122 1437 2320 1507 gratias
2346 1437 2462 1509 ejus
2487 1438 2909 1513 donationesque
2931 1443 3245 1514 accipimus,
3271 1460 3392 1515 qua:
3412 1456 3592 1500 nostra

2013 1528 2099 1583 vel
2125 1530 2318 1585 virtute
2340 1571 2357 1596 ,
2386 1531 2469 1587 vel
2510 1532 2658 1600 vitio,
2685 1544 2738 1589 et
2758 1533 3101 1600 acccduntur,
3131 1545 3183 1590 et
3214 1536 3596 1608 extinguuntur

2014 1618 2066 1673 in
2095 1619 2269 1675 nobis.

2460 1711 2786 1771 EPISTULA
2838 1715 3026 1772 CXXI.
3071 1716 3141 1791 (e)

2612 1844 2679 1882 Αἰ)
2717 1843 2995 1886 ALGASHI.

2038 1952 2290 1993 caenum
2320 1938 2385 2011 (f)
2421 1954 2473 1994 xt
2500 1955 3101 2009 quastioamttmtsm
3130 1959 3198 1998 tv
3226 1957 3273 1998 s.
3302 1958 3561 2000 IIIERONY-

2722 2048 2856 2088 NN.

2013 2140 2055 2195 I.
2080 2140 2183 2195 Cur
2205 2139 2433 2196 Joannes
2460 2143 2740 2213 discipulos
2767 2160 2885 2199 suos
2922 2146 3073 2199 mittit
3104 2146 3175 2200 ad
3206 2145 3475 2201 Dominum
3493 2189 3509 2215 ,
3539 2157 3606 2202 αι·

2081 2234 2451 2305 interrogarent
2472 2251 2606 2296 eum,
2637 2235 2715 2290 Tn
2744 2251 2803 2291 es
2832 2237 2920 2305 qui
2948 2248 3203 2293 venturus
3228 2254 3304 2304 es,
3336 2254 3403 2294 an
3427 2240 3592 2294 alium

2081 2325 2494 2394 exspectamus?
2534 2324 2662 2380 Cum
2709 2328 2851 2397 prius
2892 2328 3003 2397 ipse
3051 2328 3115 2384 de
3154 2329 3327 2384 eodeni
3371 2330 3609 2385 dixerit.“

2084 2417 2229 2472 Ecce
2253 2420 2434 2488 Agnus
2458 2419 2569 2483 Dei,
2601 2434 2727 2475 ecce
2756 2420 2844 2491 qui
2874 2421 3013 2476 tollit
3038 2432 3253 2491 peccata
3281 2424 3484 2477 mundi.

2013 2508 2077 2564 I‘I.
2114 2510 2249 2575 Quid
2272 2510 2520 2582 significet
2544 2513 2680 2582 quod
2702 2513 2755 2566 in
2783 2512 3027 2567 Μαιώωο
3045 2515 3285 2585 scriptum
3305 2525 3395 2579 est,
3422 2516 3605 2568 Arun-

2084 2602 2263 2659 dinem
2293 2612 2602 2674 quassatam
2649 2620 2757 2660 non
2786 2604 3130 2677 confringet;
3159 2614 3215 2663 et
3242 2605 3409 2661 linum
3438 2605 3595 2662 fumi-

2082 2709 2213 2765 gans
2240 2710 2345 2749 non
2377 2696 2670 2767 extinguet.

2013 2784 2099 2839 Ill.
2152 2787 2310 2851 Quent
2355 2803 2554 2841 sensum
2593 2787 2736 2840 habet
2776 2787 2910 2859 quod
2943 2788 2997 2842 in
3037 2785 3314 2861 Evangelia
3359 2787 3596 2845 Mattlttet'

2082 2879 2327 2950 scriptum
2356 2888 2431 2933 est
2456 2895 2475 2933 :
2499 2877 2555 2935 Si
2583 2880 2702 2951 quis
2727 2882 2842 2935 vult
2866 2890 2985 2950 post
3014 2895 3101 2937 me
3131 2882 3336 2947 venire,
3366 2881 3597 2953 abneget

2081 2970 2452 3041 semetipsum.
2493 2970 2622 3038 Qut:
2648 2982 2720 3025 est
2748 2972 2828 3026 sui
2854 2971 3120 3043 abnegatio
3146 2987 3166 3027 :
3184 2983 3272 3027 aut
3305 2973 3589 3045 quomodo,

2082 3068 2170 3138 qui
2195 3067 2418 3138 sequitur
2445 3067 2763 3123 Salvatorem
2795 3069 3013 3140 seipsum
3042 3058 3210 3139 negat.

2014 3160 2103 3216 IV.
2134 3161 2273 3230 Quid
2307 3161 2413 3216 vult
2439 3163 2726 3234 signiﬁcare
2755 3163 2889 3234 quod
2914 3163 2967 3217 in
3001 3163 3173 3217 eodem
3202 3160 3448 3219 Παιώωο
3472 3166 3598 3217 scri-

2084 3265 2224 3326 ptum
2247 3264 2353 3310 est:
2380 3253 2472 3310 Var
2501 3255 2921 3327 praegnantibus,
2944 3263 2999 3310 et
3021 3255 3381 3311 nutrientibus
3407 3256 3458 3310 in
3489 3256 3597 3311 iliis

2082 3347 2275 3403 diebus
2300 3364 2318 3406 :
2344 3346 2430 3414 Et,
2456 3346 2619 3406 Orate
2638 3357 2696 3403 ut
2716 3364 2820 3403 non
2840 3348 2930 3403 fiat
2956 3347 3077 3419 fuga
3096 3356 3274 3404 vestra
3299 3348 3352 3403 in
3381 3349 3593 3419 hyeme,

2084 3442 2167 3498 vel
2192 3442 2434 3498 sabbato.

2013 3533 2079 3589 V.
2115 3532 2253 3601 Quid
2275 3533 2369 3588 sibi
2394 3533 2510 3588 velit
2533 3534 2670 3604 quod
2688 3533 2931 3603 scripturn
2952 3532 3094 3588 estin
3117 3531 3396 3605 Evangelia
3415 3548 3594 3588 secvn-

2084 3624 2206 3677 dum
2236 3622 2427 3677 Lucam
2457 3624 2568 3678 :Et
2599 3637 2707 3677 non
2746 3630 3067 3693 receperunt
3088 3664 3105 3691 ,
3135 3622 3259 3693 quia
3291 3623 3455 3678 facies
3480 3621 3596 3692 ejus

2084 3722 2203 3770 erat
2228 3715 2429 3770 vadens
2466 3713 2783 3770 Jerusalem.
3602 3730 3605 3733 ·

2020 3805 2104 3871 Vl.
2136 3805 2273 3874 Quid
2296 3806 2360 3861 sit
2387 3805 2584 3862 villicus
2606 3804 2907 3876 iniquitatis,
2935 3803 3020 3876 qui
3049 3804 3253 3860 Domini
3271 3818 3390 3859 voce
3414 3803 3598 3858 lauda-

2089 3908 2164 3953 (τις
2193 3906 2287 3953 εει.

2016 3989 2127 4045 VII.
2164 3990 2275 4057 Quo
2302 4005 2453 4045 sensu
2477 3989 2829 4061 accipiendum
2853 3996 2947 4057 est,
2970 3989 3106 4060 quod
3131 3989 3183 4043 in
3213 3988 3446 4060 Epistola
3475 3986 3603 4060 legi-

2089 4099 2201 4137 ntus
2256 4083 2325 4137 ad
2378 4082 2636 4137 Romanos
2669 4096 2689 4136 :
2720 4081 2821 4136 Vix
2870 4081 3012 4137 enim
3084 4081 3252 4154 85o
3322 4095 3421 4152 pro
3455 4080 3602 4148 justo

2088 4176 2208 4246 quis
2238 4175 2467 4231 moritur
2497 4192 2512 4231 :
2543 4190 2665 4231 nam
2694 4190 2793 4247 pro
2822 4176 2965 4232 bono
3010 4172 3233 4230 forsitan
3261 4176 3382 4248 quis
3410 4172 3623 4229 audeat‘

2092 4271 2226 4325 mori
2245 4270 2269 4325 ἲ

2018 4360 2153 4417 VIII.
2186 4361 2322 4430 Quid
2351 4360 2446 4416 sibi
2474 4360 2582 4416 vult
2611 4361 2748 4432 quod
2776 4359 2845 4414 ad
2886 4360 3145 4416 Romanos
3182 4358 3356 4415 scribit
3382 4358 3605 4429 Aposto-v

2091 4456 2173 4511 lus
2206 4471 2224 4511 :
2252 4454 2547 4511 Occasione
2590 4462 2808 4523 accepta
2848 4461 3123 4523 peccatum
3162 4467 3259 4523 per
3295 4450 3616 4507 mandantur

2090 4556 2366 4617 operatum
2397 4555 2479 4602 est
2509 4545 2562 4600 in
2591 4559 2679 4601 me
2700 4558 2915 4600 omnem
2946 4542 3457 4613 concupiscentiam.

2019 4637 2113 4695 IX.
2148 4638 2320 4706 Quare
2358 4637 2631 4706 Apostolus
2674 4634 2873 4690 Paulus
2913 4636 2967 4690 in
3013 4635 3187 4690 eadem
3232 4634 3329 4690 ad“
3346 4634 3617 4689 Romanos

2091 4728 2262 4783 scribit
2293 4726 2530 4794 Epistula
2558 4741 2577 4780 :
2600 4724 2863 4795 Optabam
2894 4739 2994 4794 ego
3025 4725 3140 4794 ipse
3170 4724 3453 4781 anathema
3486 4738 3609 4779 esse

2093 4834 2121 4872 a
2146 4817 2361 4873 Christo
2386 4832 2486 4888 pro
2516 4815 2770 4871 fratribus
2801 4815 2957 4881 meis,
2991 4825 3036 4870 et
3066 4815 3281 4885 reliqua.-
3654 4866 3657 4871 .

2022 4908 2092 4964 Χ.
2128 4908 2262 4975 Quid
2290 4907 2384 4962 sibi
2414 4908 2529 4962 velit
2556 4906 2702 4978 quod
2718 4906 2852 4961 idem
2884 4905 3160 4978 Apostolus
3188 4907 3257 4961 ad
3284 4905 3611 4963 Colossenses

2095 4999 2271 5055 scribit
2302 5014 2319 5053 :
2348 4997 2518 5054 Nemo
2558 5013 2655 5053 vos
2702 5006 2954 5070 superet,
2989 4998 3174 5053 volens
3211 4997 3265 5053 in
3305 4998 3615 5053 humilitate

2096 5092 2319 5156 mentis,
2348 5099 2405 5146 et
2433 5088 2691 5159 religione
2719 5089 3069 5160 Angelurttm.
3097 5100 3142 5144 et
3167 5090 3387 5160 reliqua.

2024 5183 2115 5239 XI.
2151 5183 2287 5250 Quid
2315 5194 2390 5237 est
2417 5183 2551 5255 quod
2578 5182 2710 5237 idem
2739 5183 3012 5251 Apostolus
3040 5182 3109 5237 ad
3136 5181 3609 5237 Thessalonicenses

2096 5277 2269 5333 scribit
2294 5292 2312 5331 :
2335 5275 2445 5331 Nisi
2487 5276 2747 5333 discessio
2776 5277 2997 5332 venerit
3012 5274 3243 5347 primum
3268 5314 3287 5342 ,
3316 5282 3415 5329 ειη
3439 5273 3608 5327 :vela-

2099 5375 2184 5423 ttts
2207 5366 2366 5423 fuerit
2392 5366 2553 5421 homo
2582 5366 2804 5438 peccati,
2834 5378 2879 5422 et
2907 5366 3122 5437 reliqua.

2095 5517 2173 5593 (αλ
2200 5518 2495 5593 Βεθιίωῖιηβ
2513 5521 2638 5593 πείθο
2654 5521 3017 5593 Ατδθοάοεθωεν
3038 5530 3241 5593 "even
3263 5528 3613 5593 l‘if‘l‘t.“’:§‘f"

2095 5543 2173 5593 μιλ
2204 5543 2495 5593 nctzttsuute
2513 5543 2638 5572 auset)
2667 5543 3017 5593 nucuuut'etus,
3040 5543 3241 5589 trutinato
3263 5543 3422 5627 ἰιὶιθισμι
3452 5543 3611 5575 ιιικηιιι,

2027 5590 2259 5648 smmum
2275 5591 2481 5652 “vocant
2518 5584 2822 5652 donationem
2851 5594 3031 5652 3pm.
3056 5580 3237 5652 ΛΡΜ-ιο.
3288 5581 3451 5652 abem
3494 5577 3611 5626 Ire-

2027 5638 2181 5711 n'teus,
2200 5652 2252 5711 et
2261 5644 2498 5711 Clemens
2511 5643 2755 5711 Alexaud.
2769 5654 2823 5711 _et
2845 5638 3215 5711 Chrysostomus
3225 5639 3276 5711 in
3288 5639 3417 5689 hunc
3435 5638 3613 5690 locum.

2114 5708 2157 5771 ε]
2202 5706 2327 5771 alias
2348 5708 2458 5771 itit.
2483 5708 2672 5771 scripta
2688 5705 3006 5771 eodemanno
3022 5710 3080 5753 ac
3099 5705 3365 5771 superiore.

2114 5763 2161 5833 Ῑ)
2202 5768 2320 5833 Hmc
2346 5769 2464 5819 item
2486 5763 2821 5833 Quiestiopum
2844 5766 3055 5833 Algasite
3075 5763 3287 5833 capitula
3311 5764 3357 5811 in
3382 5768 3612 5829 anteces~

2030 5828 2452 5883 sum'exrudunus
2482 5828 2655 5881 iisdem
2687 5829 2751 5891 de
2773 5828 2966 5891 causis,
3004 5828 3184 5891 quibus
3207 5838 3354 5891 supra
3378 5836 3438 5877 ea
3458 5860 3472 5886 ,
3507 5828 3614 5887 qua
3671 5857 3680 5870 .

2036 5908 2100 5944 ex
2126 5891 2346 5944 Hedibiae
2368 5890 2775 5942 Couunentariolo
2798 5889 3106 5942 dicebantur.
3269 5889 3284 5891 “
3560 5928 3565 5937 ,
