4088 6336
575 358 721 414 1005

582 474 732 530 Prius
779 487 905 544 ergo
951 487 1108 544 quam
1160 473 1595 544 interregarelur,
1643 471 1798 527 solvit
1837 475 2157 542 &209no?o;&r

580 564 995 636 (exceptionem);
1027 573 1081 620 et
1117 565 1267 635 juxts.
1295 580 1500 620 morem
1529 580 1683 620 suum
1721 562 1976 633 quidquid
2021 561 2157 616 alius

577 658 808 727 objicere
830 666 1025 726 potest,
1051 665 1332 727 antequam
1360 657 1642 727 obiiciatur
1661 655 1929 711 edisserit.
1964 653 2032 708 Et
2074 661 2156 707 est

575 765 808 806 sensus:
838 749 1078 806 Nominis
1104 749 1301 805 Christi
1349 750 1400 804 in
1451 750 1596 805 omni
1640 749 1758 803 loco
1807 748 1976 803 bonus
2021 744 2156 799 odor

573 859 759 897 sumus
791 843 920 906 Deo,
948 850 1002 896 et
1045 841 1435 912 praedicationis
1478 851 1674 897 nostrae
1728 840 1883 908 longe
1937 838 2152 906 lateque

570 937 738 1002 spirat
765 931 1069 1002 fragrantia.
1103 932 1209 987 Sed
1251 933 1371 1003 quia
1399 931 1641 986 homines
1679 945 1777 985 suo
1815 930 2032 984 arbitrio
2059 928 2154 983 dc-

571 1023 738 1078 rclicti
768 1033 891 1078 sunt
918 1041 931 1076 :
966 1039 1137 1095 neque
1169 1025 1310 1080 enim
1351 1025 1544 1079 bonum
1587 1023 1902 1078 necessitate
1930 1021 2148 1086 faciunt,

568 1117 661 1172 sed
690 1117 982 1182 voluntate,
1011 1128 1069 1171 ut
1119 1117 1399 1171 credentes
1450 1130 1703 1170 coronam
1752 1114 2034 1184 accipiant,
2065 1113 2149 1165 itt-

566 1208 770 1264 t-reduli
799 1209 1075 1278 suppliciis
1099 1208 1469 1277 mancipentur
1500 1224 1514 1259 :
1549 1206 1667 1260 ideo
1692 1205 1826 1260 odor
1853 1213 2037 1258 noster
2059 1203 2149 1273 qui

558 1317 664 1371 per
685 1316 743 1356 se
771 1301 1056 1364 bonusest,
1083 1301 1278 1355 virtute
1294 1315 1479 1355 eorum
1506 1307 1560 1353 et
1589 1299 1718 1353 vitio
1740 1299 1827 1367 qui
1852 1295 2148 1364 suscipiunt

563 1395 680 1449 sive
722 1411 828 1449 non
873 1394 1187 1463 suscipiunt,
1218 1395 1269 1447 in
1300 1393 1459 1447 vitam
1506 1392 1717 1458 transit,
1746 1401 1835 1445 aut
1878 1402 2144 1445 mortem:

558 1497 624 1540 ut
649 1487 737 1556 qui
767 1485 1117 1549 crediderint,
1143 1485 1275 1539 salvi
1308 1484 1435 1538 ﬁant
1459 1525 1474 1549 ,
1496 1484 1586 1553 qui
1615 1498 1742 1537 vero
1779 1497 1881 1535 non
1904 1481 2148 1536 credide-

563 1581 671 1632 rint
700 1585 936 1648 pereant.
963 1576 1072 1632 Nec
1117 1575 1219 1631 hoc
1263 1574 1560 1630 mirandum
1611 1573 1677 1629 de
1721 1572 1996 1643 Apostolo,
2025 1586 2146 1626 cum

563 1672 722 1726 etiam
762 1669 830 1725 de
859 1670 1083 1724 Domino
1110 1669 1428 1739 legerimus:
1464 1666 1594 1721 Ecce
1619 1667 1700 1720 hic
1740 1666 1934 1734 positus
1976 1675 2048 1720 est
2092 1665 2146 1718 in

554 1762 786 1824 .ruinum,
815 1770 860 1814 et
889 1761 941 1814 in
981 1760 1367 1814 resureetioncm
1395 1757 1670 1813 multorum
1708 1757 1760 1810 in
1786 1755 1986 1821 Israel,
2018 1765 2064 1808 el
2094 1756 2146 1809 in

561 1855 763 1924 signum
793 1853 873 1907 cui
903 1851 981 1924 (a)
1024 1851 1394 1904 contradicetur
1437 1853 1452 1919 (
1485 1847 1608 1902 Luc.
1638 1848 1695 1903 2.
1725 1849 1792 1903 51
1817 1846 1836 1918 )
1867 1867 1878 1900 :
1908 1847 2144 1917 solisque

555 1947 740 2002 radios
771 1954 876 2001 tam
905 1944 1097 2000 munda
1128 1944 1243 1998 loca
1269 1942 1554 2011 excipiant,
1585 1956 1742 2011 quam
1767 1939 2057 2006 immunda,
2091 1947 2146 1994 et

561 2040 640 2094 sic
687 2039 739 2094 in
787 2037 1028 2101 tioribus,
1063 2034 1333 2106 quomodo
1385 2034 1434 2087 in
1481 2043 1717 2088 stercore
1748 2032 2004 2086 luceant:
2044 2044 2144 2085 nec

563 2147 740 2189 tamen
784 2132 912 2187 solis
949 2131 1082 2185 radii
1133 2129 1452 2200 polluuntur.
1486 2126 1575 2182 Sic
1622 2135 1678 2181 et
1725 2124 1924 2180 Christi
1975 2125 2144 2179 bonus

561 2225 834 2295 odor,.qui
865 2239 1133 2294 nunquam
1161 2219 1353 2276 mutari
1380 2227 1573 2290 potest,
1603 2235 1700 2274 nec
1723 2233 1872 2272 suam
1900 2225 2139 2271 naturam

557 2317 826 2382 amittere,
857 2314 1196 2371 credentibus
1223 2315 1326 2367 rita
1357 2321 1458 2376 est,
1493 2311 1780 2366 incredulis
1803 2325 1969 2364 mors.
1999 2307 2141 2363 Mors

559 2419 740 2465 autem
769 2422 877 2463 non
909 2407 1006 2462 ista
1051 2405 1379 2470 communis,
1415 2406 1534 2474 quia
1583 2419 1702 2459 cum
1748 2402 1930 2458 bestiis
1979 2401 2142 2456 mori-

551 2516 682 2554 .mur
731 2509 786 2554 et
833 2495 1249 2568 jumentiszsed
1305 2495 1394 2550 illa
1441 2494 1508 2549 de
1557 2510 1659 2564 qua
1704 2496 1959 2564 scriptum
2013 2500 2136 2548 cst:

562 2592 743 2644 Anima
771 2604 886 2660 qua:
928 2585 1220 2658 peccaverit,
1245 2587 1356 2656 ipsa
1394 2586 1632 2639 morietur
1657 2585 1675 2655 (
1701 2583 1891 2638 Ezech.
1920 2583 2005 2637 18.
2039 2582 2073 2636 4
2097 2585 2139 2652 ).

554 2683 700 2752 Ergo
728 2691 783 2737 et
825 2681 928 2734 vita
969 2679 1267 2734 arbitranda
1297 2687 1379 2734 est
1421 2694 1524 2734 non
1559 2677 1693 2743 lucc,
1722 2693 1822 2747 qua
1851 2677 2136 2746 Spiratnus,

559 2786 616 2832 et
659 2773 978 2836 incedimus,
1006 2780 1060 2828 et
1099 2771 1202 2826 ltuc
1242 2771 1468 2840 illucque
1517 2769 1898 2832 discurrimus;
1928 2767 2019 2822 sed
2052 2767 2138 2822 illa

558 2869 756 2936 deque
805 2865 968 2920 David
1025 2863 1259 2931 lnquitur
1290 2880 1302 2916 :
1338 2861 1498 2916 Credo
1544 2861 1711 2915 ridere
1755 2860 1885 2912 bona
1933 2859 2139 2914 Domini

553 2961 612 3014 in
637 2959 711 3032 (lt)
743 2970 876 3012 terra
901 2957 1167 3011 viventium
1208 2955 1378 3029 (l’sal.
1409 2953 1498 3009 26.
1529 2954 1641 3024 15).
1680 2952 1816 3006 Deus
1841 2954 1974 3006 enim
2003 2954 2140 3007 vivo-

556 3070 669 3106 rum
695 3062 767 3105 est
795 3093 810 3117 ,
837 3055 888 3104 et
926 3066 1024 3103 non
1057 3057 1364 3103 mortuorum
1393 3046 1603 3118 (.llatth.
1631 3044 1721 3099 22.
1750 3046 1841 3115 25)
1868 3063 1881 3097 :
1911 3055 1985 3109 et,
2024 3043 2139 3098 Vita

559 3155 730 3200 nostra
759 3142 1056 3198 abscondita
1085 3151 1156 3196 est
1185 3157 1299 3194 cum
1344 3139 1543 3194 Christo
1572 3139 1623 3192 in
1656 3138 1780 3192 Deo.
1810 3136 1934 3191 Cum
1969 3147 2138 3192 autem

558 3237 788 3290 Christus
816 3233 1108 3305 apparuerit
1159 3232 1260 3284 rita
1303 3239 1475 3283 nostra
1496 3271 1511 3294 ,
1541 3238 1656 3282 tunc
1699 3238 1744 3280 et
1776 3244 1865 3281 nos
1902 3243 2014 3280 eum
2047 3229 2138 3282 illo

557 3325 915 3398 appurcbimus
940 3324 991 3378 itt
1035 3324 1199 3395 gloria
1237 3320 1455 3393 (Coloss.
1483 3321 1539 3376 5.
1581 3316 1694 3390 54).
1723 3317 1832 3374 Nec
1863 3318 2014 3372 vobis
2060 3319 2140 3373 in-

557 3419 690 3488 quit,
720 3432 753 3470 o
773 3415 1054 3478 Corinthii,
1091 3427 1273 3482 parum
1299 3426 1419 3466 esse
1450 3411 1710 3476 videatur,
1743 3411 1788 3464 si
1821 3409 1972 3463 nobis
2002 3425 2138 3479 pra:-

555 3507 858 3564 dicantibus
891 3507 1187 3569 veritatem,
1210 3503 1297 3557 alii
1337 3502 1576 3567 credant,
1607 3501 1693 3556 alii
1723 3516 1828 3556 non
1877 3500 2135 3566 credant;

555 3602 643 3655 alii
674 3615 798 3655 vera
829 3607 998 3652 morte
1021 3597 1337 3661 moriantur,
1359 3594 1447 3648 alii
1481 3593 1660 3647 vit-ant
1682 3608 1742 3648 ea
1771 3593 1876 3646 vita
1909 3607 2026 3662 qua:
2051 3591 2136 3646 di-

555 3693 672 3748 cit:
769 3689 936 3764 846
1028 3689 1137 3760 Ego
1178 3705 1289 3743 sum
1317 3688 1440 3742 vita.
1470 3685 1583 3742 Nisi
1632 3686 1774 3742 enim
1823 3702 1918 3741 uos
1976 3686 2138 3741 locuti

554 3799 818 3849 essemus,
844 3798 942 3838 nec
973 3781 1274 3836 incredulos
1301 3794 1463 3846 mors,
1490 3794 1588 3834 uec
1604 3779 1884 3834 credentes
1911 3779 2014 3832 vita
2047 3794 2137 3833 se-

556 3885 812 3948 queretur
839 3891 852 3929 :
881 3877 1005 3946 quia
1033 3873 1251 3930 difﬁcile
1278 3874 1470 3944 dignus
1491 3887 1666 3943 pt‘a‘co
1695 3875 1945 3926 virtutum
1977 3871 2135 3925 Citri-

555 3970 625 4025 sti
674 3968 898 4024 inveniri
955 3975 1148 4038 potest,
1200 3967 1287 4037 qui
1336 3966 1387 4019 in
1429 3963 1806 4020 anuunliaudis
1874 3963 1976 4018 illis
2031 3977 2134 4018 non

556 4077 732 4125 suam,
761 4058 854 4115 sed
883 4057 998 4128 ejus
1025 4067 1225 4127 qumrat
1254 4055 1476 4127 gloriam
1499 4070 1656 4125 quem
1685 4053 1954 4125 praedicat.
1987 4052 2040 4107 lu
2069 4067 2137 4108 eo

555 4161 733 4205 autem
769 4150 909 4220 quod
935 4163 993 4203 se
1023 4156 1178 4218 negat
1201 4161 1305 4201 non
1345 4159 1464 4200 csse
1497 4147 1869 4211 sicutmultos,
1897 4146 1984 4216 qui
2017 4160 2137 4200 vcn-

555 4242 726 4298 ditent
747 4240 967 4296 verbum
1001 4239 1114 4304 Dei,
1144 4237 1383 4292 ostendit
1408 4252 1527 4291 esse
1551 4253 1708 4306 quam
1741 4237 2020 4306 plurimos,
2044 4237 2133 4308 qui

555 4344 818 4407 quazstum
847 4342 1030 4402 putant
1059 4346 1177 4386 csse
1208 4331 1477 4400 pietatem,
1503 4339 1557 4384 et
1595 4329 1766 4398 turpis
1793 4330 1923 4384 lucri
1966 4331 2134 4401 gratia

555 4431 734 4485 outuia
780 4428 1000 4492 faciunt,
1040 4425 1127 4496 qui
1159 4425 1414 4479 devorant
1441 4423 1629 4479 domos
1656 4422 1928 4477 viduarum
1957 4424 1974 4492 (
2005 4422 2132 4477 Luc.

553 4525 674 4595 20);
708 4539 765 4576 se
789 4529 968 4575 autem
1005 4534 1067 4572 ex
1099 4517 1404 4572 sinceritate
1433 4515 1583 4586 quasi
1614 4515 1833 4569 missum
1861 4531 1889 4567 a
1920 4516 2052 4582 Deo,
2081 4524 2136 4571 et

556 4626 817 4686 praesente
843 4631 910 4672 eo
943 4616 1111 4685 quise
1140 4612 1365 4679 miserit,
1408 4611 1586 4666 omnia
1613 4611 1666 4665 in
1691 4610 1906 4666 Christo
1947 4621 1999 4664 et
2040 4625 2135 4680 pro

554 4711 766 4764 tfltristo
787 4708 965 4779 loqui;
997 4716 1053 4762 ut
1080 4719 1237 4761 causa
1267 4704 1662 4775 praedicationis
1690 4703 1804 4768 Dei,
1833 4701 2132 4772 triumphus

553 4801 774 4867 Christi,
807 4801 1029 4870 ejusque
1075 4798 1147 4853 sit
1190 4797 1380 4868 gloria.
1412 4797 1476 4852 Et
1522 4793 1815 4850 notandum
1843 4794 1987 4865 quod
2018 4811 2132 4866 my-

553 4895 773 4951 sterium
819 4892 1094 4948 Trinitatis
1137 4892 1188 4944 itt
1236 4888 1394 4959 hujus
1444 4889 1661 4958 capituli
1713 4888 1818 4942 line
1862 4899 2130 4944 monstre-

553 4999 658 5041 tur.
706 4984 790 5039 Ea:
837 4983 946 5038 Deo
976 4983 1140 5045 cnim,
1171 4982 1222 5036 itt
1271 4981 1472 5051 Spiritu
1525 4982 1741 5045 Sancto,
1781 4997 1952 5034 coram
1981 4980 2088 5035 Deo
2112 5021 2128 5047 ,

552 5078 731 5142 Patre,
760 5074 810 5129 in
843 5072 1044 5128 Christo
1073 5072 1314 5141 loquitur.
1344 5069 1421 5125 Ad
1451 5069 1906 5138 comprobandum
1953 5083 2132 5126 autem

551 5167 693 5239 quod
721 5166 787 5221 de
812 5161 1024 5220 Troade
1048 5159 1740 5232 perrexeritMacedoniam,
1762 5160 1827 5215 de
1845 5162 2128 5230 Apostolo-

551 5276 670 5314 ι-ιιιη
719 5257 937 5312 Actibus
979 5269 1169 5324 ponam
1220 5251 1604 5307 testiinonium.
1635 5250 1759 5305 Cum
1805 5263 1971 5307 autem
2017 5271 2132 5324 per-

551 5351 850 5405 transissent
895 5345 1148 5418 Mysiam,
1197 5343 1562 5398 descenderunt
1605 5342 1894 5409 Troadem,
1929 5357 1974 5400 et
2005 5347 2130 5401 visio

553 5459 643 5512 per
669 5451 862 5495 noctem
895 5437 1062 5492 Paulo
1089 5449 1286 5491 ostensa
1314 5443 1405 5489 cst.
1434 5432 1523 5488 Vir
1550 5433 1764 5488 Macedo
1792 5437 1995 5506 quidam
2024 5450 2130 5494 erat

549 5548 689 5590 stans
715 5545 762 5590 et
783 5534 1058 5604 deprecans
1081 5547 1215 5594 eum,
1247 5545 1307 5584 ac
1331 5529 1501 5583 dicens
1531 5544 1549 5583 :
1579 5526 1848 5583 Transims
1879 5531 1930 5583 in
1958 5530 2130 5588 Macci

615 5699 690 5774 (α)
723 5712 815 5762 Alii
851 5712 978 5774 Mss.
1001 5717 1147 5774 atque
1184 5709 1300 5760 editi
1332 5705 1697 5766 contradicitur,
1737 5707 1865 5769 quod
1912 5709 2126 5771 przctulit

547 5772 705 5825 editor
729 5772 1094 5824 Beuetlictittus.
1123 5772 1278 5822 Graec.
1300 5783 1536 5832 entiam.

612 5836 682 5900 (ὁ)
716 5836 916 5897 Quidam
940 5833 1052 5885 Mss.
1073 5835 1122 5885 in
1147 5833 1338 5896 regione
1361 5831 1630 5884 virentium.

1882 359 2121 417 S.\NCTI
2163 357 2535 415 lllERONYill

3718 378 3826 438 1001

2263 470 2490 538 doniam,
2523 472 2710 543 adjutus
2739 490 2850 530 nos.
2880 475 3028 543 Quod
3065 496 3179 535 cum
3210 482 3440 551 vidisset,
3473 487 3646 542 statim
3672 495 3824 559 quasi-

2263 561 2422 616 tn'ntus
2451 565 2706 634 proﬁcisci
2733 566 2786 620 in
2817 566 3192 638 Macedoniam,
3222 577 3348 629 certi
3397 577 3526 646 {acti
3543 620 3558 645 ,
3588 581 3719 650 quod
3755 600 3826 638 vo-

2261 665 2420 707 casset
2446 672 2536 708 nos
2564 654 2696 711 Deus
2730 661 3070 730 evangelicum
3095 665 3166 717 eis
3195 666 3331 736 (Act.
3371 669 3458 723 16.
3484 669 3537 724 8.
3570 680 3619 724 et
3639 673 3783 743 seqq).

2331 745 2482 800 CAP.
2521 747 2633 801 ΧΙΙ.
2662 779 2732 789 --
2756 750 2894 817 Quid
2935 753 3004 807 sit
3042 755 3183 824 quod
3223 757 3275 811 itt
3304 757 3543 828 Epistula
3571 763 3747 818 scribit
3768 765 3821 820 ad

2261 834 2762 896 Thessalonicenses
2792 842 2956 911 prima
2987 861 2999 897 :
3033 843 3154 915 Ipse
3193 859 3360 902 autem
3394 850 3528 906 Deus
3556 855 3695 923 pacis
3718 873 3820 910 san-

2257 928 2438 995 cti/icet
2457 946 2539 982 vos
2566 947 2655 999 per
2679 934 2870 1000 omnia,
2890 945 2941 986 ut
2961 935 3152 1007 integer
3173 939 3379 1003 spiritus
3410 953 3571 998 vester
3597 956 3644 998 et
3672 947 3821 1000 anima

2255 1028 2301 1071 et
2326 1034 2530 1088 corpus,
2571 1022 2680 1075 sine
2703 1026 2904 1093 querela
2934 1026 2988 1080 in
3019 1029 3235 1082 adventu
3269 1029 3474 1087 Domini
3514 1037 3674 1090 nostri
3715 1037 3820 1092 Iesu

2255 1107 2439 1164 Christi
2459 1123 2676 1167 servetur
2703 1115 2775 1184 (1.
2807 1114 2958 1171 Thes.
2987 1117 3042 1174 5.
3074 1121 3186 1189 15).
3222 1121 3447 1178 Famosa
3477 1130 3720 1198 qua-stin,
3740 1132 3818 1186 sed

2254 1199 2402 1255 brevi
2444 1216 2692 1260 sermone
2749 1209 3044 1263 tractanda.
3105 1211 3276 1281 Supra
3312 1215 3559 1284 dixerat,
3602 1222 3816 1290 spiritum

2252 1293 2406 1344 nolite
2433 1295 2720 1366 extinguere
2735 1297 2892 1371 (Ibid.
2927 1300 3049 1372 l9):
3075 1304 3214 1374 quod
3236 1307 3279 1360 si
3303 1307 3462 1362 fuerit
3487 1310 3814 1382 intellectum,

2250 1386 2426 1439 statim
2451 1389 2682 1444 sciemus
2707 1393 2824 1460 quis
2850 1393 2950 1449 iste
2995 1393 3064 1448 sit
3104 1396 3342 1466 spiritus,
3371 1399 3462 1470 qui
3490 1417 3612 1457 cum
3660 1407 3816 1461 anima

2250 1484 2303 1530 et
2327 1492 2551 1548 corpore
2584 1479 2637 1534 in
2664 1482 2750 1537 die
2778 1484 3035 1540 adventus
3066 1486 3273 1543 Domini
3303 1495 3700 1551 conservandus
3726 1509 3814 1554 est.

2249 1568 2376 1661 Quis
2405 1569 2548 1626 enim
2575 1574 2742 1642 possit
2765 1576 2985 1633 credere
3012 1619 3027 1642 ,
3055 1579 3197 1648 quod
3227 1582 3393 1638 instar
3418 1586 3645 1643 ﬂammai
3672 1632 3687 1655 ,
3713 1607 3816 1661 qum

2248 1660 2480 1716 extincta
2509 1661 2702 1719 desinit
2730 1680 2850 1722 esse
2879 1668 3021 1738 quod
3050 1668 3256 1738 fuerat,
3283 1674 3627 1745 extinguatur
3666 1660 3818 1752 Spiri-

2250 1762 2336 1807 tus
2372 1753 2602 1810 Sanctus
2625 1797 2641 1823 ,
2666 1766 2718 1812 et
2745 1760 3004 1815 sustineat
3046 1763 3388 1820 abolitionem
3443 1771 3564 1836 sui,
3593 1773 3682 1842 qui
3733 1774 3818 1830 fuit

2248 1846 2514 1933 quondam
2540 1847 2592 1903 in
2622 1849 2799 1916 Israel,
2825 1853 3035 1922 quando
3084 1871 3178 1926 per
3230 1857 3415 1913 lsaiatn
3457 1869 3514 1916 et
3545 1862 3815 1921 Jeretniam

2246 1945 2298 1991 et
2323 1937 2560 2009 singulos
2591 1941 2883 2012 Prophetas
2909 1944 3090 2002 dicere
3119 1958 3327 2018 poterat
3353 1968 3366 2004 :
3403 1951 3528 2007 [lac
3569 1955 3689 2009 dicit
3721 1957 3818 2011 Do-

2246 2030 2431 2097 minus,
2456 2043 2509 2084 et
2551 2048 2694 2088 nunc
2741 2033 2793 2088 itt
2845 2035 3081 2092 Ecclesia
3122 2055 3217 2108 per
3265 2043 3504 2112 Agabum
3556 2045 3816 2116 quuitur:

2247 2118 2374 2176 Haec
2411 2123 2530 2177 dicit
2560 2124 2784 2194 Spiritus
2813 2127 3052 2184 Sanctus.
3102 2131 3382 2190 Divisiones
3408 2137 3654 2194 donorum
3690 2156 3813 2208 sunt,

2243 2212 2376 2267 idem
2419 2229 2531 2270 cera
2562 2215 2788 2286 Spiritus
2817 2235 2835 2273 :
2863 2229 2910 2273 et
2950 2221 3216 2278 divisiones
3260 2227 3649 2284 ministeriorum
3688 2243 3816 2300 sunt,

2243 2305 2374 2359 ideut
2403 2317 2570 2361 autent
2596 2307 2845 2366 Dominus
2867 2327 2885 2364 :
2915 2322 2962 2364 et
2991 2313 3257 2370 dvistones
3299 2319 3668 2388 Operationum,
3695 2323 3818 2376 idem

2243 2416 2356 2454 vero
2383 2399 2552 2470 Deus,
2607 2404 2692 2471 qui
2746 2415 2984 2476 operatur
3039 2410 3208 2462 omnia
3250 2411 3300 2464 in
3339 2414 3590 2468 omnibus.
3664 2415 3818 2487 847

2247 2493 2526 2565 Unicuique
2544 2506 2709 2551 autem
2739 2498 2887 2553 datur
2911 2503 3248 2571 manifestatio
3275 2504 3500 2574 Spiritus
3527 2507 3595 2560 ad
3621 2508 3675 2560 id
3695 2510 3822 2578 quod

2240 2587 2461 2658 expedit.
2493 2587 2596 2642 Alii
2622 2606 2712 2658 per
2742 2589 2992 2659 Spiritum
3035 2594 3188 2646 datur
3211 2611 3374 2649 sermo
3411 2599 3707 2666 sttpicntiaz,
3737 2599 3822 2651 alii

2241 2697 2404 2735 sermo
2425 2683 2645 2738 scientite
2670 2684 2948 2738 secundum
2993 2687 3221 2740 eumdem
3263 2686 3514 2757 Spiritum
3543 2707 3556 2743 :
3585 2691 3674 2744 alii
3703 2691 3824 2758 ﬁdes

2240 2771 2294 2824 in
2321 2771 2495 2825 eodem
2525 2773 2742 2842 Spiritu,
2772 2773 2863 2828 alii
2889 2777 3116 2846 Operatio
3145 2777 3406 2840 virtutum,
3435 2780 3526 2833 alii
3549 2783 3715 2850 gratia
3741 2800 3824 2836 sa-

2242 2865 2458 2920 nitatum
2483 2867 2536 2920 in
2558 2883 2658 2920 uno
2673 2869 2874 2936 spiritu,
2893 2869 2984 2922 alii
3010 2867 3313 2940 Prophetia,
3341 2873 3432 2924 alii
3456 2872 3692 2926 discretio
3717 2875 3826 2941 spi-

2240 2959 2448 3012 rituum.
2470 2957 2654 3013 Omnia
2670 2969 2837 3014 autem
2861 2963 2968 3014 lucc
2993 2973 3229 3031 operatur
3242 2981 3370 3018 unus
3393 2975 3541 3033 atque
3555 2966 3687 3020 idem
3709 2968 3829 3034 Spi-

2238 3053 2386 3118 ritus,
2403 3053 2627 3107 dioidens
2646 3054 2856 3122 singulis
2869 3066 3014 3123 prout
3036 3055 3138 3108 vult
3157 3057 3173 3124 (
3189 3058 3205 3109 l
3223 3096 3234 3108 .
3259 3055 3375 3110 Cor.
3396 3057 3480 3110 l2.
3505 3059 3561 3115 4.
3581 3068 3628 3111 et
3644 3060 3826 3130 seqq).

2242 3143 2320 3198 De
2343 3143 2444 3198 hoc
2472 3144 2694 3213 Spiritu,
2717 3159 2783 3197 ne
2826 3159 2854 3195 a
2885 3160 2944 3198 se
2973 3145 3274 3200 auferretur
3293 3187 3306 3208 ,
3352 3149 3572 3217 rogabat
3624 3151 3827 3211 David.

2240 3235 2423 3290 dicens
2479 3253 2494 3290 :
2547 3235 2800 3305 Spiritum
2850 3246 3079 3290 sanctum
3123 3247 3262 3291 tuum
3312 3257 3375 3293 ne
3424 3243 3633 3308 auferas
3679 3262 3712 3298 a
3754 3262 3831 3299 me

2241 3328 2358 3399 (Ps.
2389 3329 2477 3385 50.
2512 3330 2622 3398 15).
2653 3329 2752 3397 Qui
2779 3328 2992 3406 quando
3009 3329 3265 3396 aufertur,
3295 3346 3396 3384 uou
3429 3331 3500 3404 (c)
3525 3335 3828 3390 substantia

2239 3421 2344 3486 sui,
2373 3420 2466 3476 sed
2489 3420 2536 3475 ei
2563 3436 2593 3474 a
2612 3437 2717 3490 quo
2737 3419 2994 3487 aufertur,
3014 3421 3356 3490 extinguitur.
3384 3422 3496 3491 Ego
3519 3433 3644 3492 puto
3664 3443 3829 3481 unum

2239 3523 2398 3581 atque
2449 3511 2586 3566 idem
2643 3511 2974 3581 signiﬁcare,
3027 3511 3278 3581 Spiritum
3332 3515 3488 3569 nolite
3535 3518 3832 3588 extinguere

2239 3605 2316 3674 (1.
2342 3603 2518 3659 Thess.
2536 3605 2586 3659 5.
2611 3603 2698 3675 19)
2723 3646 2738 3669 ,
2757 3613 2811 3658 ct
2835 3604 2974 3673 quod
3008 3605 3060 3658 in
3087 3604 3192 3656 alio
3219 3605 3335 3660 loco
3365 3605 3551 3660 scribit
3575 3625 3588 3660 :
3624 3609 3830 3680 Spiritu

2239 3695 2482 3767 ferventes
2509 3697 2684 3769 (Rom.
2717 3695 2805 3750 l2.
2839 3696 2959 3766 ll).
2995 3695 3047 3750 ln
3080 3712 3184 3766 quo
3209 3697 3350 3751 enim
3382 3698 3556 3753 fervor
3584 3701 3826 3770 spiritus,

2240 3788 2586 3857 multiplicata
2612 3787 2903 3857 iniquitate,
2936 3796 2988 3842 ct
3018 3787 3252 3841 caritatis
3281 3786 3495 3859 frigore,
3528 3806 3634 3845 non
3673 3800 3828 3860 tepe-

2239 3880 2377 3946 scit,
2411 3881 2462 3934 in
2513 3879 2615 3934 hoc
2658 3879 2875 3949 Spiritus
2922 3893 3249 3948 nequaquam
3294 3880 3634 3950 extinguitur.
3689 3881 3830 3937 Deus

2240 3973 2395 4043 igitur
2421 3972 2562 4043 pacis
2595 3971 2876 4038 sanctiﬁcet
2901 3986 2986 4024 vos
3013 3987 3103 4040 per
3128 3971 3318 4037 omnia,
3348 3973 3427 4025 vel
3455 3971 3507 4025 in
3549 3973 3823 4040 omnibus,

2240 4063 2354 4118 sive
2385 4063 2562 4133 plenos
2602 4072 2763 4134 atque
2794 4065 3042 4133 perfectos
3075 4076 3092 4115 :
3139 4060 3240 4116 hoc
3280 4063 3419 4116 enim
3462 4064 3626 4133 magis
3666 4075 3828 4118 SOItztl

2238 4163 2486 4218 ὁλοτελεῖς.
2539 4157 2677 4211 Deus
2722 4163 2898 4209 autem
2951 4153 3247 4224 appellatur
3297 4155 3439 4223 pacis
3489 4172 3504 4207 :
3555 4159 3671 4225 quia
3729 4173 3827 4225 per

2228 4247 2506 4303 Christum
2533 4246 2582 4302 ei
2624 4244 2948 4300 reconciliati
2989 4259 3206 4308 sumus;
3239 4244 3327 4315 qui
3357 4253 3436 4299 est
3467 4261 3564 4314 pax
3613 4255 3823 4311 nostra,

2238 4341 2326 4410 qui
2370 4339 2489 4393 fecit
2521 4349 2742 4407 utraque
2766 4353 2926 4391 unum
2949 4335 3166 4406 (Ephes.
3191 4335 3244 4391 2.
3280 4335 3399 4409 H):
3431 4337 3517 4407 qui
3549 4349 3600 4392 et
3632 4338 3681 4391 in
3712 4338 3827 4391 alio

2239 4431 2356 4485 loco
2383 4445 2483 4499 pax
2515 4429 2608 4483 Dei
2641 4429 2853 4493 dicitur,
2885 4442 3140 4497 superans
3166 4443 3380 4481 omnem
3413 4443 3623 4482 sensum
3643 4468 3658 4492 ,
3697 4444 3824 4497 qua:

2236 4522 2467 4578 cusmdit
2491 4521 2651 4576 c0rda
2677 4521 3128 4591 cogitationesque
3150 4519 3482 4575 Sanctorum.
3510 4521 3606 4590 Qui
3636 4530 3820 4575 autem

2237 4613 2622 4679 sattctilicatur,
2654 4613 2763 4667 sive
2785 4612 3050 4682 perfectus
3077 4613 3126 4665 in
3158 4613 3402 4667 omnibus
3427 4622 3526 4677 est,
3560 4614 3608 4667 in
3637 4613 3740 4667 hoc
3763 4622 3820 4666 ct

2237 4707 2454 4776 spiritus
2477 4714 2533 4760 et
2557 4705 2730 4759 anima
2778 4717 2828 4760 et
2865 4719 3058 4774 corpus
3101 4705 3148 4758 in
3181 4704 3266 4758 die
3297 4704 3500 4759 Dotnitti
3530 4719 3822 4759 conserva-

2237 4804 2343 4850 tur.
2381 4795 2607 4864 Corpus,
2649 4795 2694 4850 si
2722 4794 3049 4865 singulorum
3093 4795 3447 4848 membrorum
3487 4805 3659 4848 utatur
3688 4794 3817 4849 oili-

2234 4881 2353 4954 Ciis,
2385 4887 2532 4943 verbi
2561 4887 2753 4958 gratia,
2793 4888 2837 4940 si
2867 4898 3116 4956 operetur
3146 4901 3366 4951 manus,
3401 4901 3497 4956 pes
3531 4887 3769 4940 ambulet
3795 4926 3812 4952 ,

2235 4981 2421 5036 oculus
2464 4979 2659 5047 videat,
2713 4979 2891 5033 audiat
2933 4979 3096 5042 auris,
3150 4978 3335 5033 dentes
3385 4977 3532 5032 cibos
3578 4978 3808 5040 molant,

2234 5070 2540 5126 stomachus
2569 5079 2782 5140 coquat,
2805 5070 2954 5124 alvus
2983 5059 3188 5139 digerat
3215 5108 3228 5131 ,
3271 5077 3362 5122 aut
3388 5068 3433 5121 si
3460 5068 3598 5122 nulla
3627 5082 3807 5122 mem-

2235 5162 2451 5217 brorum
2479 5171 2628 5233 parte
2661 5163 2968 5215 truncatum‘
2987 5169 3088 5215 est.
3117 5160 3182 5213 Et
3211 5158 3310 5213 hoc
3333 5159 3601 5227 quisquam
3625 5163 3807 5226 potest

2233 5255 2454 5308 credere
2482 5252 2793 5320 Apostolum
2823 5266 2918 5321 pro
2945 5251 3286 5306 credentibus
3312 5247 3580 5318 deprecari
3605 5287 3619 5310 ,
3664 5255 3719 5299 ut
3747 5244 3800 5296 in

2205 5347 2320 5409 ,die
2353 5346 2536 5417 judicii
2568 5335 2837 5415 integrum
2882 5345 3116 5400 omnium
3160 5355 3351 5412 corpus
3376 5339 3607 5393 Christus
3650 5338 3805 5389 inve-

2234 5439 2344 5493 niat
2370 5456 2381 5490 :
2415 5453 2534 5492 cum
2558 5437 2796 5490 omnium
2824 5451 3074 5505 corpora,
3099 5441 3376 5488 autmorte
3396 5428 3636 5482 dissoluta
3663 5426 3794 5487 sint,

2231 5538 2325 5586 aut
2363 5530 2408 5586 si
2436 5531 2516 5592 (ut
2559 5527 2772 5598 quidam
2801 5528 3007 5599 volunt)
3058 5535 3265 5595 reperta
3319 5519 3508 5574 fuerint
3545 5514 3796 5585 spirantia

2299 5708 2359 5773 (cl
2401 5709 2659 5773 Veriorem
2679 5703 3144 5773 esse-lectionem,
3182 5712 3275 5773 non

2263 5755 2373 5820 nam
2411 5755 2720 5823 e—Drixianis
2751 5767 2997 5818 codicibus
3031 5755 3302 5826 expressit,
3328 5755 3562 5806 Victorius
3591 5755 3790 5795 conten-

2264 5836 2316 5883 tl.
