4088 6336
318 408 455 469 I003

313 531 409 607 [aL
440 527 606 585 adhuc
630 525 876 599 spirantia
906 520 1149 596 habeant]
1172 563 1188 587 ,
1218 519 1394 576 adhuc
1427 518 1666 576 habeant
1694 516 1891 574 debili-

314 632 455 678 tates
480 632 638 685 suas,
668 627 724 673 et
748 616 977 671 maxime
1009 613 1298 685 Martyrum
1323 654 1339 679 ,
1370 621 1427 668 et
1463 625 1649 666 eorum
1677 609 1767 680 qui
1796 622 1894 680 pro

312 710 513 770 Christi
541 709 758 764 nomine
777 706 858 762 vel
879 705 1062 760 oculos
1090 702 1337 768 effossos,
1364 700 1450 757 vel
1477 709 1779 773 amputatae
1800 704 1899 755 na-

314 821 425 871 res,
454 803 539 860 vel
580 800 847 857 abscissas
889 811 1078 852 manus
1121 793 1393 850 habeant?
1444 793 1584 862 Ergo
1631 792 1895 861 integrum

311 910 510 966 corpus
534 901 638 959 est,
658 892 727 948 de
752 904 861 962 quo
884 889 1113 943 diximus
1148 886 1201 941 in
1228 887 1329 938 alia
1358 884 1678 955 qmestione,
1707 890 1898 957 tenens

310 998 494 1058 εαριιι,
523 1000 588 1040 ex
616 996 723 1054 quo
746 996 906 1037 omne
930 995 1127 1048 corpus
1157 991 1458 1033 connexum
1491 983 1652 1044 atque
1671 986 1894 1042 compa-

218 1082 228 1091 ’
310 1087 483 1143 ctum,
525 1075 750 1145 accipiet
788 1071 884 1146 [aL
924 1068 1129 1144 accipit]
1157 1076 1501 1139 augmentum
1530 1067 1604 1138 (α)
1634 1066 1687 1119 in
1728 1063 1899 1117 admi-

312 1170 683 1243 nistrationem
753 1164 922 1238 848
994 1162 1237 1233 corporis
1270 1160 1494 1215 Christi.
1544 1158 1655 1212 Hoc
1701 1169 1897 1225 corpus

311 1262 554 1321 Ecclesia
585 1269 688 1316 est.
715 1258 785 1314 Et
823 1258 1147 1329 quicumque
1188 1254 1346 1325 bujus
1385 1250 1630 1324 corporis
1665 1247 1898 1306 tenuerit

311 1365 508 1425 caput,
540 1359 595 1407 et
622 1360 812 1406 caetera
844 1348 1083 1403 membra
1123 1345 1456 1411 servaverit,
1485 1342 1704 1398 habebit
1749 1341 1896 1396 into-

311 1434 468 1523 grum
498 1458 734 1516 corpus:
767 1451 1023 1513 quantum
1061 1442 1303 1511 accipere
1329 1447 1506 1510 potest
1533 1436 1763 1492 humana
1796 1448 1896 1490 na.

313 1551 456 1597 tura.
485 1536 640 1594 Juxta
682 1535 826 1589 hunc
869 1532 1084 1588 modum
1113 1541 1167 1588 et
1206 1532 1399 1587 anima:
1446 1528 1724 1601 integritas
1762 1540 1896 1582 cou-

311 1630 575 1689 scrvauda
600 1636 683 1684 est
702 1670 715 1691 ,
740 1643 859 1698 qua:
888 1626 1067 1681 dicere
1095 1633 1269 1695 potest
1301 1642 1314 1678 :
1341 1622 1559 1678 Benedic
1586 1621 1760 1675 anima
1784 1635 1895 1674 mea

312 1724 612 1788 Dominum,
640 1720 726 1792 qui
754 1728 899 1773 sanat
920 1734 1091 1771 antues
1115 1718 1432 1782 inﬁrmitates
1464 1714 1616 1784 tuas(
1645 1711 1737 1769 Ps.
1769 1713 1892 1769 102.

312 1819 366 1873 1.
416 1817 513 1887 5);
544 1821 601 1870 et
628 1813 695 1868 de
721 1827 822 1881 qua
854 1811 1109 1879 scriptum
1157 1818 1241 1863 est
1270 1825 1283 1862 :
1320 1808 1459 1862 Misit
1484 1806 1685 1862 verbum
1724 1823 1893 1872 suum,

310 1921 359 1968 et
389 1910 582 1965 sanavit
607 1923 689 1961 eos
715 1905 832 1977 (Ps.
863 1905 979 1960 lllb‘;
1004 1903 1121 1973 20).
1151 1902 1386 1972 Spiritus
1419 1916 1632 1973 quoque
1663 1902 1718 1955 in
1742 1901 1897 1955 nobis

313 1992 519 2076 integer
542 2012 905 2064 conservatur,
926 1998 1138 2071 quando
1160 2013 1264 2054 non
1290 2014 1535 2054 erraums
1560 1998 1610 2049 in
1639 1996 1891 2065 spiritua-

312 2098 473 2163 Iibus,
501 2095 593 2152 sed
636 2094 863 2149 vivimus
890 2093 942 2146 in
972 2092 1181 2161 spiritu,
1228 2088 1619 2159 acquiescimus
1648 2085 1855 2155 spiritui
1879 2126 1893 2149 ,

315 2200 373 2246 et
401 2202 563 2258 opera
610 2186 791 2242 carnis
839 2183 1221 2239 mortiﬁcamus
1266 2180 1475 2251 spiritu,
1518 2176 1898 2247 alferimusque

312 2294 502 2336 omnes
527 2279 727 2332 fructus
750 2276 866 2346 ejus
891 2316 906 2341 ,
934 2275 1234 2340 caritatem,
1267 2271 1515 2342 gaudium
1538 2312 1553 2338 ,
1595 2283 1779 2340 pacem
1798 2308 1814 2336 ,
1844 2278 1899 2324 et

311 2386 530 2430 extera.
554 2356 740 2428 Aliter.
765 2372 1081 2442 Prmeipitur
1129 2370 1307 2435 nobis,
1325 2368 1612 2427 Salomone
1640 2366 1851 2422 dicente
1878 2383 1893 2422 :

315 2467 394 2522 Tu
415 2479 583 2521 autent
606 2466 833 2521 describe
857 2483 915 2519 ea
954 2465 1218 2532 tripliciler
1249 2465 1300 2518 iu
1339 2463 1552 2518 consilio
1579 2471 1625 2517 et
1651 2462 1896 2525 scientia;

312 2568 370 2614 ut
403 2558 710 2627 respondeas
740 2557 817 2627 (ὁ)
858 2557 1003 2612 verba
1051 2557 1272 2611 veritatis
1300 2597 1314 2623 ,
1374 2554 1451 2609 his
1479 2555 1565 2625 qui
1608 2562 1913 2624 proponunt

315 2648 602 2723 tibi(Prov.
625 2649 715 2703 2‘2.
743 2649 831 2704 20.
851 2648 968 2719 2|).
995 2648 1211 2718 Triplex
1235 2648 1284 2700 iu
1299 2646 1464 2701 corde
1491 2655 1680 2701 nostro
1702 2643 1898 2700 descri-

314 2745 449 2816 ptio,
480 2752 534 2800 ct
563 2744 741 2818 regula
770 2742 1162 2811 Scripturarum
1186 2749 1286 2796 est.
1317 2738 1496 2796 Prima
1518 2781 1532 2805 ,
1559 2749 1616 2793 ut
1636 2737 1899 2807 intelliga-

312 2850 437 2892 mus
457 2850 548 2890 cas
569 2835 717 2905 juxta
741 2834 1037 2888 historiam.
1057 2832 1322 2894 Secunda,
1345 2831 1494 2900 juxta
1520 2830 1895 2901 tropologiam.

224 2927 243 2935 ⁸
313 2927 515 2993 Tertia,
540 2927 690 2997 juxta
719 2926 1122 2996 intelligentiam
1151 2925 1506 2995 spiritualem.
1549 2923 1604 2978 In
1647 2921 1891 2988 historia,

313 3036 501 3077 coriam
529 3035 648 3090 quae
668 3020 863 3090 scripta
892 3031 1037 3086 sunt,
1082 3017 1216 3074 ordo
1247 3028 1518 3073 servatur.
1564 3016 1621 3071 ln
1651 3017 1895 3087 tropolo-

313 3113 423 3183 gia,
449 3111 706 3168 delittera
729 3112 794 3165 ad
826 3112 1023 3182 majora
1056 3110 1452 3181 consurgimus,
1479 3117 1533 3165 et
1560 3108 1814 3180 quidquid
1841 3108 1897 3162 in

315 3204 483 3275 priori
509 3202 706 3275 populo
731 3203 1019 3259 carnaliter
1062 3201 1258 3259 factum
1288 3210 1406 3269 est,
1453 3201 1604 3272 juxta
1635 3200 1894 3255 moralem

316 3295 731 3366 interpretamur
778 3299 975 3361 locmu,
1016 3302 1070 3349 et
1114 3293 1180 3348 ad
1225 3294 1417 3348 anim-.1:
1455 3301 1653 3349 nostra:
1696 3292 1901 3348 etnolu-

316 3395 495 3442 menta
516 3386 892 3443 convertimus.
923 3385 979 3441 In
1008 3385 1268 3457 spirituali
1291 3394 1462 3457 θεωρίᾳ
1490 3386 1557 3440 ad
1585 3384 1900 3440 sublimiora

320 3480 630 3544 transimus,
671 3487 880 3536 terrena
914 3479 1230 3535 dimittimus
1252 3521 1267 3546 ,
1307 3478 1375 3535 de
1403 3479 1700 3535 futurorum
1728 3479 1899 3534 beati-

321 3569 525 3638 tudine,
551 3581 605 3627 et
628 3572 938 3628 caelestibus
964 3573 1300 3642 disputamus
1334 3588 1350 3628 :
1380 3582 1437 3627 ut
1468 3574 1746 3644 praesentis
1775 3574 1900 3628 vitm

320 3665 619 3734 meditatio,
633 3667 817 3722 umbra
833 3665 1021 3720 futura:
1036 3665 1376 3720 beatitudinis
1393 3665 1479 3719 sit.
1498 3664 1642 3734 Quos
1660 3665 1902 3720 Christus

322 3754 418 3828 [aL
449 3756 588 3826 Quos
614 3758 657 3813 si
684 3755 937 3830 Christus]
962 3757 1095 3812 tales
1124 3757 1410 3835 invenerit,
1435 3764 1559 3811 utet
1578 3771 1827 3827 corpore,
1848 3765 1903 3811 et

320 3848 495 3905 atiima
516 3890 532 3916 ,
559 3859 614 3904 et
641 3850 828 3920 Spiritu
857 3847 1049 3919 integri
1093 3858 1502 3914 conserventur,
1527 3856 1581 3903 et
1609 3846 1901 3918 perfectam

322 3941 555 3999 habeant
585 3942 807 4013 triplicis
849 3942 901 3997 in
950 3956 1009 3995 se
1052 3941 1291 3995 scientim
1324 3939 1646 4005 veritatem,
1679 3937 1778 3993 hos
1808 3952 1903 3993 sua

324 4048 455 4107 pace
481 4032 829 4090 sanetilicabit
854 4043 909 4089 et
936 4033 1095 4088 faciet
1134 4048 1255 4088 esse
1283 4029 1572 4101 perfectos.
1606 4030 1752 4086 Multi
1783 4032 1906 4085 sim-

324 4127 538 4197 pliciter
569 4126 707 4180 hunc
730 4126 906 4181 locum
944 4124 1010 4180 de
1050 4124 1447 4179 resurrectione
1488 4122 1808 4193 intelligunt,
1850 4130 1907 4178 ut

322 4228 379 4274 ct
420 4218 665 4289 spiritus,
703 4227 756 4273 et
780 4217 978 4283 anima,
1012 4226 1064 4272 et
1093 4230 1290 4286 corpus
1337 4213 1388 4269 in
1418 4214 1649 4270 adventu
1697 4213 1906 4269 Domini

326 4311 530 4382 integra
566 4320 970 4367 conserventur.
1008 4310 1080 4381 (c)
1129 4310 1230 4365 Alii
1257 4325 1321 4365 ex
1354 4309 1457 4364 hoe
1496 4309 1615 4365 loco
1642 4308 1906 4379 triplicem

328 4404 383 4459 in
417 4404 636 4460 homine
674 4404 858 4461 volunt
885 4403 1155 4460 afﬁrmare
1197 4403 1552 4461 substantiam
1603 4422 1617 4458 :
1649 4400 1902 4473 Spiritus,

326 4512 434 4569 quo
456 4496 714 4554 sentimus
737 4539 752 4564 ,
789 4495 980 4553 animae
1000 4539 1015 4566 ,
1047 4512 1150 4568 qua
1198 4496 1445 4564 vivimus,
1477 4495 1721 4566 corporis
1744 4534 1761 4562 ,
1803 4510 1909 4567 quo

327 4586 649 4644 incedimus.
695 4587 831 4643 Sunt
874 4589 965 4658 qui
1008 4603 1073 4644 ex
1113 4587 1287 4643 anima
1320 4597 1551 4652 tantum,
1580 4596 1634 4643 et
1682 4601 1909 4657 corpore

327 4677 626 4732 subsistere
670 4676 940 4734 hominem
967 4678 1313 4747 disserentes,
1347 4679 1596 4749 spiritum
1626 4678 1677 4733 in
1703 4693 1768 4733 eo
1802 4686 1911 4733 ter-

397 4830 464 4896 in)
503 4828 1361 4896 Vetustioresatqueemendatiores
1397 4831 1546 4881 libros
1566 4832 1818 4896 secutlsie
1840 4831 1914 4896 le-

328 4891 492 4955 gimus
515 4905 624 4942 cum
639 4891 863 4958 _Victori_o
877 4891 965 4958 {et
980 4894 1119 4955 juxta
1143 4891 1424 4944 Graecorum
1444 4906 1686 4958 ιπιχομτίις.
1710 4893 1909 4945 Martia-

330 4952 471 5020 ineus
487 4967 612 5020 vero
633 4952 683 5004 in
705 4952 1092 5020 aediﬁcationem.

394 5017 463 5083 (ὁ)
487 5016 739 5083 Ενθεπιυω
756 5014 927 5083 passim
941 5017 1227 5083 esscribens
1243 5014 1566 5083 Martianteus,
1585 5015 1700 5083 heic
1715 5028 1917 5083 quoque

330 5077 504 5129 minori
530 5091 735 5129 numero
758 5077 952 5143 verbum
975 5079 1097 5141 legit
1119 5091 1205 5139 pro
1227 5077 1409 5129 verba:
1430 5077 1844 5143 quemadmodum
1862 5086 1917 5130 et

330 5143 724 5203 autiquiﬂomnes
758 5140 893 5197 libri,
937 5148 989 5191 et
1025 5139 1194 5203 textus
1228 5139 1692 5203 uterque-retinet,
1732 5147 1784 5189 et
1806 5139 1913 5203 ipse

268 5238 273 5241 -
332 5201 480 5250 etiam
505 5202 749 5252 Victorius
771 5204 1017 5252 emendat.
1039 5201 1149 5251 Mos
1169 5210 1222 5251 ut
1242 5201 1419 5252 sensus
1438 5209 1650 5263 constet,
1675 5208 1758 5251 aut
1775 5201 1915 5253 certe

330 5264 610 5329 concinnior
631 5264 712 5329 sit,
737 5273 844 5328 post
858 5265 1127 5315 Salomonis
1146 5264 1294 5313 verba
1311 5276 1409 5314 uno
1429 5266 1601 5329 Spiritu
1622 5265 1916 5329 subnecten-

331 5324 445 5373 dum
456 5324 662 5388 videtur
688 5324 955 5388 insequens
976 5337 1179 5385 comma,
1206 5324 1620 5388 expuucta'etiam
1653 5328 1699 5376 iu
1724 5324 1821 5376 ﬁne.
1844 5333 1915 5379 est

333 5384 599 5497 ἶὲἳξιιὲἰυῗι
623 5399 682 5436 ea
709 5384 825 5451 ipsa
836 5388 1013 5453 triplex
1037 5384 1320 5451 descriptio,
1348 5397 1401 5440 et
1421 5386 1595 5454 regula
1620 5389 1817 5455 praecipi
1839 5389 1913 5438 in-

441 5463 473 5497 α
588 5485 600 5496 .

356 5461 600 5503 ειιιπίιωικ

396 5509 469 5572 (c)
505 5509 719 5560 Alteram
765 5511 891 5563 banc
921 5509 1296 5574 explicationem
1322 5520 1406 5562 aut
1427 5515 1727 5563 sententiam
1748 5511 1914 5564 Tatia-

330 5581 425 5643 nus
447 5582 751 5643 omnituentus
773 5583 868 5635 est,
888 5586 944 5624 ac
960 5573 1196 5643 defendit,
1222 5574 1429 5643 animam
1452 5587 1709 5643 acorpore
1740 5583 1793 5625 et
1815 5577 1914 5643 Spi-

330 5633 427 5701 rin
468 5633 532 5701 ita
566 5633 907 5701 distinguens,
930 5644 987 5686 ut
1023 5635 1250 5698 spiritum
1276 5637 1411 5701 inter
1445 5641 1499 5686 et
1521 5633 1716 5701 corpus
1754 5633 1919 5701 media

328 5691 483 5762 veluti
506 5691 776 5747 substantia
793 5700 877 5758 sit,
891 5691 1001 5761 qua:
1015 5691 1190 5762 corpus
1204 5698 1406 5762 quidem
1425 5691 1841 5762 modere'turtsed
1867 5707 1921 5751 et

328 5756 432 5825 tam
456 5733 1841 5827 ξιξίιιυῗΞί”ἓ’ρῖἐῖἶιὶ¹ξ’‹ἷιῖἆὶὶῖῖιὲᾆὲῖ.ἳὶἓέἓὲἷ’ἡῖἴεῖιὲἴῖ
1866 5733 1923 5827 Εἰ

627 5827 674 5872 ct
710 5812 1068 5875 similitudinem
1103 5821 1215 5893 Dei.
1240 5821 1364 5875 Vide
1405 5822 1514 5886 ejus
1553 5812 1830 5875 orationem
1857 5812 1920 5874 ad

1681 398 2009 457 EPISTULA
2046 399 2235 458 CXXI.

3440 398 3578 464 I006

2002 518 2155 584 tium,
2187 532 2292 573 non
2331 516 2683 575 substantiam
2752 520 2931 594 8&9
2991 520 3156 579 velint
3182 520 3426 593 intelligi,
3475 526 3572 581 sed

1998 609 2374 676 efficientiam,
2405 625 2501 681 per
2530 625 2687 681 quam
2716 621 2772 669 et
2798 628 2952 669 utens
2982 614 3037 671 in
3074 614 3251 678 nobis,
3283 626 3337 671 et
3362 630 3572 678 sensus.

1999 706 2055 755 et
2067 700 2338 771 cogitatio,
2352 710 2407 755 et
2420 700 2630 757 aninms
2654 701 3017 774 appellantur,
3027 705 3209 773 utique
3234 720 3338 759 non
3355 714 3477 760 sunt
3501 714 3581 760 tot

1999 791 2332 859 substantiae,
2376 800 2506 863 quot
2530 791 2765 847 nomina.
2796 790 3036 865 Curaque
3077 793 3208 850 illud
3249 795 3328 850 eis
3356 797 3571 867 Opposi-

2001 890 2111 938 tum
2158 883 2360 939 fuerit:
2401 882 2692 939 Benedicite
2735 884 2976 961 spiritus,
3007 896 3055 941 et
3095 889 3279 943 anima:
3309 889 3570 961 justorum

2006 972 2221 1027 Domino
2253 974 2410 1046 (Dan.
2442 975 2495 1031 3.
2533 975 2660 1046 86),
2692 974 3019 1047 Scripturam
3044 993 3149 1033 non
3179 979 3465 1050 recipiunt,
3497 980 3580 1035 di-

2000 1075 2183 1120 centes
2220 1081 2336 1120 eam
2382 1066 2435 1121 in
2484 1065 2746 1123 Ilebraico
2772 1082 2879 1122 non
2929 1067 3136 1123 haberi.
3182 1068 3293 1125 Nos
3318 1079 3493 1125 autem
3520 1071 3575 1125 iu

2001 1151 2250 1228 pinusenti
2290 1159 2410 1212 loco
2439 1157 2517 1232 (ut
2559 1174 2718 1229 supra
2746 1157 3001 1230 diximus)
3028 1159 3309 1230 scriptum,
3342 1163 3430 1232 qui
3454 1176 3575 1218 eum

2000 1247 2175 1301 anima
2205 1256 2258 1303 et
2286 1263 2512 1317 corpore
2552 1249 2758 1319 integer
2777 1260 3161 1319 conservatur,
3191 1267 3296 1306 non
3331 1254 3574 1308 substan-

2001 1340 2126 1395 tiam
2156 1340 2383 1412 Spiritus
2427 1341 2629 1409 Sancti,
2662 1358 2779 1415 qua:
2809 1359 2914 1399 non
2956 1354 3136 1417 potest
3181 1345 3435 1408 interire,
3481 1347 3587 1402 scit

2002 1430 2084 1505 (ά)
2108 1433 2306 1504 gratias
2331 1434 2448 1506 ejus
2473 1435 2894 1509 donationesque
2918 1439 3230 1510 accipimus,
3257 1455 3376 1510 qua:
3396 1450 3583 1495 nostra

2000 1525 2085 1580 νιἸ
2111 1526 2304 1582 virtute
2327 1568 2343 1593 ,
2372 1528 2456 1583 vel
2496 1528 2645 1596 vitio,
2671 1540 2725 1586 et
2743 1528 3088 1596 acceduntur,
3117 1541 3169 1587 et
3200 1531 3578 1603 extinguuntur

2000 1615 2053 1670 in
2082 1616 2256 1672 nobis.

2447 1709 2772 1767 EPISTOLA
2825 1711 3012 1768 CXXI.
3058 1712 3127 1787 (ε)

2598 1840 2665 1878 AD
2704 1839 2981 1882 ALCASHI.

2025 1950 2277 1990 CAPITULA
2306 1935 2372 2008 (ῃ
2408 1952 2460 1990 ιι
2488 1952 3087 2007 ουιςετίιοκωι-Αωιειε
3116 1955 3185 1994 an
3213 1952 3259 1993 s.
3289 1953 3546 1995 διεκθεῖ-

2709 2045 2843 2084 ιιωι.

2000 2137 2042 2192 1.
2068 2137 2170 2192 Cur
2192 2136 2420 2193 Joannes
2448 2139 2727 2209 discipulos
2754 2156 2872 2195 suos
2909 2142 3060 2195 mittit
3091 2142 3161 2195 ad
3193 2141 3495 2209 Dominum,
3525 2152 3593 2196 ut

2068 2232 2437 2303 interrogarent
2460 2248 2593 2293 eum,
2625 2231 2703 2286 Tu
2731 2247 2791 2287 es
2819 2233 2907 2301 qui
2934 2244 3191 2288 venturus
3215 2249 3292 2299 es,
3323 2249 3388 2289 an
3414 2235 3580 2289 alium

2068 2321 2482 2391 exspectamus?
2521 2321 2650 2377 Cum
2697 2324 2838 2393 prius
2880 2324 2991 2393 ipse
3038 2324 3102 2380 de
3141 2324 3315 2379 eodem
3358 2325 3539 2379 dixerit
3564 2340 3597 2379 Γ

2072 2414 2217 2469 Ecce
2240 2416 2422 2485 Agnus
2446 2415 2557 2480 Dei,
2589 2430 2715 2472 ecce
2743 2416 2833 2488 qui
2861 2417 3000 2471 tollit
3025 2427 3241 2487 peccata
3269 2419 3472 2472 mundi.

2001 2505 2065 2561 ll.
2101 2507 2237 2572 Quid
2260 2507 2507 2579 signiﬁcet
2532 2508 2668 2578 quod
2691 2508 2742 2562 in
2771 2508 3015 2563 Matthteo
3033 2510 3273 2581 scriptum
3293 2520 3383 2574 est,
3410 2512 3593 2563 Arun-

2072 2599 2251 2657 dinem
2281 2609 2590 2671 quassatam
2637 2616 2745 2656 non
2774 2600 3118 2672 confringet;
3147 2609 3202 2658 et
3229 2601 3397 2656 linum
3426 2600 3583 2657 fumi-

2070 2706 2201 2762 gans
2228 2707 2333 2746 non
2365 2692 2658 2763 extinguet.

2001 2782 2087 2837 Ill.
2140 2785 2298 2849 Quem
2343 2800 2543 2837 sensum
2582 2784 2724 2838 habet
2765 2784 2899 2856 quod
2932 2784 2985 2838 in
3026 2781 3303 2857 Evangelia
3348 2783 3585 2840 Hattluvi

2071 2877 2316 2947 scriptum
2345 2885 2419 2931 est
2444 2892 2464 2930 :
2488 2874 2543 2931 Si
2571 2877 2690 2947 quis
2716 2878 2830 2931 vult
2854 2886 2974 2946 post
3002 2891 3089 2933 me
3120 2877 3325 2943 venire,
3355 2877 3586 2948 abneget

2070 2968 2441 3038 semetipsum.
2481 2967 2611 3035 Qua:
2637 2978 2709 3022 est
2736 2968 2816 3022 sui
2843 2967 3109 3039 abnegatio
3135 2978 3261 3023 :aut
3294 2969 3579 3040 gitomodo,

2070 3066 2159 3135 qui
2184 3064 2406 3135 sequitur
2434 3063 2752 3119 Salvatorem
2784 3065 3001 3136 seipsum
3031 3056 3199 3135 negat.

2003 3158 2092 3214 IV.
2123 3158 2262 3227 Quid
2295 3158 2401 3213 vult
2428 3160 2715 3231 signiﬁcare
2743 3159 2879 3230 quod
2903 3159 2955 3213 in
2990 3159 3161 3213 eodem
3192 3155 3437 3214 Mutilum
3461 3161 3587 3213 scri-

2073 3262 2213 3325 ptum
2235 3261 2341 3307 est:
2368 3250 2460 3307 Vm
2490 3251 2910 3323 prmgnantibtts,
2933 3259 2988 3306 et
3010 3251 3370 3307 nutrientibus
3396 3251 3447 3305 in
3478 3251 3586 3306 illis

2071 3345 2264 3401 diebus
2290 3360 2306 3403 :
2333 3343 2419 3412 Et,
2445 3342 2608 3402 Orate
2628 3354 2685 3400 ut
2705 3360 2809 3400 non
2829 3344 2920 3399 flat
2945 3343 3066 3415 fuga
3085 3352 3263 3400 vestra
3289 3343 3340 3398 in
3370 3345 3582 3415 hyeme,

2074 3440 2155 3496 vel
2182 3439 2423 3495 sabbato.

2003 3531 2068 3586 ν.
2104 3529 2242 3598 Quid
2264 3530 2359 3586 sibi
2383 3530 2500 3585 velit
2523 3531 2659 3600 quod
2677 3530 2920 3599 scriptum
2941 3537 3013 3584 est
3031 3529 3083 3583 in
3107 3527 3385 3601 Evangelia
3404 3544 3584 3584 secun-

2074 3622 2195 3675 dum
2225 3619 2416 3674 Lucam
2447 3621 2558 3675 :Et
2590 3634 2696 3675 non
2736 3626 3056 3690 receperunt
3078 3660 3094 3688 ,
3125 3618 3248 3689 quia
3280 3618 3445 3673 facies
3470 3617 3585 3689 ejus

2074 3719 2192 3768 erat
2217 3712 2418 3767 vadens
2455 3710 2772 3767 Jerusalem.

2010 3803 2094 3857 Vl.
2125 3803 2263 3871 Quid
2285 3803 2349 3858 sit
2376 3802 2574 3858 villicus
2595 3801 2897 3873 iniquitatis,
2925 3798 3010 3872 qui
3039 3800 3243 3855 Domini
3260 3814 3380 3854 voce
3403 3799 3587 3854 lauda-

2078 3906 2154 3951 (ιιι
2183 3904 2277 3951 88‘.

2006 3988 2117 4043 VII.
2154 3988 2265 4054 Quo
2292 4002 2443 4042 sensu
2468 3986 2818 4058 accipiendum
2843 3993 2937 4054 est,
2961 3985 3096 4056 quod
3120 3986 3173 4039 in
3203 3984 3435 4056 Epistula
3464 3982 3591 4056 legi-

2079 4096 2191 4135 mus
2246 4080 2316 4134 ad
2369 4080 2627 4135 Romanos
2660 4094 2679 4133 :
2710 4078 2812 4133 Vix
2860 4078 3002 4133 enim
3075 4076 3242 4150 85o
3312 4090 3409 4147 pro
3444 4070 3601 4144 justo

2078 4173 2199 4244 quis
2229 4173 2457 4228 moritur
2489 4189 2502 4228 :
2533 4188 2655 4228 nam
2685 4188 2783 4244 pro
2813 4173 2955 4228 bono
3000 4169 3221 4226 forsitan
3249 4171 3369 4242 quis
3398 4167 3609 4224 audeat'

2082 4268 2217 4323 mori
2236 4268 2260 4322 ?

2008 4358 2144 4415 VIII.
2176 4358 2314 4427 Quid
2342 4358 2437 4413 sibi
2464 4358 2573 4412 vult
2602 4358 2739 4429 quod
2767 4356 2836 4411 ad
2877 4356 3136 4413 Romanos
3173 4352 3345 4409 scribit
3370 4352 3592 4422 Aposta-

2082 4453 2164 4508 lus
2197 4469 2215 4509 :
2243 4451 2538 4509 Occasione
2581 4459 2799 4520 accepta
2839 4458 3114 4519 peccaturo
3152 4463 3248 4518 per
3284 4444 3603 4501 mandantur

2082 4553 2357 4615 operatum
2388 4552 2470 4600 est
2500 4542 2552 4597 in
2582 4556 2670 4597 me
2692 4555 2906 4597 omnem
2937 4537 3444 4609 concupiscentiam.

2010 4635 2104 4693 1X.
2139 4636 2311 4704 Quare
2349 4634 2623 4703 Apostolus
2666 4631 2864 4686 Paulus
2904 4632 2959 4686 in
3004 4631 3178 4686 eadem
3222 4628 3603 4683 ad‘Romanos

2016 4794 2017 4801 γ
2082 4726 2254 4780 scribit
2284 4723 2521 4793 Epistula
2550 4738 2569 4777 :
2591 4720 2854 4792 Optabam
2885 4736 2986 4791 ego
3015 4721 3132 4790 ipse
3161 4718 3442 4775 anathema
3474 4733 3596 4774 esse
3649 4746 3665 4791 ί

2085 4832 2113 4870 a
2137 4815 2353 4871 Christo
2377 4829 2477 4885 pro
2507 4812 2762 4868 fratribus
2792 4812 2949 4877 meis,
2982 4821 3027 4866 et
3057 4811 3272 4880 reliqua.

2013 4860 3601 4975 xingrauat;',;.;;,;;;;.;;;';;...;.i;:;;eam...“
3644 4860 3647 4865 ’

2087 4997 2262 5052 scribit
2294 5012 2311 5050 :
2340 4994 2509 5051 Nemo
2550 5009 2647 5049 vos
2694 5002 2946 5067 superet,
2981 4993 3165 5049 volens
3203 4992 3256 5048 in
3297 4992 3606 5047 humilitate

2087 5089 2311 5153 mentis,
2340 5096 2396 5143 et
2425 5086 2683 5156 religione
2710 5086 3060 5156 Angelurum,
3089 5095 3133 5139 et
3158 5085 3381 5155 reliqua.

2016 5181 2108 5237 XI.
2142 5180 2279 5248 Quid
2308 5191 2382 5235 es!
2409 5180 2543 5253 quod
2569 5180 2703 5234 idein
2731 5179 3003 5247 Apostolus
3032 5178 3101 5232 ad
3128 5176 3601 5232 Tltcssalouicenscs

2088 5274 2261 5331 scribit
2285 5289 2304 5329 :
2327 5272 2437 5328 Nisi
2479 5272 2739 5329 discessio
2768 5273 2989 5329 veneritr
3005 5270 3235 5343 primum
3261 5309 3279 5338 ,
3309 5276 3408 5324 ειμι
3431 5267 3601 5322 :vela-

2091 5373 2176 5420 tus
2199 5363 2358 5420 fuerit
2383 5363 2545 5419 homo
2574 5363 2797 5435 peccati,
2826 5374 2872 5418 et
2898 5362 3114 5433 reliqua.

2087 5515 2167 5591 (dt
2193 5515 2488 5591 ιιεειίαιίιηβ
2505 5518 2630 5591 adeo
2646 5517 3009 5591 ,Ῥιιθοάοςθωεγ
3031 5525 3233 5591 "esse
3255 5522 3607 5591 refertam

2088 5538 2167 5591 ιαλ
2196 5538 2488 5590 nccuxsmte
2505 5538 2630 5569 aueo
2659 5538 3009 5591 μιθυυυςυιιιδ,
3032 5538 3178 5584 Imm
3189 5538 3233 5564 se
3255 5538 3416 5622 ᾒιοισμι
3445 5538 3603 5569 numq".

2020 5588 2252 5646 Spu'ttum
2270 5588 2472 5646 _vocavst
2511 5580 2814 5646 donationem
2843 5589 3023 5646 ipsum.
3048 5575 3229 5646 Parta.
3280 5575 3445 5646 “abeat
3486 5571 3603 5646 Ire-

2019 5632 2174 5707 n'seus,
2192 5649 2245 5707 et
2254 5641 2491 5707 Clemens
2503 5641 2747 5707 Alexand.
2761 5650 2815 5707 et
2838 5632 3206 5707 Chrysostomus
3218 5634 3267 5707 in
3280 5634 3409 5683 hunc
3427 5632 3606 5683 locum.

2106 5705 2150 5768 e)
2194 5704 2319 5768 alios
2342 5705 2361 5768 l
2373 5706 2450 5754 iit.
2476 5705 2664 5768 scripta
2680 5700 2999 5768 eodemanno
3014 5705 3072 5748 ac
3091 5700 3357 5768 superiore.

2107 5757 2154 5830 Ι)
2194 5766 2457 5830 Hzecitem
2480 5757 2813 5830 Qujzestionum
2836 5762 3047 5830 Algasiae
3068 5757 3279 5830 capitula
3303 5759 3349 5805 iu
3375 5762 3605 5830 antecesf

2023 5822 2445 5880 sum'excudimus
2475 5822 2648 5879 iisdem
2679 5824 2744 5886 de
2766 5822 2958 5886 causis,
2997 5822 3177 5886 quibus
3199 5833 3346 5886 supra
3371 5830 3430 5870 ea
3451 5853 3466 5879 ,
3499 5822 3606 5881 qua,-
3663 5851 3673 5863 .

2030 5905 2093 5942 ex
2118 5888 2339 5941 Hedibia:
2362 5885 2768 5940 Coutmetttariolu
2790 5884 3098 5937 dicebantur.

3700 1366 3717 1391 ε
