4088 6336
288 383 423 447 κω

286 500 591 557 venientem
626 516 639 555 :
674 513 769 557 cur
813 497 1110 567 baptizatus
1149 510 1178 551 a
1217 495 1422 553 Joanne
1449 534 1465 562 ,
1510 494 1626 566 ipse
1667 491 1863 549 audeat

289 596 600 667 baptizare;
631 602 685 650 et
713 590 879 648 multo
912 576 1142 667 amplior
1178 588 1247 644 ad
1284 604 1407 645 eum
1450 587 1603 644 turba
1631 601 1863 643 concur-

291 697 393 753 rat,
422 702 583 759 quam
615 686 761 757 prius
784 695 1002 742 venerat
1035 683 1102 736 ad
1131 680 1412 737 Joannem.
1448 679 1517 735 Et
1544 693 1611 733 ne
1642 676 1864 732 forsitan

290 779 443 853 plebs
473 779 743 841 nesciens,
772 776 875 831 hoc
891 775 1035 831 dicto
1058 774 1318 830 Joannem
1340 771 1612 843 suggillari
1636 770 1865 825 arbitra-

282 883 441 930 retur
462 914 479 939 ,
513 872 566 927 in
596 871 739 927 illius
764 868 951 926 laudes
994 878 1203 938 perorat
1233 883 1248 921 :
1274 875 1331 921 et
1355 864 1521 933 coepit
1556 862 1624 918 de
1659 860 1867 918 Joanne

288 963 356 1022 ad
389 963 573 1019 turbas
611 962 794 1018 dicere
832 960 1245 1016 circumstantes
1277 974 1292 1012 :
1327 955 1463 1025 Quid
1489 954 1661 1009 existis
1690 953 1743 1007 in
1779 951 1869 1004 de-

291 1065 481 1110 sertum
520 1052 687 1108 uidere
707 1053 733 1107 .’
768 1051 1068 1106 arundinem
1107 1060 1254 1104 uento
1289 1048 1532 1119 agitatam
1551 1047 1577 1101 Ρ
1607 1045 1712 1100 Sed
1747 1040 1869 1115 quid

290 1148 465 1207 existis
494 1146 548 1200 in
575 1145 898 1200 solitudinem
928 1141 1138 1197 videre!
1163 1141 1417 1195 hominem
1453 1137 1688 1192 mollibus
1716 1135 1867 1190 vesti-

293 1248 400 1290 tam
425 1235 641 1309 (Matth.
663 1235 747 1290 ll.
767 1235 798 1289 7
815 1245 859 1289 et
882 1234 944 1298 8;
967 1243 1013 1287 et
1031 1232 1157 1287 Luc.
1178 1233 1232 1287 7.
1250 1230 1322 1285 24
1349 1240 1393 1285 et
1411 1229 1545 1301 ξεν
1568 1238 1623 1285 et
1638 1228 1862 1299 reliqua.

287 1327 452 1400 853
535 1326 702 1398 Cujus
758 1324 884 1380 dicti
928 1323 1014 1380 hic
1059 1338 1250 1379 sensus
1286 1331 1370 1378 est
1425 1339 1441 1377 :
1495 1318 1759 1390 Numquid
1803 1316 1870 1372 ad

294 1421 397 1477 hoc
425 1421 617 1476 existis
645 1420 698 1475 in
724 1435 963 1476 eventum
988 1459 1007 1483 .
1036 1427 1094 1473 ut
1118 1408 1373 1473 videretis
1400 1415 1668 1470 hominem
1701 1414 1871 1467 instar

292 1513 573 1570 arundinis
600 1522 881 1569 ventorum
907 1511 1056 1576 flatu,
1087 1512 1139 1566 in
1171 1521 1350 1579 partes
1377 1507 1550 1562 varias
1580 1503 1822 1560 inclinari
1846 1503 1871 1556 ἲ

234 1670 237 1671 ν
296 1614 353 1660 ιιι
379 1620 538 1676 quem
566 1614 694 1660 ante
723 1604 1062 1671 laudaverat,
1090 1603 1157 1659 dc
1186 1617 1251 1657 eo
1283 1615 1424 1655 nunc
1451 1598 1651 1654 dubitet
1679 1606 1771 1652 :et
1799 1594 1869 1651 de

285 1686 396 1767 quo
421 1697 567 1767 prius
595 1695 841 1751 dixerat:
869 1695 1000 1750 Ecce
1026 1696 1201 1767 Agnus
1232 1691 1350 1757 Dei,
1380 1707 1522 1746 mute
1548 1691 1864 1760 interroget,

295 1796 474 1842 utrum
504 1786 620 1858 ipse
646 1802 713 1841 au
744 1787 882 1842 alius
909 1788 1001 1849 sit,
1025 1786 1114 1857 qui
1145 1785 1227 1840 vel
1258 1783 1483 1850 vent-rit,
1511 1774 1871 1838 vel'ventnrns

293 1881 399 1936 sit?
424 1880 490 1936 Et
509 1881 632 1952 quia
661 1882 836 1935 omnis
868 1880 1186 1951 pr.edicatio~
1203 1879 1339 1934 falsa
1359 1887 1590 1934 sectatur
1617 1876 1787 1943 lucra,
1816 1883 1871 1929 et

292 1971 516 2043 gloriam
544 1972 738 2042 qumrit
768 1971 1052 2027 humanam
1075 2012 1091 2038 ,
1120 1980 1179 2026 ut
1202 1986 1298 2042 per
1326 1970 1551 2041 gloriam
1586 1975 1870 2023 nascantur

292 2062 612 2133 compendia
640 2079 655 2117 :
682 2063 873 2118 asserit
901 2079 1024 2119 eum
1062 2063 1388 2119 camelorum
1435 2059 1682 2116 vestitum
1715 2057 1867 2129 pilis,

293 2158 428 2216 nulli
474 2172 630 2230 posse
667 2158 959 2215 adulationi
1005 2158 1394 2223 succumbere;
1433 2165 1490 2212 et
1526 2156 1616 2228 qui
1649 2156 1868 2210 locustis

289 2250 526 2305 vescitur
565 2264 628 2305 ac
668 2250 829 2306 melle
867 2251 1103 2307 silvestri
1147 2249 1362 2321 (Matth.
1392 2251 1444 2307 5.
1476 2250 1531 2321 ι)
1558 2290 1577 2317 ,
1606 2263 1704 2304 nec
1740 2262 1871 2318 opes

291 2357 467 2412 neque
501 2342 636 2398 alias
679 2351 921 2398 terrenas
964 2342 1188 2399 delicias
1217 2359 1494 2414 quam-re,
1541 2342 1870 2414 rigidamque

288 2444 344 2492 et
370 2444 643 2491 austeram
669 2436 853 2503 vitam,
877 2436 1027 2491 aulas
1051 2436 1220 2492 vitare
1246 2436 1448 2506 palatii.
1471 2451 1603 2506 quas
1625 2440 1870 2506 quaerunt

288 2527 377 2597 qui
409 2541 644 2597 purpura
688 2535 743 2582 et
782 2527 943 2598 bysso
974 2536 1029 2582 et
1063 2528 1237 2584 serico
1270 2536 1324 2582 et
1353 2527 1603 2583 mollibus
1633 2525 1868 2582 vestiun-

297 2628 403 2675 tur.
447 2619 521 2691 (a)
569 2621 807 2691 Dicitque
847 2637 968 2676 eum
1016 2635 1120 2676 non
1160 2622 1334 2677 solum
1374 2620 1693 2692 Prophetam
1718 2661 1733 2688 ,
1777 2606 1867 2689 qui

289 2712 463 2769 soleat
486 2723 709 2767 ventura
752 2713 1085 2784 prmdicere;
1113 2714 1206 2770 scd
1238 2716 1356 2786 plus
1398 2728 1518 2770 esse
1547 2728 1702 2784 quam
1733 2712 1867 2768 Pro-

286 2800 506 2877 phetam
528 2819 541 2856 :
562 2803 682 2874 quia
711 2821 867 2875 quem
900 2805 975 2861 illi
1006 2815 1287 2862 venturum
1316 2821 1437 2863 esse
1465 2807 1750 2872 dixerant,
1782 2805 1870 2862 hic

235 2896 239 2901 “
287 2897 504 2955 venisse
531 2898 844 2952 monstravit
864 2941 879 2966 ,
907 2898 1129 2955 dicens:
1153 2897 1284 2956 Ecce
1300 2900 1469 2970 Agnus
1491 2896 1608 2964 οιυί,
1625 2897 1713 2969 qui
1738 2896 1871 2952 tollit

287 3000 492 3061 peccata
514 2991 689 3045 mundi
712 2988 892 3064 (Joau.
920 2993 971 3047 1.
994 2990 1095 3064 29)
1118 3010 1131 3047 :
1156 2992 1451 3063 prmscrtim
1482 3007 1603 3046 cum
1627 2989 1692 3045 ad
1721 2988 1870 3044 fasti-

288 3083 434 3153 gium
462 3082 782 3151 Prophetale
813 3084 1064 3154 Baptista:
1092 3085 1386 3140 accesserit
1413 3082 1783 3154 privilegium;
1812 3090 1870 3138 ut

290 3175 380 3246 qui
415 3174 657 3231 dixerat:
682 3174 795 3247 Ego
819 3193 851 3229 a
878 3185 925 3230 te
951 3176 1105 3230 debeo
1133 3175 1379 3249 baptizari
1408 3174 1619 3249 (Matth.
1647 3176 1702 3232 ὃ.
1738 3175 1829 3246 Η)
1849 3214 1866 3241 ,

288 3267 405 3337 ipse
432 3282 555 3323 eum
585 3267 937 3339 baptizavcrit
963 3286 978 3324 :
1010 3284 1117 3324 non
1155 3269 1573 3341 pnesnmptione
1616 3267 1865 3339 majoris,

285 3357 384 3435 sed
424 3357 724 3413 obedientia
767 3357 1050 3431 discipuli,
1095 3374 1159 3416 ac
1198 3360 1390 3416 timore
1427 3360 1592 3416 servi.
1626 3358 1868 3431 Curaque

286 3449 429 3506 inter
459 3459 613 3506 natos
654 3451 942 3509 mulierum
972 3491 990 3518 ,
1020 3451 1223 3507 nullum
1255 3460 1463 3508 asserat
1492 3450 1701 3508 Joanne
1740 3466 1864 3508 sur-

286 3543 492 3598 rexisse
524 3543 782 3613 majorem
819 3542 1033 3617 (tllatth.
1064 3546 1149 3600 ll.
1188 3541 1294 3615 ll),
1321 3558 1401 3610 se,
1434 3544 1523 3614 qui
1547 3543 1617 3600 de
1648 3542 1866 3613 Virgine

288 3643 605 3703 procreatus
647 3645 731 3690 est
754 3676 770 3700 ,
819 3638 1080 3706 majorem
1124 3650 1247 3690 esse
1288 3644 1676 3690 commemorat
1708 3655 1722 3691 :
1754 3635 1866 3690 sive

287 3740 501 3784 omnem
530 3730 794 3800 Angelum
821 3729 886 3785 in.
904 3729 1056 3785 cadis
1086 3729 1176 3799 qui
1205 3728 1457 3784 minimus
1485 3736 1588 3793 est,
1622 3729 1676 3784 in
1708 3727 1866 3782 terris

284 3831 518 3877 cunctos.
546 3819 791 3876 homines
828 3822 1053 3876 anteire.
1082 3820 1191 3877 Nos
1218 3820 1362 3876 enim
1393 3820 1444 3876 in
1473 3819 1709 3890 Angelos
1736 3834 1862 3889 pro-

287 3911 497 3968 ﬁcimus
519 3928 535 3978 ;
561 3921 618 3968 et
644 3927 749 3968 non
779 3912 966 3984 Angeli
991 3913 1043 3967 iu
1075 3928 1173 3968 nos
1195 3929 1209 3966 :
1234 3911 1310 3983 (b)
1331 3912 1470 3968 sicut
1495 3910 1708 3982 qtﬂdam
1731 3921 1867 3965 εισι-ο

288 4014 464 4061 tentes
501 4020 697 4075 sapore
737 4005 1052 4075 gravissimo
1082 4005 1369 4060 somniant.
1404 4003 1512 4059 Nec
1539 4002 1736 4059 suillcit
1765 4004 1867 4059 hoc

292 4096 347 4153 in
371 4097 593 4154 Joannis
621 4097 870 4153 laudibus
891 4140 908 4162 ,
940 4096 1044 4152 nisi
1073 4099 1188 4167 ipse
1216 4094 1515 4168 pra-dicans
1542 4096 1864 4167 baptismum

285 4192 612 4262 pamiteutia:
643 4232 661 4259 ,
712 4190 862 4261 prius
916 4190 1119 4247 dixisse
1168 4188 1474 4246 referatur:
1507 4188 1866 4245 Ptenitcntiam

284 4285 446 4353 agite,
479 4283 905 4356 appmpinquarit
944 4285 1076 4338 enim
1112 4301 1323 4356 regnum
1360 4283 1603 4339 calorum
1642 4282 1864 4356 (Matth.

284 4377 340 4434 3.
388 4376 463 4450 l).
497 4377 650 4435 Unde
691 4395 723 4435 a
763 4379 952 4435 diebus
991 4378 1388 4449 prmdicntionis
1426 4378 1543 4451 ejus
1570 4419 1586 4446 ,
1638 4394 1862 4450 regnum

283 4471 540 4526 cmiorum
584 4471 688 4526 vim
733 4473 930 4542 patitur
969 4471 1130 4546 (Ibid.
1174 4473 1263 4529 ll.
1307 4471 1433 4545 12);
1473 4482 1533 4547 ut_
1569 4471 1662 4544 qui
1701 4472 1865 4528 homo

281 4571 439 4618 natus
466 4570 567 4618 est.
595 4561 833 4634 Angelus
872 4578 994 4619 esse
1032 4565 1420 4632 desideret;et
1447 4574 1718 4622 terrenum
1746 4566 1861 4622 ani-

272 4655 389 4715 ,mal
412 4695 429 4716 ,
463 4654 683 4708 cceleste
721 4664 924 4723 qumrat
952 4654 1332 4711 habitaculum.
1364 4655 1473 4712 Lex
1498 4658 1630 4712 enim
1659 4666 1704 4711 ct
1734 4657 1866 4711 Pro-

285 4747 452 4818 pheta:
483 4761 639 4817 usque
677 4745 744 4799 ad
775 4744 1028 4801 Joannem
1065 4749 1491 4818 prophetapsrunt
1529 4746 1695 4823 (Ibid.
1731 4745 1861 4822 15):

282 4855 391 4897 nou
419 4840 561 4911 quod
576 4838 809 4896 Joannes
826 4839 1213 4909 Prophetarum
1239 4841 1309 4895 sit
1334 4839 1455 4897 linis
1484 4852 1537 4897 et
1559 4840 1739 4912 Legis,
1768 4841 1864 4897 sed

282 4932 374 4991 ille
401 4931 491 5003 qui
532 4929 757 4988 Joannis
801 4931 1117 4989 testimonio
1141 4916 1460 5004 prtedicatus
1487 4942 1592 4989 est.
1623 4932 1859 4990 Joannes

280 5034 459 5083 autem
487 5023 780 5080 secundum
805 5024 1123 5097 mysterium
1144 5067 1160 5093 ,
1188 5024 1328 5097 quod
1362 5024 1414 5080 in
1441 5025 1696 5082 iilalachia
1724 5025 1861 5082 scri-

348 5159 414 5228 (υ)
436 5159 648 5228 ,ᾼᾱᾲιιηι
686 5162 987 5213 vetustiores
1031 5162 1181 5224 editi,

279 5222 409 5290 sinit;
434 5222 585 5290 ligula
608 5231 716 5290 post
745 5229 978 5290 monstrat
1002 5238 1089 5288 pro
1106 5222 1384 5290 monstravit
1410 5226 1685 5290 legebatur.

344 5285 569 5360 (inﬂet:
593 5285 849 5360 Qrigeues
881 5285 1045 5338 docvit
1078 5295 1209 5360 teste
1244 5285 1511 5360 Epiphanio
1544 5288 1741 5360 Haeres.
1779 5288 1859 5360 (ξι.

281 5346 469 5461 regal.
511 5353 563 5398 et
592 5349 672 5399 33.
692 5346 883 5399 "annos
915 5361 1097 5411 nempe
1140 5346 1385 5425 lmininn'm
1430 5351 1613 5423 animas
1645 5349 1866 5413 Angelos

278 5407 331 5457 fu
434 5444 450 5461 .
476 5416 529 5461 et
549 5422 722 5461 rursus
742 5410 868 5461 ﬁeri.
888 5406 984 5460 lite
1009 5422 1128 5461 vero
1155 5426 1268 5461 cum
1294 5412 1401 5461 aliis
1427 5413 1546 5461 locis
1564 5420 1668 5461 tum
1693 5414 1862 5461 traei-

434 5444 450 5470 9

1219 5160 1309 5228 qui
1340 5162 1391 5228 in
1412 5160 1650 5228 (domibus
1691 5170 1869 5228 Regia»

476 5416 532 5476 et
549 5422 722 5462 rursus
742 5410 868 5476 ﬁeri.
888 5406 984 5476 ille
1003 5406 1128 5476 vero
1155 5426 1268 5462 cum
1294 5412 1401 5463 aliis
1427 5413 1546 5467 locis
1564 5420 1668 5464 tum
1693 5406 1862 5476 ﬁsci-

315 5484 380 5521 ue
418 5473 469 5539 in
503 5471 646 5539 Joa‘n.
673 5480 792 5524 tom.
816 5473 870 5539 ὅτ
899 5472 965 5522 de
1001 5473 1107 5536 ijso
1137 5487 1461 5537 pra-cursore,
1481 5488 1629 5539 quem
1671 5471 1862 5539 pridem

278 5534 524 5597 Angelum
556 5533 710 5586 fuisse
739 5533 1053 5598 suspicatur:
1076 5533 1282 5599 ιαιίιηδιν.
1320 5533 1513 5601 inquit,
1541 5533 1761 5601 οωμᾶτδν.
1797 5553 1866 5591 τοῦ

279 5610 507 5658 ’Μάτων
527 5610 648 5658 τάσεις
669 5614 733 5657 τῆς
755 5610 904 5657 1⁸τισι-ις
935 5609 1261 5661 δσυιιιτωιιινον.
1281 5614 1376 5650 καί
1404 5612 1666 5665 aanimi-Iv
1701 5610 1867 5661 ζηλωτάς

279 5669 376 5732 and;
405 5671 467 5709 ul
494 5672 652 5724 μιμητὰς
689 5673 865 5724 prostat
900 5675 1080 5723 Χριστοῦ,
1487 5670 1568 5732 διά⁵
1594 5678 1660 5714 τοῦ
1699 5677 1865 5732 ςῶραφς

279 5722 503 5786 {Metti-tt
531 5738 579 5786 vl
615 5734 665 5782 εις
696 5722 905 5786 δορί-πως
937 5722 1050 5786 ὦτοι
1089 5722 1320 5786 Wst.
1344 5722 1454 5786 νεα.
1490 5722 1866 5786 epist.adevi-'

281 5784 381 5850 tum
405 5784 586 5850 cap._l.
611 5792 664 5836 et
687 5786 737 5834 iu
760 5784 995 5849 Aggaeum
1020 5784 1290 5839 Comment.
1306 5786 1362 5850 Al.
1386 5784 1867 5850 Hujuémodillaare-

256 5841 366 5897 .tici
391 5841 864 5908 t’sucltopueumotta
884 5850 948 5901 ab
962 5857 1160 5923 auctore
1179 5841 1516 5902 Praedestmati
1539 5848 1865 5916 appellantur.
1900 5860 1912 5867 ‘

1625 374 1952 437 EPISTOLA
1990 375 2174 437 CXXI.

3419 391 3558 450 ΜΘ

1973 504 2118 567 ptum
2140 506 2223 552 est
2250 496 2402 569 (Cap.
2434 499 2484 556 ι.
2518 516 2568 556 υ.
2604 501 2659 575 5)
2681 545 2697 571 ,
2728 501 2850 574 Ipse
2873 513 2946 560 est
2975 503 3121 560 Elius
3143 546 3157 570 .
3185 505 3275 578 qui
3308 515 3555 563 venturus

1973 598 2045 642 est
2074 586 2284 659 (Matth.
2317 590 2403 646 ll.
2436 590 2522 662 14)
2553 611 2567 649 :
2594 608 2700 648 non
2730 594 2869 665 quod
2900 595 3085 654 eadem
3124 598 3298 653 anima
3327 597 3407 672 (ut
3434 597 3552 653 llze-

1976 676 2128 735 retici
2159 678 2518 754 suspicantur)
2547 692 2600 737 et
2629 683 2679 737 in
2712 684 2822 739 Elia
2852 696 2903 740 et
2933 687 2984 740 in
3012 685 3215 744 Joanne
3241 686 3436 744 fuerit:
3456 688 3558 744 sed

1975 775 2117 845 quod
2143 774 2390 832 eamdem
2419 775 2664 834 habuerit
2730 778 2899 852 855.
2966 781 3149 838 Sancti
3177 782 3404 855 Spiritus
3425 798 3556 854 gra-

1976 867 2126 936 tiam,
2156 883 2294 924 zona
2318 868 2525 925 cinctus
2546 879 2602 924 ut
2626 871 2791 938 Elias,
2815 873 3001 927 vivens
3018 875 3069 929 in
3087 888 3271 931 eremo
3295 885 3352 930 ut
3372 873 3550 930 Elias:

1975 960 2405 1031 persecutionem
2435 977 2623 1033 passus
2647 963 2716 1018 ab
2741 962 3064 1030 Herodiade,
3095 974 3154 1021 ut
3182 964 3272 1023 ille
3300 967 3554 1022 sustinuit

1975 1052 2046 1108 ab
2069 1052 2282 1110 Jezabel
2303 1071 2317 1109 :
2340 1064 2397 1110 ut
2422 1056 2692 1125 quomodo
2712 1057 2854 1113 Elias
2876 1056 3095 1113 secundi
3127 1073 3427 1129 przecursor
3452 1058 3552 1115 ad-

1976 1156 2170 1200 ventus
2200 1155 2301 1211 est,
2329 1132 2398 1202 ita
2425 1145 2660 1203 Joannes
2685 1158 2969 1204 venturum
2997 1149 3047 1202 in
3077 1164 3239 1206 carne
3267 1149 3550 1205 Dominum

1976 1241 2330 1310 Salvatorem,
2355 1257 2460 1297 non
2484 1243 2658 1298 solum
2686 1244 2737 1299 in
2764 1259 2968 1310 eremo.
2991 1244 3085 1300 sed
3109 1246 3343 1301 etiamin
3368 1248 3553 1302 matris

1977 1343 2130 1387 utero
2158 1333 2425 1401 salutarit,
2453 1344 2504 1389 et
2530 1334 2861 1392 exultatione
2886 1339 3128 1408 corporis
3156 1337 3436 1392 nuntiarit.

2046 1444 2201 1501 CAP.
2234 1444 2297 1501 ll.
2320 1447 2545 1515 —-Quid
2568 1448 2833 1521 significet
2872 1449 3013 1520 quod
3040 1450 3092 1506 iu
3123 1448 3372 1506 Matthzeo
3414 1452 3554 1506 seri»

1975 1546 2125 1608 ptum
2164 1548 2247 1593 est
2277 1557 2291 1594 :
2327 1558 2346 1593 ι
2381 1540 2706 1596 Arundinem
2746 1553 3053 1612 quassatam
3095 1558 3202 1598 non
3232 1542 3555 1614 confringet,

1970 1641 2031 1687 .et
2060 1630 2223 1686 linum
2258 1630 2522 1703 fumigans
2567 1647 2672 1691 nou
2715 1632 2991 1704 extinguet
3023 1651 3042 1686 ο
3070 1630 3283 1705 (Matth.
3318 1632 3407 1689 12.
3434 1631 3551 1707 20).

1974 1722 2056 1779 Ad
2091 1722 2246 1793 cujus
2291 1722 2682 1792 expositionem
2722 1721 2846 1791 loci,
2890 1732 3059 1779 totum
3103 1724 3245 1795 quod
3279 1724 3565 1780 Mattltmus

1964 1815 2043 1873 de
2084 1816 2219 1872 Isaia
2266 1815 2533 1886 Propheta
2580 1816 2805 1872 assumit
2845 1817 3206 1872 testimonium
3249 1816 3562 1887 ponendum

1975 1920 2078 1977 est,
2120 1920 2175 1965 et
2217 1910 2382 1980 ipsius
2413 1909 2573 1966 verba
2619 1908 2767 1965 lsaize
2798 1908 2950 1981 (Isai.
2982 1910 3095 1979 42).
3136 1910 3289 1981 juxta
3323 1908 3555 1980 Septua»

1973 2003 2120 2073 ginta
2163 2004 2501 2073 interpretes,
2536 2002 2821 2073 ipsumque
2863 2001 3206 2066 llebraicum,
3256 2001 3343 2057 cui
3371 2001 3553 2057 Theo-

1974 2092 2144 2160 dotio,
2172 2093 2384 2164 Aquila,
2427 2092 2887 2165 Symmachusque
2914 2093 3277 2149 consentiunt.
3306 2092 3395 2148 Sic
3423 2108 3563 2163 ergo

1974 2184 2044 2242 de
2096 2197 2326 2257 quatuor
2378 2187 2763 2258 Evangelistis,
2820 2187 2968 2243 solus
3012 2187 3293 2243 Mattlnmus
3334 2188 3550 2259 posuit:

1981 2297 2003 2334 ι
2033 2279 2190 2336 Jesns
2209 2290 2391 2337 autem
2419 2282 2621 2346 sciens,
2652 2282 2879 2337 secessit
2918 2281 3040 2338 inde
3073 2300 3086 2335 :
3117 2292 3172 2338 et
3213 2281 3387 2338 secuti
3429 2290 3554 2337 sunt

1974 2387 2099 2428 cum
2128 2358 2303 2440 multi,
2334 2382 2391 2428 et
2432 2374 2640 2429 curavit
2681 2388 2776 2428 eos
2822 2388 3013 2430 omnes
3045 2392 3060 2427 ;
3090 2384 3140 2428 et
3175 2373 3426 2444 pra-cepit
3450 2372 3553 2440 eis,

1976 2478 2046 2519 ne
2084 2464 2423 2519 manifestum
2459 2480 2582 2519 eum
2628 2463 2910 2530 facerent;
2963 2472 3024 2520 ut
3060 2464 3376 2535 impleretur
3409 2464 3553 2535 quod

1964 2557 2175 2613 dictum
2220 2565 2303 2614 est
2343 2572 2439 2627 per
2480 2557 2668 2612 Isaiam
2715 2557 3035 2628 Prophetam
3076 2556 3228 2629 (Cap.
3273 2556 3362 2612 42.
3410 2573 3459 2613 υ.
3499 2552 3555 2613 l.

1958 2659 2022 2704 act
2068 2648 2253 2723 αντιφ),
2300 2651 2610 2706 dicentem:
2643 2650 2782 2706 Ecce
2814 2666 2947 2722 puer
2991 2663 3144 2705 meus
3171 2665 3334 2720 quem
3377 2647 3554 2720 elegi:

1975 2741 2204 2799 dilectus
2230 2759 2405 2811 meus,
2428 2744 2480 2798 in
2511 2760 2615 2814 quo
2647 2744 2784 2799 bene
2820 2743 3145 2815 complacuit
3171 2745 3364 2799 auimw
3394 2757 3551 2800 mete.

1962 2834 2180 2890 ’l‘onam
2212 2835 2458 2905 spiritum
2490 2850 2668 2890 meum
2698 2850 2861 2907 super
2881 2851 3026 2903 eum,
3048 2845 3103 2892 et
3129 2835 3395 2907 judicium
3421 2851 3569 2906 geno'

1962 2927 2119 2982 tibus
2147 2926 2431 2982 nuntiabit.
2464 2926 2580 2982 Non
2612 2928 2924 2992 contendet,
2948 2942 3122 2997 neque
3150 2926 3422 2991 clamabit,
3461 2941 3555 2981 nc-

1973 3034 2079 3090 que
2109 3018 2289 3074 audiet
2321 3019 2601 3101 quisquam
2630 3021 2681 3074 in
2723 3019 2915 3089 plateis
2942 3034 3126 3074 vocem
3156 3017 3293 3088 ejus.
3327 3016 3556 3073 Arundi-

1975 3126 2099 3166 nem
2143 3121 2448 3182 quassntam
2482 3127 2585 3165 non
2624 3110 2945 3182 confringet,
2992 3120 3048 3167 et
3089 3110 3256 3165 linum
3287 3108 3557 3178 fumigaus

1977 3216 2083 3258 non
2113 3203 2409 3273 extinguet,
2436 3203 2610 3259 donec
2653 3203 2831 3274 ejiciat
2856 3202 2925 3259 ad
2951 3202 3225 3258 victoriam
3245 3201 3503 3273 judicium
3534 3219 3551 3257 :

1972 3306 2028 3352 et
2068 3295 2123 3351 in
2170 3295 2389 3351 nomine
2437 3295 2555 3365 ejus
2601 3305 2789 3367 gentes
2831 3296 3127 3366 Sperabunt
3158 3313 3176 3347 ι
3210 3293 3405 3368 (Matth
3468 3292 3556 3348 li.

1974 3388 2064 3445 l5.
2094 3397 2142 3444 et
2168 3387 2354 3461 seqq.).
2382 3388 2490 3445 Pro
2517 3405 2625 3460 quo
2669 3388 2722 3444 in
2752 3389 2884 3445 Isaia
2911 3390 3060 3460 juxta
3091 3387 3440 3460 Septuaginta
3481 3385 3557 3443 ln-

1974 3490 2241 3555 terpretes
2287 3482 2368 3538 sic
2420 3482 2686 3553 scriptum
2737 3490 2822 3537 est
2852 3499 2867 3538 :
2900 3500 2919 3533 ι
2954 3480 3123 3537 Jacob
3173 3496 3307 3552 puer
3364 3493 3554 3542 meus,

1975 3578 2264 3649 suscipiam
2307 3591 2453 3633 sum.
2493 3574 2663 3631 Israel
2697 3574 2903 3631 electus
2946 3588 3121 3636 meus,
3157 3572 3398 3642 suscepit
3431 3584 3559 3626 eum

1973 3669 2152 3723 anima
2181 3682 2321 3721 mea.
2350 3666 2481 3722 Dedi
2525 3667 2772 3737 spiritum
2813 3681 2991 3720 meum
3035 3678 3198 3735 super
3226 3679 3347 3719 cum
3366 3704 3380 3728 ,
3409 3662 3556 3733 judi-

1973 3763 2116 3819 cium
2163 3762 2412 3833 gentibus
2460 3759 2715 3830 proferet.
2761 3757 2877 3814 Non
2921 3757 3207 3822 clamabit,
3256 3771 3434 3828 neque
3473 3755 3558 3811 di-

1974 3855 2189 3918 mittet,
2236 3868 2339 3909 ncc
2391 3852 2641 3909 audietur
2694 3849 2827 3906 foris
2874 3865 2975 3904 vox
3024 3848 3162 3918 ejus.
3221 3846 3552 3903 Arundiuem

1973 3945 2298 4002 confractam
2355 3957 2463 4000 non
2515 3950 2778 4007 conteret,
2822 3949 2879 3997 et
2924 3940 3088 3994 linum
3141 3938 3404 4010 fumigans
3447 3952 3557 3992 non

1973 4039 2293 4110 extinguet:
2321 4036 2418 4093 sed
2445 4035 2497 4090 in
2524 4033 2753 4090 veritate
2781 4031 3022 4104 proferet
3044 4029 3326 4102 judicium.
3362 4029 3557 4100 Splen-

1973 4131 2143 4193 dehit.
2169 4138 2227 4186 et
2253 4146 2358 4184 non
2388 4127 2751 4199 quassabitur,
2778 4125 2955 4181 donec
2985 4131 3147 4195 ponat
3167 4137 3329 4193 super
3357 4131 3553 4177 terram

1969 4223 2230 4294 judicium
2261 4238 2275 4277 :
2309 4231 2363 4277 et
2385 4221 2436 4276 iu
2461 4218 2678 4275 mminc
2704 4218 2822 4288 ejus
2842 4228 3028 4290 gentes
3051 4215 3362 4286 sperabunt.
3396 4232 3416 4270 ι
3449 4212 3561 4271 Nos

1959 4326 2151 4372 autem
2181 4330 2247 4370 ex
2276 4312 2501 4369 llehraao
2526 4313 2598 4368 ita
2627 4311 2907 4377 vertimus,
2940 4327 2960 4362 ι
2994 4309 3131 4365 Ecce
3161 4323 3294 4378 puer
3325 4303 3418 4381 [aL
3444 4322 3554 4361 scr-

1968 4404 2090 4481 vns]
2116 4421 2288 4474 meus,
2312 4404 2600 4477 suscipiam
2625 4419 2779 4468 eum;
2808 4402 3011 4457 electus
3033 4414 3204 4465 meus,
3230 4397 3559 4470 complacuit

1972 4500 2074 4557 sibi
2108 4500 2161 4555 in
2209 4499 2299 4554 illo
2343 4499 2519 4553 anima
2552 4511 2692 4551 mea.
2726 4495 2855 4551 Dedi
2899 4494 3146 4565 Spiritum
3188 4507 3365 4547 meum
3393 4505 3559 4559 super

1972 4608 2096 4649 eum
2127 4590 2426 4662 :judicium
2453 4588 2704 4662 gentibus
2730 4586 2990 4659 proferet.
3020 4584 3138 4640 Non
3165 4582 3435 4649 clamabit,
3463 4596 3556 4637 ne-

1971 4701 2077 4758 que
2128 4685 2354 4755 accipiet
2404 4696 2712 4754 personam,
2756 4695 2930 4752 neque
2980 4678 3228 4735 audietur
3279 4676 3412 4734 loris
3449 4691 3555 4732 vox

1972 4779 2111 4849 ejus.
2161 4778 2437 4834 Calamam
2483 4785 2792 4846 quassatum
2835 4790 2940 4829 non
2984 4781 3248 4839 conteret,
3294 4781 3351 4829 et
3383 4772 3554 4827 linunt

1974 4870 2244 4941 fumigans
2268 4884 2372 4923 non
2404 4869 2699 4938 extinguet.
2729 4866 2785 4922 lu
2808 4867 3033 4923 veritate
3057 4864 3250 4923 educet
3268 4863 3552 4937 judicium.

1972 4959 2089 5016 Non
2130 4960 2236 5015 erit
2277 4959 2445 5014 tristis
2489 4972 2663 5029 neque
2706 4958 3064 5026 turbulentus,
3093 4955 3267 5014 donec
3295 4964 3461 5028 ponat
3500 4956 3554 5011 in

1975 5062 2116 5108 terra
2138 5051 2398 5123 judicium
2429 5069 2443 5107 :
2467 5060 2523 5108 et
2550 5051 2723 5122 legem
2751 5051 2869 5122 ejus
2895 5052 3083 5107 insulto
3111 5050 3511 5122 expectabunt-
3528 5066 3569 5101 s-

1975 5145 2055 5201 Ex
2103 5160 2212 5217 quo
2253 5153 2475 5217 apparet
2544 5145 2709 5219 855
2782 5142 3088 5200 blattbaenm
3137 5142 3552 5213 Evangelistam,

1975 5253 2082 5294 non
2109 5238 2308 5295 veteris
2334 5238 2798 5308 interpretationis
2824 5237 3140 5295 auctoritate
3177 5236 3552 5300 «astrictum,

1974 5331 2246 5389 dimisisse
2273 5331 2589 5388 llebraicam
2617 5330 2908 5387 Veritatem
2939 5348 2953 5385 :
2976 5328 3082 5386 sed
3096 5328 3247 5400 quasi
3267 5326 3551 5383 Balineum

1975 5440 2041 5480 ex
2069 5423 2332 5489 Hebra-is,
2359 5431 2415 5479 et
2442 5422 2496 5478 in
2524 5422 2666 5493 Lege
2695 5421 2904 5477 Domini
2933 5418 3302 5475 doctissimum
3325 5430 3388 5471 ea
3406 5429 3555 5486 ;gcn-

1977 5515 2120 5571 tibus
2148 5515 2456 5587 protulisse,
2485 5528 2604 5585 mue
2632 5513 2685 5567 in
2719 5512 2946 5568 llobmo
2972 5509 3191 5578 legerat.
3221 5505 3279 5563 Si
3306 5504 3451 5561 enin;
3475 5505 3556 5560 sic

1978 5608 2348 5678 accipiendum
2395 5618 2517 5674 est,
2546 5617 2602 5662 ut
2631 5604 2978 5676 Septuaginta
3018 5600 3342 5669 lnterpretcs
3379 5598 3559 5654 edide-

1977 5711 2103 5758 runt
2133 5717 2148 5755 :
2177 5701 2341 5755 Iacob
2364 5716 2488 5771 puer
2513 5715 2674 5760 naeus,
2700 5695 2976 5764 suscipiam
3000 5707 3115 5746 eum
3142 5705 3163 5745 :
3181 5687 3349 5746 Israel
3368 5689 3556 5744 electus

1977 5808 2138 5861 meus,
2172 5790 2407 5862 suscepit.
2427 5805 2537 5846 cum
2561 5787 2735 5845 anima
2778 5800 2909 5853 mea,
2937 5779 3206 5856 quomodo
3243 5780 3295 5837 in
3323 5778 3447 5838 Jesu
3477 5781 3561 5837 in-
