4088 6336
578 395 710 453 1011

576 513 860 585 telligimus
887 527 1005 570 esse
1034 510 1380 583 commetum,
1412 509 1554 582 quod
1580 509 1647 567 de
1674 507 1752 581 (a)
1786 507 1982 572 Jacob,
2004 516 2059 563 et
2088 505 2156 562 de

577 606 746 663 lsrael
787 605 1044 675 scriptum
1087 606 1215 661 est?
1250 603 1402 672 Quod
1451 609 1664 660 beatmn
1696 602 2008 658 Mattbasum
2048 615 2156 656 non

577 699 750 752 solum
778 697 830 756 in
875 697 977 753 hoc
1004 696 1329 761 testimonio,
1374 695 1469 752 sed
1512 695 1671 751 etiam
1703 695 1755 749 in
1787 693 1893 752 alio
1924 691 2046 747 loco
2074 690 2157 747 fe-

577 787 717 844 cisse
764 787 990 858 legimus
1041 805 1054 842 :
1104 787 1184 842 Ex
1244 785 1478 859 Λεπριο
1533 785 1704 844 vocavi
1767 784 1930 854 ﬁlium
1992 798 2158 836 meum

577 876 736 947 (Osee
769 879 851 934 11.
883 878 940 952 2)
991 897 1005 934 :
1044 896 1139 950 pro
1176 895 1280 951 quo
1329 881 1672 950 Septuaginta
1719 877 2107 935 transtulerunt
2139 891 2156 930 :

576 968 663 1024 Ex
689 969 920 1042 .Eggpto
963 972 1133 1029 vocavi
1158 972 1292 1041 ﬁlios
1333 972 1464 1039 ejus.
1505 969 1658 1047 Quod
1687 969 1891 1043 utique,
1935 967 2040 1027 nisi,
2083 981 2162 1023 sec

577 1077 807 1132 quamur
847 1063 1159 1120 llebraicam
1189 1061 1500 1124 Veritatem,
1552 1061 1620 1114 ad
1647 1061 1929 1115 Dominum
1974 1058 2162 1114 Salva-

582 1168 751 1212 torem
777 1171 880 1212 non
904 1156 1192 1232 pertinere,
1221 1155 1559 1208 manifestum
1579 1163 1682 1208 est.
1707 1153 1959 1222 Sequitur
1979 1151 2155 1207 enim:

579 1246 693 1319 Ipsi
730 1257 896 1310 autem
939 1247 1265 1302 immolabant
1293 1246 1512 1300 Baalim.
1559 1245 1710 1313 Quod
1741 1253 1918 1298 autem
1961 1243 2028 1297 de
2074 1256 2161 1297 as-

583 1351 798 1410 sumpto
828 1340 1135 1395 testimonio
1160 1339 1211 1393 iu
1247 1337 1534 1406 Evangelio
1567 1337 1739 1390 minus
1763 1344 1848 1390 cst
1877 1353 1890 1388 :
1923 1333 2158 1401 splende-

583 1432 674 1495 bit,
704 1441 750 1484 et
780 1447 880 1485 non
908 1429 1244 1501 quassabitur,
1269 1429 1427 1482 donec
1451 1437 1609 1497 ponat
1630 1443 1783 1496 super
1808 1436 1993 1479 terram
2006 1423 2157 1494 judi~

579 1522 736 1586 cium,
773 1522 983 1576 videtur
1011 1520 1142 1576 mibi
1169 1520 1435 1576 accidisse
1465 1519 1619 1588 primi
1648 1517 1926 1588 scriptoris
1951 1529 2158 1582 errore,

579 1613 674 1683 qui
710 1614 893 1683 legens
929 1615 1260 1684 superiorem
1305 1613 1628 1667 sententiam
1664 1611 1717 1664 in
1761 1609 1929 1665 verbo
1963 1607 2158 1676 judicii

581 1721 703 1762 esse
747 1705 973 1771 ﬁnitam,
1017 1706 1223 1776 putavit
1266 1704 1535 1760 inferioris
1586 1705 1866 1760 sententiae
1916 1703 2160 1758 ultimum

581 1798 804 1853 verbum
851 1812 968 1852 θεεθ
988 1796 1246 1866 judicium
1273 1810 1291 1852 :
1320 1805 1374 1849 et
1409 1810 1574 1865 pauca
1623 1795 1781 1850 verba
1811 1810 1930 1865 qua:
1967 1794 2022 1848 iu
2051 1807 2163 1847 me-

581 1893 692 1958 dio,
741 1892 843 1947 hoc
881 1900 984 1956 est,
1037 1890 1178 1946 inter
1207 1889 1484 1961 judicium,
1540 1898 1596 1944 ct
1623 1889 1883 1958 judicium
1930 1887 2160 1953 fuerant,

582 1983 943 2052 praetermisit.
986 1982 1326 2053 Rursumque
1369 1981 1511 2052 quod
1557 1980 1698 2052 apud
1741 1979 1996 2036 llebrzcos
2037 1979 2160 2049 legi-

582 2087 668 2132 tur
695 2094 710 2132 :
741 2074 810 2129 Et
833 2077 887 2128 in
917 2074 1026 2146 lege
1055 2075 1168 2146 ejus
1191 2072 1464 2143 sperabunt
1501 2073 1702 2137 insulae,
1729 2071 2009 2127 Mattheus
2035 2084 2161 2125 sen-

581 2183 700 2222 sum
741 2167 919 2238 potius
962 2181 1119 2237 quam
1152 2165 1310 2221 verba
1357 2165 1736 2234 interpretans,
1783 2177 1881 2232 pro
1928 2161 2066 2232 lege,
2110 2169 2165 2216 et

581 2258 793 2320 insulis.
821 2272 1016 2313 nomen
1048 2257 1242 2327 posuit,
1289 2263 1346 2311 et
1382 2264 1588 2326 gentes.
1622 2254 1689 2308 Et
1718 2253 1818 2308 boc
1854 2267 1958 2307 non
1987 2252 2162 2306 solum

581 2350 636 2404 in
665 2349 922 2421 prmsenti
958 2347 1098 2414 loco,
1146 2346 1241 2402 sed
1292 2345 1611 2414 ubicumque
1655 2343 1722 2399 de
1759 2343 1924 2398 veteri
1960 2343 2162 2396 lustru-

585 2453 766 2496 mento
785 2439 1132 2509 Evangelistau
1149 2448 1202 2493 et
1228 2439 1264 2491 Λ
1277 2438 1464 2506 postoli
1486 2435 1784 2492 testimonia
1807 2435 2158 2504 protulerunt,

585 2533 890 2603 diligentius
935 2529 1326 2586 observandum
1355 2539 1435 2583 est
1464 2547 1478 2584 :
1512 2544 1616 2582 non
1655 2543 1748 2583 eos
1792 2527 1953 2582 verba
2006 2542 2163 2582 secu-

585 2636 668 2682 tos
693 2639 834 2690 esse,
857 2623 950 2679 sed
975 2639 1194 2679 sensum
1219 2641 1234 2677 :
1256 2629 1312 2678 et
1336 2621 1430 2677 ubi
1447 2621 1792 2690 Septuaginta
1814 2619 2166 2674 abllebraico

583 2717 907 2787 discrepant,
950 2715 1229 2771 Hebraeum
1276 2728 1489 2768 sensum
1534 2713 1645 2767 suis
1679 2712 2008 2781 expressisse
2050 2727 2165 2766 scr-

584 2809 851 2864 monibus.
873 2807 1011 2863 Puer
1041 2807 1196 2877 igitur
1215 2803 1702 2874 Dcionmipotentis
1717 2803 1863 2873 juxta
1888 2803 2163 2872 dispensa-

583 2903 784 2959 tionem
811 2903 989 2957 carnis
1013 2910 1319 2969 assumptus,
1350 2915 1452 2968 qua
1485 2897 1576 2970 [aL
1610 2896 1743 2969 qum]
1776 2895 1841 2951 ad
1869 2913 1967 2950 ltus
1997 2898 2162 2950 mitti-

585 3008 690 3064 tur,
717 2996 959 3052 Salvator
981 3004 1063 3049 est
1086 2993 1403 3063 appellatus.
1435 2991 1512 3045 Ad
1540 3007 1698 3060 quem
1739 3001 1793 3045 et
1824 2991 1874 3044 in
1912 2991 2018 3044 alio
2047 2991 2164 3045 loco

583 3089 712 3144 dicit
735 3088 892 3143 Pater
917 3103 929 3144 :
961 3085 1206 3156 Magnum
1235 3084 1324 3137 tibi
1349 3093 1421 3138 est
1447 3084 1616 3137 uocari
1645 3099 1859 3152 puerum
1890 3099 2075 3146 meum,
2107 3092 2163 3136 ut

582 3195 854 3249 congreges
881 3178 1039 3231 tribus
1063 3176 1224 3230 Iacob
1255 3175 1405 3240 (ικαὶ.
1440 3175 1529 3229 49.
1553 3175 1631 3246 3).
1668 3175 1790 3228 llmc
1815 3171 1906 3245 [εει.
1941 3173 2058 3246 llic]
2081 3185 2164 3228 est

582 3274 738 3325 vinea
769 3271 946 3331 Sosec,
978 3285 1096 3336 qua:
1127 3270 1530 3337 interpretatur,
1570 3268 1745 3321 electa.
1779 3267 1874 3322 llic
1916 3276 1998 3320 est
2024 3267 2162 3323 lilius

582 3363 1002 3427 amantissimus,
1033 3361 1212 3430 inquo
1238 3360 1340 3415 sibi
1361 3359 1678 3430 complacuit
1707 3360 1880 3413 anima
1915 3360 2037 3414 Dei:
2056 3375 2161 3414 non

581 3453 724 3523 quod
782 3453 922 3508 Deus
969 3452 1201 3506 animam
1250 3451 1487 3518 habeat;
1537 3451 1632 3506 sed
1685 3444 1826 3521 quod
1884 3451 1935 3505 in
1985 3452 2161 3506 anima

581 3545 757 3600 orntus
785 3543 883 3600 Dei
917 3553 1244 3598 monstretur
1267 3540 1506 3597 allectus.
1579 3543 1746 3616 856
1817 3543 1881 3597 Et
1913 3557 2016 3598 non
2057 3543 2162 3598 mi-

583 3654 723 3703 rum,
755 3638 797 3692 si
827 3636 879 3691 in
911 3635 1020 3692 Deo
1049 3635 1224 3689 anima
1255 3634 1580 3700 nmninetur,
1626 3651 1747 3688 cum
1789 3635 2036 3689 universa
2065 3635 2162 3689 bu-

587 3730 730 3784 mani
766 3727 1006 3798 eorporis
1036 3727 1297 3791 membra,
1329 3725 1622 3780 secundum
1646 3727 1790 3794 leges
1827 3727 2158 3798 lt‘opolugitn,

583 3830 641 3877 et
689 3821 927 3876 diversas
976 3818 1388 3890 uitelligeutias,
1447 3817 1647 3874 habere
1699 3818 1926 3873 dicatur.
1980 3818 2162 3872 Posuit

566 3927 795 3984 quoque
821 3912 1068 3982 Spiritum
1095 3926 1254 3966 suum
1281 3924 1442 3979 super
1463 3925 1586 3965 eum
1616 3927 1629 3964 :
1655 3908 1908 3980 Spiritum
1936 3909 2160 3979 Sapien-

582 4005 686 4072 tiat,
727 4015 775 4059 et
813 4004 1177 4074 iutelligentiat,
1207 4004 1447 4075 spiritum
1485 4003 1708 4070 consilii,
1745 4012 1790 4058 et
1815 4003 2151 4074 fortitudinis,

581 4099 820 4168 spiritum
867 4097 1164 4168 sapientia,
1221 4106 1268 4151 et
1329 4097 1563 4166 pietatis,
1614 4107 1663 4150 et
1705 4097 1902 4150 timoris
1948 4095 2157 4149 Domini

587 4187 738 4258 (lsai.
771 4189 897 4258 li):
929 4187 1024 4258 qui,
1065 4189 1116 4241 in
1161 4187 1340 4256 specie
1381 4187 1643 4242 columbae
1676 4185 1955 4243 descendit
2000 4201 2162 4257 super

582 4295 737 4338 cuiu:
770 4279 838 4338 de
865 4295 974 4349 quo
1015 4289 1070 4333 et
1094 4278 1326 4334 Joannes
1371 4279 1604 4348 Baptista
1645 4294 1674 4332 a
1725 4279 1834 4334 Deo
1864 4280 2023 4335 Patre
2059 4295 2162 4333 au-

580 4373 731 4429 disse
769 4388 827 4427 se
865 4381 1083 4427 narrat:
1118 4371 1289 4439 Super
1325 4387 1470 4441 quem
1500 4371 1680 4425 videris
1725 4372 1976 4442 Spiritum
2019 4374 2161 4430 San-

581 4477 718 4519 ctum
747 4464 1149 4529 desceadesrtcm,
1199 4474 1242 4516 et
1274 4473 1557 4516 manentem
1595 4480 1745 4532 super
1783 4480 1921 4526 eum,
1952 4464 2060 4529 ipse
2089 4473 2161 4520 est

583 4557 772 4630 (Joan.
791 4558 844 4613 ι.
863 4558 974 4626 53).
1003 4557 1066 4611 Et
1089 4556 1352 4610 Iudicium
1377 4556 1612 4628 gentibus
1634 4555 1884 4610 nuntiabit
1902 4570 1922 4618 ,'
1943 4555 2008 4612 de
2033 4571 2159 4625 quo,

581 4660 635 4704 et
677 4652 730 4704 in
759 4650 982 4704 Psalmis
1016 4667 1036 4704 ελ
1058 4648 1197 4703 Deus
1212 4649 1468 4720 judicium
1491 4655 1635 4701 tuum
1665 4646 1775 4716 regi
1811 4646 1905 4709 da,
1931 4657 1975 4699 et
1994 4647 2162 4717 justi-

582 4743 710 4795 tiam
741 4752 881 4796 tuam
899 4742 1006 4810 ﬁlio
1035 4742 1166 4812 regis
1196 4740 1367 4808 (Psal.
1401 4740 1488 4794 71.
1523 4740 1600 4805 1).
1633 4738 1731 4806 Qui
1763 4747 1816 4793 et
1845 4738 1957 4806 ipse
1983 4737 2160 4808 loqui-

583 4845 669 4890 tur
695 4836 748 4890 iu
780 4836 1066 4905 Evangelio
1093 4851 1108 4890 :
1137 4832 1256 4888 Non
1285 4835 1418 4886 enim
1440 4832 1810 4901 Patcrjudicat
1833 4847 2156 4901 quemquam,

581 4927 672 4980 sed
715 4942 862 4980 onme
903 4927 1156 4998 judicium
1205 4925 1340 4978 dedit
1394 4923 1532 4978 Filio
1578 4921 1756 4992 (Joan.
1788 4924 1840 4978 5.
1870 4921 1987 4993 22).
2038 4922 2160 4978 Non

580 5017 846 5071 contendet
872 5032 892 5069 :
920 5017 1056 5071 sicut
1081 5031 1247 5084 agnus
1275 5016 1464 5068 ductus
1503 5024 1587 5067 est
1614 5013 1679 5068 ad
1714 5014 1979 5067 victimam
2007 5032 2021 5068 :
2052 5029 2159 5069 non

581 5109 869 5165 Contendet
900 5108 955 5162 in
983 5107 1332 5162 subversinue
1361 5105 1710 5162 audientium.
1754 5103 1932 5175 Neque
1961 5106 2157 5167 clama-

583 5205 670 5268 bit,
701 5202 850 5272 juxta
879 5197 1010 5257 illud
1029 5197 1176 5274 quod.
1204 5198 1404 5252 Paulus.
1420 5196 1949 5266 Apostolusscribit:
1981 5195 2160 5257 Omnis

646 5483 709 5548 ίιι)
756 5479 1039 5532 Recolenda
1074 5486 1218 5538 sunt,
1263 5491 1380 5542 quas
1413 5479 1563 5549 liabet
1603 5479 1651 5528 in
1696 5479 2064 5534 Commentariis
2104 5480 2156 5535 in

577 5546 766 5610 lsaiam.
792 5545 958 5610 Jacob,
982 5543 1158 5606 inquit,
1183 5549 1226 5610 et
1249 5541 1395 5590 Israel
1418 5556 1465 5590 m
1485 5542 1708 5610 praesenti
1731 5541 1940 5610 capitulo
1957 5555 2046 5591 non
2072 5542 2159 5590 Ita-

575 5608 763 5673 beutnr,
792 5607 919 5673 quod
942 5618 975 5654 η
992 5619 1028 5654 'c
1050 5602 1312 5673 ’Mattharus
1334 5602 1632 5673 (avenge/ista
1657 5603 1830 5673 posuit,
1854 5611 2043 5652 secutus
2064 5612 2159 5652 He-

574 5665 788 5735 brqicam
805 5665 1078 5719 ueritatem.
1119 5675 1215 5716 Hoc
1247 5665 1534 5735 dicimus'iu
1565 5665 1916 5735 sugillationem
1935 5677 2153 5735 eorum,

573 5730 655 5789 qui
679 5738 839 5782 nostra
859 5735 1176 5793 contemnunt.
1203 5738 1269 5779 De
1286 5742 1378 5793 quo
1402 5727 1587 5793 plenius
1610 5725 1661 5776 in
1679 5725 1892 5776 Matt/uri
1913 5734 2156 5793 commen-

572 5786 780 5906 zmiotfs}
809 5799 853 5842 et
883 5790 1092 5902 inrlibro
1124 5804 1265 5856 quem
1293 5786 1358 5842 ad
1393 5786 1632 5854 hlgasiam
1662 5801 1816 5853 nuper
1853 5786 2153 5851 scripsimus,

609 5867 712 5906 tam
738 5869 762 5902 .‘l
786 5867 865 5902 um
891 5865 940 5902 es
965 5888 977 5901 .

590 5861 865 5911 tumtutum
891 5861 977 5902 est.

1866 391 2107 449 SANCTI
2146 388 2531 450 111Ε11οΝῩΜΙ

3705 398 3833 455 {012

2264 503 2480 572 clamor,
2499 514 2544 558 et
2561 505 2658 570 ira,
2678 511 2731 558 et
2745 503 3029 558 amaritudo
3052 507 3320 576 auferatur
3337 523 3369 560 a
3389 507 3525 564 vobis
3543 507 3758 580 (Ephes.
3779 515 3827 570 ι.

2265 597 2378 665 εἰ).
2415 595 2530 655 Non
2575 596 2868 656 clamabit:
2899 597 3021 667 quia
3055 598 3217 654 lsracl
3260 614 3366 654 non
3413 600 3538 656 fecit
3559 602 3830 671 judicium,

2263 687 2357 742 sed
2387 687 2699 742 clamorem.
2731 686 2907 757 Neque
2934 689 3100 741 audiet
3124 689 3385 759 quisquam
3410 690 3464 745 in
3498 692 3697 762 plateis,
3741 694 3834 748 sive

2266 779 2412 850 foris,
2441 797 2608 834 vocem
2635 779 2764 850 ejus.
2793 779 2969 834 Omnis
2993 783 3125 834 enim
3156 781 3320 853 gloria
3350 783 3475 852 ﬁlia:
3503 787 3635 854 regis
3671 787 3733 839 ab
3758 788 3835 841 in.

2266 879 2346 924 tus
2370 870 2538 942 (Paul.
2565 871 2652 925 44.
2689 872 2709 924 l
2726 870 2775 942 4)
2812 890 2824 926 :
2851 870 2942 935 Et,
2973 873 3143 934 Arcto,
3184 883 3229 927 et
3250 884 3467 944 ang-usta
3495 876 3575 928 via
3611 887 3707 942 est,
3733 895 3836 947 quia

2265 962 2406 1015 ducit
2433 965 2502 1016 ad
2537 964 2688 1017 vitam
2720 963 2932 1034 (Matth.
2979 964 3029 1019 7.
3073 966 3182 1036 14).
3229 965 3379 1023 Unde
3427 969 3478 1022 in
3518 970 3707 1040 plateis
3743 987 3837 1028 vos

2265 1051 2408 1107 illius
2437 1070 2542 1108 non
2573 1054 2806 1119 auditur,
2842 1056 2892 1108 in
2925 1056 3114 1126 quibus
3146 1058 3480 1114 conﬁdenter
3505 1061 3614 1131 agit
3634 1063 3838 1133 sapien-

2265 1146 2360 1210 tia,
2408 1146 2569 1200 latam
2616 1148 3010 1217 spatiosamqne
3045 1149 3183 1202 viam
3226 1164 3332 1205 non
3377 1151 3707 1222 ingrediens,
3748 1155 3841 1210 sed

2264 1249 2496 1307 arguens
2534 1247 2693 1309 atque
2735 1239 3119 1294 condemnatis.
3165 1239 3314 1296 Unde
3357 1251 3410 1297 et
3455 1242 3540 1297 bis
3582 1244 3672 1314 qui
3719 1244 3838 1302 loris

2265 1339 2438 1396 erant,
2475 1347 2576 1384 non
2609 1345 2703 1385 sua
2731 1345 2882 1398 voce,
2925 1331 3022 1387 sed
3052 1347 3149 1402 per
3177 1332 3453 1402 parabolas
3483 1333 3835 1405 loquebatur:

2265 1423 2601 1487 Arundincm,
2637 1424 2825 1494 inquit,
2848 1434 3138 1495 quassatam
3161 1442 3259 1480 non
3283 1429 3608 1500 confringet;
3635 1430 3746 1485 sive
3765 1430 3839 1499 (tn

2263 1515 2606 1587 Septuaginta
2639 1518 3048 1589 transtulerunt)
3074 1518 3323 1573 calamum
3350 1524 3566 1592 fractum
3599 1539 3699 1576 non
3727 1540 3840 1577 con.-

2265 1616 2408 1664 tcret.
2454 1609 2698 1664 Calamus
2740 1609 2940 1665 fractus
2971 1613 3062 1682 qui
3096 1613 3190 1665 luit
3235 1622 3391 1667 antea
3423 1613 3647 1678 vocalis,
3699 1623 3752 1670 et
3790 1616 3839 1672 in

2266 1698 2451 1754 laudes
2501 1699 2712 1755 Domini
2755 1703 3094 1769 concinebat,
3141 1703 3487 1774 appellandus
3535 1713 3618 1766 est
3662 1705 3838 1773 Israel,

2263 1793 2352 1862 qui
2383 1794 2631 1864 quoniam
2661 1792 2754 1867 [aL
2786 1795 3066 1869 quondam]
3092 1799 3308 1868 impegit
3336 1799 3388 1852 in
3431 1800 3738 1870 angularem
3767 1801 3841 1855 laa

2265 1883 2462 1954 pidem,
2493 1894 2548 1940 et
2586 1887 2780 1942 cecidit
2823 1903 2983 1959 super
3025 1905 3168 1957 eum,
3197 1890 3500 1962 fractusque
3530 1893 3582 1947 in
3611 1893 3703 1947 illo
3731 1905 3842 1962 est;

2266 1986 2544 2046 propterea
2587 1978 2782 2032 dicitur
2807 1979 2874 2034 de
2904 1994 3006 2035 eo:
3039 1979 3262 2051 lncrepa
3290 1981 3506 2037 Domine
3533 1983 3715 2040 bestias
3757 2003 3840 2039 ca-

2266 2067 2391 2121 lami
2414 2067 2584 2139 (Psal.
2617 2069 2705 2124 67.
2735 2071 2825 2140 51)
2854 2088 2866 2124 :
2896 2082 2946 2126 et
2976 2072 3029 2126 in
3068 2072 3193 2128 lesu
3219 2075 3490 2131 volumine
3517 2085 3726 2132 torrens
3753 2093 3842 2149 ap-

2267 2160 2493 2228 pellatur
2519 2177 2715 2228 cannce,
2750 2161 2800 2217 id
2833 2173 2934 2231 est,
2964 2164 3190 2231 calami;
3216 2167 3306 2237 qui
3349 2183 3516 2238 aquas
3544 2169 3702 2226 habet
3733 2181 3841 2226 tur-

2257 2251 2446 2331 \bidas,
2500 2269 2632 2326 qas
2674 2257 2830 2326 elegit
2885 2256 3076 2326 Israel,
3148 2262 3428 2330 purissima
3483 2275 3839 2321 contemnens

2265 2346 2459 2401 ﬂuenta
2497 2348 2747 2404 lordanis
2776 2369 2788 2403 :
2819 2367 3173 2423 reversusque
3215 2365 3392 2413 mente
3440 2356 3492 2410 in
3526 2356 3839 2429 Angplum,

2265 2449 2319 2494 ct
2345 2441 2657 2498 desiderans
2697 2459 2968 2499 caenosam
3015 2461 3076 2500 ac
3107 2447 3399 2516 palustrem
3427 2435 3720 2523 regionem,
3757 2467 3842 2521 po.

2266 2548 2559 2601 ponesque,
2593 2546 2645 2591 et
2676 2553 2825 2606 cepe,
2878 2547 2932 2592 et
2959 2539 3105 2600 allia,
3149 2549 3204 2594 et
3233 2555 3568 2608 cucumeres,
3607 2544 3845 2614 ollasqne

2265 2621 2638 2696 [Egyptianun
2670 2629 2931 2691 carnium.
2963 2631 3258 2685 rectiSsime
3286 2649 3376 2701 per
3401 2633 3584 2688 ls:tiam
3616 2637 3845 2705 appella-

2269 2724 2352 2769 tur
2382 2717 2616 2807 calamus
2647 2717 2846 2773 fractus
2877 2739 2890 2774 :
2921 2721 3008 2775 cui
3036 2723 3124 2790 qui
3159 2723 3310 2778 inniti
3341 2724 3568 2779 voluerit
3591 2765 3608 2791 ,
3684 2728 3844 2807 857

2266 2805 2614 2874 pet-tondetur
2672 2823 2861 2863 manus
2916 2812 3053 2880 ejus.
3081 2811 3183 2878 Qui
3225 2812 3370 2868 enim
3400 2825 3516 2884 post
3561 2805 3845 2870 adventum

2269 2895 2477 2949 Domini
2517 2896 2811 2952 Salvatoris
2841 2899 3174 2970 Evangelica:
3202 2903 3662 2974 interpretationis
3688 2906 3848 2976 spiri-

2265 2996 2376 3042 tum
2420 2987 2819 3058 derelinquens,
2855 2990 2907 3044 in
2938 2989 3175 3046 ludaicae
3205 2992 3401 3048 littera:
3428 3004 3600 3050 morte
3631 2996 3847 3067 requie-

2265 3078 2384 3141 scit,
2423 3077 2574 3131 istius
2601 3089 2790 3132 cuncta
2825 3095 2986 3149 opera
3016 3081 3384 3137 vulnerantur.
3413 3084 3604 3139 Linum
3636 3103 3850 3156 quoque

2265 3166 2528 3236 l'umigans
2568 3185 2673 3222 non
2705 3170 3003 3240 extinguet,
3037 3173 3288 3241 populum
3332 3175 3402 3230 de
3443 3178 3692 3246 gentibus
3722 3194 3852 3232 conq

2263 3267 2559 3326 gregatum,
2593 3258 2680 3327 qui
2721 3259 2956 3341 extincto
3001 3260 3131 3330 legis
3163 3263 3422 3317 naturalis
3467 3267 3683 3333 ardore,
3721 3268 3856 3326 fumi

2263 3346 2604 3412 amarissimi,
2650 3357 2701 3400 et
2732 3349 2818 3416 qui
2853 3349 3043 3403 noxius
3086 3351 3258 3406 oculis
3302 3363 3404 3420 est,
3437 3355 3850 3429 tenebrosaque

2263 3436 2502 3505 caliginis
2551 3437 2917 3493 involvebatur
2958 3441 3250 3497 erroribus.
3298 3443 3466 3512 Quem
3519 3462 3626 3502 non
3675 3451 3848 3506 solum

2264 3544 2370 3583 non
2399 3529 2645 3584 restinxit
2674 3541 2726 3586 et
2758 3531 2958 3603 redegit
2989 3534 3042 3587 in
3069 3534 3326 3602 cinerem,
3361 3537 3454 3591 sed
3498 3553 3529 3593 e
3573 3547 3848 3598 contrario

2263 3620 2332 3675 de
2357 3635 2516 3690 parva
2545 3623 2794 3686 scintilla,
2843 3634 2897 3680 et
2923 3640 3056 3695 pene
3087 3628 3371 3695 moriente,
3413 3632 3642 3686 maxima
3674 3639 3848 3692 suscio

2265 3716 2394 3768 tavit
2445 3715 2727 3780 incendia;
2772 3718 2843 3772 ita
2873 3727 2930 3772 ut
2957 3728 3098 3774 totus
3144 3721 3291 3790 orbis
3338 3722 3553 3780 arderet
3589 3727 3713 3796 igne
3745 3730 3850 3783 Do-

2265 3807 2392 3860 mini
2431 3806 2741 3886 Salvatoris,
2775 3825 2933 3878 quem
2967 3809 3113 3865 venit
3157 3811 3374 3869 mittere
3418 3830 3579 3886 super
3626 3828 3843 3884 terram,

2263 3909 2316 3954 ct
2347 3901 2395 3954 iu
2424 3885 2670 3955 onuﬂbus
2693 3902 2884 3957 ardere
2905 3903 3174 3959 desiderat
3204 3904 3354 3974 (Luc.
3388 3885 3618 3978 {2.749).
3647 3911 3847 3968 Secun-

2265 3991 2389 4045 dum
2423 3993 2771 4061 trepologiam
2800 3993 2926 4063 quid
2977 3996 3131 4050 nobis
3178 3997 3451 4053 videretur
3475 3999 3543 4055 de
3575 4001 3676 4057 hoc
3707 4005 3843 4067 loco,

2265 4084 2317 4138 in
2340 4083 2807 4141 Commentariolis
2831 4087 3062 4142 Matthxi
3088 4089 3321 4145 breviter
3342 4090 3417 4163 (b)
3446 4096 3839 4153 annotavimus.

2265 4180 2370 4236 Iste
2397 4192 2573 4236 autem
2606 4182 2694 4251 qui
2727 4182 3040 4238 arundinem
3068 4194 3372 4253 quassatam
3403 4202 3507 4240 non
3557 4187 3840 4263 confregit,

2262 4284 2316 4328 et
2359 4274 2527 4328 linum
2571 4272 2832 4342 lumigaus
2875 4288 2978 4328 non
3031 4275 3277 4337 extinxit,
3316 4275 3582 4345 judicium
3635 4295 3844 4349 quoque

2265 4365 2510 4436 perduxit
2554 4365 2619 4418 ad
2669 4367 2943 4419 victoriam
2992 4365 3142 4436 (Isai.
3193 4366 3282 4421 42.
3328 4369 3406 4438 5),
3461 4369 3611 4439 cujus
3647 4371 3842 4440 judicia

2264 4473 2387 4510 Vera
2421 4457 2889 4526 sunthjnstilicata
2917 4457 2968 4511 in
2996 4459 3305 4525 semetipsis
3335 4458 3506 4529 (Psal.
3541 4460 3648 4533 18).
3684 4462 3839 4530 utju-

2263 4549 2522 4604 stilicetur
2551 4549 2605 4602 in
2657 4548 2993 4603 sermonibus
3033 4549 3164 4615 suis,
3197 4559 3251 4604 et
3283 4550 3460 4604 vincat
3488 4566 3608 4606 eum
3634 4551 3839 4621 judicao

2267 4652 2350 4696 tur
2382 4641 2554 4712 (Psnl.
2589 4641 2704 4711 50),
2754 4651 2807 4696 ct
2854 4641 3056 4696 tamdiu
3086 4643 3262 4698 lumen
3297 4644 3688 4713 praedicationis
3730 4647 3842 4716 ejus

2266 4736 2316 4790 in
2349 4735 2551 4790 mundo
2576 4733 2935 4803 resplendeat,
2959 4734 3267 4805 nulliusque
3296 4744 3625 4804 conteratur,
3650 4745 3705 4791 et
3728 4753 3840 4792 vm-

2264 4839 2415 4885 catur
2447 4827 2674 4893 insidiis,
2705 4827 2878 4881 donec
2904 4837 3067 4896 ponat
3095 4827 3144 4879 in
3175 4835 3316 4881 terra
3339 4827 3619 4897 judicium,
3664 4839 3720 4884 et
3746 4830 3843 4883 im.

2265 4922 2478 4992 pleatur'
2504 4919 2631 4974 illud
2663 4919 2805 4989 quod
2847 4920 3107 4989 scriptum
3149 4928 3232 4973 est
3262 4935 3274 4972 :
3311 4917 3431 4972 Fiat
3476 4921 3708 4976 voluntas
3735 4932 3838 4988 tua,

2262 5015 2390 5067 sicut
2420 5013 2472 5066 in
2500 5011 2628 5066 coelo
2654 5020 2698 5064 et
2727 5012 2779 5064 in
2806 5022 2938 5068 terra
2965 5009 3176 5076 (Matth.
3209 5009 3264 5066 6.
3296 5009 3408 5084 l0).
3433 5012 3517 5074 Et,
3555 5012 3622 5066 l-n
3645 5016 3843 5068 nomine

2264 5106 2372 5175 ejus
2415 5114 2586 5175 gentes
2612 5101 2884 5172 sperabunt
2919 5100 3070 5174 (lsai.
3106 5103 3194 5156 ll.
3221 5101 3345 5175 10);
3376 5107 3489 5158 sive
3519 5103 3570 5157 in
3599 5104 3708 5174 lege
3736 5106 3843 5168 eius

2263 5197 2532 5269 sperabunt
2559 5194 2742 5249 insqu
2769 5192 2932 5265 (Ibid.
2958 5196 3048 5249 42.
3076 5194 3156 5262 4).
3185 5193 3466 5261 Quomodo
3492 5195 3634 5249 enim
3658 5196 3841 5249 insula:

2267 5291 2477 5345 turbine
2513 5288 2745 5357 ﬂatuque
2784 5297 3085 5352 ventorum,
3125 5294 3177 5340 et
3205 5285 3408 5340 crebris
3440 5287 3842 5363 tempestatibus

2262 5382 2523 5436 feriuntur
2548 5379 2786 5451 quidem,
2830 5378 2925 5434 sed
2963 5393 3068 5432 non
3115 5376 3520 5444 subvertantur,
3567 5377 3625 5435 in
3651 5393 3838 5433 exem-

2325 5535 2401 5599 (b)
2429 5534 2716 5597 Hujusmodi
2742 5541 2819 5583 est
2839 5543 3001 5584 autem
3024 5532 3266 5583 adnotatio
3287 5532 3371 5581 lib.
3397 5533 3444 5580 ‘2.
3467 5545 3582 5599 cap;
3596 5533 3690 5599 l2._
3705 5549 3726 5576 ε
3745 5531 3836 5599 Qui

2261 5593 2619 5670 peccatqri'non
2642 5599 2846 5670 porrigit
2868 5608 3197 5670 manum,nec
3224 5605 3378 5670 (artat
3405 5593 3718 5670 pnusulratris
3740 5593 3836 5663 sui,

2262 5655 2366 5724 ipse
2389 5659 2621 5724 calamum
2644 5655 2921 5724 "quassatum
2943 5655 3233 5724 confringit.
3249 5657 3314 5724 lit
3329 5657 3416 5724 qui
3455 5657 3684 5724 modicam
3708 5655 3834 5724 scin-

2262 5715 2411 5770 tillam
2436 5721 2547 5774 ﬁdei
2571 5715 2836 5769 contemnit
2873 5721 2922 5769 in
2957 5715 3186 5782 parvulis,
3212 5719 3291 5782 bic
3327 5715 3743 5782 li’num‘extinguit
3765 5715 3834 5761 lu-

2261 5785 2466 5844 migans.
2495 5783 2707 5841 Quorum
2731 5779 2968 5844 neutrum
2985 5781 3202 5844 Christus
3223 5779 3336 5830 fecit
3365 5792 3376 5826 :
3401 5779 3458 5828 ad
3483 5779 3570 5828 hoc
3595 5780 3723 5824 enim
3747 5789 3832 5823 ve-

2263 5841 2419 5907 nerat,
2445 5850 2506 5895 ut.
2520 5844 2704 5895 salvum
2728 5841 2915 5896 faceret
2937 5843 3064 5908 quod
3088 5843 3322 5905 perierat.
3347 5859 3367 5886 ι
