4088 6336
340 445 484 504 1013

339 561 486 631 plum
515 554 848 627 Evangelicte
876 552 1087 618 domus,
1115 567 1235 623 quso
1265 565 1425 623 supra
1455 564 1661 624 petram
1701 555 1918 609 robusta

340 651 486 717 mole
514 645 734 704 fundata
763 655 847 703 est
870 644 1084 716 (Matth.
1118 645 1148 699 Ἰ
1173 660 1188 709 ;
1221 654 1264 699 ct
1293 644 1421 699 Luc.
1446 646 1524 718 ϐ).
1554 647 1625 701 ita
1653 655 1706 703 et
1738 647 1927 703 Eccle-

340 744 435 798 size
460 757 581 813 qua:
599 749 817 811 sperant
839 741 891 795 in
923 741 1059 810 lege,
1090 747 1147 794 et
1175 739 1227 795 in
1255 741 1470 797 nomine
1502 742 1712 796 Domini
1741 742 1924 798 Salva.

342 836 497 902 toris,
522 835 813 905 loquuntur
838 847 934 903 per
960 832 1149 887 Isaiam
1180 851 1194 887 :
1225 832 1337 904 Ego
1359 835 1532 888 civitas
1561 835 1729 903 ﬁrma,
1754 834 1831 906 (a)
1851 835 1925 888 ei-

339 928 470 982 aitas
495 942 611 998 qua
636 942 739 980 non
763 934 1091 997 oppugnatur
1114 924 1270 996 (lsai.
1301 924 1392 980 27.
1425 926 1478 981 5.
1505 943 1607 981 sec.
1638 924 1836 998 LXX).

408 1013 563 1070 CAP.
603 1014 691 1071 Ill.
711 1015 968 1083 --Quem
995 1030 1211 1069 sensum
1240 1015 1453 1082 habeat,
1483 1015 1622 1086 quod
1657 1016 1708 1069 in
1751 1015 1928 1070 Evan-

338 1109 526 1180 gelista
551 1107 799 1161 Matthreo
820 1108 1073 1177 scriptum
1100 1116 1183 1163 est
1212 1123 1226 1160 :
1260 1106 1318 1162 Si
1344 1111 1457 1179 quis
1486 1110 1590 1162 vult
1619 1109 1789 1163 venire
1815 1116 1927 1176 post

339 1217 442 1267 me,
477 1200 684 1272 abneget
709 1200 1027 1270 semetipsum
1052 1197 1262 1272 (Matth.
1293 1200 1382 1256 16.
1411 1199 1523 1273 24).
1553 1200 1682 1268 Quae
1722 1210 1805 1257 est
1844 1200 1925 1257 sui

337 1293 664 1363 abnegatio?
699 1302 791 1347 aut
835 1292 1105 1363 quomodo
1148 1292 1241 1362 qui
1281 1293 1524 1362 sequitur
1571 1290 1922 1357 Salvatorem,

339 1386 574 1454 scipsum
604 1384 871 1455 abnegat?
894 1385 970 1439 De
997 1398 1104 1455 quo
1131 1384 1186 1439 in
1216 1384 1374 1439 te‘rtio
1403 1383 1925 1439 Commentariorum

340 1476 581 1545 ejusdem
612 1477 842 1532 Matthaei
865 1477 1024 1543 libro,
1063 1478 1133 1532 ita
1160 1478 1394 1533 breviter
1407 1478 1617 1535 loeutus
1641 1492 1757 1532 sum
1782 1494 1796 1531 :
1823 1476 1925 1545 Qui

340 1568 562 1636 deponit
590 1578 826 1625 veterem
857 1568 1128 1625 hominem
1158 1585 1280 1625 cum
1321 1556 1575 1640 operibus
1616 1571 1729 1626 suis
1769 1578 1927 1640 negat

339 1660 506 1733 858
576 1659 835 1731 seipsum,
890 1659 1117 1715 dicens:
1157 1659 1281 1715 Vivo
1312 1670 1482 1715 autem
1509 1661 1613 1728 iam
1656 1676 1757 1714 non
1806 1675 1923 1732 ego,

341 1751 456 1804 vicit
481 1766 594 1805 vero
617 1752 671 1805 in
700 1766 778 1805 me
803 1748 1032 1807 Christus
1060 1749 1255 1823 (Ca/at.
1282 1751 1337 1807 2.
1365 1749 1460 1824 20)
1489 1769 1503 1805 :
1534 1751 1776 1822 tollitque
1804 1766 1928 1807 cru-

341 1854 458 1896 cem
483 1855 635 1897 suam
661 1852 716 1898 et
738 1843 941 1897 mundo
967 1844 1315 1913 cnteiligitur.
1347 1843 1443 1899 Cui
1479 1853 1657 1900 autem
1697 1844 1927 1899 mundus

327 1934 627 1991 crucifixus
650 1945 754 2003 est,
783 1937 1024 2007 sequitur
1055 1938 1337 1993 Dominum
1361 1938 1696 1994 cruciﬁxum.
1720 1938 1926 2005 Quibus

341 2042 484 2083 nunc
506 2028 705 2085 addere
731 2044 1015 2100 possumus
1042 2047 1056 2085 :
1078 2030 1368 2101 postquam
1394 2030 1630 2086 ostendit
1648 2030 1927 2100 discipulis

339 2119 481 2191 quod
510 2132 781 2193 oporteret
806 2136 930 2179 eum
959 2122 1038 2179 ire
1073 2122 1398 2187 Jerusalem,
1442 2132 1495 2176 et
1540 2122 1701 2176 multa
1745 2123 1851 2191 pati
1892 2136 1924 2176 a

340 2213 719 2270 Sacerdotibus
752 2224 806 2270 et
845 2215 1069 2279 Scribis,
1111 2222 1166 2269 et
1201 2213 1533 2283 principibus
1569 2213 1922 2268 Sacerdotium

337 2315 393 2360 et
416 2304 609 2372 occidi,
638 2320 921 2361 assumens
963 2320 1086 2361 eum
1134 2294 1346 2370 Petrus,
1377 2306 1540 2374 cmpit
1566 2306 1844 2374 increpare
1871 2315 1926 2360 et

337 2397 520 2452 dicere
551 2412 566 2450 :
595 2397 737 2451 Absit
780 2414 811 2451 a
854 2408 921 2463 te,
969 2396 1204 2463 Domine,
1252 2415 1354 2451 non
1399 2398 1494 2452 erit
1532 2398 1619 2451 tibi
1658 2398 1770 2452 hoc.
1822 2398 1923 2467 Qui

337 2504 650 2558 conversus,
678 2489 807 2545 dicit
831 2491 987 2545 Petro
1029 2508 1047 2545 τ
1098 2489 1239 2545 Vade
1274 2499 1385 2559 post
1412 2507 1493 2545 me
1522 2490 1738 2557 Satana,
1770 2507 1922 2545 scau-

337 2581 514 2637 dalum
541 2597 594 2636 es
620 2581 744 2635 mihi
770 2597 790 2636 :
815 2583 935 2653 quia
977 2598 1077 2635 non
1102 2582 1240 2652 sapis
1267 2596 1380 2651 qua:
1411 2580 1504 2636 Dei
1531 2590 1668 2649 sunt,
1699 2582 1789 2636 sed
1812 2599 1925 2653 qum

336 2674 599 2727 hominum
638 2672 852 2747 (Matth.
902 2673 991 2729 16.
1045 2674 1161 2743 25).
1204 2673 1445 2727 llumano
1486 2674 1680 2743 quippe
1732 2674 1922 2730 timore

335 2767 671 2835 perterritus,
718 2766 1018 2835 passionem
1068 2765 1274 2820 Domini
1314 2764 1649 2822 formidabat.
1695 2766 1759 2820 Et
1790 2780 1921 2837 quo-

334 2857 518 2926 modo,
551 2858 771 2914 audiens
795 2858 955 2912 multa
984 2859 1106 2929 pati,
1136 2868 1182 2912 et
1207 2859 1389 2925 occidi,
1424 2859 1640 2915 timebat
1674 2877 1688 2913 :
1720 2859 1798 2913 sic
1821 2872 1921 2913 au-

330 2950 504 3016 diens,
535 2960 583 3005 et
616 2953 761 3005 tertia
787 2952 871 3006 die
896 2950 968 3025 (b)
992 2968 1269 3022 resurgere.
1306 2950 1537 3022 gaudere
1562 2951 1838 3013 debuerat,
1867 2959 1922 3008 ct

332 3042 599 3098 tristitiam
643 3043 923 3113 passionis,
983 3043 1388 3098 resurrectionis
1434 3043 1602 3113 gloria
1654 3044 1914 3113 mitigare.

331 3135 484 3192 Unde
512 3136 603 3190 illo
634 3149 730 3206 pro
750 3136 938 3191 timore
962 3144 1229 3204 correpto,
1275 3134 1591 3205 loquebatur
1635 3134 1701 3188 ad
1731 3148 1919 3191 omnes

329 3228 637 3298 discipulos,
665 3228 796 3292 sive,
825 3229 1116 3282 convocavit
1141 3228 1339 3281 turbant
1362 3244 1477 3282 cum
1506 3228 1767 3299 discipulis
1786 3228 1914 3296 suis,

330 3320 612 3375 utMarcns
640 3322 853 3391 posuit;
879 3330 971 3376 aut
999 3319 1155 3390 juxta
1197 3320 1415 3386 Lucam,
1455 3320 1649 3375 dicebat
1683 3320 1753 3374 ad
1788 3337 1917 3375 cuu-

329 3420 435 3467 etos
464 3427 484 3465 :
513 3412 573 3467 Si
597 3412 711 3483 quis
730 3411 839 3465 vult
863 3420 977 3483 post
1002 3428 1083 3466 me
1105 3411 1293 3478 venire,
1322 3412 1529 3483 abneget
1554 3414 1917 3480 semetipsum;

330 3513 376 3558 et
402 3502 548 3557 tollat
588 3519 786 3557 crucem
812 3520 991 3565 suam,
1030 3513 1079 3556 et
1119 3512 1355 3573 sequatur
1393 3519 1473 3556 me
1506 3502 1655 3574 (Luc.
1698 3504 1752 3557 9.
1795 3503 1912 3574 23).

329 3595 491 3667 Cujus
519 3595 907 3651 exhortationis
946 3596 1033 3652 hic
1069 3611 1257 3650 sensus
1284 3603 1367 3649 est
1393 3612 1406 3650 :
1440 3595 1554 3649 Non
1584 3603 1668 3650 est
1691 3596 1917 3652 delicata

329 3689 382 3744 in
416 3690 580 3744 Deum
616 3698 671 3743 et
693 3703 880 3743 secuta
906 3686 1194 3742 confessio.
1229 3686 1328 3753 Qui
1358 3688 1408 3740 in
1438 3702 1522 3741 me
1541 3687 1726 3751 credit,
1756 3687 1917 3742 debet

328 3795 484 3835 suum
531 3781 844 3850 sanguinem
886 3778 1130 3835 fundere.
1179 3779 1279 3846 Qui
1320 3780 1451 3833 enim
1492 3779 1766 3849 perdiderit
1802 3780 1916 3832 ani-

329 3890 464 3927 mam
510 3890 654 3929 suam
700 3873 754 3927 in
808 3874 1043 3943 presenti
1060 3911 1077 3938 ,
1137 3871 1417 3941 lucrifaciat
1476 3886 1588 3937 eam
1642 3871 1693 3923 in
1741 3873 1916 3941 futuro

327 3963 541 4036 (Matth.
572 3964 658 4019 to.
692 3963 807 4033 39).
846 3961 1093 4030 Quotidie
1117 3960 1342 4017 credens
1370 3962 1423 4015 in
1450 3960 1746 4026 Christum,
1779 3961 1916 4017 tollit

329 4069 541 4111 erucem
567 4070 740 4121 snam,
775 4063 829 4109 et
863 4063 1020 4125 negat
1054 4053 1310 4123 scipsum.
1342 4052 1442 4122 Qui
1471 4046 1767 4123 impudicus
1792 4052 1911 4119 fuit,

329 4162 516 4203 versus
558 4145 627 4202 ad
660 4147 979 4214 castitatem,
1028 4147 1377 4215 temperantia
1423 4144 1684 4200 luxuriam
1732 4153 1910 4215 negat.

329 4241 429 4308 Qui
462 4239 844 4296 formidolosus
862 4252 920 4309 ει
952 4238 1188 4304 timidus,
1220 4247 1495 4307 assumpto
1524 4237 1716 4293 robore
1759 4237 1914 4292 forti-

331 4332 546 4393 tudinis.
581 4333 811 4402 priorem
837 4346 898 4386 se
925 4344 1045 4385 esse
1084 4329 1273 4386 nescit.
1318 4328 1534 4400 Iniquus
1573 4327 1619 4383 si
1661 4338 1916 4399 sequatur

290 4456 297 4461 -
324 4424 605 4495 justitiam,
633 4432 792 4493 negat
820 4423 1172 4494 iniquitatem.
1195 4420 1401 4476 Stultus
1428 4422 1473 4475 si
1504 4419 1771 4476 Christum
1792 4435 1915 4476 con-

330 4516 542 4572 fiteatur
576 4516 669 4572 Dei
698 4517 944 4571 virtutem
973 4526 1026 4571 et
1056 4516 1150 4572 Dei
1174 4516 1510 4586 sapientiam,
1541 4524 1700 4587 negat
1737 4516 1916 4572 stulti-

330 4607 455 4661 tiam
485 4607 564 4677 (i.
593 4606 712 4660 Cor.
743 4604 815 4679 t).
843 4606 994 4673 Quod
1029 4607 1280 4674 scientes,
1311 4623 1415 4661 non
1444 4609 1613 4662 solum
1652 4622 1914 4680 persecu-

332 4697 494 4760 tionis
543 4706 781 4766 tempore
809 4708 862 4753 et
891 4701 1205 4755 necessitate
1238 4701 1497 4772 martyrii,
1537 4701 1630 4757 sed
1670 4703 1724 4757 in
1766 4703 1913 4760 omni

327 4792 755 4854 conversatione,
779 4806 961 4860 opere,
986 4792 1328 4860 cogitatione,
1353 4807 1624 4861 sermone,
1659 4810 1912 4865 negemus

328 4882 686 4951 nosmetipsos
712 4881 854 4953 quod
892 4890 1015 4943 ante
1052 4882 1280 4945 fuimus;
1313 4892 1367 4937 et
1408 4884 1760 4940 confiteantur
1793 4900 1909 4954 eos,

328 4975 499 5047 quiin
538 4973 752 5030 Christo
780 4974 951 5029 renati
991 4988 1195 5028 sumus.
1244 4974 1447 5029 Idcirco
1475 4977 1617 5031 enim
1656 4978 1912 5036 Dominus

326 5067 612 5133 crucifixus
649 5077 752 5134 est,
802 5077 858 5124 ut
897 5076 953 5125 et
995 5082 1091 5124 nos
1129 5068 1218 5138 qui
1260 5068 1528 5123 credimus
1571 5070 1623 5124 in
1666 5085 1812 5136 eum,
1857 5078 1912 5128 et

326 5171 546 5232 peccato
569 5161 764 5215 mortui
789 5175 994 5224 sumus,
1023 5161 1398 5231 eruciligamur
1423 5176 1543 5217 cum
1585 5162 1723 5232 ipso,
1760 5162 1910 5219 dica-

325 5266 552 5324 mnsque
580 5251 720 5323 quod
753 5252 1037 5322 Apostolus
1069 5251 1261 5312 Paulus
1285 5253 1465 5309 docuit
1498 5271 1511 5309 :
1546 5251 1671 5309 Cum
1710 5253 1908 5311 Christo

325 5345 601 5413 cruciﬁxus
643 5360 757 5397 sum
805 5341 946 5414 (Gul.
986 5342 1178 5414 2.19).
1220 5344 1283 5398 Et
1324 5361 1338 5397 :
1384 5344 1520 5399 Hihi
1566 5356 1736 5401 autent
1777 5347 1908 5402 absit

1435 5482 1614 5544 cgandi
1651 5483 1903 5544 particula.

320 5547 548 5648 gummtfm
568 5544 889 5650 ονρυῖιέιων.
914 5540 1318 5627 quemadmodum
1343 5549 1395 5591 et
1416 5540 1686 5617 i‘u'eristolla
1703 5546 1760 5595 ad
1779 5546 1907 5619 _Pauo

473 5614 502 5649 e
534 5600 702 5650 Hebro
818 5599 1088 5650 Alnbaheto
1108 5602 1376 5650 adducitur.
1403 5604 1464 5650 ΕΙ.
1494 5619 1673 5650 sensus
1709 5610 1907 5650 (midem

473 5614 502 5649 e
534 5599 1376 5670 lleljraieo_Alphaheto_adducitur.
1403 5604 1464 5654 Et
1494 5599 1673 5657 sensus
1709 5609 1907 5670 quidem

322 5668 534 5742 iitroque
551 5663 601 5710 in
626 5662 736 5711 loco
760 5663 894 5742 idem.
911 5664 1107 5742 est,qu
1132 5664 1356 5742 uitnir‘ulm
1380 5680 1468 5739 pro
1488 5679 1581 5716 non
1602 5662 1909 5742 extrahuntur

319 5723 468 5787 excipi
492 5730 643 5787 atque
666 5724 844 5787 exponi
866 5723 1246 5774 debetilierum
1271 5723 1547 5778 Mariianaao
1571 5742 1633 5778 ex
1659 5723 1769 5782 aliis
1790 5731 1904 5782 Mss.

322 5788 373 5856 et
398 5783 525 5834 forte
546 5783 719 5856 Cranen
735 5783 889 5836 etiam
927 5792 1069 5837 testu
1104 5798 1206 5845 milt;
1229 5798 1518 5855 «nmmum,
1557 5790 1756 5855 placuit,
1797 5806 1909 5856 qua:

320 5852 642 5908 oppugnatur.

384 5905 645 5968 (b)".\ntea
672 5916 776 5963 erat
799 5915 1033 5976 resurget.

391 5472 457 5540 (α)
496 5476 578 5526 Sic
601 5476 720 5527 editi
761 5476 987 5540 plerique
1023 5489 1085 5527 ae
1109 5478 1224 5527 Mss.
1257 5491 1366 5528 cum
1399 5494 1431 5530 n

1694 434 2017 496 EPISTULA
2055 435 2244 494 CXXI.

3472 446 3609 507 i0”

2029 553 2276 623 gloriari,
2349 556 2518 629 859
2588 558 2687 612 nisi
2725 559 2777 614 in
2819 559 2982 617 Cruce
3021 562 3237 619 Domini
3274 564 3434 622 nostri
3480 564 3609 623 Jesu

2026 644 2223 701 Christi
2244 663 2379 733 :‘per
2407 665 2553 720 quem
2582 650 2707 704 mihi
2734 655 2952 710 mundus
2988 657 3265 727 cruciﬁxus
3305 668 3400 727 est,
3432 669 3480 714 et
3516 668 3609 732 ego

2028 739 2439 811 mundo(Calat.
2484 742 2538 796 6.
2586 743 2700 812 Ν).
2748 742 2848 812 Qui
2892 760 3013 801 eum
3057 747 3276 805 Christo
3313 751 3610 807 cruciﬁxus

2028 837 2132 893 est,
2164 831 2357 901 spoliet
2404 832 2731 903 principatus
2774 842 2829 889 et
2870 845 3179 906 potestates,
3221 848 3279 896 et
3319 841 3613 912 triumphet

2028 936 2121 976 eas
2162 923 2216 976 in
2261 924 2422 992 ligno.
2470 923 2629 981 Unde
2671 934 2725 980 et
2766 926 2816 980 in
2870 926 3159 998 Evangelio
3202 933 3492 989 secundum
3540 932 3614 1007 (ε)

2029 1012 2357 1081 Matthaaum,
2382 1016 2433 1070 in
2466 1026 2645 1089 typum
2680 1033 2864 1071 eorum
2896 1020 2984 1088 qui
3019 1020 3070 1073 in
3102 1021 3326 1077 Domino
3355 1025 3613 1081 credituri

2030 1115 2207 1174 erant,
2251 1116 2307 1162 et
2345 1122 2404 1163 se
2442 1122 2562 1164 cum
2602 1109 2695 1164 illo
2732 1109 3059 1176 cruciﬁxuri,
3108 1111 3290 1170 Simon
3319 1116 3613 1189 Cyrenis-us

2031 1206 2207 1266 portat
2243 1212 2457 1255 crucem
2500 1200 2648 1269 ejus;
2685 1217 2842 1272 quam
2880 1202 3030 1271 juxta
3068 1202 3203 1261 alios
3243 1204 3613 1280 Evangelistas

2031 1288 2179 1357 prior
2204 1289 2314 1357 ipse
2342 1293 2587 1359 portavit.

2101 1379 2255 1438 CAP.
2296 1382 2386 1437 IV.
2408 1385 2635 1451 —Quid
2663 1388 2774 1442 vult
2812 1388 3137 1458 signiﬁcare,
3162 1390 3309 1462 quod
3334 1392 3385 1448 in
3420 1393 3610 1451 eodem

2029 1469 2277 1527 Matthteo
2297 1476 2553 1545 scriptum
2587 1487 2689 1542 est,
2732 1478 2822 1533 γα-
2842 1482 3239 1553 ρνωρηαηιίθω,
3262 1494 3310 1539 et
3342 1487 3612 1543 nutrienti-

2030 1561 2123 1617 bus
2148 1564 2200 1616 in
2222 1564 2329 1619 illis
2346 1566 2538 1621 diebus.
2572 1569 2634 1624 Et
2658 1587 2674 1622 :
2704 1570 2861 1624 Orate
2888 1589 2951 1627 ne
2976 1574 3068 1640 ﬁat
3086 1574 3210 1645 fuga
3238 1585 3414 1631 vestra
3430 1578 3612 1649 hyeme

2029 1654 2107 1708 vel
2129 1654 2334 1709 sabbato
2358 1654 2570 1728 (Matth.
2600 1658 2690 1713 24.
2722 1660 2809 1715 l9.
2839 1652 2952 1735 90).
2980 1663 3131 1730 Quod
3158 1679 3225 1719 ex
3251 1667 3615 1736 superioribus

2031 1747 2267 1817 pendere
2292 1750 2628 1806 manifestum
2652 1763 2754 1808 est.
2776 1754 2907 1809 Cum
2933 1756 3074 1812 enim
3097 1758 3440 1831 Evangelium
3467 1762 3613 1819 Chri-

2028 1839 2097 1893 sti
2149 1840 2354 1894 cunetis
2403 1843 2648 1912 gentibus
2701 1843 2859 1900 fuerit
2899 1847 3264 1916 praedicatum,
3311 1859 3367 1907 et
3411 1855 3612 1910 venerit

2029 1933 2439 2016 consummatio,
2462 1933 2799 2006 videriutque
2818 1937 3245 1994 abominationcm
3262 1941 3611 2012 desolationis,

2028 2018 2142 2093 qua:
2186 2024 2323 2078 dicta
2372 2035 2447 2080 est
2487 2042 2519 2080 a
2563 2026 2774 2083 Duniele
2823 2028 3108 2099 Propheta,
3145 2042 3359 2089 stantem
3405 2036 3459 2090 in
3504 2038 3611 2093 loco

2027 2125 2203 2169 sancto
2227 2114 2417 2188 (Herc.
2464 2117 2607 2190 l5):
2642 2127 2765 2174 tunc
2795 2122 3100 2191 pnecipitur
3139 2122 3243 2192 his,
3293 2126 3380 2197 qui
3420 2127 3473 2182 in
3515 2128 3614 2184 1η-

2027 2204 2141 2259 ἀςυει
2169 2215 2311 2272 sunt,
2346 2216 2404 2262 ut
2444 2206 2649 2279 fugiant
2676 2210 2747 2264 ad
2774 2223 3016 2276 mentes:
3050 2222 3105 2270 et
3132 2216 3219 2285 qui
3253 2217 3305 2272 in
3347 2226 3510 2285 tecto,
3546 2235 3611 2278 ne

2028 2298 2356 2355 descendant
2398 2301 2586 2358 tollere
2627 2302 2827 2374 aliquid
2866 2305 2933 2361 de
2960 2306 3124 2362 domo
3171 2324 3302 2375 sua;
3349 2320 3401 2367 et
3431 2313 3520 2382 qui
3559 2313 3612 2368 in

2027 2405 2176 2460 agro,
2214 2407 2281 2445 ne
2307 2403 2645 2450 revertantur
2668 2395 2880 2452 auferre
2910 2399 3142 2453 tunicam
3170 2416 3341 2456 suam.
3379 2403 3457 2459 De
3490 2405 3610 2475 qui-

2027 2483 2125 2538 bus
2157 2484 2208 2539 in
2237 2485 2647 2543 Commentariis
2682 2489 2923 2559 ejusdem
2956 2491 3188 2548 Matthtei
3227 2494 3434 2564 plenius
3466 2496 3609 2551 dixi-

2026 2593 2166 2633 mus.
2210 2578 2507 2650 Statimque
2546 2580 2891 2653 conjungitur
2929 2601 2942 2638 :
3001 2584 3087 2639 Va:
3142 2586 3520 2657 praegnantibus
3566 2594 3609 2642 et

2024 2671 2355 2726 nutrientibus
2386 2672 2436 2725 in
2466 2672 2569 2727 illis
2592 2673 2787 2729 diebus.
2829 2674 2886 2729 ln
2912 2676 3104 2746 quibus
3130 2676 3366 2733 diebus?
3394 2679 3609 2750 quando

2023 2761 2349 2815 ahaminatio
2369 2760 2725 2818 desolationis
2753 2765 2963 2819 steterit
2992 2765 3043 2819 in
3073 2764 3194 2819 loco
3223 2776 3432 2824 sancto.
3456 2769 3613 2837 Quod

2022 2851 2236 2922 quidem
2256 2852 2405 2921 juxta
2440 2853 2669 2908 litteram
2697 2854 2765 2910 de
2788 2854 3023 2911 adventu
3065 2857 3379 2913 Antichristi
3419 2860 3610 2930 praedi-

2022 2944 2155 3006 cari,
2184 2944 2321 3027 nulli
2346 2944 2564 3000 dubium
2586 2956 2670 3000 est
2700 2961 2714 3000 :
2740 2945 2955 3017 quando
2984 2951 3379 3018 persecutionis
3405 2953 3614 3023 magni-

2024 3036 2152 3092 tudo
2190 3037 2462 3108 compcllit
2498 3037 2699 3110 fugere,
2746 3049 2798 3095 et
2843 3056 3040 3109 graves
3087 3044 3245 3110 uteri,
3294 3046 3609 3117 parvuliquo

2021 3129 2281 3185 lactentes
2330 3129 2506 3201 fugam
2565 3132 2859 3187 retardant.
2922 3133 3071 3189 Licet
3124 3134 3341 3204 quidam
3394 3136 3500 3192 Titi
3555 3146 3609 3196 et

2021 3221 2336 3294 Vespasiani
2377 3223 2634 3280 adversus
2672 3224 2910 3292 Judmos,
2937 3234 2991 3281 et
3017 3228 3286 3298 prtecipne
3309 3229 3608 3287 Jerusalem

2018 3315 2352 3372 obsidionem
2404 3332 2740 3388 pugnamque
2786 3319 3074 3389 significari
3119 3322 3302 3379 velint.
3352 3322 3607 3396 llyemem

2017 3423 2231 3479 quoque
2259 3419 2314 3463 et
2337 3409 2641 3475 sabbatum,
2683 3410 2762 3466 sic
2787 3411 3222 3483 interpretantur,
3253 3429 3320 3470 ne
3351 3429 3418 3471 eo
3460 3424 3603 3472 tem-

2018 3514 2149 3571 pore
2179 3499 2360 3571 fugere
2387 3501 2800 3570 compellantur,
2843 3503 3060 3572 quando
3085 3504 3279 3560 duritia
3308 3506 3520 3577 frigoris
3551 3508 3607 3564 in

2017 3591 2182 3662 agris,
2211 3600 2264 3646 et
2292 3592 2342 3645 in
2371 3591 2601 3647 desertis
2630 3591 2784 3657 locis,
2814 3592 3079 3665 fugientes
3117 3596 3287 3652 latere
3329 3612 3436 3653 non
3471 3600 3607 3668 pati<

2020 3693 2107 3737 tur
2139 3699 2154 3737 :
2185 3692 2242 3737 et
2267 3681 2577 3737 observatio
2602 3683 2830 3749 sabbati,
2861 3694 2954 3739 aut
2978 3688 3425 3755 praevaricatores
3460 3690 3604 3758 iacit,

2017 3772 2062 3827 si
2093 3771 2331 3843 fugiant;
2364 3781 2457 3826 ant
2503 3772 2737 3827 hostium
2765 3774 2959 3844 gladiis
2987 3776 3285 3847 subiacere,
3323 3779 3367 3833 si
3395 3781 3607 3839 sabbati

2017 3864 2204 3925 otium,
2236 3872 2285 3916 et
2312 3871 2582 3932 przcccpta
2609 3865 2962 3920 servaverint.
2989 3866 3097 3921 Nos
3121 3877 3299 3925 autem
3324 3870 3606 3929 audientes

2019 3954 2302 4010 Dominum
2323 3954 2680 4019 Salvatorem,
2704 3956 2871 4027 utqui
2894 3956 3147 4013 inJudtca
3218 3960 3384 4033 βω
3455 3973 3601 4032 sunt,

2015 4049 2082 4103 ad
2117 4056 2367 4102 montana
2396 4047 2720 4118 confugiant,
2754 4049 2852 4119 ipsi
2884 4064 3098 4121 quoque
3134 4053 3320 4107 oculos
3365 4053 3605 4111 levemus

2019 4139 2113 4213 [:rl.
2156 4136 2399 4210 levamus]
2442 4139 2509 4192 ad
2546 4150 2777 4205 montes,
2822 4140 2891 4197 de
2930 4140 3125 4211 quibus
3171 4143 3428 4214 scriptum
3469 4154 3602 4200 est:

2015 4230 2201 4285 Levavi
2237 4230 2411 4285 oculos
2458 4246 2595 4286 uicos
2630 4232 2684 4286 in
2730 4243 2941 4300 montes,
2984 4234 3119 4290 unde
3162 4238 3322 4291 veniet
3354 4236 3604 4293 auxilium

2015 4325 2142 4379 mihi
2178 4321 2348 4395 (Psaf.
2398 4322 2517 4379 l20.
2565 4323 2643 4395 l).
2691 4324 2757 4379 Et
2800 4326 2851 4379 in
2892 4325 3000 4381 alio
3043 4327 3209 4383 loco:
3241 4326 3606 4385 Fundamenta

2017 4420 2127 4491 ejus
2151 4418 2204 4471 in
2243 4417 2492 4472 montibus
2520 4417 2710 4472 sanctis
2738 4415 2909 4490 (Psal.
2952 4418 3043 4474 86.
3068 4418 3123 4491 i)
3156 4437 3170 4474 :
3200 4420 3287 4484 Et,
3321 4419 3520 4475 Montes
3549 4422 3605 4476 in

2014 4510 2226 4564 circuitu
2256 4509 2385 4581 ejus,
2429 4519 2475 4563 et
2510 4508 2756 4564 Dominus
2790 4509 2842 4563 in
2872 4509 3085 4565 circuitu
3116 4512 3292 4582 μοι)υῦ
3317 4513 3398 4566 sui
3425 4511 3600 4585 (Psal.

2078 4686 2147 4753 (ε)
2178 4683 2395 4734 Brixiani
2422 4682 2616 4753 cod‘ces
2635 4695 2812 4753 novem
2837 4696 2994 4745 penes
3013 4684 3277 4753 Victor-ium
3299 4686 3496 4753 dupque
3520 4693 3604 4747 am

2078 4701 2147 4794 (cf
2182 4701 2395 4734 stratam
2422 4701 2510 4732 cou
2530 4701 2616 4733 ccs
2636 4701 2812 4734 novem
2837 4701 2994 4745 penes
3023 4701 3277 4735 "omnum
3299 4701 3496 4753 duoque
3520 4701 3602 4747 alii

2013 4759 2118 4809 aput
2134 4807 2143 4809 Α
2162 4759 2268 4803 nos,
2292 4758 2499 4806 quorum
2522 4748 2648 4809 alter
2669 4747 2935 4809 impressus
2960 4754 3059 4809 est,
3073 4750 3340 4797 secundum
3354 4750 3602 4807 Joannem

2014 4805 2255 4871 noctem,
2292 4805 2390 4871 non
2420 4807 2684 4856 secundum
2715 4805 3001 4871 Matthazunt
3024 4808 3344 4871 Evangelium
3385 4805 3601 4867 Ιαυάθηῐί

2012 4870 2085 4919 Et
2114 4867 2394 4932 Hieronymi
2416 4875 2873 4932 quoqueeontextu
2903 4875 2954 4918 et
2990 4867 3219 4932 loquen'di
3244 4874 3435 4924 ratione
3460 4877 3604 4928 facile

2014 4937 2180 4993 nostro
2204 4929 2401 4991 quidem
2423 4930 2601 4991 judicio
2623 4929 2795 4993 liquet,
2820 4932 3019 4981 minime.
3042 4929 3318 4987 Matthaaum
3343 4937 3513 4988 adduci
3538 4941 3602 4992 ab

2014 5004 2076 5041 eo
2101 4991 2343 5056 minis-se;
2368 5003 2475 5056 cum
2496 4993 2623 5056 enim
2646 4991 2755 5056 quae
2772 4992 3016 5056 (hactenus
3032 4993 3313 5056 explicavit,
3339 5010 3401 5048 ex
3427 4999 3509 5050 illo
3524 4991 3598 5052 di;
3684 5002 3685 5009 “

2012 5052 2313 5127 versislocis
2356 5053 2507 5123 petita
2529 5054 2644 5110 sint,
2666 5053 2783 5163 quid
2821 5061 2895 5104 est
2923 5056 3053 5128 quod
3087 5052 3230 5119 quasi
3261 5052 3327 5111 de
3363 5075 3603 5125 mtsqttam

2012 5122 2153 5163 antea
2182 5128 2229 5162 tn
2258 5115 2587 5163 tzrohattonem
2612 5116 2670 5163 ad
2707 5122 2819 5163 ueto
2841 5120 3118 5163 testimonio
3141 5119 3276 5163 dicit-
3310 5124 3444 5163 I'nrlp,
3464 5130 3511 5163 ρι
3549 5126 3600 5163 δη

2012 5122 2153 5164 antea
2182 5117 2235 5183 in.
2258 5115 2587 5183 probationem
2612 5115 2819 5183 adducto
2841 5115 3120 5183 testimonio
3141 5119 3277 5182 dicit,
3310 5124 3444 5173 t'nde
3464 5115 3511 5174 et
3549 5126 3600 5176 in

2012 5176 2265 5239 Etmgelio
2286 5176 2548 5227 secundum
2574 5175 2846 5227 Matt/uvam
2867 5177 2891 5227 2’
2913 5179 2966 5229 Si
3005 5188 3167 5230 tamen
3195 5175 3274 5231 ex'
3298 5184 3412 5233 Mss.
3444 5175 3597 5236 Joan-

2010 5240 2455 5310 npntsultstttuas,
2484 5240 2781 5310 ⁸ῃριιιξειυειιῐι
2818 5243 3058 5310 constabit
3088 5248 3350 5294 sententia:
3393 5247 3595 5310 veritas,
3686 5300 3691 5307 ,

2010 5300 2253 5366 siquidem
2279 5312 2341 5348 ex
2368 5300 2594 5349 omnibus
2617 5300 2944 5366 Evangelistis
2973 5305 3059 5366 qui
3086 5317 3181 5366 uno
3203 5317 3442 5355 consensu
3469 5318 3498 5354 a
3521 5300 3597 5358 Si:

2011 5361 2156 5425 mone
2178 5361 2409 5425 Cyrenaeo
2432 5370 2666 5425 portatam
2691 5361 2843 5413 fuisse
2865 5361 3060 5415 crucem
3082 5365 3108 5413 J
3116 5378 3203 5413 esu
3227 5372 3482 5424 testantur.
3514 5381 3596 5419 sos

2011 5423 2088 5472 lus
2108 5423 2323 5473 Joannes
2344 5423 2591 5479 conceptis
2616 5425 2785 5473 verbis
2807 5441 2834 5473 a
2872 5426 3063 5477 Christo
3095 5425 3224 5474 illam
3264 5433 3409 5477 antea
3432 5430 3597 5479 subla-

2012 5493 2106 5549 tam
2132 5491 2399 5549 asseverat.
2420 5485 2477 5549 In
2493 5485 2620 5536 hunc
2644 5488 2808 5549 itaque
2829 5501 3043 5549 sensum,
3056 5500 3219 5549 quem
3246 5488 3429 5538 intendi
3449 5493 3596 5544 etiam

2008 5559 2040 5596 a
2063 5548 2115 5597 S.
2142 5547 2357 5597 Doctore
2382 5547 2544 5597 nullus
2567 5546 2754 5605 dubito,
2783 5554 2888 5610 lost
2912 5548 3026 5598 Mss.
3055 5546 3334 5610 lectionem,
3372 5552 3597 5609 nimirum

2008 5610 2273 5674 substituto
2308 5609 2508 5674 Joannis
2547 5610 2747 5659 nomine
2766 5608 2793 5667 ,ἡ
2820 5610 2954 5674 reﬁci
2992 5608 3149 5674 adhuc
3195 5622 3259 5658 ex
3304 5608 3598 5674 conjecturis

2009 5668 2378 5737 locusdeberet,
2399 5672 2489 5720 bac
2507 5675 2766 5737 verborum
2783 5670 3064 5728 metatbesi,
3083 5676 3214 5731 puta,
3233 5668 3437 5737 crucem
3453 5687 3597 5737 quam

1999 5732 2152 5796 juxta
2172 5733 2302 5799 alios
2317 5730 2823 5799 Evattgelistttsﬁimon
2845 5730 3104 5799 Cyrenaeus
3129 5737 3302 5799 portat,
3329 5730 3474 5795 prior"
3490 5736 3593 5799 ipse

2008 5792 2228 5858 portavit.
2257 5792 2591 5858 Yerum'quia
2620 5793 2735 5858 Mss.
2775 5792 2995 5841 non'nisi
3019 5792 3270 5858 superiori
3291 5792 3395 5844 loco
3427 5792 3595 5850 suifra-

2008 5854 2200 5918 gantur,
2224 5856 2288 5905 ab
2301 5854 2546 5918 impressu
2581 5854 2812 5918 lectione,
2832 5867 2985 5918 quam
3015 5855 3183 5918 caeteri
3206 5855 3351 5903 etiam
3378 5860 3597 5917 edituros

2011 5914 2243 5984 Ecligiose
2266 5914 2544 5978 observant,
2572 5914 2688 5965 nihil
2714 5929 2740 5964 a
2765 5914 2904 5968 nobis
2927 5923 3003 5966 est
3025 5917 3344 5968 immutatum.
