4088 6336
554 381 694 438 “HO

557 506 638 550 Ira
663 492 1004 562 semetipsum
1023 507 1036 544 :
1055 489 1190 556 Quid
1207 487 1409 560 reiciam,
1424 486 1540 558 quia
1554 485 1786 540 dominus
1813 498 1952 536 meus
1967 483 2132 550 aufert

556 602 591 640 α
645 602 722 640 me
767 582 1242 654 dispensationem?
1307 581 1513 636 Fodere
1561 597 1664 634 non
1711 578 1887 642 valeo,
1937 573 2136 627 mendi-

554 697 669 735 care
737 680 899 752 865
971 678 1221 734 erubesco.
1273 677 1394 733 Scio
1421 677 1543 748 quid
1585 675 1791 745 faciam,
1839 684 1894 725 u-t
1931 669 2136 740 quando

553 771 752 830 sublata
777 771 901 823 nti/ti
925 770 1076 840 fuerit
1102 769 1430 839 dispensatio,
1463 767 1743 835 suscipiant
1778 779 1857 816 me
1882 763 1934 816 in
1961 761 2138 815 domos

553 879 691 917 suas.
731 861 937 916 Vocavit
978 863 1148 932 itaque
1189 862 1414 932 singulos
1457 860 1701 914 debitores
1728 857 1919 912 domini
1957 854 2058 916 sui,
2091 861 2138 908 et

554 954 684 1007 dixit
721 955 926 1023 primo:
959 953 1212 1017 Quantum
1253 953 1399 1006 debes
1437 951 1653 1004 Domino
1684 949 1838 1002 meo?
1867 946 1968 1010 Qui
2009 945 2138 998 dixit

553 1045 602 1098 ei
628 1059 646 1098 :
672 1043 880 1098 Centum
912 1045 1050 1097 batos
1080 1045 1196 1098 olei.
1226 1043 1309 1096 Ait
1335 1043 1413 1096 illi
1438 1057 1456 1096 :
1488 1040 1631 1094 Tolle
1659 1040 1942 1094 cautionem
1977 1048 2134 1104 tuam,

552 1145 598 1190 et
623 1135 798 1190 sedens
822 1136 940 1201 cito,
968 1137 1132 1190 scribe
1150 1134 1534 1204 quinquaginta.
1568 1132 1762 1186 Deinde
1790 1133 1857 1184 ad
1883 1131 2038 1184 alium
2062 1130 2138 1184 lo-

485 1271 500 1278 -
552 1236 694 1279 cutus
723 1237 794 1280 est
812 1242 832 1280 :
862 1226 936 1280 Tu
963 1236 1128 1279 autent
1156 1235 1400 1295 quantum
1427 1225 1610 1279 debes?
1637 1224 1700 1277 At
1728 1224 1815 1277 ille
1839 1223 2095 1293 respondit
2118 1238 2136 1276 :

553 1314 766 1369 Centum
786 1332 934 1369 caros
945 1317 1114 1369 tritici.
1142 1315 1382 1382 Dixitque
1402 1317 1448 1368 ei
1472 1331 1490 1370 :
1515 1315 1656 1368 Tolle
1674 1317 1951 1368 cautionem
1975 1325 2134 1379 luant,

553 1416 600 1460 et
618 1407 778 1461 scribe
801 1413 1073 1478 octoginta.
1110 1407 1173 1461 Et
1205 1409 1432 1463 laudavit
1462 1407 1708 1460 Dominus
1750 1407 1992 1471 villicum,
2026 1407 2138 1460 sive

555 1499 951 1566 dispensatorem
976 1499 1271 1566 iniquitatis,
1315 1499 1452 1566 quod
1480 1500 1752 1568 prudenter
1781 1498 1992 1567 fecerit:
2020 1498 2138 1566 quia

557 1590 651 1657 ﬁlii
679 1590 851 1644 sa'cnli
880 1591 1034 1659 hujus
1058 1592 1405 1660 prudentiores
1431 1602 1546 1643 sunt
1571 1592 1693 1659 ﬁliis
1720 1592 1847 1644 lucis
1894 1591 1946 1644 in
1990 1607 2140 1659 gene-

555 1683 752 1735 ratione
776 1699 887 1736 sua.
919 1680 987 1734 Et
1022 1699 1114 1752 ego
1151 1685 1264 1736 dico
1293 1685 1447 1747 vobis,
1494 1684 1644 1751 facite
1674 1683 1807 1736 vobis
1847 1684 2036 1736 amicos
2078 1682 2141 1736 de

556 1771 727 1840 iniquo
775 1788 1010 1826 mamona
1038 1789 1055 1826 :
1080 1783 1133 1826 ut
1178 1774 1378 1840 quando
1415 1773 1717 1843 defeceritis,
1766 1775 2010 1842 recipiant
2054 1789 2140 1827 vos

557 1862 610 1915 in
633 1872 819 1916 (eterna
847 1862 1188 1916 tabernacula.
1224 1864 1322 1928 Qui
1357 1864 1524 1934 ﬁdelis
1552 1875 1623 1918 est
1668 1866 1720 1918 in
1764 1880 1948 1934 parvo,
1999 1873 2045 1918 et
2087 1867 2140 1917 in

556 1955 714 2009 multo
735 1955 901 2022 ﬁdelis
925 1966 1018 2010 est.
1052 1956 1149 2023 Qui
1167 1958 1373 2010 minimo
1389 1959 1590 2028 iniquus
1604 1966 1697 2021 est,
1717 1967 1762 2010 et
1789 1958 1840 2010 in
1863 1959 2020 2011 multo
2041 1958 2140 2010 ini-

561 2063 690 2116 quus
719 2048 834 2100 erit.
879 2047 941 2102 Si
992 2065 1110 2118 ergo
1137 2049 1188 2101 in
1218 2049 1391 2120 iniquo
1420 2065 1656 2102 mantona
1685 2049 1859 2117 ﬁdeles
1895 2065 1995 2102 non
2039 2050 2141 2119 fui-

555 2138 664 2203 stis,
696 2139 833 2208 quod
856 2155 1027 2193 verum
1052 2151 1144 2205 est,
1183 2142 1294 2213 quis
1333 2143 1499 2195 credet
1526 2141 1702 2196 vobis?
1731 2142 1793 2194 Et
1831 2143 1875 2196 si
1899 2144 1950 2196 in
1976 2144 2140 2196 alieno

559 2228 735 2297 ﬁdeles
767 2246 867 2283 non
889 2229 1080 2299 fuistis,
1115 2235 1251 2302 quod
1278 2243 1494 2286 vestrum
1521 2243 1613 2299 est,
1661 2235 1771 2302 quis
1801 2233 1937 2287 dabit
1962 2235 2142 2288 vobis?

561 2319 728 2375 Nemo
765 2339 936 2377 servus
961 2333 1121 2394 potest
1141 2325 1338 2380 duobus
1380 2325 1614 2381 Dominis
1643 2328 1827 2380 servire
1849 2342 1869 2381 .'
1894 2337 1981 2380 aut
2009 2328 2143 2381 enim

558 2429 714 2467 unum
735 2413 932 2468 habebit
957 2417 1094 2480 odio,
1119 2427 1165 2471 et
1189 2419 1400 2472 alterum
1420 2419 1594 2490 diliget
1617 2435 1636 2472 :
1656 2428 1742 2472 aut
1770 2435 1926 2472 unum
1945 2419 2138 2482 audiet,

558 2515 606 2559 et
629 2507 841 2560 alterum
861 2517 1158 2563 contemnet.
1184 2509 1304 2564 Non
1325 2513 1538 2579 potestis
1566 2511 1671 2566 Deo
1695 2513 1898 2578 servire,
1944 2522 1991 2566 et
2028 2529 2140 2565 ma-

559 2616 743 2656 ntome.
769 2602 1055 2657 Audiebant
1077 2614 1244 2658 autent
1267 2605 1374 2660 Ita'c
1404 2606 1572 2660 omnia
1594 2605 1866 2670 Pharisaei,
1889 2606 1975 2673 qui
2000 2614 2142 2659 erant

558 2695 722 2762 avari,
763 2705 809 2749 et
845 2696 1220 2751 snbsannabant
1247 2698 1417 2753 illum.
1448 2699 1640 2752 Totum
1686 2697 1953 2766 parabolae
1985 2697 2142 2768 hujus

543 2795 770 2848 textum
799 2790 972 2858 posui,
1005 2799 1062 2844 ut
1109 2805 1212 2846 non
1262 2791 1416 2844 nobis
1471 2790 1879 2859 intelligentiam
1928 2789 2143 2845 aliunde

561 2895 888 2949 qumramus,
941 2891 995 2935 et
1037 2881 1089 2935 in
1135 2881 1384 2950 parabola
1430 2891 1607 2936 certas
1640 2881 1871 2934 nitamur
1901 2881 2143 2936 invenire

560 2987 859 3041 personas;
906 2973 998 3026 sed
1045 2973 1462 3042 interpretemur
1485 2988 1602 3026 eam
1631 2973 1780 3042 quasi
1813 2973 2137 3040 parabolam,

560 3063 664 3119 hoc
692 3076 773 3119 est
793 3064 1226 3126 similitudinem,
1256 3080 1374 3134 qua:
1402 3065 1470 3118 ab
1490 3080 1555 3117 eo
1575 3073 1794 3118 vocatur
1819 3065 1958 3134 quod
1987 3065 2143 3120 alteri

560 3162 948 3226 παραβάλλεται.
981 3153 1083 3208 hoc
1110 3163 1213 3218 est,
1261 3154 1608 3218 assimilatur,
1660 3164 1714 3209 et
1756 3157 1906 3224 quasi
1958 3157 2142 3211 umbra

559 3247 821 3316 prazvium
871 3246 1109 3299 veritatis
1159 3255 1260 3300 est.
1308 3245 1361 3302 Si
1418 3261 1549 3316 ergo
1592 3247 1930 3316 dispensator
1976 3248 2140 3318 iniqui

559 3351 846 3400 mamonm,
890 3337 1100 3392 Domini
1151 3354 1282 3394 voce
1324 3339 1590 3407 laudatur,
1611 3339 1751 3409 quod
1779 3339 1846 3394 de
1873 3355 1933 3394 re
1963 3341 2142 3410 iniqua

560 3429 662 3483 sibi
687 3429 951 3498 justitiam
986 3431 1298 3499 praipararit
1318 3449 1330 3486 :
1353 3439 1408 3487 et
1429 3447 1616 3501 passus
1646 3432 1924 3503 dispendia
1957 3433 2142 3487 Domi-

560 3534 684 3585 nus,
719 3520 898 3574 laudat
917 3521 1303 3591 dispensatoris
1331 3524 1686 3594 prudentiam,
1715 3525 1856 3593 quod
1887 3525 2143 3580 adversus

561 3609 845 3664 Dominum
874 3612 1088 3682 quidem
1115 3613 1498 3682 fraudulenter,
1529 3616 1624 3671 sed
1663 3631 1758 3686 pro
1779 3630 1836 3671 se
1855 3617 2147 3686 prudenter

558 3701 764 3771 egerit:
793 3714 992 3774 quanto
1037 3707 1206 3776 magis
1244 3705 1490 3763 Christus
1518 3709 1607 3778 qui
1661 3709 1860 3763 nullum
1889 3708 2141 3764 damnum

559 3793 826 3850 sustinere
855 3803 1049 3866 potest,
1080 3808 1134 3853 ct
1163 3814 1361 3868 pronus
1380 3809 1459 3855 est
1482 3800 1546 3854 ad
1575 3801 1934 3863 clementiam,
1963 3800 2146 3854 lauda-

561 3883 643 3938 bit
670 3884 962 3957 discipulos
990 3903 1138 3956 suos,
1172 3892 1215 3945 si
1243 3891 1294 3945 in
1321 3907 1416 3947 eos
1435 3892 1522 3962 qui
1546 3893 1798 3948 credituri
1823 3891 1916 3965 [aL
1943 3891 2144 3965 credin]

560 3975 663 4030 sibi
713 3988 860 4043 sunt,
893 3981 1269 4036 misericordes
1301 3981 1537 4038 iuerint?
1570 3984 1806 4055 Denique
1835 3996 1954 4054 post
1987 4001 2144 4055 para-

564 4067 743 4124 bolam
766 4069 973 4125 intulit:
1001 4071 1069 4125 Et
1099 4089 1190 4142 ego
1212 4074 1350 4127 vobis
1375 4075 1509 4141 dico,
1539 4075 1694 4145 facile
1719 4077 1854 4130 vobis
1876 4077 2065 4130 amicos
2085 4076 2149 4130 de

560 4158 737 4229 iniquo
764 4175 1022 4216 mamona.
1073 4163 1315 4219 Mamona
1369 4175 1572 4232 autem,
1621 4182 1726 4221 non
1774 4167 2143 4232 Hebrazoruni,
2213 4159 2220 4166 ’

564 4255 661 4304 sed
691 4251 949 4322 Syrorum
995 4253 1194 4324 lingua,
1227 4255 1426 4310 divitia:
1467 4268 1864 4328 nuncupantur,
1893 4259 1970 4329 (a)
2004 4259 2147 4330 quod

559 4343 728 4415 866
799 4344 868 4400 de
915 4346 1196 4417 iniquitate
1233 4348 1475 4405 collecta:
1522 4351 1650 4407 sint.
1709 4351 1764 4407 Si
1796 4367 1925 4423 ergo
1954 4353 2150 4423 iniqui-

565 4444 648 4492 tas
693 4437 834 4494 bene
888 4439 1193 4510 dispensata
1240 4445 1466 4498 vertitur
1513 4444 1566 4498 in
1610 4444 1914 4514 justitiam:
1947 4455 2148 4515 quanto

563 4529 735 4600 magis
765 4545 954 4588 sermo
980 4533 1214 4599 divinus,
1259 4535 1312 4589 in
1339 4550 1446 4606 quo
1478 4536 1618 4590 nulla
1647 4545 1728 4592 est
1755 4536 2030 4607 iniquitas,
2057 4537 2149 4608 qui

563 4631 621 4678 et
649 4625 923 4695 Apostolis
946 4627 1182 4684 creditus
1219 4638 1322 4698 est,
1367 4629 1413 4685 si
1443 4631 1577 4686 bene
1601 4631 1760 4686 fuerit
1785 4631 2148 4703 dispe'nsatus,

565 4717 968 4788 dispensatores
997 4738 1123 4778 suos
1171 4723 1366 4779 levabit
1421 4725 1471 4780 in
1525 4725 1754 4782 oculum?
1784 4726 2147 4794 Quamobrem

567 4809 848 4877 sequitur:
887 4813 998 4879 Qui.
1012 4815 1181 4882 ﬁdelis
1210 4826 1282 4871 est
1311 4819 1364 4871 in
1393 4819 1624 4885 minimo,
1659 4818 1762 4874 hoc
1783 4830 1864 4874 est
1892 4820 1943 4874 in
1969 4835 2150 4876 carna-

564 4902 727 4967 libus,
760 4913 810 4958 et
835 4905 887 4959 in
918 4908 1093 4962 multis
1116 4908 1283 4978 ﬁdelis
1299 4912 1413 4977 erit,
1446 4911 1546 4967 hoc
1571 4923 1652 4968 cst
1679 4915 1729 4968 in
1758 4914 2143 4984 spiritualibus.

635 5057 707 5131 (a)
740 5057 937 5131 Scilicet
967 5066 1275 5131 compositam
1311 5079 1479 5131 vocem
1519 5081 1632 5118 esse
1667 5071 1933 5121 arbitratus
1965 5079 2058 5131 est,
2101 5077 2154 5120 et

573 5119 699 5169 forte
738 5121 941 5171 deduxit
965 5135 1029 5173 ex
1066 5119 1150 5205 TIR
1199 5135 1250 5176 et
1287 5133 1379 5212 p2,
1420 5129 1642 5179 Minavou
1680 5119 1744 5182 de
1773 5119 2152 5218 iniquitatiq‘ﬁ

563 5207 749 5284 quippe
773 5205 973 5284 vanitas,
1001 5216 1053 5257 et
1074 5205 1301 5284 iniquitas
1323 5223 1415 5284 est.
1453 5214 1565 5276 Ipse
1601 5221 1745 5284 etiam
1779 5219 1832 5284 S.
1875 5205 2094 5276 [renatus
2117 5227 2148 5278 l.

563 5269 610 5342 εἴ.
640 5282 682 5318 c.
713 5269 954 5342 Ratieseio
990 5284 1133 5342 quam
1156 5269 1494 5342 adjectionerri
1539 5269 2155 5342 compositionemque—lide

564 5334 617 5401 an
643 5331 875 5401 vocabulo
901 5331 1104 5401 invenit,
1143 5331 1243 5385 sed'
1268 5340 1414 5388 cubat
1453 5340 1501 5387 in
1538 5331 1716 5390 men'do
1751 5331 2151 5401 locusiviut‘er'iiri

564 5391 828 5475 Cltaldaiee
847 5406 909 5475 ac
940 5395 1064 5458 Syre
1091 5391 1252 5448 'unum
1291 5407 1380 5475 est
1408 5402 1630 5475 verbum,
1920 5391 2152 5475 (133211};

565 5467 802 5528 tenueris
818 5465 1048 5538 idiomate
1072 5476 1275 5539 utentes
1288 5469 1677 5539 Judmi,_divitias
1699 5465 2025 5539 appellabant,
2049 5465 2153 5534 e'as-

564 5541 663 5590 que
689 5530 951 5600 prmeipue,
989 5543 1100 5600 qua;
1137 5531 1279 5582 alteri
1317 5546 1427 5600 eum
1464 5534 1652 5584 {tenore
1683 5530 1968 5590 creduntur.
2012 5530 2152 5596 Unde

565 5603 732 5659 verum
773 5595 1126 5659 ejusnominis
1165 5595 1525 5659 etymologiam,
1562 5605 1670 5659 post
1707 5603 1864 5650 varias
1898 5595 2151 5658 doctorum

565 5650 814 5732 hominum
833 5654 1106 5732 opiitippes,
1134 5650 1404 5732 nori_aliarri
1429 5650 1651 5732 putamus
1687 5675 1817 5722 esse,
1861 5650 2154 5732 manilii;

563 5714 822 5764 deducitur
865 5714 928 5764 ex
964 5715 1210 5769 llebraico
1238 5714 1689 5804 rano'l'credidit,
1726 5714 1926 5790 ex'qtio
1962 5714 2155 5788 ἓξΞῇ

564 5807 821 5884 creditum,
842 5809 969 5880 quod
995 5810 1168 5884 ﬁrmee
1191 5824 1479 5884 esttamen,
1514 5818 1620 5868 sive
1657 5819 1828 5881 ﬁenns.
1855 5823 1972 5884 Qum.
1998 5825 2147 5878 inter-

566 5873 772 5920 pretatio
795 5872 970 5922 mirum
996 5872 1248 5937 Evangelii
1275 5877 1393 5930 locis
1415 5872 1560 5944 quam
1585 5872 1840 5946 congruat.

1785 437 1791 440 η
1839 363 2082 422 ssnon
2119 358 2520 420 unanoxvtu.

3683 376 3812 435 10:20

2244 477 2341 544 Qui
2371 486 2538 531 autent
2559 478 2610 532 in
2639 495 2793 549 parvo
2815 480 3018 550 iniquus
3037 493 3128 549 est,
3158 495 3210 539 ut
3238 500 3343 543 non
3367 487 3456 544 det
3486 489 3733 550 fratribus
3749 499 3810 553 ad

2241 570 2520 635 mendum,
2549 573 2690 641 quod
2720 590 2748 626 a
2775 575 2882 628 Deo
2912 589 3010 646 pro
3036 580 3283 636 onmihus
3311 592 3393 636 est
3423 594 3692 652 creatum;
3717 588 3813 645 iste

2242 671 2296 715 et
2327 663 2378 715 in
2410 662 2668 731 spirituali
2696 667 2920 735 pecunia
2939 668 3219 724 dividenda
3241 672 3454 743 iniquus
3480 679 3579 731 erit
3601 692 3616 741 ;
3641 687 3812 735 utnon

2243 769 2340 824 pro
2372 757 2711 822 necessitate,
2743 758 2838 813 sed
2871 777 2966 828 pro
2997 763 3239 832 personis
3265 765 3566 822 doctrinam
3611 769 3814 826 Domini

2241 847 2462 902 dividat.
2491 848 2547 903 Si
2570 859 2766 916 autem,
2789 851 2977 922 inquit,
3001 855 3242 911 carnales
3263 856 3471 911 divitias
3492 875 3614 928 qua:
3633 860 3817 916 labun-

2243 947 2350 1004 tur,
2379 955 2482 994 non
2514 941 2650 997 bene
2675 942 3020 1013 dispensatis,
3054 939 3209 1002 vertis
3235 957 3572 1020 :eternasqne
3602 951 3818 1009 divitias

2241 1030 2502 1087 doctrina:
2555 1034 2671 1100 Dei,
2720 1036 2840 1106 quis
2887 1036 3072 1092 credet
3125 1038 3311 1093 vobis?
3344 1039 3409 1093 Et
3436 1041 3481 1095 si
3513 1023 3574 1095 in
3600 1041 3683 1096 his
3705 1059 3818 1111 quas

2241 1122 2416 1178 aliena
2457 1134 2582 1180 sunt
2627 1127 2886 1195 (alienum
2917 1139 3093 1182 autem
3125 1139 3209 1184 est
3249 1145 3278 1184 a
3312 1131 3465 1185 nobis
3497 1147 3657 1186 omne
3685 1134 3819 1202 quod

2242 1217 2425 1271 surculi
2470 1220 2574 1289 est)
2610 1218 2852 1274 inﬁdeles
2881 1219 3078 1288 fuistis,
3111 1239 3171 1277 ea
3217 1239 3334 1294 qua:
3375 1234 3553 1278 vestra
3585 1234 3729 1290 sunt,
3770 1235 3822 1280 et

2245 1309 2458 1376 proprie
2487 1309 2740 1378 deputata
2768 1310 2994 1378 homini,
3025 1315 3145 1383 quis
3173 1315 3326 1368 vobis
3351 1315 3574 1371 credere
3598 1317 3820 1386 poterit?

2243 1397 2396 1453 Unde
2427 1402 2648 1469 corripit
2674 1403 2975 1470 avaritiam,
3000 1413 3054 1459 et
3076 1405 3204 1459 dicit
3229 1421 3349 1460 eum
3379 1407 3468 1476 qui
3496 1416 3641 1460 amat
3667 1423 3822 1477 pecu-

2246 1493 2409 1556 niam,
2446 1494 2612 1549 Deum
2642 1511 2824 1551 amare
2855 1513 2960 1551 non
3010 1513 3188 1568 posse.
3234 1498 3395 1569 igitur
3424 1509 3480 1554 et
3525 1501 3820 1570 Apostolis,

2243 1585 2286 1638 si
2315 1585 2477 1639 velint
2501 1601 2682 1642 amare
2720 1587 2908 1651 Deum,
2939 1589 3193 1659 pecunias
3218 1603 3339 1644 esse
3363 1591 3816 1647 contemnendas.

2245 1674 2397 1732 Unde
2425 1677 2626 1732 Scriba:
2656 1688 2711 1734 et
2759 1679 3016 1735 l’harisazi
3046 1680 3132 1751 qui
3162 1690 3317 1737 erant
3345 1683 3515 1746 avari,
3541 1684 3820 1739 adversam

2244 1784 2302 1824 se
2357 1771 2552 1825 dictam
2597 1771 2959 1842 intelligcnlcs
3019 1772 3368 1843 parabolam,
3427 1775 3826 1833 subsannabant

2245 1877 2365 1916 eum
2391 1882 2404 1918 :
2430 1864 2687 1929 carnalia,
2724 1875 2781 1918 ut
2805 1875 2950 1920 certa
2982 1874 3034 1920 et
3055 1867 3362 1936 prmsentia,
3389 1868 3751 1938 spiritualibus
3768 1885 3827 1924 ac

2248 1954 2540 2018 futuris,ct
2569 1959 2718 2028 quasi
2769 1959 2987 2012 incertis
3036 1969 3442 2030 prieponentes,
3502 1962 3826 2032 Theophilus

2246 2047 2594 2102 Antiocheam
2629 2049 2881 2106 Ecclesia:
2913 2051 2987 2124 (b)
3019 2053 3282 2121 septimus
3303 2063 3422 2123 post
3451 2053 3668 2109 Petrum
3698 2055 3829 2124 Apo-

2247 2139 2442 2192 Stolum
2490 2140 2816 2211 Episcopus,
2864 2143 2953 2213 qui
2998 2153 3227 2214 quatuor
3274 2145 3730 2216 Evangelistarmn
3777 2147 3828 2202 in

2249 2245 2411 2284 unum
2441 2246 2576 2300 opus
2606 2233 2749 2288 dicta
2783 2235 3155 2306 compingens,
3189 2237 3384 2309 ingenii
3411 2239 3489 2291 sui
3521 2238 3673 2295 nobis
3715 2254 3828 2294 mo-

2249 2332 2502 2376 numenta
2529 2322 2728 2377 dimisit
2760 2323 2852 2397 [aL
2897 2327 3141 2400 reliquit],
3203 2327 3319 2382 hzoc
3345 2344 3508 2399 super
3534 2329 3633 2384 hac
3678 2345 3828 2399 para-

2248 2410 2368 2465 bola
2402 2411 2454 2466 in
2487 2415 2598 2467 Sitis
2629 2413 3045 2472 Commentariis
3083 2427 3164 2473 est
3211 2419 3442 2474 locutus.
3503 2439 3522 2472 ‹
3561 2419 3716 2475 Dives
3744 2421 3829 2490 qui

2250 2500 2484 2558 habebat
2512 2504 2768 2570 villicum,
2798 2508 2909 2562 sive
2945 2508 3390 2578 dispensatorem,
3418 2510 3558 2566 Deus
3586 2512 3830 2582 omnipo-

2252 2605 2368 2651 tens
2395 2606 2498 2664 est,
2533 2613 2639 2669 quo
2671 2599 2802 2653 nihil
2833 2609 2916 2654 est
2960 2601 3143 2656 ditius.
3191 2601 3359 2672 llnjus
3389 2602 3729 2673 dispensator
3755 2614 3835 2658 cst

2249 2687 2466 2756 Paulus,
2498 2691 2588 2760 qui
2620 2690 2684 2745 ad
2709 2691 2871 2760 pedes
2893 2692 3202 2747 Gamalielis
3229 2708 3413 2750 sacras
3438 2694 3668 2749 Litteras
3695 2694 3834 2750 didi-

2248 2781 2320 2835 cit
2348 2782 2487 2849 (Act.
2516 2781 2606 2836 23.
2636 2783 2711 2851 5).
2741 2794 2793 2838 ct
2819 2783 3013 2854 Legem
3043 2785 3136 2839 Dei
3156 2795 3486 2857 susceperat
3514 2787 3836 2855 distiensan-

2248 2873 2392 2928 dum.
2424 2874 2522 2942 Qui
2553 2891 2674 2929 cum
2707 2877 2960 2944 cmpisset
2983 2893 3056 2932 cr.
3077 2877 3270 2931 dentes
3316 2879 3367 2931 in
3400 2877 3616 2934 Christo
3648 2894 3835 2948 persc-

2250 2969 2359 3038 qui,
2391 2968 2578 3037 ligare,
2605 2970 2873 3031 occidere,
2907 2980 2961 3026 et
2989 2986 3202 3026 omnem
3235 2973 3440 3027 Domini
3470 2972 3550 3026 sui
3578 2972 3840 3042 dissipare

2250 3063 2625 3130 substantiam,
2665 3073 2943 3132 correptus
2974 3080 3004 3118 a
3039 3065 3262 3119 Domino
3305 3075 3419 3119 est:
3455 3066 3635 3131 Saule,
3683 3064 3842 3120 Saule

2248 3154 2371 3224 quid
2401 3171 2476 3208 me
2519 3155 2869 3225 persequeris?
2894 3153 3096 3208 Durum
3122 3165 3194 3209 est
3225 3156 3313 3209 tibi
3359 3167 3536 3211 contra
3576 3157 3842 3212 stimulant

2248 3245 2514 3299 calcitrare
2533 3245 2726 3313 (Actor.
2747 3245 2800 3300 9.
2828 3248 2880 3300 4.
2909 3247 2990 3317 5).
3017 3247 3262 3316 Dixitque
3283 3248 3333 3301 in
3357 3247 3520 3302 corde
3547 3266 3648 3304 suo
3672 3269 3683 3303 :
3705 3249 3844 3318 Quid

2249 3334 2475 3390 iaciam?
2500 3337 2620 3404 quia
2667 3335 2756 3406 qui
2789 3337 3044 3405 magister
3073 3338 3167 3403 fui,
3205 3347 3260 3393 et
3286 3338 3514 3405 villicus,
3539 3355 3709 3411 cogor
3727 3359 3846 3397 esse

2249 3428 2545 3500 discipulus
2591 3438 2644 3483 et
2681 3429 2979 3499 Operarius.
3053 3431 3214 3503 867
3291 3430 3492 3486 Fodere
3527 3449 3628 3486 non
3675 3434 3838 3489 valeo.

2251 3519 2440 3575 Omnia
2471 3520 2610 3574 enim
2645 3520 2891 3574 tnaudala
2923 3521 3100 3596 chis,
3131 3538 3251 3593 qua:
3301 3531 3458 3581 terra:
3490 3523 3840 3589 incubabant,

2251 3627 2415 3668 cerno
2442 3613 2714 3668 destructa
2739 3633 2750 3666 :
2779 3623 2831 3669 ct
2857 3613 3055 3684 Legem
3085 3625 3242 3686 atque
3264 3614 3564 3684 Pr0phezas
3593 3631 3762 3687 usque
3778 3617 3842 3672 ad

2251 3703 2513 3760 Joannem
2540 3705 2980 3774 Baptistamesse
3023 3707 3220 3762 linitos.
3255 3706 3550 3762 Mendicare
3585 3709 3842 3774 erubesco,

2259 3807 2317 3852 ut
2345 3797 2431 3867 qui
2464 3797 2651 3851 doctor
2675 3795 2875 3851 fuerant
2907 3797 3236 3867 Iudaeorum,
3259 3815 3421 3870 cogar
3446 3817 3474 3854 a
3515 3802 3764 3872 gentibus
3791 3813 3844 3858 ct

2255 3905 2282 3944 a
2307 3891 2569 3960 discipulo
2595 3891 2825 3957 Anania,
2855 3891 3044 3948 salutis
3073 3908 3138 3948 ac
3167 3892 3288 3949 ﬁdei
3310 3894 3618 3950 mendicare
3643 3894 3843 3950 doctri-

2255 3999 2400 4037 nam.
2435 3983 2648 4038 Faciam
2684 3983 2844 4054 igitur
2871 3984 3012 4054 quod
3043 3985 3171 4039 mihi
3225 3987 3354 4042 utile
3405 4001 3524 4042 esse
3558 3987 3838 4059 intelligo:

2255 4083 2313 4129 ut
2340 4084 2619 4146 postquam
2654 4075 2928 4146 projectus
2956 4075 3108 4133 lucro
3129 4077 3196 4133 de
3224 4079 3546 4134 villicationc
3579 4097 3718 4148 mea,
3753 4098 3839 4137 reo

2254 4166 2453 4236 cipiunt
2499 4184 2582 4223 inc
2613 4167 2898 4224 Christiani
2947 4169 3000 4224 in
3043 4169 3233 4226 domos
3273 4185 3416 4225 suas.
3442 4171 3723 4242 Cmpitque
3748 4188 3841 4230 eos

2255 4260 2343 4330 qui
2391 4259 2538 4330 prius
2584 4259 2938 4314 versabantur
2968 4261 3020 4315 in
3067 4261 3236 4332 Lege;
3273 4269 3329 4318 et
3369 4262 3448 4318 sic
3489 4264 3539 4318 in
3569 4263 3837 4318 Christum

2255 4350 2593 4406 crediderant
2626 4350 2723 4423 (c),
2770 4360 2827 4406 ut
2869 4352 3262 4408 arbitrarentur
3302 4369 3362 4410 se
3400 4353 3451 4409 in
3482 4354 3624 4426 Lege
3646 4355 3840 4426 justiti-

2255 4443 2475 4504 candos.
2506 4443 2699 4499 docere
2727 4443 2924 4513 Legem
2953 4444 3205 4500 abolitam
3238 4445 3337 4516 (ά),
3363 4445 3677 4517 PrOphctias
3702 4463 3838 4517 pra:-

2260 4537 2470 4601 terisse,
2503 4547 2556 4591 et
2583 4554 2702 4606 qua:
2727 4548 2882 4594 antea
2912 4554 3008 4607 pro
3047 4539 3199 4596 lucro
3240 4539 3470 4606 fuerant,
3517 4542 3754 4613 reputari
3789 4541 3838 4597 in

2257 4639 2493 4687 stercora
2529 4631 2788 4704 (Philipp.
2817 4633 2875 4688 5.
2908 4633 2988 4705 8).
3022 4633 3246 4690 Vocavit
3274 4635 3455 4706 itaque
3481 4634 3617 4691 duos
3643 4636 3709 4690 de
3733 4635 3843 4706 plu-

2259 4726 2776 4781 ribusdehitorihus.
2809 4727 3065 4793 Primum,
3095 4729 3186 4800 qui
3206 4729 3433 4785 debebat
3455 4738 3669 4784 centum
3693 4729 3840 4784 balos

2258 4818 2384 4883 olei,
2411 4833 2504 4873 eos
2531 4818 2780 4874 videlicet
2801 4819 2889 4889 qui
2919 4820 3214 4876 luerantex
3239 4819 3488 4892 gentibus
3511 4820 3838 4890 congregati,

2258 4921 2310 4965 et
2335 4927 2522 4981 magna
2553 4911 2861 4983 indigebant
2883 4912 3250 4968 misericordia
3277 4913 3368 4968 Dei
3389 4929 3404 4979 ;
3423 4922 3477 4968 et
3496 4912 3564 4967 de
3590 4923 3841 4968 centena-

2258 5005 2340 5059 rio
2369 5021 2592 5060 nuniero
2624 5005 2732 5075 (qui
2759 5006 2946 5076 plenus
2970 5016 3053 5061 est
3080 5015 3240 5077 atque
3261 5003 3556 5077 perlectus)
3597 5003 3724 5060 fecit
3751 5019 3841 5059 eos

2258 5098 2494 5153 scribere
2521 5099 3050 5170 quinquagenarium,
3093 5100 3184 5170 qui
3222 5099 3437 5170 proprie
3460 5099 3836 5168 ptenitentium

2323 5269 2394 5333 (b)
2429 5269 2586 5319 Aliter
2611 5269 2657 5317 in
2681 5267 2911 5382 Catalogo
2931 5275 3136 5323 sextum
3156 5269 3280 5320 dixit
3302 5267 3652 5318 Antiochensrs
3672 5267 3845 5342 Eccle-

2323 5348 2343 5381 ε
2381 5332 2690 5382 Episeoonm.
2725 5332 2807 5381 Sic
2845 5333 3222 5382 "heoub'densis
3257 5331 3318 5381 ad
3354 5331 3642 5382 Autolvcum
3683 5344 3845 5382 oneris

2258 5331 2343 5402 size
2376 5331 2690 5402 litui-smitam.
2725 5332 2807 5381 Sic
2845 5331 3222 5402 'l‘heOpbilensis
3257 5331 3642 5402 adhAutolycum
3683 5332 3846 5402 operis

2257 5392 2509 5456 inscriptio
2531 5392 2704 5458 esse?in
2728 5408 2950 5457 ῐιατρνὰρχου
2975 5392 3079 5446 inoo
3101 5397 3303 5458 Ᾰντωχὶας.
3328 5392 3512 5458 Ρειηιέ
3539 5392 3730 5458 scilicet
3753 5405 3846 5442 una

2259 5469 2356 5504 non
2378 5454 2701 5518 coinliutatur,
2725 5454 2852 5518 quod
2871 5454 3052 5518 passim
3079 5454 3324 5512 usuvénit,
3358 5454 3616 5516 Apostolus
3641 5468 3727 5516 pro
3767 5467 3846 5517 po-

2259 5525 2440 5628 tesltate
2487 5517 2658 5591 eorum
2698 5517 2975 5582 Aposwlica
3005 5518 3230 5569 iudiculis
3266 5519 3546 5568 Antistitum
3588 5517 3847 5579 pra-[igere

2261 5594 2319 5628 ve
2366 5595 2424 5628 us
2451 5592 2696 5628 exnnere.

2261 5592 2338 5629 γει
2366 5595 2424 5629 IIS
2451 5592 2696 5630 exnnere.

2323 5643 2393 5704 (τ)
2427 5642 2498 5692 Ex
2527 5643 2776 5693 vetustiori
2812 5643 2960 5705 edito,
2989 5657 3188 5707 unoque
3226 5643 3334 5707 Ms._
3356 5642 3678 5707 legimus,_ut,
3715 5639 3844 5703 quod

2259 5717 2418 5769 series
2440 5707 2683 5764 orationis,
2706 5719 2918 5769 quicque
2943 5704 3256 5768 praeponitur,
3293 5705 3362 5769 sic
3400 5704 3848 5769 particulaswstu-

2261 5763 2364 5815 lare
2389 5769 2503 5816 visa:
2527 5775 2642 5818 sunt
2669 5763 2680 5815 ἐ
2705 5763 2851 5816 a'ntea'
2875 5763 3005 5818 enim
3029 5763 3136 5818 erat
3158 5781 3216 5819 ne
3239 5763 3613 5819 arbitrarentur.
3641 5763 3844 5817 Centra-

2261 5830 2334 5878 rio
2358 5843 2526 5886 sensu,
2550 5843 2606 5878 ac
2629 5828 2764 5878 falso.

2303 5890 2381 5954 ((l)
2414 5887 2648 5956 Plerique
2673 5891 2751 5942 alii
2779 5891 2898 5942 editi
2927 5892 3204 5957 Prophetas.
