4088 6336
299 395 428 454 1021

298 519 399 575 est,
420 509 564 577 juxta
589 505 883 576 jubilzeum,
915 513 966 560 et
991 503 1133 560 illam
1152 502 1203 558 in
1226 501 1514 572 Evangelio
1531 503 1866 572 parabolam,

300 601 351 655 lu
388 613 490 668 qua
534 599 689 654 alteri
729 597 1028 667 quingenti,
1074 595 1230 650 alteri
1257 594 1642 664 quinquaginta
1675 591 1878 647 denarii

299 689 994 749 tlimittuntur.Sccundum
1023 697 1207 743 autem
1239 688 1450 742 vocavit
1499 686 1750 756 populum
1781 684 1879 738 Ju-

299 787 560 848 dmorum,
594 783 685 855 qui
730 784 906 838 tritico
948 780 1321 835 mandatorum
1352 779 1447 833 Dei
1482 779 1712 832 nutritus
1743 787 1878 841 erat,

301 888 354 934 et
384 876 614 931 debebat
637 875 686 930 ei
716 873 1082 928 centenarium
1111 885 1414 935 numerum,
1443 879 1498 923 et
1523 868 1718 938 coegit,
1746 865 1884 919 ntde
1913 895 1921 905 ι

299 979 544 1032 centum,
567 967 840 1036 octoginta
871 967 1092 1031 faceret,
1129 963 1179 1018 id
1211 973 1295 1018 est
1320 961 1564 1017 crederet
1587 959 1638 1013 in
1674 957 1883 1013 Domini

300 1060 716 1121 resurrectione,
743 1074 862 1128 quae
883 1067 1086 1112 octava:
1107 1057 1214 1111 diei
1244 1069 1468 1110 numero
1487 1055 1812 1115 continetur,
1833 1057 1886 1104 et

299 1153 370 1206 de
401 1161 524 1206 octo
553 1149 854 1218 completur
893 1147 1218 1204 decadibus:
1247 1154 1304 1199 ut
1348 1145 1416 1200 de
1464 1143 1685 1199 sabbato
1728 1145 1887 1215 chis

307 1243 559 1298 transiret
599 1240 666 1295 ad
713 1241 940 1310 primum
968 1239 1194 1294 sabbati.
1218 1237 1300 1292 Ob
1321 1237 1458 1292 hanc
1481 1251 1699 1291 causam
1727 1251 1755 1288 a
1787 1237 1888 1291 Do-

308 1334 451 1392 mino
483 1332 826 1402 praedicatur,
849 1330 988 1400 quod
1017 1331 1152 1384 bene
1175 1329 1389 1394 fecerit;
1411 1336 1465 1384 et
1484 1343 1580 1398 pro
1606 1327 1776 1382 salute
1793 1341 1886 1382 sua

305 1427 359 1482 in
391 1425 662 1495 Evangelii
685 1424 1026 1479 clementiam
1052 1422 1120 1478 de
1144 1421 1300 1492 Legis
1319 1421 1632 1476 austeritate
1660 1420 1737 1490 (ιι)
1765 1435 1886 1473 mu-

311 1529 450 1572 tatus
489 1518 577 1572 sit.
620 1516 772 1584 Quod
803 1516 849 1569 si
879 1516 1176 1585 qnzesieris,
1223 1529 1389 1586 quare
1431 1523 1652 1568 vocetur
1693 1512 1889 1567 villicus

308 1609 613 1678 iniquitatis,
649 1609 700 1661 in
733 1607 892 1677 Lege,
926 1623 1043 1677 qua:
1084 1607 1178 1662 Dei
1209 1615 1324 1671 est;
1355 1605 1566 1676 iniquus
1597 1613 1713 1662 erat
1746 1604 1888 1657 villi-

308 1715 425 1766 cus,
455 1700 545 1769 qui
567 1699 705 1753 bene
735 1698 950 1767 quidem
983 1697 1264 1760 oll'erebat,
1294 1695 1387 1751 sed
1421 1711 1524 1750 non
1571 1697 1705 1750 bene
1747 1695 1890 1750 divi-

208 1839 216 1845 .
308 1793 496 1858 debat;
531 1792 757 1848 credens
789 1792 840 1846 in
872 1791 1108 1857 Patrem,
1156 1790 1249 1844 sed
1294 1790 1488 1846 Filium
1519 1805 1886 1861 persequens;

309 1884 512 1940 habens
544 1885 706 1937 Demn
735 1883 1182 1953 omnipotentem,
1226 1883 1321 1938 sed
1349 1881 1606 1952 Spiritum
1633 1882 1889 1938 Sanctum

308 1992 529 2048 negans.
564 1976 887 2031 Prudentior
921 1977 1100 2043 itaque
1129 1975 1230 2031 fuit
1262 1975 1455 2030 Paulus
1499 1975 1790 2044 Apostolus
1839 1974 1890 2026 in

313 2069 737 2138 transgressione
760 2068 916 2139 Legis
938 2067 1058 2121 ﬁliis
1076 2067 1344 2137 quondam
1373 2067 1526 2132 lucis,
1550 2067 1640 2136 qui
1662 2066 1714 2120 in
1736 2064 1896 2135 Legis

309 2159 684 2213 observatione
709 2161 930 2222 versati,
959 2159 1235 2212 Christum
1265 2157 1356 2226 qui
1389 2157 1482 2209 Dei
1509 2155 1676 2224 patris
1709 2171 1892 2209 verum

311 2250 490 2304 lumen
527 2257 630 2313 est,
676 2249 1040 2319 perdiderunt.
1078 2248 1392 2302 Ambrosius
1461 2247 1629 2318 βω
1700 2247 1900 2301 Mediu-

311 2341 546 2396 lanensis
565 2341 860 2410 Episcopus
887 2339 1011 2409 quid
1040 2339 1108 2393 de
1132 2339 1235 2392 hoc
1258 2338 1378 2392 loco
1395 2341 1642 2401 senserit,
1664 2338 1714 2390 in
1731 2336 1896 2392 Com.-

311 2433 589 2487 nientariis
611 2432 726 2501 ejus
751 2433 926 2502 legere
949 2431 1170 2500 poteris.
1208 2429 1454 2500 Origenis
1489 2440 1544 2486 et
1587 2430 1793 2502 Didymi
1845 2431 1898 2484 in

313 2523 453 2578 hanc
480 2523 787 2592 parabolam
818 2522 1254 2591 explanationem
1297 2522 1542 2576 invenire
1583 2537 1688 2576 non
1715 2522 1896 2590 potui;

313 2627 368 2670 et
396 2627 575 2670 utrum
604 2615 800 2670 abolita
826 2616 894 2670 sit
921 2625 1223 2685 temporum
1255 2624 1547 2678 vetustate,
1570 2629 1638 2668 an
1663 2615 1762 2684 ipsi
1795 2631 1898 2668 non

315 2709 655 2778 scripserint,
687 2709 946 2763 incertmn
981 2707 1173 2762 habeo.
1203 2707 1327 2761 Mihi
1353 2708 1506 2776 juxta
1551 2709 1780 2778 priorem
1820 2710 1902 2762 iu-

318 2800 756 2868 terpretationem
800 2799 902 2855 hoc
943 2800 1172 2864 videtur,
1204 2799 1347 2869 quod
1374 2799 1442 2854 de
1473 2800 1658 2870 iniquo
1706 2816 1903 2856 manto-

317 2908 383 2946 na
406 2892 696 2946 debeamus
726 2891 878 2946 nobis
900 2892 1103 2947 amicos
1129 2891 1324 2958 facere,
1357 2908 1462 2948 non
1491 2893 1761 2963 quoslibet
1785 2910 1904 2962 pau-

319 2997 505 3050 peres;
538 2981 632 3036 sed
676 2996 768 3036 eos
811 2980 905 3052 qui
937 2997 1034 3036 nos
1067 2981 1276 3052 possint
1322 2985 1564 3052 recipere
1615 2984 1666 3038 in
1716 2983 1906 3038 domos

316 3087 463 3138 suas,
501 3083 562 3127 et
606 3072 660 3128 in
705 3082 904 3128 :eterna
959 3074 1337 3128 tabernacula:
1371 3083 1428 3129 ιιι
1474 3091 1595 3130 cum
1627 3075 1708 3130 eis
1739 3090 1902 3145 parva

319 3167 727 3237 praebuerimus,
771 3168 1091 3237 recipiamus
1115 3167 1186 3222 ab
1233 3167 1338 3222 illis
1367 3184 1580 3238 magna,
1629 3179 1679 3222 el
1716 3169 1906 3223 dantes

319 3259 515 3324 aliena,
541 3270 722 3314 nostra
749 3260 1126 3329 suscipiamus,
1158 3268 1217 3314 ct
1239 3261 1568 3314 semiuenius
1599 3260 1650 3313 in
1679 3261 1906 3314 benedi-

319 3342 523 3417 ctione,
549 3362 607 3407 ut
635 3364 900 3408 metamus
937 3353 1404 3410 benedictionem:
1441 3354 1540 3420 Qui
1583 3355 1716 3408 enim
1757 3371 1910 3426 parce

321 3446 658 3511 seminaverit,
681 3462 832 3516 parce
852 3454 897 3498 et
920 3455 1084 3498 metet.

393 3536 546 3591 CAP.
589 3535 788 3591 Vll.—-—
813 3536 930 3604 Quo
960 3551 1119 3590 sensu
1151 3539 1524 3606 accipiendum
1557 3539 1648 3604 sit,
1681 3539 1822 3607 quod
1856 3539 1907 3594 in

325 3627 564 3696 Epistola
588 3627 814 3698 legimus
831 3628 896 3680 ad
922 3628 1193 3682 Ruinauos
1217 3647 1240 3695 ι
1268 3627 1363 3682 Via:
1380 3631 1511 3684 enim
1534 3646 1625 3698 pro
1650 3609 1784 3697 iusto
1799 3633 1912 3700 quis

325 3724 556 3775 moritur.
592 3720 729 3774 Nam
753 3738 844 3791 pro
871 3721 999 3774 bona
1023 3723 1236 3792 forsitan
1259 3723 1370 3792 quis
1385 3723 1567 3777 audeat
1587 3723 1716 3776 mori
1735 3723 1912 3793 (Rom.

328 3815 381 3869 ὅ.
415 3814 492 3883 7).
537 3814 662 3867 Duze
692 3813 924 3869 ha'rcses
963 3829 1030 3869 ex
1077 3815 1360 3868 occasione
1401 3816 1557 3884 hujus
1599 3818 1911 3885 testimonii,

328 3905 606 3975 quodnon
653 3905 978 3974 intelligunt,
1030 3905 1246 3959 diverso
1292 3907 1510 3976 quidem
1557 3923 1759 3974 errore,
1817 3911 1913 3965 sed

333 3997 444 4067 pari
473 3996 743 4065 impietate
761 3995 1152 4066 blasphemant.
1175 3995 1410 4052 Marcion
1437 3999 1580 4052 enim
1601 3999 1689 4068 qui
1713 3999 1912 4068 justum

334 4089 526 4152 Deum,
555 4097 609 4141 et
635 4087 946 4142 Creatorem
994 4087 1151 4158 Legis
1199 4089 1344 4155 facit,
1390 4100 1443 4144 et
1491 4090 1912 4160 Pr0phetarum;

338 4178 536 4233 bonum
567 4188 746 4232 autem
776 4179 1208 4248 Evangeliormn,
1242 4189 1299 4233 et
1327 4181 1726 4251 Apostolorum,
1767 4183 1918 4251 cujus

335 4272 452 4325 vult
476 4284 596 4325 esse
627 4269 818 4324 Filium
849 4270 1142 4334 Christum,
1175 4271 1309 4326 duos
1334 4273 1625 4328 introducit
1645 4274 1778 4328 deos
1798 4292 1811 4327 :
1835 4277 1917 4329 al-

340 4362 758 4431 ternntjustnm,
781 4371 834 4417 et
859 4364 1088 4417 alterum
1122 4363 1344 4418 bonum.
1372 4365 1438 4418 Et
1469 4380 1567 4435 pro
1591 4367 1739 4435 justo
1765 4381 1918 4422 assc-

338 4457 429 4521 rit,
477 4455 562 4508 vel
605 4456 800 4522 nullos,
835 4455 921 4509 vel
971 4472 1168 4526 paucos
1217 4458 1491 4528 oppetisse
1532 4470 1783 4513 mortem.
1819 4459 1921 4514 Pro

339 4548 480 4603 bono
508 4557 708 4610 autem,
739 4547 789 4600 id
821 4559 902 4602 est
927 4549 1164 4614 Christo,
1213 4550 1629 4606 innmnerabiles
1665 4551 1922 4624 Martyres

339 4640 606 4696 extitisse.
641 4639 808 4692 Porro
841 4641 998 4694 Arius
1023 4641 1224 4708 justum
1255 4643 1318 4696 ad
1346 4643 1619 4698 Christum
1655 4644 1923 4710 refert,de

341 4745 450 4801 quo
478 4728 677 4782 dictmn
701 4737 815 4782 est:
847 4728 984 4782 Deus
1002 4732 1256 4799 judicium
1285 4743 1425 4786 tuum
1455 4737 1563 4804 regi
1593 4736 1679 4800 da,
1709 4746 1756 4790 et
1769 4736 1927 4805 justi-

343 4823 465 4874 tiam
508 4828 644 4872 tuam
669 4819 778 4888 ﬁlio
808 4821 938 4890 regis
970 4819 1142 4889 (Psul.
1186 4823 1272 4875 71.
1303 4825 1355 4892 l)
1381 4841 1396 4876 :
1422 4825 1488 4878 Et
1519 4826 1632 4894 ipse
1669 4825 1739 4880 de
1769 4842 1828 4882 se
1872 4828 1924 4882 in

346 4917 674 4987 Evangelia:
701 4916 819 4970 Non
850 4916 979 4971 enim
1026 4915 1182 4970 Pater
1210 4918 1414 4988 judicat
1457 4936 1796 4990 quemquam;
1839 4922 1928 4976 sed

345 5027 493 5066 onme
507 5010 760 5083 judicium
781 5009 918 5064 dedit
947 5008 1084 5065 Filio
1108 5011 1287 5080 (Joau.
1319 5012 1372 5068 5.
1395 5011 1519 5082 22);
1546 5013 1633 5080 Et,
1668 5013 1777 5084 Ego
1800 5015 1927 5068 sicut

345 5104 522 5170 audio,
551 5104 621 5158 sic
641 5102 821 5176 judico
855 5101 1014 5177 (Ibid.
1049 5106 1163 5177 30).
1209 5106 1414 5161 Bonum
1453 5120 1634 5164 autem
1665 5109 1730 5164 ad
1763 5109 1926 5165 Deum

346 5201 584 5266 Patrem,
607 5198 677 5253 de
701 5214 806 5269 quo
833 5199 950 5269 ipse
977 5199 1143 5254 Filius
1170 5201 1493 5258 conﬁtetur:
1521 5202 1658 5268 Quid
1689 5219 1766 5257 me
1806 5205 1932 5258 dicis

349 5291 534 5344 bonum
559 5303 579 5342 :
607 5288 771 5343 Nemo
804 5299 876 5344 est
901 5289 1077 5356 bonus,
1110 5292 1208 5346 nisi
1255 5309 1385 5349 unus
1413 5292 1743 5350 Deus‘Pater
1777 5295 1926 5365 (Luc.

351 5379 437 5435 18.
486 5379 598 5450 19).
631 5379 872 5451 Cumque
905 5383 1179 5452 lmcusque
1210 5383 1560 5456 blasphemiae
1607 5403 1718 5442 suae
1749 5387 1934 5443 devios

349 5473 516 5529 calles
546 5475 782 5544 potuerit
810 5473 1074 5542 invenire,
1098 5475 1149 5528 in
1178 5479 1636 5548 consequentibus
1660 5481 1926 5552 impingit,

353 5573 406 5619 et
432 5566 657 5620 corruit.
689 5565 968 5632 Quomodo
996 5567 1137 5620 enim
1161 5583 1256 5637 pro
1280 5568 1436 5625 Patre
1455 5572 1575 5641 quis
1597 5572 1756 5629 audet
1775 5574 1931 5641 mori,

353 5668 406 5714 et
433 5673 529 5730 pro
554 5658 690 5714 Filio
717 5659 802 5714 vix
830 5661 1074 5728 moritur,
1105 5676 1223 5716 cum
1248 5673 1465 5735 propter
1490 5681 1682 5722 nomen
1713 5668 1934 5737 ChriSIi,

419 5855 492 5915 ta)
531 5857 712 5909 Vitiose
734 5863 927 5923 quidam
950 5861 1064 5912 editi
1088 5867 1327 5916 mutuatus
1349 5864 1427 5916 sit.

1649 388 1977 449 EPISTOLA
2015 385 2202 443 CXXI.

3430 393 3570 472 4022

1989 507 2166 553 tantus
2194 497 2484 570 Martyrum
2511 500 2731 572 sanguis
2753 501 2954 560 effusus
2983 502 3088 561 sit?
3119 503 3218 572 Qui
3247 503 3406 576 igitur
3427 507 3562 562 sim-

1988 588 2199 659 pliciter
2221 589 2362 644 lmnc
2387 592 2606 660 exponit
2637 593 2832 658 locum,
2869 596 2968 652 hoc
3010 607 3184 668 potest
3212 598 3394 655 dicere
3423 601 3566 671 quod

1989 679 2039 736 in
2073 681 2241 734 veteri
2273 681 2436 751 Lege,
2456 682 2511 736 in
2530 685 2854 754 quajustitia
2874 699 2976 756 est,
3015 691 3102 745 vix
3172 692 3338 765 βω
3411 686 3567 762 pauci

1989 768 2190 824 inventi
2220 783 2363 834 sunt,
2397 774 2485 843 qui
2517 791 2670 828 suum
2719 774 2949 833 fuderint
2977 783 3310 850 sanguinem.
3339 784 3396 838 ln
3430 800 3570 839 novo

1988 870 2163 916 autem
2201 863 2580 930 Instrumenta,
2614 866 2668 920 in
2699 883 2803 936 quo
2825 869 3035 924 bonitas
3051 883 3128 927 est
3148 883 3308 944 atque
3329 877 3573 932 clemen-

1991 955 2082 1017 tia,
2117 946 2532 1012 innumerabiles
2576 960 2896 1014 exstiterunt
2935 962 3212 1035 Martyres.
3263 967 3368 1022 Sed
3410 984 3475 1024 ex
3507 981 3574 1025 eo

1990 1046 2128 1114 quod
2164 1049 2356 1116 posuit,
2404 1051 2616 1120 forsitan
2664 1053 2774 1118 quis
2818 1051 2891 1123 (b)
2935 1058 3084 1108 etiam
3127 1059 3310 1113 audeat
3340 1063 3488 1128 mori,
3520 1066 3576 1116 cl

1989 1137 2224 1204 pendulo
2255 1139 2420 1208 gradu
2452 1145 2770 1198 sententiam
2805 1148 3140 1216 temperavit,
3175 1152 3396 1208 inveniri
3418 1169 3574 1223 posse

1993 1230 2300 1298 nonnullos,
2335 1233 2424 1301 qui
2454 1231 2687 1289 audeant
2712 1239 2845 1292 mori
2877 1254 2974 1308 pro
3005 1240 3317 1312 Evangelio,
3343 1248 3578 1302 ostendit

1991 1321 2206 1405 nousie
2246 1323 2657 1393 accipiendum;
2691 1328 2786 1383 sed
2817 1346 2882 1385 ex
2913 1334 3306 1405 superioribus,
3355 1349 3407 1393 et
3435 1339 3574 1396 infe-

1991 1403 2225 1464 rioribus
2265 1426 2479 1469 sensum
2525 1417 2626 1472 luci
2674 1418 2831 1488 hujus
2869 1421 3067 1478 debere
3113 1403 3352 1482 tractari.
3387 1430 3580 1494 Dicens

1992 1500 2134 1555 enim
2164 1501 2360 1558 Paulus
2392 1521 2453 1561 se
2479 1507 2699 1577 gloriari
2730 1509 2780 1564 in
2820 1512 3292 1572 tribulationibus:
3323 1520 3447 1589 quia
3488 1523 3579 1576 tri-

1993 1592 2182 1650 bulatio
2206 1593 2500 1666 patientiam
2523 1613 2792 1671 operatur;
2831 1608 3074 1674 patientia
3111 1620 3283 1664 autem
3325 1615 3582 1682 probatio-

1994 1702 2141 1773 nem;
2167 1689 2394 1756 probatio
2439 1708 2553 1746 vero
2597 1713 2769 1762 spem;
2797 1715 2912 1767 spes
2951 1711 3118 1754 autem
3165 1719 3268 1757 non
3311 1708 3582 1773 confundit

1995 1769 2170 1849 (Rom.
2194 1781 2246 1833 5.
2267 1782 2321 1836 4.
2345 1793 2389 1836 et
2419 1785 2495 1852 5),
2517 1801 2635 1855 qua:
2659 1805 2720 1842 ex
2741 1805 2806 1842 eo
2831 1800 3029 1846 certam
3055 1793 3245 1850 habeat
3271 1769 3583 1867 promissio~

1996 1883 2142 1936 nent,
2165 1876 2282 1941 quia
2305 1876 2492 1929 caritas
2519 1877 2614 1930 Dei
2634 1878 2823 1946 (ti/fusa
2843 1885 2987 1938 estin
3007 1887 3244 1941 cordibus
3270 1891 3476 1957 nostris,
3497 1909 3586 1961 per

1995 1957 2252 2032 Spiritum
2282 1963 2529 2019 Sanctum
2552 1970 2640 2036 qui
2666 1970 2816 2027 datus
2853 1986 2925 2028 est
2953 1976 3096 2031 nobis
3126 1977 3318 2048 (Ibid)
3343 2000 3355 2038 :
3389 1957 3587 2040 secun-

1997 2049 2123 2144 dum
2153 2055 2282 2109 illud
2307 2059 2446 2126 quod
2482 2060 2621 2116 Deus
2652 2063 2862 2120 dixerat
2891 2083 2984 2136 per
3013 2070 3338 2142 Prophetam
3359 2095 3372 2130 :
3397 2076 3590 2144 Elian-

1998 2142 2116 2196 dant
2137 2145 2200 2197 de
2224 2148 2408 2217 spiritu
2435 2168 2544 2205 meo
2571 2171 2722 2224 super
2743 2174 2939 2214 onmem
2965 2177 3168 2217 carnem
3197 2165 3356 2236 (Joel.
3391 2171 3443 2224 1.
3466 2171 3583 2243 28),

2000 2238 2224 2293 miratur
2255 2242 2544 2300 bonitatem
2573 2246 2795 2317 Christi,
2827 2253 2971 2322 quod
2997 2269 3096 2327 pro
3128 2259 3324 2329 impiis,
3359 2274 3412 2317 et
3440 2238 3591 2320 inlira-

2001 2329 2123 2392 niis,
2153 2339 2202 2383 et
2225 2335 2594 2400 peccatoribus
2612 2341 2746 2394 mori
2767 2343 3014 2413 voluerit,
3038 2355 3095 2402 ct
3118 2351 3253 2406 muri
3275 2365 3580 2423 opportuno

2003 2429 2266 2492 tempore,
2298 2425 2366 2482 de
2395 2445 2502 2498 quo
2529 2431 2642 2500 ipse
2667 2434 2830 2490 dicit:
2857 2436 3109 2510 Tempore
3132 2458 3414 2517 Opportuna
3435 2470 3588 2508 exau-

2001 2513 2104 2617 diui
2123 2524 2188 2582 te,
2222 2527 2266 2571 et
2292 2519 2342 2571 in
2361 2521 2442 2574 die
2463 2523 2640 2579 salutis
2665 2541 2943 2586 auxittutus
2961 2551 3075 2588 sum
3101 2513 3177 2592 tui
3199 2513 3361 2610 '(Isai.
3389 2545 3478 2600 £9.
3499 2549 3583 2617 8).

2005 2606 2071 2660 Et
2100 2625 2310 2692 rursum
2337 2631 2349 2666 :
2381 2614 2516 2670 Ecce
2543 2636 2674 2673 nunc
2702 2631 2900 2692 tempus
2946 2632 3274 2701 acceptabile,
3315 2653 3427 2692 ecce
3455 2657 3590 2694 nunc

2004 2700 2110 2754 dies
2135 2705 2315 2799 salutis
2343 2707 2420 2776 (2.
2462 2709 2580 2764 Cor.
2620 2714 2673 2768 6.
2706 2715 2783 2786 9).
2815 2718 3042 2784 Quando
3068 2700 3280 2782 omnes
3327 2720 3587 2799 peccave-

2006 2803 2150 2891 runt,
2198 2796 2359 2854 simul
2403 2800 2619 2860 inutiles
2647 2805 2772 2863 facti
2814 2823 2960 2878 sunt,
2996 2831 3102 2872 non
3146 2817 3246 2874 fuit
3275 2796 3362 2891 qui
3391 2825 3591 2881 faceret

2006 2886 2226 2986 bonum,
2254 2905 2360 2946 non
2393 2893 2488 2949 fuit
2517 2912 2685 2967 usque
2711 2901 2777 2956 ad
2809 2919 2970 2960 unum
2999 2909 3169 2975 (Psol.
3201 2886 3340 2970 15:1
3353 2924 3392 2986 ).
3417 2917 3592 2976 lucre-

2007 2979 2186 3080 dibilis
2216 2995 2345 3054 ergo
2367 2989 2600 3056 bonitas,
2627 3004 2682 3047 et
2712 2995 2996 3053 clementia
3034 3002 3290 3068 inaudita,
3321 2979 3457 3065 mori
3497 3029 3591 3080 pro

2009 3071 2207 3142 impiis,
2243 3077 2328 3130 vix
2373 3081 2514 3134 enim
2563 3098 2660 3152 pro
2699 3085 2846 3155 justo
2875 3091 3131 3160 aliquem,
3164 3106 3219 3150 et
3250 3099 3390 3154 bono
3435 3071 3592 3160 suum

2009 3166 2322 3234 sanguinem
2352 3170 2572 3228 fundere
2599 3173 2695 3246 (c),
2725 3187 2870 3234 metu
2899 3185 3090 3238 mortis
3116 3200 3306 3242 cuncta
3335 3201 3592 3251 terrente.

2009 3253 2142 3356 Nam
2171 3256 2400 3316 inveniri
2428 3262 2694 3320 interdum
2719 3281 2912 3339 potest,
2939 3285 2996 3328 ut
3015 3277 3208 3348 aliquis
3237 3298 3333 3350 pro
3356 3287 3592 3356 rejusta,

2012 3357 2066 3402 et
2094 3347 2230 3404 bona
2248 3353 2444 3410 audeat
2473 3360 2630 3412 mori.
2660 3359 2868 3418 Caritas
2887 3378 3065 3422 autem
3089 3347 3199 3436 Dei,
3229 3347 3387 3444 quam
3415 3347 3598 3437 habuit

2013 3439 2066 3494 in
2097 3443 2274 3510 nobis,
2308 3444 2433 3501 hinc
2462 3451 2698 3507 maxime
2725 3459 3126 3526 comprobatur,
3172 3439 3314 3534 quod
3345 3483 3467 3524 cum
3497 3475 3595 3526 ads

2015 3531 2119 3588 huc
2147 3547 2458 3604 peccatores
2485 3555 2748 3609 essemus,
2790 3546 3022 3606 Christus
3052 3571 3142 3620 pro
3187 3531 3330 3614 uobis
3373 3575 3599 3619 mortuus

2015 3636 2109 3690 est,
2141 3637 2187 3681 et
2216 3630 2414 3684 sublata
2439 3642 2510 3686 est
2539 3635 2602 3688 de
2629 3643 2764 3689 terra
2793 3639 2896 3693 vita
2915 3644 3027 3711 ejus
3050 3661 3068 3698 :
3096 3647 3163 3700 Et
3191 3666 3283 3718 pro
3314 3645 3634 3719 iniquitati-5'

2015 3715 2105 3769 bus
2126 3719 2304 3786 populi
2344 3722 2525 3776 ductus
2561 3734 2634 3778 est
2674 3726 2744 3778 ad
2780 3741 3032 3788 mortem:
3061 3736 3127 3790 Et
3155 3715 3372 3806 portarit
3395 3715 3602 3814 peccata

2019 3819 2210 3904 nostra,
2245 3812 2308 3866 Et
2334 3815 2523 3869 tradita
2548 3829 2620 3872 est
2645 3819 2697 3873 in
2728 3835 2938 3878 mortem
2973 3829 3144 3883 anima
3181 3834 3338 3898 illius,
3375 3812 3457 3904 Et,
3489 3849 3602 3896 cum

2018 3897 2203 3993 iniquis
2231 3903 2498 3973 deputatus
2528 3920 2600 3962 est
2628 3909 2779 3981 (Isai.
2808 3915 2936 3985 55);
2965 3928 3020 3972 ut
3059 3937 3156 3974 nos
3185 3923 3397 3993 impios,
3427 3897 3481 3984 et
3526 3935 3606 3987 inc

2021 3989 2223 4058 firmos,
2250 4003 2303 4047 et
2332 4007 2660 4064 peccatores,
2695 4004 2813 4071 pios
2852 4017 2906 4060 et
2950 4010 3222 4078 robustos,
3252 3989 3305 4069 et
3324 4017 3499 4087 justos
3528 4024 3607 4078 fa-

2020 4094 2185 4137 ceret.
2215 4084 2468 4144 Nonnulli
2501 4092 2570 4144 ita
2601 4092 3044 4166 interpretantur.
3078 4100 3134 4158 Si
3187 4106 3279 4163 ille
3324 4084 3420 4178 pro
3452 4116 3606 4170 nobis

2023 4173 2201 4279 impiis
2233 4191 2476 4279 mortuus
2503 4195 2604 4252 est,
2654 4197 2710 4243 et
2753 4195 3148 4265 peccatoribus,
3195 4173 3397 4270 quanto
3441 4209 3608 4279 magis

2024 4283 2122 4322 nos
2142 4269 2343 4341 absque
2369 4272 2702 4335 dubitatione
2729 4298 2827 4352 pro
2846 4285 3016 4355 justo,
3040 4297 3092 4343 et
3110 4269 3252 4346 bono
3276 4293 3492 4351 Christo
3510 4269 3610 4353 (lc-

2025 4358 2212 4416 bcmus
2243 4366 2594 4425 occumbere?
2635 4371 2848 4430 Justum
2895 4389 3095 4446 autem,
3145 4392 3200 4438 et
3254 4386 3452 4444 bonum
3503 4409 3608 4449 non

2025 4461 2276 4522 putemus
2301 4471 2423 4514 esse
2449 4459 2746 4532 diversum,
2779 4483 2877 4522 nec
2905 4471 3140 4539 aliquam
3176 4480 3390 4545 proprie
3440 4483 3609 4550 signi-

2030 4545 2190 4600 ficare
2218 4563 2544 4618 personam;
2567 4555 2662 4608 sed
2693 4558 2939 4616 absolute
3010 4564 3175 4635 87o
3241 4567 3440 4636 justam
3472 4545 3608 4645 rem,

2029 4647 2083 4738 et
2112 4641 2328 4738 bonam,
2359 4658 2454 4711 pro
2480 4661 2583 4714 qua
2614 4648 2926 4718 difficulter,
2974 4657 3069 4708 sed
3118 4658 3388 4716 interdum
3419 4641 3614 4738 aliquis

2031 4731 2256 4786 inveniri
2287 4744 2482 4802 potest,
2512 4740 2602 4808 qni
2631 4755 2786 4796 suum
2817 4745 3134 4815 sanguinem
3162 4751 3364 4808 fundat.

2103 4822 2256 4877 CAP.
2284 4825 2412 4880 Vlll.
2428 4858 2500 4866 —
2515 4829 2650 4895 Quid
2677 4833 2777 4887 sibi
2806 4837 2933 4891 velit
2951 4841 3091 4908 quod
3111 4844 3176 4898 ad
3193 4843 3464 4906 Romanos
3479 4856 3615 4910 scri-

2033 4913 2111 4969 bit
2131 4916 2415 4985 Apostolus
2444 4937 2457 4972 :
2490 4920 2766 4979 Occasione
2806 4941 3032 5001 accepta,
3066 4948 3325 5004 peccatum
3347 4959 3438 5012 per
3464 4964 3615 5003 man-

2036 5007 2208 5062 datum
2255 5023 2516 5079 operatum
2563 5026 2636 5068 est
2687 5019 2740 5071 in
2795 5037 2874 5074 me
2918 5039 3116 5080 omnem
3159 5007 3618 5104 concupiscentiam

2037 5097 2227 5168 (Rom.
2257 5102 2308 5155 7.
2333 5103 2426 5175 7).
2455 5105 2720 5163 Ponamus
2744 5121 2907 5167 totum
2934 5097 3618 5201 testimonium,etsingula

2036 5191 2233 5246 Christi
2263 5196 2460 5251 auxilio
2488 5199 2835 5271 disserentes,
2868 5209 2992 5278 quid
3023 5213 3176 5270 nobis
3199 5216 3458 5286 videatur,
3491 5191 3623 5278 sim-

2039 5287 2246 5357 pliciter
2291 5291 2624 5362 indicemus,
2668 5312 2772 5353 non
2824 5302 3232 5372 pra-judicantes
3278 5319 3368 5365 tuo
3415 5317 3617 5381 sensui,

2039 5379 2164 5450 quid
2185 5381 2314 5436 velis
2333 5383 2644 5456 intelligere,
2674 5389 2770 5444 sed
2793 5404 3029 5449 nostram
3050 5399 3363 5453 sententiam
3388 5379 3622 5459 breviter

2039 5474 2386 5544 explicantes.
2419 5478 2557 5544 Quid
2592 5497 2709 5552 ergo
2755 5483 3022 5540 dicemus?
3070 5487 3176 5543 Lex.
3217 5503 3473 5560 peccatum
3512 5501 3622 5552 est?

2044 5565 2199 5623 Absit.
2225 5569 2332 5625 Sed
2357 5581 2618 5641 peccatum
2638 5589 2739 5628 non
2765 5579 2993 5646 cognovi,
3017 5581 3114 5632 nisi
3143 5598 3230 5649 per
3254 5582 3456 5654 Legem.
3485 5588 3622 5646 Num

2041 5745 2178 5857 (“$3
2211 5746 2480 5858 faqurteco
2503 5762 2583 5808 καὶ,
2619 5748 2765 5800 etiam
2793 5764 2812 5802 :
2835 5727 2945 5815 quae
2969 5768 3063 5804 vox
3103 5757 3151 5806 in
3175 5757 3358 5810 Latinis
3381 5762 3626 5818 codicibus

2093 5824 2103 5838 ι
2185 5824 2210 5857 e
2334 5824 2363 5858 τ.

2093 5824 2176 5857 θεία
2185 5824 2363 5858 eratur.

2111 5871 2180 5934 (τ)
2216 5871 2403 5922 Addunt
2431 5874 2551 5922 editi
2576 5876 2870 5926 vetustiores
2891 5877 3135 5941 contingit.
