  <div class='ocr_page' id='page_1' title='image "/cluster/home/n/w/nwhite01/storage/ocr_20150623/22/hvd.32044015471378/576.png"; bbox 0 0 2044 3168; ppageno 0'>
   <div class='ocr_carea' id='block_1_1' title="bbox 158 191 229 224">
    <p class='ocr_par' dir='ltr' id='par_1_1' title="bbox 158 191 229 224">
     <span class='ocr_line' id='line_1_1' title="bbox 158 191 229 224; baseline 0 0"><span class='ocrx_word' id='word_1_1' title='bbox 158 192 171 224; x_wconf 72' lang='grc'><strong>1</strong></span> <span class='ocrx_word' id='word_1_2' title='bbox 176 191 229 224; x_wconf 65' lang='grc'><strong>023</strong></span> 
     </span>
    </p>
   </div>
   <div class='ocr_carea' id='block_1_2' title="bbox 158 246 951 288">
    <p class='ocr_par' dir='ltr' id='par_1_2' title="bbox 158 246 951 288">
     <span class='ocr_line' id='line_1_2' title="bbox 158 246 951 288; baseline -0.006 -9"><span class='ocrx_word' id='word_1_3' title='bbox 158 253 280 288; x_wconf 77' lang='lat' dir='ltr'><strong>scriptum</strong></span> <span class='ocrx_word' id='word_1_4' title='bbox 298 251 323 277; x_wconf 88' lang='lat' dir='ltr'><strong>in</strong></span> <span class='ocrx_word' id='word_1_5' title='bbox 338 246 453 277; x_wconf 72' lang='lat' dir='ltr'><strong>cordibus</strong></span> <span class='ocrx_word' id='word_1_6' title='bbox 466 248 530 282; x_wconf 78' lang='lat' dir='ltr'><strong>suis,</strong></span> <span class='ocrx_word' id='word_1_7' title='bbox 551 247 720 275; x_wconf 77' lang='lat' dir='ltr'><strong>testiinonium</strong></span> <span class='ocrx_word' id='word_1_8' title='bbox 740 247 884 283; x_wconf 82' lang='lat' dir='ltr'><strong>perltittettte</strong></span> <span class='ocrx_word' id='word_1_9' title='bbox 911 247 951 275; x_wconf 82' lang='lat' dir='ltr'><strong>illi</strong></span> 
     </span>
    </p>
   </div>
   <div class='ocr_carea' id='block_1_3' title="bbox 155 293 950 333">
    <p class='ocr_par' dir='ltr' id='par_1_3' title="bbox 155 293 950 333">
     <span class='ocr_line' id='line_1_3' title="bbox 155 293 950 333; baseline -0.005 -9"><span class='ocrx_word' id='word_1_10' title='bbox 155 297 311 324; x_wconf 70' lang='lat' dir='ltr'><strong>cottscientia</strong></span> <span class='ocrx_word' id='word_1_11' title='bbox 324 296 333 333; x_wconf 96' lang='lat'><strong>(</strong></span> <span class='ocrx_word' id='word_1_12' title='bbox 346 296 413 323; x_wconf 82' lang='lat' dir='ltr'><strong>Ibid.</strong></span> <span class='ocrx_word' id='word_1_13' title='bbox 427 296 455 323; x_wconf 78' lang='grc'><strong>9..</strong></span> <span class='ocrx_word' id='word_1_14' title='bbox 469 295 502 323; x_wconf 69' lang='grc'><strong>14</strong></span> <span class='ocrx_word' id='word_1_15' title='bbox 516 300 538 322; x_wconf 86' lang='lat' dir='ltr'><strong>et</strong></span> <span class='ocrx_word' id='word_1_16' title='bbox 556 294 616 331; x_wconf 82' lang='lat' dir='ltr'><strong>i5).</strong></span> <span class='ocrx_word' id='word_1_17' title='bbox 630 294 682 322; x_wconf 87' lang='lat' dir='ltr'><strong>Ista</strong></span> <span class='ocrx_word' id='word_1_18' title='bbox 696 294 737 322; x_wconf 78' lang='lat' dir='ltr'><strong>lex</strong></span> <span class='ocrx_word' id='word_1_19' title='bbox 752 302 811 329; x_wconf 83' lang='lat' dir='ltr'><strong>qua:</strong></span> <span class='ocrx_word' id='word_1_20' title='bbox 829 294 854 321; x_wconf 94' lang='lat' dir='ltr'><strong>in</strong></span> <span class='ocrx_word' id='word_1_21' title='bbox 869 293 950 321; x_wconf 90' lang='lat' dir='ltr'><strong>corde</strong></span> 
     </span>
    </p>
   </div>
   <div class='ocr_carea' id='block_1_4' title="bbox 158 341 951 377">
    <p class='ocr_par' dir='ltr' id='par_1_4' title="bbox 158 341 951 377">
     <span class='ocr_line' id='line_1_4' title="bbox 158 341 951 377; baseline -0.004 -6"><span class='ocrx_word' id='word_1_22' title='bbox 158 344 294 377; x_wconf 85' lang='lat' dir='ltr'><strong>scribitur,</strong></span> <span class='ocrx_word' id='word_1_23' title='bbox 320 350 413 370; x_wconf 87' lang='lat' dir='ltr'><strong>omnes</strong></span> <span class='ocrx_word' id='word_1_24' title='bbox 424 342 542 370; x_wconf 87' lang='lat' dir='ltr'><strong>continet</strong></span> <span class='ocrx_word' id='word_1_25' title='bbox 558 343 678 370; x_wconf 81' lang='lat' dir='ltr'><strong>nationes</strong></span> <span class='ocrx_word' id='word_1_26' title='bbox 693 350 700 369; x_wconf 92' lang='lat'><strong>:</strong></span> <span class='ocrx_word' id='word_1_27' title='bbox 720 346 747 369; x_wconf 92' lang='lat' dir='ltr'><strong>et</strong></span> <span class='ocrx_word' id='word_1_28' title='bbox 764 342 851 370; x_wconf 84' lang='lat' dir='ltr'><strong>nullus</strong></span> <span class='ocrx_word' id='word_1_29' title='bbox 863 341 951 368; x_wconf 75' lang='lat' dir='ltr'><strong>hoiui-</strong></span> 
     </span>
    </p>
   </div>
   <div class='ocr_carea' id='block_1_5' title="bbox 158 387 951 425">
    <p class='ocr_par' dir='ltr' id='par_1_5' title="bbox 158 387 951 425">
     <span class='ocr_line' id='line_1_5' title="bbox 158 387 951 425; baseline -0.005 -7"><span class='ocrx_word' id='word_1_30' title='bbox 158 399 222 418; x_wconf 90' lang='lat' dir='ltr'><strong>ttum</strong></span> <span class='ocrx_word' id='word_1_31' title='bbox 233 395 283 423; x_wconf 91' lang='lat' dir='ltr'><strong>est,</strong></span> <span class='ocrx_word' id='word_1_32' title='bbox 295 390 339 425; x_wconf 88' lang='lat' dir='ltr'><strong>qui</strong></span> <span class='ocrx_word' id='word_1_33' title='bbox 351 390 418 417; x_wconf 85' lang='lat' dir='ltr'><strong>hanc</strong></span> <span class='ocrx_word' id='word_1_34' title='bbox 432 390 516 425; x_wconf 86' lang='lat' dir='ltr'><strong>legem</strong></span> <span class='ocrx_word' id='word_1_35' title='bbox 529 390 638 417; x_wconf 88' lang='lat' dir='ltr'><strong>nesciat.</strong></span> <span class='ocrx_word' id='word_1_36' title='bbox 654 388 730 417; x_wconf 86' lang='lat' dir='ltr'><strong>Unde</strong></span> <span class='ocrx_word' id='word_1_37' title='bbox 741 388 827 416; x_wconf 87' lang='lat' dir='ltr'><strong>omnis</strong></span> <span class='ocrx_word' id='word_1_38' title='bbox 838 387 951 415; x_wconf 88' lang='lat' dir='ltr'><strong>tnundus</strong></span> 
     </span>
    </p>
   </div>
   <div class='ocr_carea' id='block_1_6' title="bbox 158 433 952 472">
    <p class='ocr_par' dir='ltr' id='par_1_6' title="bbox 158 433 952 472">
     <span class='ocr_line' id='line_1_6' title="bbox 158 433 952 472; baseline -0.006 -8"><span class='ocrx_word' id='word_1_39' title='bbox 158 438 207 464; x_wconf 85' lang='lat' dir='ltr'><strong>sub</strong></span> <span class='ocrx_word' id='word_1_40' title='bbox 225 443 343 472; x_wconf 84' lang='lat' dir='ltr'><strong>peccato,</strong></span> <span class='ocrx_word' id='word_1_41' title='bbox 355 441 382 465; x_wconf 87' lang='lat' dir='ltr'><strong>et</strong></span> <span class='ocrx_word' id='word_1_42' title='bbox 393 436 508 464; x_wconf 90' lang='lat' dir='ltr'><strong>universi</strong></span> <span class='ocrx_word' id='word_1_43' title='bbox 522 436 645 463; x_wconf 85' lang='lat' dir='ltr'><strong>homines</strong></span> <span class='ocrx_word' id='word_1_44' title='bbox 656 435 872 470; x_wconf 71' lang='lat' dir='ltr'><strong>prtevaricatores</strong></span> <span class='ocrx_word' id='word_1_45' title='bbox 886 433 952 468; x_wconf 84' lang='lat' dir='ltr'><strong>legis</strong></span> 
     </span>
    </p>
   </div>
   <div class='ocr_carea' id='block_1_7' title="bbox 158 479 950 517">
    <p class='ocr_par' dir='ltr' id='par_1_7' title="bbox 158 479 950 517">
     <span class='ocr_line' id='line_1_7' title="bbox 158 479 950 517; baseline -0.005 -7"><span class='ocrx_word' id='word_1_46' title='bbox 158 487 219 510; x_wconf 86' lang='lat' dir='ltr'><strong>sunt</strong></span> <span class='ocrx_word' id='word_1_47' title='bbox 234 488 279 510; x_wconf 88' lang='lat' dir='ltr'><strong>:et</strong></span> <span class='ocrx_word' id='word_1_48' title='bbox 293 482 392 510; x_wconf 86' lang='lat' dir='ltr'><strong>ideirco</strong></span> <span class='ocrx_word' id='word_1_49' title='bbox 402 482 503 517; x_wconf 86' lang='lat' dir='ltr'><strong>justum</strong></span> <span class='ocrx_word' id='word_1_50' title='bbox 514 481 643 516; x_wconf 87' lang='lat' dir='ltr'><strong>judicium</strong></span> <span class='ocrx_word' id='word_1_51' title='bbox 656 481 702 508; x_wconf 89' lang='lat' dir='ltr'><strong>Dei</strong></span> <span class='ocrx_word' id='word_1_52' title='bbox 713 484 755 507; x_wconf 89' lang='lat' dir='ltr'><strong>est</strong></span> <span class='ocrx_word' id='word_1_53' title='bbox 771 480 911 508; x_wconf 87' lang='lat' dir='ltr'><strong>scribentis</strong></span> <span class='ocrx_word' id='word_1_54' title='bbox 926 479 950 506; x_wconf 94' lang='lat' dir='ltr'><strong>in</strong></span> 
     </span>
    </p>
   </div>
   <div class='ocr_carea' id='block_1_8' title="bbox 157 523 952 564">
    <p class='ocr_par' dir='ltr' id='par_1_8' title="bbox 157 523 952 564">
     <span class='ocr_line' id='line_1_8' title="bbox 157 523 952 564; baseline -0.008 -8"><span class='ocrx_word' id='word_1_55' title='bbox 157 523 239 557; x_wconf 69' lang='lat' dir='ltr'><strong>corde</strong></span> <span class='ocrx_word' id='word_1_56' title='bbox 256 529 362 556; x_wconf 80' lang='lat' dir='ltr'><strong>humani</strong></span> <span class='ocrx_word' id='word_1_57' title='bbox 378 529 483 564; x_wconf 80' lang='lat' dir='ltr'><strong>generis</strong></span> <span class='ocrx_word' id='word_1_58' title='bbox 497 536 504 555; x_wconf 92' lang='lat'><strong>:</strong></span> <span class='ocrx_word' id='word_1_59' title='bbox 521 527 596 561; x_wconf 80' lang='lat' dir='ltr'><strong>Quod</strong></span> <span class='ocrx_word' id='word_1_60' title='bbox 613 527 657 554; x_wconf 88' lang='lat' dir='ltr'><strong>tibi</strong></span> <span class='ocrx_word' id='word_1_61' title='bbox 671 526 727 561; x_wconf 79' lang='lat' dir='ltr'><strong>ﬁeri</strong></span> <span class='ocrx_word' id='word_1_62' title='bbox 742 525 863 558; x_wconf 83' lang='lat' dir='ltr'><strong>nolueris,</strong></span> <span class='ocrx_word' id='word_1_63' title='bbox 878 524 952 552; x_wconf 84' lang='lat' dir='ltr'><strong>alteri</strong></span> 
     </span>
    </p>
   </div>
   <div class='ocr_carea' id='block_1_9' title="bbox 158 571 949 611">
    <p class='ocr_par' dir='ltr' id='par_1_9' title="bbox 158 571 949 611">
     <span class='ocr_line' id='line_1_9' title="bbox 158 571 949 611; baseline -0.006 -9"><span class='ocrx_word' id='word_1_64' title='bbox 158 584 189 602; x_wconf 85' lang='lat' dir='ltr'><strong>ne</strong></span> <span class='ocrx_word' id='word_1_65' title='bbox 199 575 297 611; x_wconf 75' lang='lat' dir='ltr'><strong>feceris.</strong></span> <span class='ocrx_word' id='word_1_66' title='bbox 312 575 377 609; x_wconf 86' lang='lat' dir='ltr'><strong>Quis</strong></span> <span class='ocrx_word' id='word_1_67' title='bbox 386 574 456 601; x_wconf 89' lang='lat' dir='ltr'><strong>enim</strong></span> <span class='ocrx_word' id='word_1_68' title='bbox 467 574 570 608; x_wconf 76' lang='lat' dir='ltr'><strong>ignoret</strong></span> <span class='ocrx_word' id='word_1_69' title='bbox 584 572 766 604; x_wconf 84' lang='lat' dir='ltr'><strong>homicidium,</strong></span> <span class='ocrx_word' id='word_1_70' title='bbox 777 571 949 603; x_wconf 91' lang='lat' dir='ltr'><strong>adulterium,</strong></span> 
     </span>
    </p>
   </div>
   <div class='ocr_carea' id='block_1_10' title="bbox 158 618 950 655">
    <p class='ocr_par' dir='ltr' id='par_1_10' title="bbox 158 618 950 655">
     <span class='ocr_line' id='line_1_10' title="bbox 158 618 950 655; baseline -0.006 -7"><span class='ocrx_word' id='word_1_71' title='bbox 158 621 267 654; x_wconf 86' lang='lat' dir='ltr'><strong>furtum,</strong></span> <span class='ocrx_word' id='word_1_72' title='bbox 281 626 308 648; x_wconf 81' lang='lat' dir='ltr'><strong>et</strong></span> <span class='ocrx_word' id='word_1_73' title='bbox 322 628 429 648; x_wconf 83' lang='lat' dir='ltr'><strong>omnem</strong></span> <span class='ocrx_word' id='word_1_74' title='bbox 447 620 689 655; x_wconf 76' lang='lat' dir='ltr'><strong>concupiscentiam</strong></span> <span class='ocrx_word' id='word_1_75' title='bbox 711 625 771 646; x_wconf 89' lang='lat' dir='ltr'><strong>esse</strong></span> <span class='ocrx_word' id='word_1_76' title='bbox 786 618 883 644; x_wconf 92' lang='lat' dir='ltr'><strong>malum</strong></span> <span class='ocrx_word' id='word_1_77' title='bbox 895 638 901 649; x_wconf 85' lang='lat'><strong>,</strong></span> <span class='ocrx_word' id='word_1_78' title='bbox 918 623 950 643; x_wconf 84' lang='lat' dir='ltr'><strong>ex</strong></span> 
     </span>
    </p>
   </div>
   <div class='ocr_carea' id='block_1_11' title="bbox 158 662 951 702">
    <p class='ocr_par' dir='ltr' id='par_1_11' title="bbox 158 662 951 702">
     <span class='ocr_line' id='line_1_11' title="bbox 158 662 951 702; baseline -0.006 -9"><span class='ocrx_word' id='word_1_79' title='bbox 158 675 190 693; x_wconf 88' lang='lat' dir='ltr'><strong>eo</strong></span> <span class='ocrx_word' id='word_1_80' title='bbox 209 666 279 702; x_wconf 88' lang='lat' dir='ltr'><strong>qrrod</strong></span> <span class='ocrx_word' id='word_1_81' title='bbox 294 667 344 693; x_wconf 85' lang='lat' dir='ltr'><strong>sibi</strong></span> <span class='ocrx_word' id='word_1_82' title='bbox 359 674 390 693; x_wconf 85' lang='lat' dir='ltr'><strong>ea</strong></span> <span class='ocrx_word' id='word_1_83' title='bbox 403 666 469 693; x_wconf 91' lang='lat' dir='ltr'><strong>nolit</strong></span> <span class='ocrx_word' id='word_1_84' title='bbox 482 665 557 692; x_wconf 82' lang='lat' dir='ltr'><strong>ﬁeri?</strong></span> <span class='ocrx_word' id='word_1_85' title='bbox 570 665 597 693; x_wconf 87' lang='lat' dir='ltr'><strong>Si</strong></span> <span class='ocrx_word' id='word_1_86' title='bbox 612 664 683 693; x_wconf 89' lang='lat' dir='ltr'><strong>enim</strong></span> <span class='ocrx_word' id='word_1_87' title='bbox 707 663 775 691; x_wconf 86' lang='lat' dir='ltr'><strong>mala</strong></span> <span class='ocrx_word' id='word_1_88' title='bbox 793 670 853 691; x_wconf 89' lang='lat' dir='ltr'><strong>esse</strong></span> <span class='ocrx_word' id='word_1_89' title='bbox 865 662 951 689; x_wconf 87' lang='lat' dir='ltr'><strong>nesei-</strong></span> 
     </span>
    </p>
   </div>
   <div class='ocr_carea' id='block_1_12' title="bbox 158 709 950 749">
    <p class='ocr_par' dir='ltr' id='par_1_12' title="bbox 158 709 950 749">
     <span class='ocr_line' id='line_1_12' title="bbox 158 709 950 749; baseline -0.009 -7"><span class='ocrx_word' id='word_1_90' title='bbox 158 720 209 747; x_wconf 86' lang='lat' dir='ltr'><strong>ret,</strong></span> <span class='ocrx_word' id='word_1_91' title='bbox 231 721 397 749; x_wconf 89' lang='lat' dir='ltr'><strong>nequaquarn</strong></span> <span class='ocrx_word' id='word_1_92' title='bbox 410 713 513 740; x_wconf 83' lang='lat' dir='ltr'><strong>doleret</strong></span> <span class='ocrx_word' id='word_1_93' title='bbox 525 711 574 739; x_wconf 89' lang='lat' dir='ltr'><strong>sibi</strong></span> <span class='ocrx_word' id='word_1_94' title='bbox 588 719 647 739; x_wconf 87' lang='lat' dir='ltr'><strong>esse</strong></span> <span class='ocrx_word' id='word_1_95' title='bbox 662 711 744 738; x_wconf 88' lang='lat' dir='ltr'><strong>illata.</strong></span> <span class='ocrx_word' id='word_1_96' title='bbox 760 710 810 737; x_wconf 71' lang='lat' dir='ltr'><strong>l’er</strong></span> <span class='ocrx_word' id='word_1_97' title='bbox 821 709 888 736; x_wconf 92' lang='lat' dir='ltr'><strong>ltanc</strong></span> <span class='ocrx_word' id='word_1_98' title='bbox 901 715 950 735; x_wconf 82' lang='lat' dir='ltr'><strong>na-</strong></span> 
     </span>
    </p>
   </div>
   <div class='ocr_carea' id='block_1_13' title="bbox 159 754 950 794">
    <p class='ocr_par' dir='ltr' id='par_1_13' title="bbox 159 754 950 794">
     <span class='ocr_line' id='line_1_13' title="bbox 159 754 950 794; baseline -0.01 -6"><span class='ocrx_word' id='word_1_99' title='bbox 159 761 271 788; x_wconf 91' lang='lat' dir='ltr'><strong>turalent</strong></span> <span class='ocrx_word' id='word_1_100' title='bbox 285 760 369 794; x_wconf 84' lang='lat' dir='ltr'><strong>legem</strong></span> <span class='ocrx_word' id='word_1_101' title='bbox 384 763 411 787; x_wconf 94' lang='lat' dir='ltr'><strong>et</strong></span> <span class='ocrx_word' id='word_1_102' title='bbox 421 759 484 786; x_wconf 78' lang='lat' dir='ltr'><strong>Cain</strong></span> <span class='ocrx_word' id='word_1_103' title='bbox 502 758 625 794; x_wconf 86' lang='lat' dir='ltr'><strong>cognovit</strong></span> <span class='ocrx_word' id='word_1_104' title='bbox 647 762 783 793; x_wconf 90' lang='lat' dir='ltr'><strong>peccatum</strong></span> <span class='ocrx_word' id='word_1_105' title='bbox 798 763 873 783; x_wconf 84' lang='lat' dir='ltr'><strong>suum</strong></span> <span class='ocrx_word' id='word_1_106' title='bbox 884 775 891 787; x_wconf 93' lang='lat'><strong>,</strong></span> <span class='ocrx_word' id='word_1_107' title='bbox 908 754 950 781; x_wconf 77' lang='lat' dir='ltr'><strong>rli-</strong></span> 
     </span>
    </p>
   </div>
   <div class='ocr_carea' id='block_1_14' title="bbox 157 801 949 843">
    <p class='ocr_par' dir='ltr' id='par_1_14' title="bbox 157 801 949 843">
     <span class='ocr_line' id='line_1_14' title="bbox 157 801 949 843; baseline -0.009 -8"><span class='ocrx_word' id='word_1_108' title='bbox 157 816 222 835; x_wconf 84' lang='lat' dir='ltr'><strong>cens</strong></span> <span class='ocrx_word' id='word_1_109' title='bbox 234 816 239 833; x_wconf 90' lang='lat'>:</span> <span class='ocrx_word' id='word_1_110' title='bbox 254 807 341 843; x_wconf 65' lang='lat' dir='ltr'><strong>Major</strong></span> <span class='ocrx_word' id='word_1_111' title='bbox 356 812 392 833; x_wconf 84' lang='lat' dir='ltr'><strong>est</strong></span> <span class='ocrx_word' id='word_1_112' title='bbox 403 814 479 833; x_wconf 77' lang='lat' dir='ltr'><strong>causa</strong></span> <span class='ocrx_word' id='word_1_113' title='bbox 489 814 555 839; x_wconf 86' lang='lat' dir='ltr'><strong>mea,</strong></span> <span class='ocrx_word' id='word_1_114' title='bbox 566 812 641 840; x_wconf 79' lang='lat' dir='ltr'><strong>quam</strong></span> <span class='ocrx_word' id='word_1_115' title='bbox 652 809 679 831; x_wconf 79' lang='lat' dir='ltr'><strong>ut</strong></span> <span class='ocrx_word' id='word_1_116' title='bbox 689 803 810 830; x_wconf 78' lang='lat' dir='ltr'><strong>dimittar.</strong></span> <span class='ocrx_word' id='word_1_117' title='bbox 822 802 856 829; x_wconf 90' lang='lat' dir='ltr'><strong>Et</strong></span> <span class='ocrx_word' id='word_1_118' title='bbox 866 801 949 829; x_wconf 65' lang='lat' dir='ltr'><strong>Adam</strong></span> 
     </span>
    </p>
   </div>
   <div class='ocr_carea' id='block_1_15' title="bbox 157 852 951 888">
    <p class='ocr_par' dir='ltr' id='par_1_15' title="bbox 157 852 951 888">
     <span class='ocr_line' id='line_1_15' title="bbox 157 852 951 888; baseline -0.01 -7"><span class='ocrx_word' id='word_1_119' title='bbox 157 858 184 881; x_wconf 89' lang='lat' dir='ltr'><strong>et</strong></span> <span class='ocrx_word' id='word_1_120' title='bbox 197 854 250 880; x_wconf 86' lang='lat' dir='ltr'><strong>Eva</strong></span> <span class='ocrx_word' id='word_1_121' title='bbox 265 857 446 888; x_wconf 87' lang='lat' dir='ltr'><strong>cognoveruttt</strong></span> <span class='ocrx_word' id='word_1_122' title='bbox 483 852 563 888; x_wconf 71' lang='lat'><strong>873</strong></span> <span class='ocrx_word' id='word_1_123' title='bbox 602 855 737 885; x_wconf 74' lang='lat' dir='ltr'><strong>peceatum</strong></span> <span class='ocrx_word' id='word_1_124' title='bbox 751 857 837 880; x_wconf 85' lang='lat' dir='ltr'><strong>suum,</strong></span> <span class='ocrx_word' id='word_1_125' title='bbox 853 853 880 875; x_wconf 90' lang='lat' dir='ltr'><strong>et</strong></span> <span class='ocrx_word' id='word_1_126' title='bbox 891 856 951 882; x_wconf 77' lang='lat' dir='ltr'><strong>pro-</strong></span> 
     </span>
    </p>
   </div>
   <div class='ocr_carea' id='block_1_16' title="bbox 157 895 951 935">
    <p class='ocr_par' dir='ltr' id='par_1_16' title="bbox 157 895 951 935">
     <span class='ocr_line' id='line_1_16' title="bbox 157 895 951 935; baseline -0.008 -8"><span class='ocrx_word' id='word_1_127' title='bbox 157 905 247 935; x_wconf 87' lang='lat' dir='ltr'><strong>pterea</strong></span> <span class='ocrx_word' id='word_1_128' title='bbox 263 898 411 926; x_wconf 87' lang='lat' dir='ltr'><strong>absconditi</strong></span> <span class='ocrx_word' id='word_1_129' title='bbox 424 905 486 925; x_wconf 89' lang='lat' dir='ltr'><strong>srtrtt</strong></span> <span class='ocrx_word' id='word_1_130' title='bbox 500 899 549 925; x_wconf 90' lang='lat' dir='ltr'><strong>sub</strong></span> <span class='ocrx_word' id='word_1_131' title='bbox 565 898 636 932; x_wconf 85' lang='lat' dir='ltr'><strong>ligno</strong></span> <span class='ocrx_word' id='word_1_132' title='bbox 648 895 719 923; x_wconf 75' lang='lat' dir='ltr'><strong>vine.</strong></span> <span class='ocrx_word' id='word_1_133' title='bbox 732 895 834 923; x_wconf 83' lang='lat' dir='ltr'><strong>Pharao</strong></span> <span class='ocrx_word' id='word_1_134' title='bbox 846 901 951 929; x_wconf 86' lang='lat' dir='ltr'><strong>quoque</strong></span> 
     </span>
    </p>
   </div>
   <div class='ocr_carea' id='block_1_17' title="bbox 156 940 951 982">
    <p class='ocr_par' dir='ltr' id='par_1_17' title="bbox 156 940 951 982">
     <span class='ocr_line' id='line_1_17' title="bbox 156 940 951 982; baseline -0.006 -10"><span class='ocrx_word' id='word_1_135' title='bbox 156 951 298 982; x_wconf 82' lang='lat' dir='ltr'><strong>antequam</strong></span> <span class='ocrx_word' id='word_1_136' title='bbox 316 946 369 973; x_wconf 84' lang='lat' dir='ltr'><strong>Lex</strong></span> <span class='ocrx_word' id='word_1_137' title='bbox 382 945 492 972; x_wconf 83' lang='lat' dir='ltr'><strong>daretur</strong></span> <span class='ocrx_word' id='word_1_138' title='bbox 512 952 560 980; x_wconf 90' lang='lat' dir='ltr'><strong>per</strong></span> <span class='ocrx_word' id='word_1_139' title='bbox 576 944 696 980; x_wconf 82' lang='lat' dir='ltr'><strong>Moysen,</strong></span> <span class='ocrx_word' id='word_1_140' title='bbox 716 941 868 970; x_wconf 78' lang='lat' dir='ltr'><strong>stimulatus</strong></span> <span class='ocrx_word' id='word_1_141' title='bbox 893 940 951 975; x_wconf 71' lang='lat' dir='ltr'><strong>lege</strong></span> 
     </span>
    </p>
   </div>
   <div class='ocr_carea' id='block_1_18' title="bbox 157 987 952 1025">
    <p class='ocr_par' dir='ltr' id='par_1_18' title="bbox 157 987 952 1025">
     <span class='ocr_line' id='line_1_18' title="bbox 157 987 952 1025; baseline -0.01 -5"><span class='ocrx_word' id='word_1_142' title='bbox 157 999 269 1025; x_wconf 65' lang='grc' dir='ltr'>ιιιιιιιιπςιι,</span> <span class='ocrx_word' id='word_1_143' title='bbox 281 1000 328 1019; x_wconf 89' lang='lat' dir='ltr'><strong>sua</strong></span> <span class='ocrx_word' id='word_1_144' title='bbox 343 992 455 1019; x_wconf 90' lang='lat' dir='ltr'><strong>crimina</strong></span> <span class='ocrx_word' id='word_1_145' title='bbox 464 991 615 1023; x_wconf 88' lang='lat' dir='ltr'><strong>confitetur,</strong></span> <span class='ocrx_word' id='word_1_146' title='bbox 631 995 657 1017; x_wconf 90' lang='lat' dir='ltr'><strong>et</strong></span> <span class='ocrx_word' id='word_1_147' title='bbox 669 989 733 1016; x_wconf 84' lang='lat' dir='ltr'><strong>dicit</strong></span> <span class='ocrx_word' id='word_1_148' title='bbox 749 997 755 1015; x_wconf 94' lang='lat'><strong>:</strong></span> <span class='ocrx_word' id='word_1_149' title='bbox 771 987 895 1014; x_wconf 83' lang='lat' dir='ltr'><strong>Dominus</strong></span> <span class='ocrx_word' id='word_1_150' title='bbox 906 987 952 1021; x_wconf 84' lang='lat' dir='ltr'><strong>ju-</strong></span> 
     </span>
    </p>
   </div>
   <div class='ocr_carea' id='block_1_19' title="bbox 157 1031 950 1073">
    <p class='ocr_par' dir='ltr' id='par_1_19' title="bbox 157 1031 950 1073">
     <span class='ocr_line' id='line_1_19' title="bbox 157 1031 950 1073; baseline -0.011 -6"><span class='ocrx_word' id='word_1_151' title='bbox 157 1044 219 1070; x_wconf 81' lang='lat' dir='ltr'><strong>stus,</strong></span> <span class='ocrx_word' id='word_1_152' title='bbox 232 1047 277 1073; x_wconf 81' lang='lat' dir='ltr'><strong>ego</strong></span> <span class='ocrx_word' id='word_1_153' title='bbox 287 1043 402 1065; x_wconf 83' lang='lat' dir='ltr'><strong>autemet</strong></span> <span class='ocrx_word' id='word_1_154' title='bbox 413 1037 524 1073; x_wconf 80' lang='lat' dir='ltr'><strong>populus</strong></span> <span class='ocrx_word' id='word_1_155' title='bbox 535 1035 683 1071; x_wconf 79' lang='lat' dir='ltr'><strong>nteusitnpii</strong></span> <span class='ocrx_word' id='word_1_156' title='bbox 696 1034 793 1069; x_wconf 64' lang='lat' dir='ltr'><strong>(Exod.</strong></span> <span class='ocrx_word' id='word_1_157' title='bbox 805 1033 832 1060; x_wconf 81' lang='lat'><strong>9.</strong></span> <span class='ocrx_word' id='word_1_158' title='bbox 844 1033 902 1067; x_wconf 68' lang='grc' dir='ltr'><strong>Ξῖ).</strong></span> <span class='ocrx_word' id='word_1_159' title='bbox 912 1031 950 1068; x_wconf 85' lang='lat' dir='ltr'><strong>(a)</strong></span> 
     </span>
    </p>
   </div>
   <div class='ocr_carea' id='block_1_20' title="bbox 157 1079 953 1120">
    <p class='ocr_par' dir='ltr' id='par_1_20' title="bbox 157 1079 953 1120">
     <span class='ocr_line' id='line_1_20' title="bbox 157 1079 953 1120; baseline -0.013 -7"><span class='ocrx_word' id='word_1_160' title='bbox 157 1086 231 1113; x_wconf 86' lang='lat' dir='ltr'><strong>lianc</strong></span> <span class='ocrx_word' id='word_1_161' title='bbox 245 1086 329 1120; x_wconf 73' lang='lat' dir='ltr'><strong>legem</strong></span> <span class='ocrx_word' id='word_1_162' title='bbox 348 1083 432 1111; x_wconf 88' lang='lat' dir='ltr'><strong>nescit</strong></span> <span class='ocrx_word' id='word_1_163' title='bbox 446 1082 569 1118; x_wconf 81' lang='lat' dir='ltr'><strong>pueritia,</strong></span> <span class='ocrx_word' id='word_1_164' title='bbox 585 1083 688 1116; x_wconf 80' lang='lat' dir='ltr'><strong>ignorat</strong></span> <span class='ocrx_word' id='word_1_165' title='bbox 710 1079 829 1111; x_wconf 88' lang='lat' dir='ltr'><strong>irtfantia,</strong></span> <span class='ocrx_word' id='word_1_166' title='bbox 850 1083 877 1105; x_wconf 88' lang='lat' dir='ltr'><strong>et</strong></span> <span class='ocrx_word' id='word_1_167' title='bbox 892 1084 953 1112; x_wconf 82' lang='lat' dir='ltr'><strong>pee-</strong></span> 
     </span>
    </p>
   </div>
   <div class='ocr_carea' id='block_1_21' title="bbox 157 1123 952 1165">
    <p class='ocr_par' dir='ltr' id='par_1_21' title="bbox 157 1123 952 1165">
     <span class='ocr_line' id='line_1_21' title="bbox 157 1123 952 1165; baseline -0.011 -7"><span class='ocrx_word' id='word_1_168' title='bbox 157 1139 221 1158; x_wconf 86' lang='lat' dir='ltr'><strong>cans</strong></span> <span class='ocrx_word' id='word_1_169' title='bbox 236 1131 336 1165; x_wconf 80' lang='lat' dir='ltr'><strong>absque</strong></span> <span class='ocrx_word' id='word_1_170' title='bbox 356 1130 492 1160; x_wconf 83' lang='lat' dir='ltr'><strong>mandato,</strong></span> <span class='ocrx_word' id='word_1_171' title='bbox 514 1135 566 1154; x_wconf 90' lang='lat' dir='ltr'><strong>non</strong></span> <span class='ocrx_word' id='word_1_172' title='bbox 580 1130 686 1154; x_wconf 88' lang='lat' dir='ltr'><strong>tertetur</strong></span> <span class='ocrx_word' id='word_1_173' title='bbox 703 1125 758 1159; x_wconf 83' lang='lat' dir='ltr'><strong>lege</strong></span> <span class='ocrx_word' id='word_1_174' title='bbox 775 1124 885 1159; x_wconf 89' lang='lat' dir='ltr'><strong>peccati.</strong></span> <span class='ocrx_word' id='word_1_175' title='bbox 898 1123 952 1150; x_wconf 71' lang='lat' dir='ltr'><strong>bla-</strong></span> 
     </span>
    </p>
   </div>
   <div class='ocr_carea' id='block_1_22' title="bbox 158 1170 952 1210">
    <p class='ocr_par' dir='ltr' id='par_1_22' title="bbox 158 1170 952 1210">
     <span class='ocr_line' id='line_1_22' title="bbox 158 1170 952 1210; baseline -0.013 -6"><span class='ocrx_word' id='word_1_176' title='bbox 158 1176 249 1204; x_wconf 88' lang='lat' dir='ltr'><strong>ledicit</strong></span> <span class='ocrx_word' id='word_1_177' title='bbox 263 1176 328 1210; x_wconf 85' lang='lat' dir='ltr'><strong>patri</strong></span> <span class='ocrx_word' id='word_1_178' title='bbox 345 1179 371 1202; x_wconf 89' lang='lat' dir='ltr'><strong>et</strong></span> <span class='ocrx_word' id='word_1_179' title='bbox 395 1173 484 1206; x_wconf 81' lang='lat' dir='ltr'><strong>matri,</strong></span> <span class='ocrx_word' id='word_1_180' title='bbox 500 1178 525 1199; x_wconf 88' lang='lat' dir='ltr'><strong>et</strong></span> <span class='ocrx_word' id='word_1_181' title='bbox 541 1176 666 1207; x_wconf 84' lang='lat' dir='ltr'><strong>parentes</strong></span> <span class='ocrx_word' id='word_1_182' title='bbox 678 1171 801 1198; x_wconf 79' lang='lat' dir='ltr'><strong>verberat</strong></span> <span class='ocrx_word' id='word_1_183' title='bbox 821 1178 827 1196; x_wconf 93' lang='lat'>:</span> <span class='ocrx_word' id='word_1_184' title='bbox 843 1174 870 1196; x_wconf 92' lang='lat' dir='ltr'><strong>et</strong></span> <span class='ocrx_word' id='word_1_185' title='bbox 891 1170 952 1203; x_wconf 82' lang='lat' dir='ltr'><strong>quia</strong></span> 
     </span>
    </p>
   </div>
   <div class='ocr_carea' id='block_1_23' title="bbox 158 1215 952 1255">
    <p class='ocr_par' dir='ltr' id='par_1_23' title="bbox 158 1215 952 1255">
     <span class='ocr_line' id='line_1_23' title="bbox 158 1215 952 1255; baseline -0.011 -5"><span class='ocrx_word' id='word_1_186' title='bbox 158 1223 271 1250; x_wconf 73' lang='lat' dir='ltr'><strong>necdum</strong></span> <span class='ocrx_word' id='word_1_187' title='bbox 287 1221 389 1255; x_wconf 82' lang='lat' dir='ltr'><strong>accepit</strong></span> <span class='ocrx_word' id='word_1_188' title='bbox 408 1220 494 1254; x_wconf 85' lang='lat' dir='ltr'><strong>legem</strong></span> <span class='ocrx_word' id='word_1_189' title='bbox 510 1217 658 1253; x_wconf 76' lang='lat' dir='ltr'><strong>sapientize,</strong></span> <span class='ocrx_word' id='word_1_190' title='bbox 670 1221 804 1244; x_wconf 93' lang='lat' dir='ltr'><strong>mortuum</strong></span> <span class='ocrx_word' id='word_1_191' title='bbox 818 1219 860 1242; x_wconf 89' lang='lat' dir='ltr'><strong>est</strong></span> <span class='ocrx_word' id='word_1_192' title='bbox 880 1215 905 1242; x_wconf 93' lang='lat' dir='ltr'><strong>in</strong></span> <span class='ocrx_word' id='word_1_193' title='bbox 920 1221 952 1241; x_wconf 91' lang='lat' dir='ltr'><strong>eo</strong></span> 
     </span>
    </p>
   </div>
   <div class='ocr_carea' id='block_1_24' title="bbox 158 1263 951 1304">
    <p class='ocr_par' dir='ltr' id='par_1_24' title="bbox 158 1263 951 1304">
     <span class='ocr_line' id='line_1_24' title="bbox 158 1263 951 1304; baseline -0.01 -8"><span class='ocrx_word' id='word_1_194' title='bbox 158 1273 308 1304; x_wconf 80' lang='lat' dir='ltr'><strong>peccatum.</strong></span> <span class='ocrx_word' id='word_1_195' title='bbox 328 1267 393 1294; x_wconf 86' lang='lat' dir='ltr'><strong>Cum</strong></span> <span class='ocrx_word' id='word_1_196' title='bbox 418 1271 505 1293; x_wconf 80' lang='lat' dir='ltr'><strong>autent</strong></span> <span class='ocrx_word' id='word_1_197' title='bbox 529 1264 681 1292; x_wconf 85' lang='lat' dir='ltr'><strong>mandatum</strong></span> <span class='ocrx_word' id='word_1_198' title='bbox 698 1263 809 1295; x_wconf 82' lang='lat' dir='ltr'><strong>venerit,</strong></span> <span class='ocrx_word' id='word_1_199' title='bbox 826 1263 877 1289; x_wconf 89' lang='lat' dir='ltr'><strong>hoc</strong></span> <span class='ocrx_word' id='word_1_200' title='bbox 894 1266 951 1295; x_wconf 86' lang='lat' dir='ltr'><strong>est,</strong></span> 
     </span>
    </p>
   </div>
   <div class='ocr_carea' id='block_1_25' title="bbox 159 1307 950 1348">
    <p class='ocr_par' dir='ltr' id='par_1_25' title="bbox 159 1307 950 1348">
     <span class='ocr_line' id='line_1_25' title="bbox 159 1307 950 1348; baseline -0.008 -8"><span class='ocrx_word' id='word_1_201' title='bbox 159 1319 264 1348; x_wconf 87' lang='lat' dir='ltr'><strong>tempus</strong></span> <span class='ocrx_word' id='word_1_202' title='bbox 275 1312 454 1347; x_wconf 71' lang='lat' dir='ltr'><strong>intelligentia:</strong></span> <span class='ocrx_word' id='word_1_203' title='bbox 462 1310 610 1346; x_wconf 77' lang='lat' dir='ltr'><strong>appetentis</strong></span> <span class='ocrx_word' id='word_1_204' title='bbox 624 1310 701 1340; x_wconf 86' lang='lat' dir='ltr'><strong>bona,</strong></span> <span class='ocrx_word' id='word_1_205' title='bbox 714 1314 739 1336; x_wconf 91' lang='lat' dir='ltr'><strong>et</strong></span> <span class='ocrx_word' id='word_1_206' title='bbox 748 1308 853 1336; x_wconf 76' lang='lat' dir='ltr'><strong>vitantis</strong></span> <span class='ocrx_word' id='word_1_207' title='bbox 863 1307 930 1334; x_wconf 88' lang='lat' dir='ltr'><strong>tnnla</strong></span> <span class='ocrx_word' id='word_1_208' title='bbox 944 1315 950 1334; x_wconf 91' lang='lat'><strong>:</strong></span> 
     </span>
    </p>
   </div>
   <div class='ocr_carea' id='block_1_26' title="bbox 160 1354 952 1393">
    <p class='ocr_par' dir='ltr' id='par_1_26' title="bbox 160 1354 952 1393">
     <span class='ocr_line' id='line_1_26' title="bbox 160 1354 952 1393; baseline -0.008 -8"><span class='ocrx_word' id='word_1_209' title='bbox 160 1363 222 1386; x_wconf 88' lang='lat' dir='ltr'><strong>ttruc</strong></span> <span class='ocrx_word' id='word_1_210' title='bbox 235 1357 328 1393; x_wconf 83' lang='lat' dir='ltr'><strong>incipit</strong></span> <span class='ocrx_word' id='word_1_211' title='bbox 340 1361 476 1393; x_wconf 82' lang='lat' dir='ltr'><strong>peccaturo</strong></span> <span class='ocrx_word' id='word_1_212' title='bbox 497 1356 666 1388; x_wconf 74' lang='lat' dir='ltr'><strong>reviviscere,</strong></span> <span class='ocrx_word' id='word_1_213' title='bbox 680 1360 707 1383; x_wconf 91' lang='lat' dir='ltr'><strong>et</strong></span> <span class='ocrx_word' id='word_1_214' title='bbox 724 1354 769 1382; x_wconf 91' lang='lat' dir='ltr'><strong>ille</strong></span> <span class='ocrx_word' id='word_1_215' title='bbox 783 1354 860 1384; x_wconf 84' lang='lat' dir='ltr'><strong>mori,</strong></span> <span class='ocrx_word' id='word_1_216' title='bbox 875 1360 952 1380; x_wconf 89' lang='lat' dir='ltr'><strong>reus-</strong></span> 
     </span>
    </p>
   </div>
   <div class='ocr_carea' id='block_1_27' title="bbox 158 1399 952 1439">
    <p class='ocr_par' dir='ltr' id='par_1_27' title="bbox 158 1399 952 1439">
     <span class='ocr_line' id='line_1_27' title="bbox 158 1399 952 1439; baseline -0.008 -8"><span class='ocrx_word' id='word_1_217' title='bbox 158 1413 210 1439; x_wconf 87' lang='lat' dir='ltr'><strong>que</strong></span> <span class='ocrx_word' id='word_1_218' title='bbox 226 1412 285 1432; x_wconf 86' lang='lat' dir='ltr'><strong>esse</strong></span> <span class='ocrx_word' id='word_1_219' title='bbox 309 1404 418 1438; x_wconf 81' lang='lat' dir='ltr'><strong>peccati.</strong></span> <span class='ocrx_word' id='word_1_220' title='bbox 434 1404 520 1438; x_wconf 84' lang='lat' dir='ltr'><strong>Atque</strong></span> <span class='ocrx_word' id='word_1_221' title='bbox 537 1403 573 1429; x_wconf 86' lang='lat' dir='ltr'><strong>ita</strong></span> <span class='ocrx_word' id='word_1_222' title='bbox 589 1401 627 1434; x_wconf 83' lang='lat' dir='ltr'><strong>iit,</strong></span> <span class='ocrx_word' id='word_1_223' title='bbox 642 1405 671 1428; x_wconf 91' lang='lat' dir='ltr'><strong>ut</strong></span> <span class='ocrx_word' id='word_1_224' title='bbox 686 1406 789 1436; x_wconf 83' lang='lat' dir='ltr'><strong>tempus</strong></span> <span class='ocrx_word' id='word_1_225' title='bbox 803 1399 952 1434; x_wconf 80' lang='lat' dir='ltr'><strong>intelligen-</strong></span> 
     </span>
    </p>
   </div>
   <div class='ocr_carea' id='block_1_28' title="bbox 159 1446 953 1485">
    <p class='ocr_par' dir='ltr' id='par_1_28' title="bbox 159 1446 953 1485">
     <span class='ocr_line' id='line_1_28' title="bbox 159 1446 953 1485; baseline -0.008 -7"><span class='ocrx_word' id='word_1_226' title='bbox 159 1452 213 1483; x_wconf 64' lang='lat' dir='ltr'><strong>tiat,</strong></span> <span class='ocrx_word' id='word_1_227' title='bbox 228 1459 280 1485; x_wconf 83' lang='lat' dir='ltr'><strong>quo</strong></span> <span class='ocrx_word' id='word_1_228' title='bbox 300 1450 346 1477; x_wconf 85' lang='lat' dir='ltr'><strong>Dei</strong></span> <span class='ocrx_word' id='word_1_229' title='bbox 363 1448 486 1476; x_wconf 89' lang='lat' dir='ltr'><strong>mandata</strong></span> <span class='ocrx_word' id='word_1_230' title='bbox 498 1447 693 1483; x_wconf 84' lang='lat' dir='ltr'><strong>cognoscimus,</strong></span> <span class='ocrx_word' id='word_1_231' title='bbox 714 1451 743 1475; x_wconf 93' lang='lat' dir='ltr'><strong>ut</strong></span> <span class='ocrx_word' id='word_1_232' title='bbox 767 1446 953 1482; x_wconf 75' lang='lat' dir='ltr'><strong>perveniamus</strong></span> 
     </span>
    </p>
   </div>
   <div class='ocr_carea' id='block_1_29' title="bbox 157 1493 952 1530">
    <p class='ocr_par' dir='ltr' id='par_1_29' title="bbox 157 1493 952 1530">
     <span class='ocr_line' id='line_1_29' title="bbox 157 1493 952 1530; baseline -0.005 -8"><span class='ocrx_word' id='word_1_233' title='bbox 157 1496 191 1523; x_wconf 87' lang='lat' dir='ltr'><strong>ad</strong></span> <span class='ocrx_word' id='word_1_234' title='bbox 211 1496 300 1528; x_wconf 80' lang='lat' dir='ltr'><strong>titam,</strong></span> <span class='ocrx_word' id='word_1_235' title='bbox 327 1500 452 1530; x_wconf 88' lang='lat' dir='ltr'><strong>eperetur</strong></span> <span class='ocrx_word' id='word_1_236' title='bbox 465 1495 490 1522; x_wconf 92' lang='lat' dir='ltr'><strong>itt</strong></span> <span class='ocrx_word' id='word_1_237' title='bbox 506 1494 582 1521; x_wconf 81' lang='lat' dir='ltr'><strong>nobis</strong></span> <span class='ocrx_word' id='word_1_238' title='bbox 596 1498 708 1520; x_wconf 87' lang='lat' dir='ltr'><strong>mortem</strong></span> <span class='ocrx_word' id='word_1_239' title='bbox 724 1502 730 1519; x_wconf 90' lang='lat'><strong>:</strong></span> <span class='ocrx_word' id='word_1_240' title='bbox 745 1493 767 1520; x_wconf 88' lang='lat' dir='ltr'><strong>si</strong></span> <span class='ocrx_word' id='word_1_241' title='bbox 781 1499 890 1528; x_wconf 79' lang='lat' dir='ltr'><strong>agamus</strong></span> <span class='ocrx_word' id='word_1_242' title='bbox 904 1499 952 1519; x_wconf 84' lang='lat' dir='ltr'><strong>tte-</strong></span> 
     </span>
    </p>
   </div>
   <div class='ocr_carea' id='block_1_30' title="bbox 157 1535 953 1577">
    <p class='ocr_par' dir='ltr' id='par_1_30' title="bbox 157 1535 953 1577">
     <span class='ocr_line' id='line_1_30' title="bbox 157 1535 953 1577; baseline -0.004 -8"><span class='ocrx_word' id='word_1_243' title='bbox 157 1542 308 1577; x_wconf 79' lang='lat' dir='ltr'><strong>gligentius,</strong></span> <span class='ocrx_word' id='word_1_244' title='bbox 334 1546 362 1569; x_wconf 90' lang='lat' dir='ltr'><strong>et</strong></span> <span class='ocrx_word' id='word_1_245' title='bbox 390 1535 496 1569; x_wconf 78' lang='lat' dir='ltr'><strong>occasio</strong></span> <span class='ocrx_word' id='word_1_246' title='bbox 517 1540 655 1575; x_wconf 74' lang='lat' dir='ltr'><strong>sapientia:</strong></span> <span class='ocrx_word' id='word_1_247' title='bbox 677 1539 786 1567; x_wconf 88' lang='lat' dir='ltr'><strong>seducat</strong></span> <span class='ocrx_word' id='word_1_248' title='bbox 811 1547 858 1566; x_wconf 85' lang='lat' dir='ltr'><strong>nos</strong></span> <span class='ocrx_word' id='word_1_249' title='bbox 874 1545 953 1574; x_wconf 88' lang='lat' dir='ltr'><strong>atque</strong></span> 
     </span>
    </p>
   </div>
   <div class='ocr_carea' id='block_1_31' title="bbox 158 1585 954 1622">
    <p class='ocr_par' dir='ltr' id='par_1_31' title="bbox 158 1585 954 1622">
     <span class='ocr_line' id='line_1_31' title="bbox 158 1585 954 1622; baseline -0.003 -9"><span class='ocrx_word' id='word_1_250' title='bbox 158 1588 320 1622; x_wconf 72' lang='lat' dir='ltr'><strong>supplantet,</strong></span> <span class='ocrx_word' id='word_1_251' title='bbox 332 1592 359 1614; x_wconf 88' lang='lat' dir='ltr'><strong>cl</strong></span> <span class='ocrx_word' id='word_1_252' title='bbox 372 1587 451 1616; x_wconf 88' lang='lat' dir='ltr'><strong>ducat</strong></span> <span class='ocrx_word' id='word_1_253' title='bbox 464 1586 497 1614; x_wconf 85' lang='lat' dir='ltr'><strong>ad</strong></span> <span class='ocrx_word' id='word_1_254' title='bbox 511 1591 635 1614; x_wconf 86' lang='lat' dir='ltr'><strong>mortem.</strong></span> <span class='ocrx_word' id='word_1_255' title='bbox 651 1585 707 1613; x_wconf 85' lang='lat' dir='ltr'><strong>Non</strong></span> <span class='ocrx_word' id='word_1_256' title='bbox 722 1585 793 1620; x_wconf 88' lang='lat' dir='ltr'><strong>qttod</strong></span> <span class='ocrx_word' id='word_1_257' title='bbox 805 1585 954 1619; x_wconf 85' lang='lat' dir='ltr'><strong>intelligen-</strong></span> 
     </span>
    </p>
   </div>
   <div class='ocr_carea' id='block_1_32' title="bbox 159 1631 953 1669">
    <p class='ocr_par' dir='ltr' id='par_1_32' title="bbox 159 1631 953 1669">
     <span class='ocr_line' id='line_1_32' title="bbox 159 1631 953 1669; baseline -0.004 -9"><span class='ocrx_word' id='word_1_258' title='bbox 159 1634 192 1660; x_wconf 88' lang='lat' dir='ltr'><strong>tia</strong></span> <span class='ocrx_word' id='word_1_259' title='bbox 209 1639 343 1668; x_wconf 88' lang='lat' dir='ltr'><strong>peccaturtt</strong></span> <span class='ocrx_word' id='word_1_260' title='bbox 369 1633 404 1660; x_wconf 87' lang='lat' dir='ltr'><strong>sit</strong></span> <span class='ocrx_word' id='word_1_261' title='bbox 429 1633 501 1669; x_wconf 77' lang='lat' dir='ltr'><strong>(Lex</strong></span> <span class='ocrx_word' id='word_1_262' title='bbox 513 1633 583 1660; x_wconf 87' lang='lat' dir='ltr'><strong>enittt</strong></span> <span class='ocrx_word' id='word_1_263' title='bbox 613 1631 798 1666; x_wconf 67' lang='lat' dir='ltr'><strong>intelligentia:</strong></span> <span class='ocrx_word' id='word_1_264' title='bbox 821 1635 911 1657; x_wconf 80' lang='lat' dir='ltr'><strong>sancta</strong></span> <span class='ocrx_word' id='word_1_265' title='bbox 927 1635 953 1657; x_wconf 88' lang='lat' dir='ltr'><strong>et</strong></span> 
     </span>
    </p>
   </div>
   <div class='ocr_carea' id='block_1_33' title="bbox 155 1677 951 1716">
    <p class='ocr_par' dir='ltr' id='par_1_33' title="bbox 155 1677 951 1716">
     <span class='ocr_line' id='line_1_33' title="bbox 155 1677 951 1716; baseline -0.004 -10"><span class='ocrx_word' id='word_1_266' title='bbox 155 1680 227 1715; x_wconf 85' lang='lat' dir='ltr'><strong>justa</strong></span> <span class='ocrx_word' id='word_1_267' title='bbox 245 1685 270 1707; x_wconf 91' lang='lat' dir='ltr'><strong>et</strong></span> <span class='ocrx_word' id='word_1_268' title='bbox 286 1680 354 1708; x_wconf 73' lang='lat' dir='ltr'><strong>bona</strong></span> <span class='ocrx_word' id='word_1_269' title='bbox 364 1679 422 1716; x_wconf 84' lang='lat' dir='ltr'><strong>est)</strong></span> <span class='ocrx_word' id='word_1_270' title='bbox 436 1679 483 1707; x_wconf 87' lang='lat' dir='ltr'><strong>sed</strong></span> <span class='ocrx_word' id='word_1_271' title='bbox 503 1686 550 1714; x_wconf 88' lang='lat' dir='ltr'><strong>per</strong></span> <span class='ocrx_word' id='word_1_272' title='bbox 569 1677 769 1713; x_wconf 76' lang='lat' dir='ltr'><strong>intelligentiam</strong></span> <span class='ocrx_word' id='word_1_273' title='bbox 784 1682 951 1712; x_wconf 84' lang='lat' dir='ltr'><strong>peccatorum</strong></span> 
     </span>
    </p>
   </div>
   <div class='ocr_carea' id='block_1_34' title="bbox 158 1722 953 1760">
    <p class='ocr_par' dir='ltr' id='par_1_34' title="bbox 158 1722 953 1760">
     <span class='ocr_line' id='line_1_34' title="bbox 158 1722 953 1760; baseline -0.005 -8"><span class='ocrx_word' id='word_1_274' title='bbox 158 1732 237 1760; x_wconf 82' lang='lat' dir='ltr'><strong>atque</strong></span> <span class='ocrx_word' id='word_1_275' title='bbox 250 1726 374 1752; x_wconf 90' lang='lat' dir='ltr'><strong>virtutum</strong></span> <span class='ocrx_word' id='word_1_276' title='bbox 390 1725 454 1752; x_wconf 93' lang='lat' dir='ltr'><strong>milti</strong></span> <span class='ocrx_word' id='word_1_277' title='bbox 469 1729 606 1759; x_wconf 88' lang='lat' dir='ltr'><strong>peceatuttt</strong></span> <span class='ocrx_word' id='word_1_278' title='bbox 621 1724 749 1755; x_wconf 74' lang='lat' dir='ltr'><strong>nascitur,</strong></span> <span class='ocrx_word' id='word_1_279' title='bbox 773 1722 842 1757; x_wconf 86' lang='lat' dir='ltr'><strong>quod</strong></span> <span class='ocrx_word' id='word_1_280' title='bbox 863 1723 953 1757; x_wconf 83' lang='lat' dir='ltr'><strong>prius-</strong></span> 
     </span>
    </p>
   </div>
   <div class='ocr_carea' id='block_1_35' title="bbox 157 1769 954 1805">
    <p class='ocr_par' dir='ltr' id='par_1_35' title="bbox 157 1769 954 1805">
     <span class='ocr_line' id='line_1_35' title="bbox 157 1769 954 1805; baseline -0.004 -8"><span class='ocrx_word' id='word_1_281' title='bbox 157 1778 236 1805; x_wconf 77' lang='lat' dir='ltr'><strong>quam</strong></span> <span class='ocrx_word' id='word_1_282' title='bbox 253 1771 439 1805; x_wconf 81' lang='lat' dir='ltr'><strong>intelligerent,</strong></span> <span class='ocrx_word' id='word_1_283' title='bbox 453 1775 590 1805; x_wconf 89' lang='lat' dir='ltr'><strong>peceatuttt</strong></span> <span class='ocrx_word' id='word_1_284' title='bbox 608 1777 667 1797; x_wconf 85' lang='lat' dir='ltr'><strong>esse</strong></span> <span class='ocrx_word' id='word_1_285' title='bbox 683 1777 735 1796; x_wconf 86' lang='lat' dir='ltr'><strong>non</strong></span> <span class='ocrx_word' id='word_1_286' title='bbox 756 1776 889 1795; x_wconf 79' lang='lat' dir='ltr'><strong>noverant.</strong></span> <span class='ocrx_word' id='word_1_287' title='bbox 907 1769 954 1795; x_wconf 92' lang='lat' dir='ltr'><strong>At-</strong></span> 
     </span>
    </p>
   </div>
   <div class='ocr_carea' id='block_1_36' title="bbox 157 1814 952 1851">
    <p class='ocr_par' dir='ltr' id='par_1_36' title="bbox 157 1814 952 1851">
     <span class='ocr_line' id='line_1_36' title="bbox 157 1814 952 1851; baseline -0.004 -8"><span class='ocrx_word' id='word_1_288' title='bbox 157 1824 208 1851; x_wconf 90' lang='lat' dir='ltr'><strong>que</strong></span> <span class='ocrx_word' id='word_1_289' title='bbox 232 1817 267 1843; x_wconf 86' lang='lat' dir='ltr'><strong>ita</strong></span> <span class='ocrx_word' id='word_1_290' title='bbox 292 1816 389 1843; x_wconf 75' lang='lat' dir='ltr'><strong>fartum</strong></span> <span class='ocrx_word' id='word_1_291' title='bbox 413 1820 464 1847; x_wconf 82' lang='lat' dir='ltr'><strong>est,</strong></span> <span class='ocrx_word' id='word_1_292' title='bbox 481 1821 509 1842; x_wconf 91' lang='lat' dir='ltr'><strong>ut</strong></span> <span class='ocrx_word' id='word_1_293' title='bbox 528 1815 597 1851; x_wconf 90' lang='lat' dir='ltr'><strong>quod</strong></span> <span class='ocrx_word' id='word_1_294' title='bbox 620 1815 684 1844; x_wconf 89' lang='lat' dir='ltr'><strong>milti</strong></span> <span class='ocrx_word' id='word_1_295' title='bbox 705 1822 752 1850; x_wconf 90' lang='lat' dir='ltr'><strong>pro</strong></span> <span class='ocrx_word' id='word_1_296' title='bbox 774 1815 842 1841; x_wconf 83' lang='lat' dir='ltr'><strong>bene</strong></span> <span class='ocrx_word' id='word_1_297' title='bbox 863 1814 952 1840; x_wconf 86' lang='lat' dir='ltr'><strong>datum</strong></span> 
     </span>
    </p>
   </div>
   <div class='ocr_carea' id='block_1_37' title="bbox 157 1860 954 1896">
    <p class='ocr_par' dir='ltr' id='par_1_37' title="bbox 157 1860 954 1896">
     <span class='ocr_line' id='line_1_37' title="bbox 157 1860 954 1896; baseline -0.003 -7"><span class='ocrx_word' id='word_1_298' title='bbox 157 1869 207 1895; x_wconf 89' lang='lat' dir='ltr'><strong>est,</strong></span> <span class='ocrx_word' id='word_1_299' title='bbox 220 1870 280 1890; x_wconf 87' lang='lat' dir='ltr'><strong>meo</strong></span> <span class='ocrx_word' id='word_1_300' title='bbox 292 1863 356 1889; x_wconf 84' lang='lat' dir='ltr'><strong>vitio</strong></span> <span class='ocrx_word' id='word_1_301' title='bbox 375 1866 491 1889; x_wconf 91' lang='lat' dir='ltr'><strong>mutetur</strong></span> <span class='ocrx_word' id='word_1_302' title='bbox 510 1862 535 1888; x_wconf 89' lang='lat' dir='ltr'><strong>itt</strong></span> <span class='ocrx_word' id='word_1_303' title='bbox 557 1861 671 1893; x_wconf 89' lang='lat' dir='ltr'><strong>malum;</strong></span> <span class='ocrx_word' id='word_1_304' title='bbox 692 1867 716 1889; x_wconf 91' lang='lat' dir='ltr'><strong>et</strong></span> <span class='ocrx_word' id='word_1_305' title='bbox 738 1865 765 1887; x_wconf 92' lang='lat' dir='ltr'><strong>ut</strong></span> <span class='ocrx_word' id='word_1_306' title='bbox 784 1860 954 1896; x_wconf 84' lang='lat' dir='ltr'><strong>hyperbolice</strong></span> 
     </span>
    </p>
   </div>
   <div class='ocr_carea' id='block_1_38' title="bbox 158 1906 953 1943">
    <p class='ocr_par' dir='ltr' id='par_1_38' title="bbox 158 1906 953 1943">
     <span class='ocr_line' id='line_1_38' title="bbox 158 1906 953 1943; baseline -0.004 -8"><span class='ocrx_word' id='word_1_307' title='bbox 158 1908 254 1940; x_wconf 88' lang='lat' dir='ltr'><strong>dicam,</strong></span> <span class='ocrx_word' id='word_1_308' title='bbox 269 1916 390 1943; x_wconf 88' lang='lat' dir='ltr'><strong>novoque</strong></span> <span class='ocrx_word' id='word_1_309' title='bbox 413 1907 494 1935; x_wconf 90' lang='lat' dir='ltr'><strong>verbo</strong></span> <span class='ocrx_word' id='word_1_310' title='bbox 509 1911 567 1933; x_wconf 89' lang='lat' dir='ltr'><strong>tttar</strong></span> <span class='ocrx_word' id='word_1_311' title='bbox 592 1906 624 1933; x_wconf 87' lang='lat' dir='ltr'><strong>ad</strong></span> <span class='ocrx_word' id='word_1_312' title='bbox 639 1906 824 1940; x_wconf 79' lang='lat' dir='ltr'><strong>explicandum</strong></span> <span class='ocrx_word' id='word_1_313' title='bbox 845 1913 953 1933; x_wconf 91' lang='lat' dir='ltr'><strong>seusunt</strong></span> 
     </span>
    </p>
   </div>
   <div class='ocr_carea' id='block_1_39' title="bbox 158 1951 956 1988">
    <p class='ocr_par' dir='ltr' id='par_1_39' title="bbox 158 1951 956 1988">
     <span class='ocr_line' id='line_1_39' title="bbox 158 1951 956 1988; baseline -0.003 -8"><span class='ocrx_word' id='word_1_314' title='bbox 158 1962 247 1981; x_wconf 88' lang='lat' dir='ltr'><strong>meum</strong></span> <span class='ocrx_word' id='word_1_315' title='bbox 258 1963 264 1980; x_wconf 76' lang='grc' dir='ltr'><strong>ε</strong></span> <span class='ocrx_word' id='word_1_316' title='bbox 274 1960 422 1988; x_wconf 79' lang='lat' dir='ltr'><strong>peccaturo,</strong></span> <span class='ocrx_word' id='word_1_317' title='bbox 434 1953 503 1988; x_wconf 92' lang='lat' dir='ltr'><strong>quod</strong></span> <span class='ocrx_word' id='word_1_318' title='bbox 516 1953 666 1987; x_wconf 78' lang='lat' dir='ltr'><strong>priusquam</strong></span> <span class='ocrx_word' id='word_1_319' title='bbox 674 1953 799 1979; x_wconf 87' lang='lat' dir='ltr'><strong>ltaberem</strong></span> <span class='ocrx_word' id='word_1_320' title='bbox 811 1951 956 1987; x_wconf 79' lang='lat' dir='ltr'><strong>intelligen-</strong></span> 
     </span>
    </p>
   </div>
   <div class='ocr_carea' id='block_1_40' title="bbox 159 1997 953 2034">
    <p class='ocr_par' dir='ltr' id='par_1_40' title="bbox 159 1997 953 2034">
     <span class='ocr_line' id='line_1_40' title="bbox 159 1997 953 2034; baseline -0.004 -8"><span class='ocrx_word' id='word_1_321' title='bbox 159 1999 239 2030; x_wconf 87' lang='lat' dir='ltr'><strong>tiam,</strong></span> <span class='ocrx_word' id='word_1_322' title='bbox 262 1999 363 2034; x_wconf 80' lang='lat' dir='ltr'><strong>absque</strong></span> <span class='ocrx_word' id='word_1_323' title='bbox 388 2003 496 2033; x_wconf 89' lang='lat' dir='ltr'><strong>peccato</strong></span> <span class='ocrx_word' id='word_1_324' title='bbox 526 2003 601 2030; x_wconf 90' lang='lat' dir='ltr'><strong>erat,</strong></span> <span class='ocrx_word' id='word_1_325' title='bbox 630 2005 677 2031; x_wconf 89' lang='lat' dir='ltr'><strong>per</strong></span> <span class='ocrx_word' id='word_1_326' title='bbox 707 1997 953 2032; x_wconf 74' lang='lat' dir='ltr'><strong>prmvaricationent</strong></span> 
     </span>
    </p>
   </div>
   <div class='ocr_carea' id='block_1_41' title="bbox 159 2043 954 2080">
    <p class='ocr_par' dir='ltr' id='par_1_41' title="bbox 159 2043 954 2080">
     <span class='ocr_line' id='line_1_41' title="bbox 159 2043 954 2080; baseline -0.005 -7"><span class='ocrx_word' id='word_1_327' title='bbox 159 2046 275 2073; x_wconf 77' lang='grc' dir='ltr'>ιιι.ιιιᾱ;ιιί</span> <span class='ocrx_word' id='word_1_328' title='bbox 290 2046 397 2080; x_wconf 90' lang='lat' dir='ltr'><strong>incipiat</strong></span> <span class='ocrx_word' id='word_1_329' title='bbox 407 2044 471 2072; x_wconf 91' lang='lat' dir='ltr'><strong>ntihi</strong></span> <span class='ocrx_word' id='word_1_330' title='bbox 482 2052 540 2071; x_wconf 84' lang='lat' dir='ltr'><strong>esse</strong></span> <span class='ocrx_word' id='word_1_331' title='bbox 550 2044 704 2078; x_wconf 88' lang='lat' dir='ltr'><strong>peccatttius</strong></span> <span class='ocrx_word' id='word_1_332' title='bbox 714 2049 860 2078; x_wconf 82' lang='lat' dir='ltr'><strong>peccatum.</strong></span> <span class='ocrx_word' id='word_1_333' title='bbox 877 2043 954 2070; x_wconf 84' lang='lat' dir='ltr'><strong>Prius</strong></span> 
     </span>
    </p>
   </div>
   <div class='ocr_carea' id='block_1_42' title="bbox 159 2089 954 2128">
    <p class='ocr_par' dir='ltr' id='par_1_42' title="bbox 159 2089 954 2128">
     <span class='ocr_line' id='line_1_42' title="bbox 159 2089 954 2128; baseline -0.004 -8"><span class='ocrx_word' id='word_1_334' title='bbox 159 2099 309 2128; x_wconf 64' lang='lat' dir='ltr'><strong>quatrantus</strong></span> <span class='ocrx_word' id='word_1_335' title='bbox 330 2100 389 2128; x_wconf 76' lang='lat' dir='ltr'><strong>qua:</strong></span> <span class='ocrx_word' id='word_1_336' title='bbox 410 2091 444 2118; x_wconf 91' lang='lat' dir='ltr'><strong>sit</strong></span> <span class='ocrx_word' id='word_1_337' title='bbox 465 2092 514 2118; x_wconf 87' lang='lat' dir='ltr'><strong>ista</strong></span> <span class='ocrx_word' id='word_1_338' title='bbox 533 2091 759 2125; x_wconf 83' lang='lat' dir='ltr'><strong>concupiscentia,</strong></span> <span class='ocrx_word' id='word_1_339' title='bbox 775 2090 808 2117; x_wconf 93' lang='lat' dir='ltr'><strong>de</strong></span> <span class='ocrx_word' id='word_1_340' title='bbox 826 2098 877 2125; x_wconf 87' lang='lat' dir='ltr'><strong>qua</strong></span> <span class='ocrx_word' id='word_1_341' title='bbox 900 2089 954 2117; x_wconf 81' lang='lat' dir='ltr'><strong>Lex</strong></span> 
     </span>
    </p>
   </div>
   <div class='ocr_carea' id='block_1_43' title="bbox 160 2135 954 2172">
    <p class='ocr_par' dir='ltr' id='par_1_43' title="bbox 160 2135 954 2172">
     <span class='ocr_line' id='line_1_43' title="bbox 160 2135 954 2172; baseline -0.004 -8"><span class='ocrx_word' id='word_1_342' title='bbox 160 2138 223 2165; x_wconf 83' lang='lat' dir='ltr'><strong>dicit</strong></span> <span class='ocrx_word' id='word_1_343' title='bbox 239 2146 247 2165; x_wconf 90' lang='lat'><strong>:</strong></span> <span class='ocrx_word' id='word_1_344' title='bbox 268 2137 329 2165; x_wconf 85' lang='lat' dir='ltr'><strong>Non</strong></span> <span class='ocrx_word' id='word_1_345' title='bbox 342 2138 513 2172; x_wconf 67' lang='lat' dir='ltr'><strong>concupisces.</strong></span> <span class='ocrx_word' id='word_1_346' title='bbox 540 2137 589 2163; x_wconf 86' lang='lat' dir='ltr'><strong>Alii</strong></span> <span class='ocrx_word' id='word_1_347' title='bbox 614 2141 707 2171; x_wconf 85' lang='lat' dir='ltr'><strong>putant</strong></span> <span class='ocrx_word' id='word_1_348' title='bbox 728 2135 791 2162; x_wconf 91' lang='lat' dir='ltr'><strong>illud</strong></span> <span class='ocrx_word' id='word_1_349' title='bbox 805 2143 864 2162; x_wconf 79' lang='lat' dir='ltr'><strong>esse</strong></span> <span class='ocrx_word' id='word_1_350' title='bbox 878 2144 954 2162; x_wconf 82' lang='lat' dir='ltr'><strong>utan-</strong></span> 
     </span>
    </p>
   </div>
   <div class='ocr_carea' id='block_1_44' title="bbox 160 2182 955 2220">
    <p class='ocr_par' dir='ltr' id='par_1_44' title="bbox 160 2182 955 2220">
     <span class='ocr_line' id='line_1_44' title="bbox 160 2182 955 2220; baseline -0.004 -8"><span class='ocrx_word' id='word_1_351' title='bbox 160 2185 261 2218; x_wconf 87' lang='lat' dir='ltr'><strong>datum,</strong></span> <span class='ocrx_word' id='word_1_352' title='bbox 277 2184 347 2220; x_wconf 88' lang='lat' dir='ltr'><strong>quod</strong></span> <span class='ocrx_word' id='word_1_353' title='bbox 362 2185 388 2212; x_wconf 92' lang='lat' dir='ltr'><strong>in</strong></span> <span class='ocrx_word' id='word_1_354' title='bbox 403 2184 532 2219; x_wconf 82' lang='lat' dir='ltr'><strong>Dccalogo</strong></span> <span class='ocrx_word' id='word_1_355' title='bbox 545 2184 673 2219; x_wconf 91' lang='lat' dir='ltr'><strong>scriptrtnt</strong></span> <span class='ocrx_word' id='word_1_356' title='bbox 689 2188 730 2211; x_wconf 89' lang='lat' dir='ltr'><strong>est</strong></span> <span class='ocrx_word' id='word_1_357' title='bbox 746 2192 752 2209; x_wconf 91' lang='lat'><strong>:</strong></span> <span class='ocrx_word' id='word_1_358' title='bbox 765 2182 826 2210; x_wconf 82' lang='lat' dir='ltr'><strong>Non</strong></span> <span class='ocrx_word' id='word_1_359' title='bbox 835 2183 955 2217; x_wconf 82' lang='lat' dir='ltr'><strong>concupi-</strong></span> 
     </span>
    </p>
   </div>
   <div class='ocr_carea' id='block_1_45' title="bbox 160 2229 955 2266">
    <p class='ocr_par' dir='ltr' id='par_1_45' title="bbox 160 2229 955 2266">
     <span class='ocr_line' id='line_1_45' title="bbox 160 2229 955 2266; baseline 0 -9"><span class='ocrx_word' id='word_1_360' title='bbox 160 2239 213 2257; x_wconf 70' lang='lat' dir='ltr'><strong>scex</strong></span> <span class='ocrx_word' id='word_1_361' title='bbox 234 2239 285 2257; x_wconf 86' lang='lat' dir='ltr'><strong>rem</strong></span> <span class='ocrx_word' id='word_1_362' title='bbox 305 2231 415 2264; x_wconf 64' lang='lat' dir='ltr'><strong>proximi</strong></span> <span class='ocrx_word' id='word_1_363' title='bbox 434 2231 470 2258; x_wconf 87' lang='lat' dir='ltr'><strong>tui</strong></span> <span class='ocrx_word' id='word_1_364' title='bbox 489 2229 583 2266; x_wconf 87' lang='lat' dir='ltr'><strong>(Deut.</strong></span> <span class='ocrx_word' id='word_1_365' title='bbox 599 2230 625 2259; x_wconf 84' lang='lat'><strong>5.</strong></span> <span class='ocrx_word' id='word_1_366' title='bbox 642 2229 703 2266; x_wconf 78' lang='grc'><strong>21).</strong></span> <span class='ocrx_word' id='word_1_367' title='bbox 727 2229 780 2257; x_wconf 92' lang='lat' dir='ltr'><strong>Nos</strong></span> <span class='ocrx_word' id='word_1_368' title='bbox 804 2233 891 2256; x_wconf 86' lang='lat' dir='ltr'><strong>autent</strong></span> <span class='ocrx_word' id='word_1_369' title='bbox 909 2237 955 2264; x_wconf 94' lang='lat' dir='ltr'><strong>per</strong></span> 
     </span>
    </p>
   </div>
   <div class='ocr_carea' id='block_1_46' title="bbox 161 2278 956 2314">
    <p class='ocr_par' dir='ltr' id='par_1_46' title="bbox 161 2278 956 2314">
     <span class='ocr_line' id='line_1_46' title="bbox 161 2278 956 2314; baseline 0 -9"><span class='ocrx_word' id='word_1_370' title='bbox 161 2278 401 2313; x_wconf 83' lang='lat' dir='ltr'><strong>concupiscentiam</strong></span> <span class='ocrx_word' id='word_1_371' title='bbox 422 2286 515 2306; x_wconf 89' lang='lat' dir='ltr'><strong>omnes</strong></span> <span class='ocrx_word' id='word_1_372' title='bbox 530 2279 742 2313; x_wconf 85' lang='lat' dir='ltr'><strong>perturbationes</strong></span> <span class='ocrx_word' id='word_1_373' title='bbox 766 2279 861 2306; x_wconf 78' lang='lat' dir='ltr'><strong>anima:</strong></span> <span class='ocrx_word' id='word_1_374' title='bbox 874 2279 956 2314; x_wconf 82' lang='lat' dir='ltr'><strong>signi-</strong></span> 
     </span>
    </p>
   </div>
   <div class='ocr_carea' id='block_1_47' title="bbox 162 2325 954 2359">
    <p class='ocr_par' dir='ltr' id='par_1_47' title="bbox 162 2325 954 2359">
     <span class='ocr_line' id='line_1_47' title="bbox 162 2325 954 2359; baseline 0 -7"><span class='ocrx_word' id='word_1_375' title='bbox 162 2325 253 2352; x_wconf 86' lang='lat' dir='ltr'><strong>ﬁcatas</strong></span> <span class='ocrx_word' id='word_1_376' title='bbox 267 2330 401 2359; x_wconf 89' lang='lat' dir='ltr'><strong>putamus,</strong></span> <span class='ocrx_word' id='word_1_377' title='bbox 417 2325 511 2359; x_wconf 86' lang='lat' dir='ltr'><strong>quibus</strong></span> <span class='ocrx_word' id='word_1_378' title='bbox 526 2332 672 2352; x_wconf 73' lang='lat' dir='ltr'><strong>tumremus</strong></span> <span class='ocrx_word' id='word_1_379' title='bbox 691 2329 718 2352; x_wconf 88' lang='lat' dir='ltr'><strong>et</strong></span> <span class='ocrx_word' id='word_1_380' title='bbox 742 2325 905 2359; x_wconf 71' lang='lat' dir='ltr'><strong>gaudemus,</strong></span> <span class='ocrx_word' id='word_1_381' title='bbox 921 2326 954 2352; x_wconf 96' lang='lat' dir='ltr'><strong>li-</strong></span> 
     </span>
    </p>
   </div>
   <div class='ocr_carea' id='block_1_48' title="bbox 164 2369 955 2404">
    <p class='ocr_par' dir='ltr' id='par_1_48' title="bbox 164 2369 955 2404">
     <span class='ocr_line' id='line_1_48' title="bbox 164 2369 955 2404; baseline 0.001 -8"><span class='ocrx_word' id='word_1_382' title='bbox 164 2376 266 2396; x_wconf 88' lang='lat' dir='ltr'><strong>memtts</strong></span> <span class='ocrx_word' id='word_1_383' title='bbox 280 2373 306 2396; x_wconf 85' lang='lat' dir='ltr'><strong>et</strong></span> <span class='ocrx_word' id='word_1_384' title='bbox 317 2369 540 2404; x_wconf 87' lang='lat' dir='ltr'><strong>concupiscimus.</strong></span> <span class='ocrx_word' id='word_1_385' title='bbox 558 2369 590 2396; x_wconf 77' lang='lat' dir='ltr'><strong>Et</strong></span> <span class='ocrx_word' id='word_1_386' title='bbox 603 2370 653 2396; x_wconf 89' lang='lat' dir='ltr'><strong>ltoe</strong></span> <span class='ocrx_word' id='word_1_387' title='bbox 670 2370 814 2403; x_wconf 89' lang='lat' dir='ltr'><strong>Apostolus</strong></span> <span class='ocrx_word' id='word_1_388' title='bbox 834 2377 880 2396; x_wconf 85' lang='lat' dir='ltr'><strong>vas</strong></span> <span class='ocrx_word' id='word_1_389' title='bbox 899 2370 955 2397; x_wconf 86' lang='lat' dir='ltr'><strong>ele-</strong></span> 
     </span>
    </p>
   </div>
   <div class='ocr_carea' id='block_1_49' title="bbox 163 2414 954 2450">
    <p class='ocr_par' dir='ltr' id='par_1_49' title="bbox 163 2414 954 2450">
     <span class='ocr_line' id='line_1_49' title="bbox 163 2414 954 2450; baseline -0.001 -6"><span class='ocrx_word' id='word_1_390' title='bbox 163 2415 269 2448; x_wconf 79' lang='lat' dir='ltr'><strong>ctiouis,</strong></span> <span class='ocrx_word' id='word_1_391' title='bbox 285 2414 360 2450; x_wconf 90' lang='lat' dir='ltr'><strong>cujus</strong></span> <span class='ocrx_word' id='word_1_392' title='bbox 372 2421 468 2449; x_wconf 87' lang='lat' dir='ltr'><strong>corpus</strong></span> <span class='ocrx_word' id='word_1_393' title='bbox 488 2414 614 2449; x_wconf 89' lang='lat' dir='ltr'><strong>terttpluttt</strong></span> <span class='ocrx_word' id='word_1_394' title='bbox 637 2419 695 2442; x_wconf 85' lang='lat' dir='ltr'><strong>erat</strong></span> <span class='ocrx_word' id='word_1_395' title='bbox 708 2414 823 2449; x_wconf 85' lang='lat' dir='ltr'><strong>Spiritus</strong></span> <span class='ocrx_word' id='word_1_396' title='bbox 847 2415 954 2449; x_wconf 88' lang='lat' dir='ltr'><strong>Sancti,</strong></span> 
     </span>
    </p>
   </div>
   <div class='ocr_carea' id='block_1_50' title="bbox 163 2461 957 2498">
    <p class='ocr_par' dir='ltr' id='par_1_50' title="bbox 163 2461 957 2498">
     <span class='ocr_line' id='line_1_50' title="bbox 163 2461 957 2498; baseline -0.003 -7"><span class='ocrx_word' id='word_1_397' title='bbox 163 2469 189 2491; x_wconf 89' lang='lat' dir='ltr'><strong>et</strong></span> <span class='ocrx_word' id='word_1_398' title='bbox 205 2463 249 2498; x_wconf 91' lang='lat' dir='ltr'><strong>qui</strong></span> <span class='ocrx_word' id='word_1_399' title='bbox 268 2461 392 2489; x_wconf 84' lang='lat' dir='ltr'><strong>dicebat:</strong></span> <span class='ocrx_word' id='word_1_400' title='bbox 409 2462 447 2488; x_wconf 82' lang='lat' dir='ltr'><strong>An</strong></span> <span class='ocrx_word' id='word_1_401' title='bbox 461 2461 658 2496; x_wconf 71' lang='lat' dir='ltr'><strong>experimentum</strong></span> <span class='ocrx_word' id='word_1_402' title='bbox 678 2461 789 2497; x_wconf 76' lang='lat' dir='ltr'><strong>quteritis</strong></span> <span class='ocrx_word' id='word_1_403' title='bbox 802 2461 856 2494; x_wconf 78' lang='lat' dir='ltr'><strong>ejus</strong></span> <span class='ocrx_word' id='word_1_404' title='bbox 867 2462 909 2496; x_wconf 89' lang='lat' dir='ltr'><strong>qui</strong></span> <span class='ocrx_word' id='word_1_405' title='bbox 930 2462 957 2489; x_wconf 85' lang='lat' dir='ltr'><strong>in</strong></span> 
     </span>
    </p>
   </div>
   <div class='ocr_carea' id='block_1_51' title="bbox 165 2505 955 2543">
    <p class='ocr_par' dir='ltr' id='par_1_51' title="bbox 165 2505 955 2543">
     <span class='ocr_line' id='line_1_51' title="bbox 165 2505 955 2543; baseline -0.003 -8"><span class='ocrx_word' id='word_1_406' title='bbox 165 2517 203 2535; x_wconf 83' lang='lat' dir='ltr'><strong>me</strong></span> <span class='ocrx_word' id='word_1_407' title='bbox 214 2508 324 2543; x_wconf 84' lang='lat' dir='ltr'><strong>loquitur</strong></span> <span class='ocrx_word' id='word_1_408' title='bbox 334 2506 447 2534; x_wconf 74' lang='lat' dir='ltr'><strong>Christus</strong></span> <span class='ocrx_word' id='word_1_409' title='bbox 469 2506 507 2542; x_wconf 82' lang='lat' dir='ltr'><strong>(l.</strong></span> <span class='ocrx_word' id='word_1_410' title='bbox 520 2506 578 2533; x_wconf 89' lang='lat' dir='ltr'><strong>Cor.</strong></span> <span class='ocrx_word' id='word_1_411' title='bbox 596 2506 639 2534; x_wconf 79' lang='lat' dir='ltr'><strong>l5.</strong></span> <span class='ocrx_word' id='word_1_412' title='bbox 651 2507 678 2543; x_wconf 83' lang='lat'><strong>5)</strong></span> <span class='ocrx_word' id='word_1_413' title='bbox 692 2505 703 2532; x_wconf 69' lang='grc' dir='ltr'>Τ</span> <span class='ocrx_word' id='word_1_414' title='bbox 719 2505 751 2533; x_wconf 84' lang='grc' dir='ltr'>Ει</span> <span class='ocrx_word' id='word_1_415' title='bbox 766 2505 791 2533; x_wconf 91' lang='lat' dir='ltr'><strong>in</strong></span> <span class='ocrx_word' id='word_1_416' title='bbox 807 2506 858 2532; x_wconf 87' lang='lat' dir='ltr'><strong>alio</strong></span> <span class='ocrx_word' id='word_1_417' title='bbox 873 2506 931 2533; x_wconf 87' lang='lat' dir='ltr'><strong>loco</strong></span> <span class='ocrx_word' id='word_1_418' title='bbox 949 2515 955 2533; x_wconf 90' lang='lat'>:</span> 
     </span>
    </p>
   </div>
   <div class='ocr_carea' id='block_1_52' title="bbox 165 2551 958 2588">
    <p class='ocr_par' dir='ltr' id='par_1_52' title="bbox 165 2551 958 2588">
     <span class='ocr_line' id='line_1_52' title="bbox 165 2551 958 2588; baseline -0.003 -7"><span class='ocrx_word' id='word_1_419' title='bbox 165 2554 278 2582; x_wconf 74' lang='lat' dir='ltr'><strong>Christus</strong></span> <span class='ocrx_word' id='word_1_420' title='bbox 292 2562 337 2580; x_wconf 87' lang='lat' dir='ltr'><strong>nos</strong></span> <span class='ocrx_word' id='word_1_421' title='bbox 350 2552 452 2580; x_wconf 78' lang='lat' dir='ltr'><strong>redemit</strong></span> <span class='ocrx_word' id='word_1_422' title='bbox 470 2551 574 2588; x_wconf 81' lang='lat' dir='ltr'><strong>(Gulut.</strong></span> <span class='ocrx_word' id='word_1_423' title='bbox 589 2553 615 2580; x_wconf 81' lang='grc'><strong>5.</strong></span> <span class='ocrx_word' id='word_1_424' title='bbox 631 2552 681 2588; x_wconf 80' lang='grc'><strong>15)</strong></span> <span class='ocrx_word' id='word_1_425' title='bbox 695 2561 701 2579; x_wconf 94' lang='lat'>:</span> <span class='ocrx_word' id='word_1_426' title='bbox 716 2552 749 2579; x_wconf 83' lang='lat' dir='ltr'><strong>Et</strong></span> <span class='ocrx_word' id='word_1_427' title='bbox 762 2553 856 2579; x_wconf 89' lang='lat' dir='ltr'><strong>iterttnt</strong></span> <span class='ocrx_word' id='word_1_428' title='bbox 876 2561 881 2580; x_wconf 91' lang='lat'>:</span> <span class='ocrx_word' id='word_1_429' title='bbox 897 2552 958 2579; x_wconf 75' lang='lat' dir='ltr'><strong>Viro</strong></span> 
     </span>
    </p>
   </div>
   <div class='ocr_carea' id='block_1_53' title="bbox 164 2597 956 2635">
    <p class='ocr_par' dir='ltr' id='par_1_53' title="bbox 164 2597 956 2635">
     <span class='ocr_line' id='line_1_53' title="bbox 164 2597 956 2635; baseline -0.001 -8"><span class='ocrx_word' id='word_1_430' title='bbox 164 2605 247 2627; x_wconf 83' lang='lat' dir='ltr'><strong>autem</strong></span> <span class='ocrx_word' id='word_1_431' title='bbox 257 2600 312 2635; x_wconf 82' lang='lat' dir='ltr'><strong>jam</strong></span> <span class='ocrx_word' id='word_1_432' title='bbox 330 2607 380 2625; x_wconf 85' lang='lat' dir='ltr'><strong>non</strong></span> <span class='ocrx_word' id='word_1_433' title='bbox 394 2606 450 2633; x_wconf 83' lang='lat' dir='ltr'><strong>ego,</strong></span> <span class='ocrx_word' id='word_1_434' title='bbox 464 2598 521 2625; x_wconf 79' lang='lat' dir='ltr'><strong>vivit</strong></span> <span class='ocrx_word' id='word_1_435' title='bbox 535 2606 592 2625; x_wconf 77' lang='lat' dir='ltr'><strong>vero</strong></span> <span class='ocrx_word' id='word_1_436' title='bbox 605 2599 630 2625; x_wconf 86' lang='lat' dir='ltr'><strong>in</strong></span> <span class='ocrx_word' id='word_1_437' title='bbox 647 2606 685 2625; x_wconf 87' lang='lat' dir='ltr'><strong>me</strong></span> <span class='ocrx_word' id='word_1_438' title='bbox 701 2598 815 2626; x_wconf 76' lang='lat' dir='ltr'><strong>Christus</strong></span> <span class='ocrx_word' id='word_1_439' title='bbox 830 2597 914 2633; x_wconf 83' lang='lat' dir='ltr'><strong>(Ibid.</strong></span> <span class='ocrx_word' id='word_1_440' title='bbox 928 2598 956 2626; x_wconf 74' lang='lat'><strong>2.</strong></span> 
     </span>
    </p>
   </div>
   <div class='ocr_carea' id='block_1_54' title="bbox 165 2644 959 2681">
    <p class='ocr_par' dir='ltr' id='par_1_54' title="bbox 165 2644 959 2681">
     <span class='ocr_line' id='line_1_54' title="bbox 165 2644 959 2681; baseline -0.001 -8"><span class='ocrx_word' id='word_1_441' title='bbox 165 2646 200 2674; x_wconf 83' lang='grc'><strong>20</strong></span> <span class='ocrx_word' id='word_1_442' title='bbox 210 2646 229 2681; x_wconf 83' lang='grc'><strong>),</strong></span> <span class='ocrx_word' id='word_1_443' title='bbox 246 2653 298 2673; x_wconf 90' lang='lat' dir='ltr'><strong>non</strong></span> <span class='ocrx_word' id='word_1_444' title='bbox 313 2645 346 2672; x_wconf 89' lang='lat' dir='ltr'><strong>de</strong></span> <span class='ocrx_word' id='word_1_445' title='bbox 381 2644 464 2680; x_wconf 62' lang='grc'><strong>874</strong></span> <span class='ocrx_word' id='word_1_446' title='bbox 500 2651 530 2671; x_wconf 88' lang='lat' dir='ltr'><strong>se</strong></span> <span class='ocrx_word' id='word_1_447' title='bbox 544 2644 669 2679; x_wconf 84' lang='lat' dir='ltr'><strong>loquitur,</strong></span> <span class='ocrx_word' id='word_1_448' title='bbox 684 2644 730 2672; x_wconf 86' lang='lat' dir='ltr'><strong>sed</strong></span> <span class='ocrx_word' id='word_1_449' title='bbox 745 2645 778 2672; x_wconf 92' lang='lat' dir='ltr'><strong>de</strong></span> <span class='ocrx_word' id='word_1_450' title='bbox 789 2652 831 2677; x_wconf 84' lang='lat' dir='ltr'><strong>eo,</strong></span> <span class='ocrx_word' id='word_1_451' title='bbox 847 2645 891 2680; x_wconf 86' lang='lat' dir='ltr'><strong>qui</strong></span> <span class='ocrx_word' id='word_1_452' title='bbox 904 2646 959 2672; x_wconf 77' lang='lat' dir='ltr'><strong>vult</strong></span> 
     </span>
    </p>
   </div>
   <div class='ocr_carea' id='block_1_55' title="bbox 200 2700 958 2734">
    <p class='ocr_par' dir='ltr' id='par_1_55' title="bbox 200 2700 958 2734">
     <span class='ocr_line' id='line_1_55' title="bbox 200 2700 958 2734; baseline -0.001 -7"><span class='ocrx_word' id='word_1_453' title='bbox 200 2703 234 2734; x_wconf 82' lang='lat' dir='ltr'><strong>(rt)</strong></span> <span class='ocrx_word' id='word_1_454' title='bbox 252 2702 338 2727; x_wconf 67' lang='lat' dir='ltr'><strong>lsthmc</strong></span> <span class='ocrx_word' id='word_1_455' title='bbox 348 2708 445 2734; x_wconf 84' lang='lat' dir='ltr'><strong>quoque</strong></span> <span class='ocrx_word' id='word_1_456' title='bbox 459 2708 489 2725; x_wconf 78' lang='lat' dir='ltr'><strong>ex</strong></span> <span class='ocrx_word' id='word_1_457' title='bbox 500 2700 607 2734; x_wconf 79' lang='lat' dir='ltr'><strong>Origene</strong></span> <span class='ocrx_word' id='word_1_458' title='bbox 621 2702 749 2732; x_wconf 73' lang='lat' dir='ltr'><strong>explicatio</strong></span> <span class='ocrx_word' id='word_1_459' title='bbox 761 2703 872 2731; x_wconf 87' lang='lat' dir='ltr'><strong>sntnitur,</strong></span> <span class='ocrx_word' id='word_1_460' title='bbox 881 2702 958 2734; x_wconf 85' lang='lat' dir='ltr'><strong>cujus,</strong></span> 
     </span>
    </p>
   </div>
   <div class='ocr_carea' id='block_1_56' title="bbox 167 2732 960 2764">
    <p class='ocr_par' dir='ltr' id='par_1_56' title="bbox 167 2732 960 2764">
     <span class='ocr_line' id='line_1_56' title="bbox 167 2732 960 2764; baseline 0 -6"><span class='ocrx_word' id='word_1_461' title='bbox 167 2732 263 2759; x_wconf 59' lang='lat' dir='ltr'><strong>Ru&#39;ﬁitto</strong></span> <span class='ocrx_word' id='word_1_462' title='bbox 275 2732 421 2764; x_wconf 75' lang='lat' dir='ltr'><strong>interprete,</strong></span> <span class='ocrx_word' id='word_1_463' title='bbox 436 2732 570 2763; x_wconf 70' lang='lat' dir='ltr'><strong>huiusmodi</strong></span> <span class='ocrx_word' id='word_1_464' title='bbox 590 2733 712 2757; x_wconf 75' lang='lat' dir='ltr'><strong>sententia</strong></span> <span class='ocrx_word' id='word_1_465' title='bbox 725 2737 763 2757; x_wconf 72' lang='lat' dir='ltr'><strong>est</strong></span> <span class='ocrx_word' id='word_1_466' title='bbox 779 2741 784 2757; x_wconf 87' lang='lat'>:</span> <span class='ocrx_word' id='word_1_467' title='bbox 802 2734 879 2757; x_wconf 84' lang='lat' dir='ltr'><strong>notari</strong></span> <span class='ocrx_word' id='word_1_468' title='bbox 893 2732 960 2758; x_wconf 77' lang='lat' dir='ltr'><strong>Pauli</strong></span> 
     </span>
    </p>
   </div>
   <div class='ocr_carea' id='block_1_57' title="bbox 168 2763 959 2794">
    <p class='ocr_par' dir='ltr' id='par_1_57' title="bbox 168 2763 959 2794">
     <span class='ocr_line' id='line_1_57' title="bbox 168 2763 959 2794; baseline 0 -6"><span class='ocrx_word' id='word_1_469' title='bbox 168 2766 250 2790; x_wconf 67' lang='lat' dir='ltr'><strong>verbis</strong></span> <span class='ocrx_word' id='word_1_470' title='bbox 268 2763 391 2789; x_wconf 80' lang='lat' dir='ltr'><strong>hominem</strong></span> <span class='ocrx_word' id='word_1_471' title='bbox 407 2765 430 2788; x_wconf 92' lang='lat' dir='ltr'><strong>in</strong></span> <span class='ocrx_word' id='word_1_472' title='bbox 448 2763 554 2792; x_wconf 75' lang='lat' dir='ltr'><strong>infantia,</strong></span> <span class='ocrx_word' id='word_1_473' title='bbox 575 2764 614 2793; x_wconf 86' lang='lat' dir='ltr'><strong>qui</strong></span> <span class='ocrx_word' id='word_1_474' title='bbox 635 2764 723 2787; x_wconf 85' lang='lat' dir='ltr'><strong>tamdiu</strong></span> <span class='ocrx_word' id='word_1_475' title='bbox 744 2764 826 2794; x_wconf 72' lang='lat' dir='ltr'><strong>legent</strong></span> <span class='ocrx_word' id='word_1_476' title='bbox 847 2765 940 2794; x_wconf 75' lang='lat' dir='ltr'><strong>ignorat</strong></span> <span class='ocrx_word' id='word_1_477' title='bbox 953 2784 959 2793; x_wconf 88' lang='lat'><strong>,</strong></span> 
     </span>
    </p>
   </div>
   <div class='ocr_carea' id='block_1_58' title="bbox 120 2794 961 2825">
    <p class='ocr_par' dir='ltr' id='par_1_58' title="bbox 120 2794 961 2825">
     <span class='ocr_line' id='line_1_58' title="bbox 120 2794 961 2825; baseline -0.001 -5"><span class='ocrx_word' id='word_1_478' title='bbox 120 2805 122 2807; x_wconf 94' lang='grc'><strong>·</strong></span> <span class='ocrx_word' id='word_1_479' title='bbox 168 2796 281 2825; x_wconf 85' lang='lat' dir='ltr'><strong>quamdiu</strong></span> <span class='ocrx_word' id='word_1_480' title='bbox 299 2796 378 2820; x_wconf 63' lang='lat' dir='ltr'><strong>atatis</strong></span> <span class='ocrx_word' id='word_1_481' title='bbox 397 2801 510 2825; x_wconf 70' lang='lat' dir='ltr'><strong>processu</strong></span> <span class='ocrx_word' id='word_1_482' title='bbox 530 2795 625 2817; x_wconf 79' lang='lat' dir='ltr'><strong>noverit</strong></span> <span class='ocrx_word' id='word_1_483' title='bbox 638 2794 702 2818; x_wconf 88' lang='lat' dir='ltr'><strong>inter</strong></span> <span class='ocrx_word' id='word_1_484' title='bbox 715 2796 812 2824; x_wconf 89' lang='lat' dir='ltr'><strong>hortum,</strong></span> <span class='ocrx_word' id='word_1_485' title='bbox 830 2799 855 2819; x_wconf 88' lang='lat' dir='ltr'><strong>et</strong></span> <span class='ocrx_word' id='word_1_486' title='bbox 874 2795 961 2820; x_wconf 87' lang='lat' dir='ltr'><strong>malum</strong></span> 
     </span>
    </p>
   </div>
   <div class='ocr_carea' id='block_1_59' title="bbox 168 2802 963 2856">
    <p class='ocr_par' dir='ltr' id='par_1_59' title="bbox 168 2802 963 2856">
     <span class='ocr_line' id='line_1_59' title="bbox 186 2802 961 2825; baseline -0.001 -5"><span class='ocrx_word' id='word_1_487' title='bbox 186 2802 281 2820; x_wconf 83' lang='lat' dir='ltr'><strong>uamutu</strong></span> <span class='ocrx_word' id='word_1_488' title='bbox 299 2802 378 2820; x_wconf 62' lang='grc' dir='ltr'>ωιειιε</span> <span class='ocrx_word' id='word_1_489' title='bbox 397 2802 510 2825; x_wconf 69' lang='lat' dir='ltr'><strong>processu</strong></span> <span class='ocrx_word' id='word_1_490' title='bbox 530 2802 625 2817; x_wconf 61' lang='lat' dir='ltr'><strong>ltot‘ct&#39;lt</strong></span> <span class='ocrx_word' id='word_1_491' title='bbox 638 2802 702 2818; x_wconf 73' lang='lat' dir='ltr'><strong>Intel&#39;</strong></span> <span class='ocrx_word' id='word_1_492' title='bbox 715 2802 812 2824; x_wconf 87' lang='lat' dir='ltr'><strong>nortttrn,</strong></span> <span class='ocrx_word' id='word_1_493' title='bbox 830 2802 855 2819; x_wconf 77' lang='lat' dir='ltr'><strong>CL</strong></span> <span class='ocrx_word' id='word_1_494' title='bbox 874 2802 961 2820; x_wconf 86' lang='lat' dir='ltr'><strong>rnatum</strong></span> 
     </span>
     <span class='ocr_line' id='line_1_60' title="bbox 168 2802 963 2856; baseline 0.003 -6"><span class='ocrx_word' id='word_1_495' title='bbox 168 2802 320 2854; x_wconf 61' lang='lat' dir='ltr'><strong>discernere,</strong></span> <span class='ocrx_word' id='word_1_496' title='bbox 335 2829 362 2851; x_wconf 89' lang='lat' dir='ltr'><strong>et</strong></span> <span class='ocrx_word' id='word_1_497' title='bbox 372 2832 386 2850; x_wconf 90' lang='lat' dir='ltr'><strong>a</strong></span> <span class='ocrx_word' id='word_1_498' title='bbox 397 2825 544 2850; x_wconf 77' lang='lat' dir='ltr'><strong>conscientia</strong></span> <span class='ocrx_word' id='word_1_499' title='bbox 557 2825 673 2853; x_wconf 70' lang='lat' dir='ltr'><strong>audierit.</strong></span> <span class='ocrx_word' id='word_1_500' title='bbox 688 2830 736 2849; x_wconf 56' lang='lat' dir='ltr'><strong>lvon</strong></span> <span class='ocrx_word' id='word_1_501' title='bbox 756 2825 916 2856; x_wconf 77' lang='lat' dir='ltr'><strong>concupisces.</strong></span> <span class='ocrx_word' id='word_1_502' title='bbox 930 2826 963 2852; x_wconf 81' lang='lat' dir='ltr'><strong>At</strong></span> 
     </span>
    </p>
   </div>
   <div class='ocr_carea' id='block_1_60' title="bbox 195 2856 962 2888">
    <p class='ocr_par' dir='ltr' id='par_1_60' title="bbox 195 2856 962 2888">
     <span class='ocr_line' id='line_1_61' title="bbox 195 2856 962 2888; baseline 0 -6"><span class='ocrx_word' id='word_1_503' title='bbox 195 2858 284 2888; x_wconf 81' lang='lat' dir='ltr'><strong>erique</strong></span> <span class='ocrx_word' id='word_1_504' title='bbox 302 2856 342 2881; x_wconf 85' lang='lat' dir='ltr'><strong>alii</strong></span> <span class='ocrx_word' id='word_1_505' title='bbox 355 2857 441 2888; x_wconf 79' lang='lat' dir='ltr'><strong>Patres</strong></span> <span class='ocrx_word' id='word_1_506' title='bbox 452 2857 643 2886; x_wconf 75' lang='lat' dir='ltr'><strong>interpretantur</strong></span> <span class='ocrx_word' id='word_1_507' title='bbox 656 2856 679 2879; x_wconf 92' lang='lat' dir='ltr'><strong>irt</strong></span> <span class='ocrx_word' id='word_1_508' title='bbox 693 2856 833 2880; x_wconf 80' lang='lat' dir='ltr'><strong>universum</strong></span> <span class='ocrx_word' id='word_1_509' title='bbox 854 2860 962 2882; x_wconf 86' lang='lat' dir='ltr'><strong>naturam</strong></span> 
     </span>
    </p>
   </div>
   <div class='ocr_carea' id='block_1_61' title="bbox 179 2887 962 2918">
    <p class='ocr_par' dir='ltr' id='par_1_61' title="bbox 179 2887 962 2918">
     <span class='ocr_line' id='line_1_62' title="bbox 179 2887 962 2918; baseline 0.001 -7"><span class='ocrx_word' id='word_1_510' title='bbox 179 2887 297 2912; x_wconf 81' lang='lat' dir='ltr'><strong>tutnaitam</strong></span> <span class='ocrx_word' id='word_1_511' title='bbox 309 2888 333 2912; x_wconf 93' lang='lat' dir='ltr'><strong>in</strong></span> <span class='ocrx_word' id='word_1_512' title='bbox 351 2887 420 2912; x_wconf 82' lang='lat' dir='ltr'><strong>Pauli</strong></span> <span class='ocrx_word' id='word_1_513' title='bbox 435 2893 535 2917; x_wconf 83' lang='lat' dir='ltr'><strong>persona</strong></span> <span class='ocrx_word' id='word_1_514' title='bbox 544 2887 715 2917; x_wconf 48' lang='lat' dir='ltr'><strong>repraesentari</strong></span> <span class='ocrx_word' id='word_1_515' title='bbox 727 2904 733 2915; x_wconf 91' lang='lat'><strong>,</strong></span> <span class='ocrx_word' id='word_1_516' title='bbox 747 2888 850 2918; x_wconf 87' lang='lat' dir='ltr'><strong>primunt</strong></span> <span class='ocrx_word' id='word_1_517' title='bbox 863 2888 962 2917; x_wconf 84' lang='lat' dir='ltr'><strong>quidem</strong></span> 
     </span>
    </p>
   </div>
   <div class='ocr_carea' id='block_1_62' title="bbox 171 2917 963 2949">
    <p class='ocr_par' dir='ltr' id='par_1_62' title="bbox 171 2917 963 2949">
     <span class='ocr_line' id='line_1_63' title="bbox 171 2917 963 2949; baseline 0.003 -7"><span class='ocrx_word' id='word_1_518' title='bbox 171 2917 281 2947; x_wconf 89' lang='lat' dir='ltr'><strong>liberam,</strong></span> <span class='ocrx_word' id='word_1_519' title='bbox 293 2919 383 2943; x_wconf 87' lang='lat' dir='ltr'><strong>deinde</strong></span> <span class='ocrx_word' id='word_1_520' title='bbox 395 2918 463 2949; x_wconf 80' lang='lat' dir='ltr'><strong>Lege</strong></span> <span class='ocrx_word' id='word_1_521' title='bbox 475 2918 636 2949; x_wconf 70' lang='lat' dir='ltr'><strong>constrictum.</strong></span> <span class='ocrx_word' id='word_1_522' title='bbox 651 2918 710 2942; x_wconf 79' lang='lat' dir='ltr'><strong>Vide</strong></span> <span class='ocrx_word' id='word_1_523' title='bbox 724 2917 854 2949; x_wconf 73' lang='lat' dir='ltr'><strong>Clirysost.,</strong></span> <span class='ocrx_word' id='word_1_524' title='bbox 864 2921 889 2942; x_wconf 89' lang='lat' dir='ltr'><strong>et</strong></span> <span class='ocrx_word' id='word_1_525' title='bbox 901 2925 963 2949; x_wconf 73' lang='lat' dir='ltr'><strong>prae-</strong></span> 
     </span>
    </p>
   </div>
   <div class='ocr_carea' id='block_1_63' title="bbox 172 2948 905 2981">
    <p class='ocr_par' dir='ltr' id='par_1_63' title="bbox 172 2948 905 2981">
     <span class='ocr_line' id='line_1_64' title="bbox 172 2948 905 2981; baseline 0.001 -9"><span class='ocrx_word' id='word_1_526' title='bbox 172 2949 244 2980; x_wconf 86' lang='lat' dir='ltr'><strong>cipue</strong></span> <span class='ocrx_word' id='word_1_527' title='bbox 256 2949 319 2980; x_wconf 81' lang='lat' dir='ltr'><strong>Aug.</strong></span> <span class='ocrx_word' id='word_1_528' title='bbox 330 2949 372 2974; x_wconf 86' lang='lat' dir='ltr'><strong>lib.</strong></span> <span class='ocrx_word' id='word_1_529' title='bbox 383 2949 406 2974; x_wconf 85' lang='grc'><strong>1.</strong></span> <span class='ocrx_word' id='word_1_530' title='bbox 416 2952 498 2974; x_wconf 74' lang='lat' dir='ltr'><strong>contra</strong></span> <span class='ocrx_word' id='word_1_531' title='bbox 506 2948 566 2972; x_wconf 86' lang='lat' dir='ltr'><strong>duas</strong></span> <span class='ocrx_word' id='word_1_532' title='bbox 577 2948 696 2979; x_wconf 77' lang='lat' dir='ltr'><strong>Epistolas</strong></span> <span class='ocrx_word' id='word_1_533' title='bbox 709 2948 905 2981; x_wconf 74' lang='lat' dir='ltr'><strong>Pelagianorum.</strong></span> 
     </span>
    </p>
   </div>
   <div class='ocr_carea' id='block_1_64' title="bbox 824 183 1103 218">
    <p class='ocr_par' dir='ltr' id='par_1_64' title="bbox 824 183 1103 218">
     <span class='ocr_line' id='line_1_65' title="bbox 824 183 1103 218; baseline -0.007 0"><span class='ocrx_word' id='word_1_534' title='bbox 824 183 989 218; x_wconf 64' lang='lat' dir='ltr'><strong>EPISTOLA</strong></span> <span class='ocrx_word' id='word_1_535' title='bbox 1009 185 1103 217; x_wconf 70' lang='lat' dir='ltr'><strong>CXXI.</strong></span> 
     </span>
    </p>
   </div>
   <div class='ocr_carea' id='block_1_65' title="bbox 1728 191 1796 222">
    <p class='ocr_par' dir='ltr' id='par_1_65' title="bbox 1728 191 1796 222">
     <span class='ocr_line' id='line_1_66' title="bbox 1728 191 1796 222; baseline 0.015 -1"><span class='ocrx_word' id='word_1_536' title='bbox 1728 191 1796 222; x_wconf 61' lang='lat'><strong>{&quot;023</strong></span> 
     </span>
    </p>
   </div>
   <div class='ocr_carea' id='block_1_66' title="bbox 1006 249 1794 288">
    <p class='ocr_par' dir='ltr' id='par_1_66' title="bbox 1006 249 1794 288">
     <span class='ocr_line' id='line_1_67' title="bbox 1006 249 1794 288; baseline 0.01 -15"><span class='ocrx_word' id='word_1_537' title='bbox 1006 251 1065 281; x_wconf 87' lang='lat' dir='ltr'><strong>post</strong></span> <span class='ocrx_word' id='word_1_538' title='bbox 1079 250 1186 281; x_wconf 86' lang='lat' dir='ltr'><strong>peccata</strong></span> <span class='ocrx_word' id='word_1_539' title='bbox 1201 250 1280 283; x_wconf 85' lang='lat' dir='ltr'><strong>agere</strong></span> <span class='ocrx_word' id='word_1_540' title='bbox 1290 249 1471 283; x_wconf 65' lang='lat' dir='ltr'><strong>paenitentiam</strong></span> <span class='ocrx_word' id='word_1_541' title='bbox 1485 259 1492 278; x_wconf 86' lang='lat'><strong>:</strong></span> <span class='ocrx_word' id='word_1_542' title='bbox 1504 256 1531 279; x_wconf 89' lang='lat' dir='ltr'><strong>et</strong></span> <span class='ocrx_word' id='word_1_543' title='bbox 1543 252 1592 279; x_wconf 86' lang='lat' dir='ltr'><strong>sub</strong></span> <span class='ocrx_word' id='word_1_544' title='bbox 1607 260 1719 288; x_wconf 87' lang='lat' dir='ltr'><strong>persona</strong></span> <span class='ocrx_word' id='word_1_545' title='bbox 1734 261 1794 287; x_wconf 83' lang='lat' dir='ltr'><strong>sua,</strong></span> 
     </span>
    </p>
   </div>
   <div class='ocr_carea' id='block_1_67' title="bbox 1007 291 1795 334">
    <p class='ocr_par' dir='ltr' id='par_1_67' title="bbox 1007 291 1795 334">
     <span class='ocr_line' id='line_1_68' title="bbox 1007 291 1795 334; baseline 0.01 -15"><span class='ocrx_word' id='word_1_546' title='bbox 1007 291 1176 327; x_wconf 80' lang='lat' dir='ltr'><strong>fragilitatem</strong></span> <span class='ocrx_word' id='word_1_547' title='bbox 1190 293 1316 321; x_wconf 90' lang='lat' dir='ltr'><strong>describit</strong></span> <span class='ocrx_word' id='word_1_548' title='bbox 1327 296 1487 325; x_wconf 80' lang='lat' dir='ltr'><strong>conditionis</strong></span> <span class='ocrx_word' id='word_1_549' title='bbox 1499 299 1621 326; x_wconf 75' lang='lat' dir='ltr'><strong>humana:</strong></span> <span class='ocrx_word' id='word_1_550' title='bbox 1636 307 1643 326; x_wconf 89' lang='lat'>:</span> <span class='ocrx_word' id='word_1_551' title='bbox 1656 307 1716 334; x_wconf 77' lang='lat' dir='ltr'><strong>qua:</strong></span> <span class='ocrx_word' id='word_1_552' title='bbox 1725 299 1795 327; x_wconf 92' lang='lat' dir='ltr'><strong>duo-</strong></span> 
     </span>
    </p>
   </div>
   <div class='ocr_carea' id='block_1_68' title="bbox 1005 338 1796 380">
    <p class='ocr_par' dir='ltr' id='par_1_68' title="bbox 1005 338 1796 380">
     <span class='ocr_line' id='line_1_69' title="bbox 1005 338 1796 380; baseline 0.013 -17"><span class='ocrx_word' id='word_1_553' title='bbox 1005 345 1063 364; x_wconf 91' lang='lat' dir='ltr'><strong>ruttt</strong></span> <span class='ocrx_word' id='word_1_554' title='bbox 1087 338 1231 372; x_wconf 85' lang='lat' dir='ltr'><strong>hominum,</strong></span> <span class='ocrx_word' id='word_1_555' title='bbox 1256 339 1389 368; x_wconf 85' lang='lat' dir='ltr'><strong>interioris</strong></span> <span class='ocrx_word' id='word_1_556' title='bbox 1410 346 1438 369; x_wconf 90' lang='lat' dir='ltr'><strong>et</strong></span> <span class='ocrx_word' id='word_1_557' title='bbox 1462 344 1602 371; x_wconf 79' lang='lat' dir='ltr'><strong>exterioris</strong></span> <span class='ocrx_word' id='word_1_558' title='bbox 1624 346 1796 380; x_wconf 81' lang='lat' dir='ltr'><strong>pugnantium</strong></span> 
     </span>
    </p>
   </div>
   <div class='ocr_carea' id='block_1_69' title="bbox 1006 382 1797 420">
    <p class='ocr_par' dir='ltr' id='par_1_69' title="bbox 1006 382 1797 420">
     <span class='ocr_line' id='line_1_70' title="bbox 1006 382 1797 420; baseline 0.014 -11"><span class='ocrx_word' id='word_1_559' title='bbox 1006 382 1075 409; x_wconf 88' lang='lat' dir='ltr'><strong>inter</strong></span> <span class='ocrx_word' id='word_1_560' title='bbox 1088 391 1117 410; x_wconf 88' lang='lat' dir='ltr'><strong>se</strong></span> <span class='ocrx_word' id='word_1_561' title='bbox 1132 383 1199 411; x_wconf 88' lang='lat' dir='ltr'><strong>bella</strong></span> <span class='ocrx_word' id='word_1_562' title='bbox 1213 386 1370 420; x_wconf 84' lang='lat' dir='ltr'><strong>perpetitur.</strong></span> <span class='ocrx_word' id='word_1_563' title='bbox 1397 387 1509 416; x_wconf 90' lang='lat' dir='ltr'><strong>Interior</strong></span> <span class='ocrx_word' id='word_1_564' title='bbox 1532 390 1610 417; x_wconf 90' lang='lat' dir='ltr'><strong>homo</strong></span> <span class='ocrx_word' id='word_1_565' title='bbox 1624 393 1755 419; x_wconf 87' lang='lat' dir='ltr'><strong>consentit</strong></span> <span class='ocrx_word' id='word_1_566' title='bbox 1769 395 1797 420; x_wconf 79' lang='lat' dir='ltr'><strong>et</strong></span> 
     </span>
    </p>
   </div>
   <div class='ocr_carea' id='block_1_70' title="bbox 1005 429 1796 469">
    <p class='ocr_par' dir='ltr' id='par_1_70' title="bbox 1005 429 1796 469">
     <span class='ocr_line' id='line_1_71' title="bbox 1005 429 1796 469; baseline 0.014 -15"><span class='ocrx_word' id='word_1_567' title='bbox 1005 429 1111 463; x_wconf 77' lang='lat' dir='ltr'><strong>seriptre</strong></span> <span class='ocrx_word' id='word_1_568' title='bbox 1126 433 1152 456; x_wconf 86' lang='lat' dir='ltr'><strong>et</strong></span> <span class='ocrx_word' id='word_1_569' title='bbox 1164 431 1274 457; x_wconf 87' lang='lat' dir='ltr'><strong>naturali</strong></span> <span class='ocrx_word' id='word_1_570' title='bbox 1290 431 1353 466; x_wconf 88' lang='lat' dir='ltr'><strong>legi,</strong></span> <span class='ocrx_word' id='word_1_571' title='bbox 1376 433 1445 466; x_wconf 88' lang='lat' dir='ltr'><strong>qrtod</strong></span> <span class='ocrx_word' id='word_1_572' title='bbox 1461 433 1528 461; x_wconf 86' lang='lat' dir='ltr'><strong>bona</strong></span> <span class='ocrx_word' id='word_1_573' title='bbox 1544 436 1586 467; x_wconf 87' lang='lat' dir='ltr'><strong>sit,</strong></span> <span class='ocrx_word' id='word_1_574' title='bbox 1612 440 1639 463; x_wconf 91' lang='lat' dir='ltr'><strong>et</strong></span> <span class='ocrx_word' id='word_1_575' title='bbox 1652 442 1753 469; x_wconf 86' lang='lat' dir='ltr'><strong>sancta,</strong></span> <span class='ocrx_word' id='word_1_576' title='bbox 1771 441 1796 464; x_wconf 79' lang='lat' dir='ltr'><strong>et</strong></span> 
     </span>
    </p>
   </div>
   <div class='ocr_carea' id='block_1_71' title="bbox 1003 473 1796 516">
    <p class='ocr_par' dir='ltr' id='par_1_71' title="bbox 1003 473 1796 516">
     <span class='ocr_line' id='line_1_72' title="bbox 1003 473 1796 516; baseline 0.014 -17"><span class='ocrx_word' id='word_1_577' title='bbox 1003 473 1124 508; x_wconf 88' lang='lat' dir='ltr'><strong>jusla,ct</strong></span> <span class='ocrx_word' id='word_1_578' title='bbox 1148 475 1302 509; x_wconf 88' lang='lat' dir='ltr'><strong>spiritualis.</strong></span> <span class='ocrx_word' id='word_1_579' title='bbox 1318 477 1448 509; x_wconf 80' lang='lat' dir='ltr'><strong>Exterior,</strong></span> <span class='ocrx_word' id='word_1_580' title='bbox 1480 478 1544 514; x_wconf 82' lang='lat' dir='ltr'><strong>Ego,</strong></span> <span class='ocrx_word' id='word_1_581' title='bbox 1572 481 1666 516; x_wconf 91' lang='lat' dir='ltr'><strong>inquit,</strong></span> <span class='ocrx_word' id='word_1_582' title='bbox 1687 484 1796 509; x_wconf 72' lang='lat' dir='ltr'><strong>carnalis</strong></span> 
     </span>
    </p>
   </div>
   <div class='ocr_carea' id='block_1_72' title="bbox 1005 522 1796 562">
    <p class='ocr_par' dir='ltr' id='par_1_72' title="bbox 1005 522 1796 562">
     <span class='ocr_line' id='line_1_73' title="bbox 1005 522 1796 562; baseline 0.015 -17"><span class='ocrx_word' id='word_1_583' title='bbox 1005 527 1071 553; x_wconf 78' lang='lat' dir='ltr'><strong>sum,</strong></span> <span class='ocrx_word' id='word_1_584' title='bbox 1094 522 1250 548; x_wconf 72' lang='lat' dir='ltr'><strong>renuntia/us</strong></span> <span class='ocrx_word' id='word_1_585' title='bbox 1264 522 1309 549; x_wconf 87' lang='lat' dir='ltr'><strong>sub</strong></span> <span class='ocrx_word' id='word_1_586' title='bbox 1320 529 1431 558; x_wconf 81' lang='lat' dir='ltr'><strong>peccato.</strong></span> <span class='ocrx_word' id='word_1_587' title='bbox 1442 524 1515 558; x_wconf 83' lang='lat' dir='ltr'><strong>Quod</strong></span> <span class='ocrx_word' id='word_1_588' title='bbox 1529 527 1592 553; x_wconf 86' lang='lat' dir='ltr'><strong>enim</strong></span> <span class='ocrx_word' id='word_1_589' title='bbox 1603 536 1692 562; x_wconf 82' lang='lat' dir='ltr'><strong>operor</strong></span> <span class='ocrx_word' id='word_1_590' title='bbox 1702 530 1796 562; x_wconf 62' lang='lat' dir='ltr'><strong>nescio,</strong></span> 
     </span>
    </p>
   </div>
   <div class='ocr_carea' id='block_1_73' title="bbox 1005 568 1794 610">
    <p class='ocr_par' dir='ltr' id='par_1_73' title="bbox 1005 568 1794 610">
     <span class='ocr_line' id='line_1_74' title="bbox 1005 568 1794 610; baseline 0.015 -19"><span class='ocrx_word' id='word_1_591' title='bbox 1005 570 1028 592; x_wconf 80' lang='lat' dir='ltr'><strong>et</strong></span> <span class='ocrx_word' id='word_1_592' title='bbox 1043 574 1093 592; x_wconf 86' lang='lat' dir='ltr'><strong>non</strong></span> <span class='ocrx_word' id='word_1_593' title='bbox 1105 568 1172 601; x_wconf 85' lang='lat' dir='ltr'><strong>quod</strong></span> <span class='ocrx_word' id='word_1_594' title='bbox 1187 568 1242 594; x_wconf 86' lang='lat' dir='ltr'><strong>volo</strong></span> <span class='ocrx_word' id='word_1_595' title='bbox 1254 569 1301 595; x_wconf 89' lang='lat' dir='ltr'><strong>ltoc</strong></span> <span class='ocrx_word' id='word_1_596' title='bbox 1310 578 1368 604; x_wconf 86' lang='lat' dir='ltr'><strong>ago,</strong></span> <span class='ocrx_word' id='word_1_597' title='bbox 1386 570 1430 596; x_wconf 82' lang='lat' dir='ltr'><strong>sed</strong></span> <span class='ocrx_word' id='word_1_598' title='bbox 1444 574 1510 605; x_wconf 79' lang='lat' dir='ltr'><strong>quod</strong></span> <span class='ocrx_word' id='word_1_599' title='bbox 1522 573 1565 598; x_wconf 83' lang='lat' dir='ltr'><strong>odi</strong></span> <span class='ocrx_word' id='word_1_600' title='bbox 1579 574 1587 607; x_wconf 94' lang='lat'><strong>(</strong></span> <span class='ocrx_word' id='word_1_601' title='bbox 1600 574 1673 600; x_wconf 84' lang='lat' dir='ltr'><strong>Rom.</strong></span> <span class='ocrx_word' id='word_1_602' title='bbox 1690 575 1714 601; x_wconf 88' lang='lat'><strong>7.</strong></span> <span class='ocrx_word' id='word_1_603' title='bbox 1732 576 1794 610; x_wconf 75' lang='grc' dir='ltr'><strong>Μ).</strong></span> 
     </span>
    </p>
   </div>
   <div class='ocr_carea' id='block_1_74' title="bbox 1004 611 1797 656">
    <p class='ocr_par' dir='ltr' id='par_1_74' title="bbox 1004 611 1797 656">
     <span class='ocr_line' id='line_1_75' title="bbox 1004 611 1797 656; baseline 0.015 -18"><span class='ocrx_word' id='word_1_604' title='bbox 1004 611 1031 638; x_wconf 89' lang='lat' dir='ltr'><strong>Si</strong></span> <span class='ocrx_word' id='word_1_605' title='bbox 1054 617 1141 640; x_wconf 88' lang='lat' dir='ltr'><strong>autem</strong></span> <span class='ocrx_word' id='word_1_606' title='bbox 1167 615 1284 642; x_wconf 81' lang='lat' dir='ltr'><strong>exterior</strong></span> <span class='ocrx_word' id='word_1_607' title='bbox 1299 615 1361 643; x_wconf 88' lang='lat' dir='ltr'><strong>facit</strong></span> <span class='ocrx_word' id='word_1_608' title='bbox 1382 617 1451 652; x_wconf 89' lang='lat' dir='ltr'><strong>qttod</strong></span> <span class='ocrx_word' id='word_1_609' title='bbox 1472 626 1525 645; x_wconf 88' lang='lat' dir='ltr'><strong>tton</strong></span> <span class='ocrx_word' id='word_1_610' title='bbox 1547 619 1615 651; x_wconf 86' lang='lat' dir='ltr'><strong>vult,</strong></span> <span class='ocrx_word' id='word_1_611' title='bbox 1632 625 1658 647; x_wconf 91' lang='lat' dir='ltr'><strong>et</strong></span> <span class='ocrx_word' id='word_1_612' title='bbox 1672 627 1797 656; x_wconf 85' lang='lat' dir='ltr'><strong>operatur</strong></span> 
     </span>
    </p>
   </div>
   <div class='ocr_carea' id='block_1_75' title="bbox 1004 657 1796 705">
    <p class='ocr_par' dir='ltr' id='par_1_75' title="bbox 1004 657 1796 705">
     <span class='ocr_line' id='line_1_76' title="bbox 1004 657 1796 705; baseline 0.014 -22"><span class='ocrx_word' id='word_1_613' title='bbox 1004 657 1075 691; x_wconf 85' lang='lat' dir='ltr'><strong>quod</strong></span> <span class='ocrx_word' id='word_1_614' title='bbox 1089 658 1156 691; x_wconf 86' lang='lat' dir='ltr'><strong>odit,</strong></span> <span class='ocrx_word' id='word_1_615' title='bbox 1172 661 1288 687; x_wconf 53' lang='lat' dir='ltr'><strong>oztendit</strong></span> <span class='ocrx_word' id='word_1_616' title='bbox 1302 660 1401 689; x_wconf 90' lang='lat' dir='ltr'><strong>bonum</strong></span> <span class='ocrx_word' id='word_1_617' title='bbox 1423 660 1482 690; x_wconf 86' lang='lat' dir='ltr'><strong>esse</strong></span> <span class='ocrx_word' id='word_1_618' title='bbox 1501 664 1670 705; x_wconf 77' lang='lat' dir='ltr'><strong>mandatum,</strong></span> <span class='ocrx_word' id='word_1_619' title='bbox 1692 671 1719 693; x_wconf 87' lang='lat' dir='ltr'><strong>et</strong></span> <span class='ocrx_word' id='word_1_620' title='bbox 1743 675 1796 694; x_wconf 88' lang='lat' dir='ltr'><strong>nort</strong></span> 
     </span>
    </p>
   </div>
   <div class='ocr_carea' id='block_1_76' title="bbox 1004 705 1798 743">
    <p class='ocr_par' dir='ltr' id='par_1_76' title="bbox 1004 705 1798 743">
     <span class='ocr_line' id='line_1_77' title="bbox 1004 705 1798 743; baseline 0.016 -14"><span class='ocrx_word' id='word_1_621' title='bbox 1004 710 1033 730; x_wconf 86' lang='lat' dir='ltr'><strong>se</strong></span> <span class='ocrx_word' id='word_1_622' title='bbox 1047 705 1152 738; x_wconf 85' lang='lat' dir='ltr'><strong>operari</strong></span> <span class='ocrx_word' id='word_1_623' title='bbox 1165 706 1235 740; x_wconf 93' lang='lat' dir='ltr'><strong>quod</strong></span> <span class='ocrx_word' id='word_1_624' title='bbox 1248 712 1290 734; x_wconf 81' lang='lat' dir='ltr'><strong>est</strong></span> <span class='ocrx_word' id='word_1_625' title='bbox 1303 708 1416 742; x_wconf 80' lang='lat' dir='ltr'><strong>malum;</strong></span> <span class='ocrx_word' id='word_1_626' title='bbox 1431 710 1478 737; x_wconf 88' lang='lat' dir='ltr'><strong>sed</strong></span> <span class='ocrx_word' id='word_1_627' title='bbox 1489 710 1611 740; x_wconf 74' lang='lat' dir='ltr'><strong>habitans</strong></span> <span class='ocrx_word' id='word_1_628' title='bbox 1620 713 1645 739; x_wconf 92' lang='lat' dir='ltr'><strong>in</strong></span> <span class='ocrx_word' id='word_1_629' title='bbox 1658 719 1705 740; x_wconf 81' lang='lat' dir='ltr'><strong>sua</strong></span> <span class='ocrx_word' id='word_1_630' title='bbox 1717 720 1798 743; x_wconf 83' lang='lat' dir='ltr'><strong>carne</strong></span> 
     </span>
    </p>
   </div>
   <div class='ocr_carea' id='block_1_77' title="bbox 1004 751 1798 790">
    <p class='ocr_par' dir='ltr' id='par_1_77' title="bbox 1004 751 1798 790">
     <span class='ocr_line' id='line_1_78' title="bbox 1004 751 1798 790; baseline 0.015 -15"><span class='ocrx_word' id='word_1_631' title='bbox 1004 754 1143 783; x_wconf 88' lang='lat' dir='ltr'><strong>peceatum</strong></span> <span class='ocrx_word' id='word_1_632' title='bbox 1160 758 1168 778; x_wconf 88' lang='lat'><strong>:</strong></span> <span class='ocrx_word' id='word_1_633' title='bbox 1184 751 1236 779; x_wconf 89' lang='lat' dir='ltr'><strong>hoc</strong></span> <span class='ocrx_word' id='word_1_634' title='bbox 1258 757 1300 780; x_wconf 88' lang='lat' dir='ltr'><strong>est</strong></span> <span class='ocrx_word' id='word_1_635' title='bbox 1314 754 1375 781; x_wconf 81' lang='lat' dir='ltr'><strong>vitia</strong></span> <span class='ocrx_word' id='word_1_636' title='bbox 1389 756 1518 790; x_wconf 87' lang='lat' dir='ltr'><strong>corporis,</strong></span> <span class='ocrx_word' id='word_1_637' title='bbox 1532 761 1560 784; x_wconf 86' lang='lat' dir='ltr'><strong>et</strong></span> <span class='ocrx_word' id='word_1_638' title='bbox 1578 757 1710 786; x_wconf 87' lang='lat' dir='ltr'><strong>desideria</strong></span> <span class='ocrx_word' id='word_1_639' title='bbox 1724 760 1798 787; x_wconf 84' lang='lat' dir='ltr'><strong>voln-</strong></span> 
     </span>
    </p>
   </div>
   <div class='ocr_carea' id='block_1_78' title="bbox 1004 796 1797 833">
    <p class='ocr_par' dir='ltr' id='par_1_78' title="bbox 1004 796 1797 833">
     <span class='ocr_line' id='line_1_79' title="bbox 1004 796 1797 833; baseline 0.015 -12"><span class='ocrx_word' id='word_1_640' title='bbox 1004 796 1094 829; x_wconf 89' lang='lat' dir='ltr'><strong>ptatis,</strong></span> <span class='ocrx_word' id='word_1_641' title='bbox 1109 804 1168 831; x_wconf 69' lang='lat' dir='ltr'><strong>quae</strong></span> <span class='ocrx_word' id='word_1_642' title='bbox 1179 803 1288 832; x_wconf 88' lang='lat' dir='ltr'><strong>propter</strong></span> <span class='ocrx_word' id='word_1_643' title='bbox 1298 804 1419 833; x_wconf 88' lang='lat' dir='ltr'><strong>posteros</strong></span> <span class='ocrx_word' id='word_1_644' title='bbox 1433 806 1460 828; x_wconf 90' lang='lat' dir='ltr'><strong>et</strong></span> <span class='ocrx_word' id='word_1_645' title='bbox 1472 801 1591 830; x_wconf 85' lang='lat' dir='ltr'><strong>sobolem</strong></span> <span class='ocrx_word' id='word_1_646' title='bbox 1607 803 1684 831; x_wconf 81' lang='lat' dir='ltr'><strong>insita</strong></span> <span class='ocrx_word' id='word_1_647' title='bbox 1694 810 1735 832; x_wconf 86' lang='lat' dir='ltr'><strong>est</strong></span> <span class='ocrx_word' id='word_1_648' title='bbox 1748 805 1797 832; x_wconf 48' lang='lat' dir='ltr'><strong>hu-</strong></span> 
     </span>
    </p>
   </div>
   <div class='ocr_carea' id='block_1_79' title="bbox 1004 841 1798 882">
    <p class='ocr_par' dir='ltr' id='par_1_79' title="bbox 1004 841 1798 882">
     <span class='ocr_line' id='line_1_80' title="bbox 1004 841 1798 882; baseline 0.014 -16"><span class='ocrx_word' id='word_1_649' title='bbox 1004 841 1089 867; x_wconf 83' lang='lat' dir='ltr'><strong>manis</strong></span> <span class='ocrx_word' id='word_1_650' title='bbox 1104 842 1261 876; x_wconf 82' lang='lat' dir='ltr'><strong>corporibus</strong></span> <span class='ocrx_word' id='word_1_651' title='bbox 1276 852 1281 869; x_wconf 91' lang='lat'>:</span> <span class='ocrx_word' id='word_1_652' title='bbox 1299 848 1325 871; x_wconf 87' lang='lat' dir='ltr'><strong>et</strong></span> <span class='ocrx_word' id='word_1_653' title='bbox 1339 845 1360 871; x_wconf 82' lang='lat' dir='ltr'><strong>si</strong></span> <span class='ocrx_word' id='word_1_654' title='bbox 1376 845 1441 873; x_wconf 83' lang='lat' dir='ltr'><strong>lines</strong></span> <span class='ocrx_word' id='word_1_655' title='bbox 1455 846 1533 874; x_wconf 89' lang='lat' dir='ltr'><strong>fuerit</strong></span> <span class='ocrx_word' id='word_1_656' title='bbox 1547 855 1665 882; x_wconf 83' lang='lat' dir='ltr'><strong>egressa,</strong></span> <span class='ocrx_word' id='word_1_657' title='bbox 1686 851 1798 878; x_wconf 87' lang='lat' dir='ltr'><strong>vet-titur</strong></span> 
     </span>
    </p>
   </div>
   <div class='ocr_carea' id='block_1_80' title="bbox 1005 885 1798 927">
    <p class='ocr_par' dir='ltr' id='par_1_80' title="bbox 1005 885 1798 927">
     <span class='ocr_line' id='line_1_81' title="bbox 1005 885 1798 927; baseline 0.015 -16"><span class='ocrx_word' id='word_1_658' title='bbox 1005 885 1030 912; x_wconf 88' lang='lat' dir='ltr'><strong>itt</strong></span> <span class='ocrx_word' id='word_1_659' title='bbox 1045 892 1191 920; x_wconf 88' lang='lat' dir='ltr'><strong>peccaturrt.</strong></span> <span class='ocrx_word' id='word_1_660' title='bbox 1218 887 1254 916; x_wconf 90' lang='lat' dir='ltr'><strong>Se</strong></span> <span class='ocrx_word' id='word_1_661' title='bbox 1274 890 1454 926; x_wconf 64' lang='lat' dir='ltr'><strong>unustptisque</strong></span> <span class='ocrx_word' id='word_1_662' title='bbox 1468 893 1629 927; x_wconf 85' lang='lat' dir='ltr'><strong>consideret,</strong></span> <span class='ocrx_word' id='word_1_663' title='bbox 1648 899 1676 921; x_wconf 90' lang='lat' dir='ltr'><strong>et</strong></span> <span class='ocrx_word' id='word_1_664' title='bbox 1689 903 1798 923; x_wconf 57' lang='lat' dir='ltr'><strong>accusaA</strong></span> 
     </span>
    </p>
   </div>
   <div class='ocr_carea' id='block_1_81' title="bbox 1005 931 1797 974">
    <p class='ocr_par' dir='ltr' id='par_1_81' title="bbox 1005 931 1797 974">
     <span class='ocr_line' id='line_1_82' title="bbox 1005 931 1797 974; baseline 0.015 -17"><span class='ocrx_word' id='word_1_665' title='bbox 1005 934 1047 958; x_wconf 91' lang='lat' dir='ltr'><strong>tor</strong></span> <span class='ocrx_word' id='word_1_666' title='bbox 1059 931 1111 964; x_wconf 75' lang='lat' dir='ltr'><strong>Sui,</strong></span> <span class='ocrx_word' id='word_1_667' title='bbox 1136 936 1232 960; x_wconf 88' lang='lat' dir='ltr'><strong>tractet</strong></span> <span class='ocrx_word' id='word_1_668' title='bbox 1255 934 1386 962; x_wconf 85' lang='lat' dir='ltr'><strong>incentiva</strong></span> <span class='ocrx_word' id='word_1_669' title='bbox 1407 936 1529 964; x_wconf 89' lang='lat' dir='ltr'><strong>vitiorum</strong></span> <span class='ocrx_word' id='word_1_670' title='bbox 1546 940 1700 974; x_wconf 83' lang='lat' dir='ltr'><strong>:qnontotlo</strong></span> <span class='ocrx_word' id='word_1_671' title='bbox 1721 945 1749 968; x_wconf 85' lang='lat' dir='ltr'><strong>et</strong></span> <span class='ocrx_word' id='word_1_672' title='bbox 1771 941 1797 969; x_wconf 90' lang='lat' dir='ltr'><strong>itt</strong></span> 
     </span>
    </p>
   </div>
   <div class='ocr_carea' id='block_1_82' title="bbox 1004 979 1798 1022">
    <p class='ocr_par' dir='ltr' id='par_1_82' title="bbox 1004 979 1798 1022">
     <span class='ocr_line' id='line_1_83' title="bbox 1004 979 1798 1022; baseline 0.015 -19"><span class='ocrx_word' id='word_1_673' title='bbox 1004 983 1140 1011; x_wconf 75' lang='lat' dir='ltr'><strong>sermone,</strong></span> <span class='ocrx_word' id='word_1_674' title='bbox 1152 979 1213 1005; x_wconf 91' lang='lat' dir='ltr'><strong>etin</strong></span> <span class='ocrx_word' id='word_1_675' title='bbox 1229 980 1398 1015; x_wconf 81' lang='lat' dir='ltr'><strong>cogitatione,</strong></span> <span class='ocrx_word' id='word_1_676' title='bbox 1415 986 1442 1009; x_wconf 91' lang='lat' dir='ltr'><strong>et</strong></span> <span class='ocrx_word' id='word_1_677' title='bbox 1456 982 1480 1009; x_wconf 93' lang='lat' dir='ltr'><strong>in</strong></span> <span class='ocrx_word' id='word_1_678' title='bbox 1492 983 1581 1011; x_wconf 89' lang='lat' dir='ltr'><strong>calore</strong></span> <span class='ocrx_word' id='word_1_679' title='bbox 1594 986 1713 1020; x_wconf 81' lang='lat' dir='ltr'><strong>corporis</strong></span> <span class='ocrx_word' id='word_1_680' title='bbox 1726 991 1798 1022; x_wconf 76' lang='lat' dir='ltr'><strong>stepe</strong></span> 
     </span>
    </p>
   </div>
   <div class='ocr_carea' id='block_1_83' title="bbox 1005 1022 1798 1062">
    <p class='ocr_par' dir='ltr' id='par_1_83' title="bbox 1005 1022 1798 1062">
     <span class='ocr_line' id='line_1_84' title="bbox 1005 1022 1798 1062; baseline 0.014 -14"><span class='ocrx_word' id='word_1_681' title='bbox 1005 1022 1138 1057; x_wconf 90' lang='lat' dir='ltr'><strong>loquatur,</strong></span> <span class='ocrx_word' id='word_1_682' title='bbox 1153 1028 1181 1051; x_wconf 88' lang='lat' dir='ltr'><strong>et</strong></span> <span class='ocrx_word' id='word_1_683' title='bbox 1195 1025 1301 1059; x_wconf 79' lang='lat' dir='ltr'><strong>cogitet,</strong></span> <span class='ocrx_word' id='word_1_684' title='bbox 1318 1031 1345 1053; x_wconf 86' lang='lat' dir='ltr'><strong>et</strong></span> <span class='ocrx_word' id='word_1_685' title='bbox 1358 1027 1481 1062; x_wconf 80' lang='lat' dir='ltr'><strong>potiatur,</strong></span> <span class='ocrx_word' id='word_1_686' title='bbox 1498 1029 1567 1062; x_wconf 88' lang='lat' dir='ltr'><strong>quod</strong></span> <span class='ocrx_word' id='word_1_687' title='bbox 1579 1037 1631 1056; x_wconf 89' lang='lat' dir='ltr'><strong>non</strong></span> <span class='ocrx_word' id='word_1_688' title='bbox 1646 1031 1701 1058; x_wconf 88' lang='lat' dir='ltr'><strong>vult</strong></span> <span class='ocrx_word' id='word_1_689' title='bbox 1714 1040 1719 1058; x_wconf 93' lang='lat'>:</span> <span class='ocrx_word' id='word_1_690' title='bbox 1736 1032 1798 1060; x_wconf 90' lang='lat' dir='ltr'><strong>nolo</strong></span> 
     </span>
    </p>
   </div>
   <div class='ocr_carea' id='block_1_84' title="bbox 1004 1067 1797 1109">
    <p class='ocr_par' dir='ltr' id='par_1_84' title="bbox 1004 1067 1797 1109">
     <span class='ocr_line' id='line_1_85' title="bbox 1004 1067 1797 1109; baseline 0.014 -15"><span class='ocrx_word' id='word_1_691' title='bbox 1004 1067 1104 1101; x_wconf 91' lang='lat' dir='ltr'><strong>dicere,</strong></span> <span class='ocrx_word' id='word_1_692' title='bbox 1121 1068 1209 1103; x_wconf 83' lang='lat' dir='ltr'><strong>faciat,</strong></span> <span class='ocrx_word' id='word_1_693' title='bbox 1229 1078 1263 1098; x_wconf 91' lang='lat' dir='ltr'><strong>ne</strong></span> <span class='ocrx_word' id='word_1_694' title='bbox 1274 1076 1380 1099; x_wconf 86' lang='lat' dir='ltr'><strong>sanctos</strong></span> <span class='ocrx_word' id='word_1_695' title='bbox 1401 1073 1472 1100; x_wconf 89' lang='lat' dir='ltr'><strong>viros</strong></span> <span class='ocrx_word' id='word_1_696' title='bbox 1492 1074 1584 1101; x_wconf 85' lang='lat' dir='ltr'><strong>videar</strong></span> <span class='ocrx_word' id='word_1_697' title='bbox 1599 1075 1737 1109; x_wconf 76' lang='lat' dir='ltr'><strong>accusare,</strong></span> <span class='ocrx_word' id='word_1_698' title='bbox 1762 1078 1797 1105; x_wconf 87' lang='lat' dir='ltr'><strong>de</strong></span> 
     </span>
    </p>
   </div>
   <div class='ocr_carea' id='block_1_85' title="bbox 1004 1113 1799 1150">
    <p class='ocr_par' dir='ltr' id='par_1_85' title="bbox 1004 1113 1799 1150">
     <span class='ocr_line' id='line_1_86' title="bbox 1004 1113 1799 1150; baseline 0.016 -13"><span class='ocrx_word' id='word_1_699' title='bbox 1004 1113 1099 1147; x_wconf 87' lang='lat' dir='ltr'><strong>qniluts</strong></span> <span class='ocrx_word' id='word_1_700' title='bbox 1113 1115 1239 1150; x_wconf 86' lang='lat' dir='ltr'><strong>scripturn</strong></span> <span class='ocrx_word' id='word_1_701' title='bbox 1251 1120 1293 1143; x_wconf 86' lang='lat' dir='ltr'><strong>est</strong></span> <span class='ocrx_word' id='word_1_702' title='bbox 1309 1126 1316 1144; x_wconf 76' lang='grc' dir='ltr'><em>τ</em></span> <span class='ocrx_word' id='word_1_703' title='bbox 1331 1116 1394 1144; x_wconf 83' lang='lat' dir='ltr'><strong>Erat</strong></span> <span class='ocrx_word' id='word_1_704' title='bbox 1407 1118 1450 1145; x_wconf 84' lang='lat' dir='ltr'><strong>illc</strong></span> <span class='ocrx_word' id='word_1_705' title='bbox 1462 1119 1536 1146; x_wconf 87' lang='lat' dir='ltr'><strong>homo</strong></span> <span class='ocrx_word' id='word_1_706' title='bbox 1550 1128 1621 1148; x_wconf 78' lang='lat' dir='ltr'><strong>verus</strong></span> <span class='ocrx_word' id='word_1_707' title='bbox 1639 1127 1662 1149; x_wconf 81' lang='lat' dir='ltr'><strong>et</strong></span> <span class='ocrx_word' id='word_1_708' title='bbox 1676 1123 1799 1150; x_wconf 69' lang='lat' dir='ltr'><strong>iunnacu-v-</strong></span> 
     </span>
    </p>
   </div>
   <div class='ocr_carea' id='block_1_86' title="bbox 1005 1158 1798 1202">
    <p class='ocr_par' dir='ltr' id='par_1_86' title="bbox 1005 1158 1798 1202">
     <span class='ocr_line' id='line_1_87' title="bbox 1005 1158 1798 1202; baseline 0.013 -17"><span class='ocrx_word' id='word_1_709' title='bbox 1005 1158 1082 1190; x_wconf 84' lang='lat' dir='ltr'><strong>(ntus,</strong></span> <span class='ocrx_word' id='word_1_710' title='bbox 1094 1160 1181 1193; x_wconf 80' lang='lat' dir='ltr'><strong>justus</strong></span> <span class='ocrx_word' id='word_1_711' title='bbox 1197 1160 1243 1187; x_wconf 87' lang='lat' dir='ltr'><strong>Dei</strong></span> <span class='ocrx_word' id='word_1_712' title='bbox 1263 1162 1355 1196; x_wconf 79' lang='lat' dir='ltr'><strong>cultor,</strong></span> <span class='ocrx_word' id='word_1_713' title='bbox 1377 1164 1494 1191; x_wconf 78' lang='lat' dir='ltr'><strong>recedens</strong></span> <span class='ocrx_word' id='word_1_714' title='bbox 1505 1166 1535 1192; x_wconf 86' lang='lat' dir='ltr'><strong>ob</strong></span> <span class='ocrx_word' id='word_1_715' title='bbox 1550 1167 1618 1193; x_wconf 88' lang='lat' dir='ltr'><strong>otttni</strong></span> <span class='ocrx_word' id='word_1_716' title='bbox 1642 1175 1717 1202; x_wconf 72' lang='lat' dir='ltr'><strong>opere</strong></span> <span class='ocrx_word' id='word_1_717' title='bbox 1732 1169 1798 1196; x_wconf 81' lang='lat' dir='ltr'><strong>titulo</strong></span> 
     </span>
    </p>
   </div>
   <div class='ocr_carea' id='block_1_87' title="bbox 1006 1202 1799 1242">
    <p class='ocr_par' dir='ltr' id='par_1_87' title="bbox 1006 1202 1799 1242">
     <span class='ocr_line' id='line_1_88' title="bbox 1006 1202 1799 1242; baseline 0.015 -14"><span class='ocrx_word' id='word_1_718' title='bbox 1006 1202 1072 1237; x_wconf 84' lang='lat' dir='ltr'><strong>(Iob</strong></span> <span class='ocrx_word' id='word_1_719' title='bbox 1097 1204 1179 1240; x_wconf 73' lang='lat' dir='ltr'><strong>Li).</strong></span> <span class='ocrx_word' id='word_1_720' title='bbox 1203 1205 1235 1232; x_wconf 86' lang='lat' dir='ltr'><strong>Et</strong></span> <span class='ocrx_word' id='word_1_721' title='bbox 1256 1206 1289 1233; x_wconf 90' lang='lat' dir='ltr'><strong>de</strong></span> <span class='ocrx_word' id='word_1_722' title='bbox 1313 1206 1449 1242; x_wconf 86' lang='lat' dir='ltr'><strong>Zacharia,</strong></span> <span class='ocrx_word' id='word_1_723' title='bbox 1477 1214 1505 1236; x_wconf 89' lang='lat' dir='ltr'><strong>et</strong></span> <span class='ocrx_word' id='word_1_724' title='bbox 1541 1210 1677 1238; x_wconf 86' lang='lat' dir='ltr'><strong>Elizabetlt</strong></span> <span class='ocrx_word' id='word_1_725' title='bbox 1693 1222 1698 1239; x_wconf 88' lang='lat'>:</span> <span class='ocrx_word' id='word_1_726' title='bbox 1716 1212 1799 1240; x_wconf 79' lang='lat' dir='ltr'><strong>Erunt</strong></span> 
     </span>
    </p>
   </div>
   <div class='ocr_carea' id='block_1_88' title="bbox 1000 1248 1799 1288">
    <p class='ocr_par' dir='ltr' id='par_1_88' title="bbox 1000 1248 1799 1288">
     <span class='ocr_line' id='line_1_89' title="bbox 1000 1248 1799 1288; baseline 0.014 -14"><span class='ocrx_word' id='word_1_727' title='bbox 1000 1248 1066 1284; x_wconf 88' lang='lat' dir='ltr'><strong>justi</strong></span> <span class='ocrx_word' id='word_1_728' title='bbox 1089 1250 1162 1277; x_wconf 81' lang='lat' dir='ltr'><strong>amI-o</strong></span> <span class='ocrx_word' id='word_1_729' title='bbox 1185 1251 1210 1277; x_wconf 88' lang='lat' dir='ltr'><strong>in</strong></span> <span class='ocrx_word' id='word_1_730' title='bbox 1232 1257 1367 1288; x_wconf 78' lang='lat' dir='ltr'><strong>conspectu</strong></span> <span class='ocrx_word' id='word_1_731' title='bbox 1389 1253 1447 1288; x_wconf 88' lang='lat' dir='ltr'><strong>Dei,</strong></span> <span class='ocrx_word' id='word_1_732' title='bbox 1474 1256 1628 1284; x_wconf 75' lang='lat' dir='ltr'><strong>ambulantes</strong></span> <span class='ocrx_word' id='word_1_733' title='bbox 1647 1258 1672 1284; x_wconf 89' lang='lat' dir='ltr'><strong>itt</strong></span> <span class='ocrx_word' id='word_1_734' title='bbox 1685 1259 1799 1286; x_wconf 84' lang='lat' dir='ltr'><strong>omnibus</strong></span> 
     </span>
    </p>
   </div>
   <div class='ocr_carea' id='block_1_89' title="bbox 1005 1295 1799 1339">
    <p class='ocr_par' dir='ltr' id='par_1_89' title="bbox 1005 1295 1799 1339">
     <span class='ocr_line' id='line_1_90' title="bbox 1005 1295 1799 1339; baseline 0.014 -19"><span class='ocrx_word' id='word_1_735' title='bbox 1005 1295 1132 1322; x_wconf 77' lang='lat' dir='ltr'><strong>mundatis</strong></span> <span class='ocrx_word' id='word_1_736' title='bbox 1163 1301 1186 1323; x_wconf 81' lang='lat' dir='ltr'><strong>et</strong></span> <span class='ocrx_word' id='word_1_737' title='bbox 1207 1297 1431 1332; x_wconf 83' lang='lat' dir='ltr'><strong>justiﬁmtionibus</strong></span> <span class='ocrx_word' id='word_1_738' title='bbox 1457 1300 1559 1329; x_wconf 86' lang='lat' dir='ltr'><strong>Domini</strong></span> <span class='ocrx_word' id='word_1_739' title='bbox 1584 1303 1674 1339; x_wconf 78' lang='lat' dir='ltr'><strong>absque</strong></span> <span class='ocrx_word' id='word_1_740' title='bbox 1698 1304 1799 1339; x_wconf 57' lang='lat' dir='ltr'><strong>quer-«la</strong></span> 
     </span>
    </p>
   </div>
   <div class='ocr_carea' id='block_1_90' title="bbox 1006 1340 1800 1384">
    <p class='ocr_par' dir='ltr' id='par_1_90' title="bbox 1006 1340 1800 1384">
     <span class='ocr_line' id='line_1_91' title="bbox 1006 1340 1800 1384; baseline 0.014 -18"><span class='ocrx_word' id='word_1_741' title='bbox 1006 1340 1015 1375; x_wconf 95' lang='lat'><strong>(</strong></span> <span class='ocrx_word' id='word_1_742' title='bbox 1028 1340 1089 1367; x_wconf 81' lang='lat' dir='ltr'><strong>Luc.</strong></span> <span class='ocrx_word' id='word_1_743' title='bbox 1101 1342 1126 1368; x_wconf 83' lang='grc'><strong>1.</strong></span> <span class='ocrx_word' id='word_1_744' title='bbox 1141 1342 1157 1369; x_wconf 85' lang='grc'><strong>6</strong></span> <span class='ocrx_word' id='word_1_745' title='bbox 1168 1342 1188 1378; x_wconf 76' lang='grc'><strong>).</strong></span> <span class='ocrx_word' id='word_1_746' title='bbox 1202 1343 1232 1369; x_wconf 79' lang='lat' dir='ltr'><strong>Et</strong></span> <span class='ocrx_word' id='word_1_747' title='bbox 1248 1350 1408 1379; x_wconf 69' lang='lat' dir='ltr'><strong>pra&#39;ceplurtt</strong></span> <span class='ocrx_word' id='word_1_748' title='bbox 1422 1350 1463 1373; x_wconf 74' lang='lat' dir='ltr'><strong>est</strong></span> <span class='ocrx_word' id='word_1_749' title='bbox 1474 1348 1609 1381; x_wconf 86' lang='lat' dir='ltr'><strong>Apostolis</strong></span> <span class='ocrx_word' id='word_1_750' title='bbox 1624 1357 1630 1375; x_wconf 91' lang='lat'>:</span> <span class='ocrx_word' id='word_1_751' title='bbox 1645 1347 1734 1377; x_wconf 81' lang='lat' dir='ltr'><strong>Estote</strong></span> <span class='ocrx_word' id='word_1_752' title='bbox 1742 1358 1800 1384; x_wconf 78' lang='lat' dir='ltr'><strong>per-</strong></span> 
     </span>
    </p>
   </div>
   <div class='ocr_carea' id='block_1_91' title="bbox 1005 1388 1796 1432">
    <p class='ocr_par' dir='ltr' id='par_1_91' title="bbox 1005 1388 1796 1432">
     <span class='ocr_line' id='line_1_92' title="bbox 1005 1388 1796 1432; baseline 0.013 -19"><span class='ocrx_word' id='word_1_753' title='bbox 1005 1388 1073 1423; x_wconf 72' lang='lat' dir='ltr'><strong>fecti,</strong></span> <span class='ocrx_word' id='word_1_754' title='bbox 1087 1389 1149 1415; x_wconf 82' lang='lat' dir='ltr'><strong>sicut</strong></span> <span class='ocrx_word' id='word_1_755' title='bbox 1164 1388 1243 1416; x_wconf 81' lang='lat' dir='ltr'><strong>Pater</strong></span> <span class='ocrx_word' id='word_1_756' title='bbox 1256 1396 1334 1417; x_wconf 69' lang='lat' dir='ltr'><strong>vester</strong></span> <span class='ocrx_word' id='word_1_757' title='bbox 1343 1391 1448 1419; x_wconf 65' lang='lat' dir='ltr'><strong>celestis</strong></span> <span class='ocrx_word' id='word_1_758' title='bbox 1461 1395 1585 1429; x_wconf 73' lang='lat' dir='ltr'><strong>perfectus</strong></span> <span class='ocrx_word' id='word_1_759' title='bbox 1598 1400 1633 1421; x_wconf 86' lang='lat' dir='ltr'><strong>est</strong></span> <span class='ocrx_word' id='word_1_760' title='bbox 1645 1395 1756 1432; x_wconf 79' lang='lat' dir='ltr'><strong>(Matth.</strong></span> <span class='ocrx_word' id='word_1_761' title='bbox 1769 1397 1796 1424; x_wconf 70' lang='lat'><strong>5.</strong></span> 
     </span>
    </p>
   </div>
   <div class='ocr_carea' id='block_1_92' title="bbox 1005 1432 1799 1475">
    <p class='ocr_par' dir='ltr' id='par_1_92' title="bbox 1005 1432 1799 1475">
     <span class='ocr_line' id='line_1_93' title="bbox 1005 1432 1799 1475; baseline 0.011 -15"><span class='ocrx_word' id='word_1_762' title='bbox 1005 1432 1071 1469; x_wconf 80' lang='grc'><strong>46).</strong></span> <span class='ocrx_word' id='word_1_763' title='bbox 1093 1434 1231 1470; x_wconf 85' lang='lat' dir='ltr'><strong>Nunquam</strong></span> <span class='ocrx_word' id='word_1_764' title='bbox 1245 1440 1334 1464; x_wconf 89' lang='lat' dir='ltr'><strong>autem</strong></span> <span class='ocrx_word' id='word_1_765' title='bbox 1356 1436 1405 1464; x_wconf 90' lang='lat' dir='ltr'><strong>hoc</strong></span> <span class='ocrx_word' id='word_1_766' title='bbox 1426 1438 1562 1473; x_wconf 84' lang='lat' dir='ltr'><strong>Apostolis</strong></span> <span class='ocrx_word' id='word_1_767' title='bbox 1576 1440 1730 1475; x_wconf 84' lang='lat' dir='ltr'><strong>imperaret,</strong></span> <span class='ocrx_word' id='word_1_768' title='bbox 1749 1442 1799 1469; x_wconf 90' lang='lat' dir='ltr'><strong>nisi</strong></span> 
     </span>
    </p>
   </div>
   <div class='ocr_carea' id='block_1_93' title="bbox 1005 1479 1799 1522">
    <p class='ocr_par' dir='ltr' id='par_1_93' title="bbox 1005 1479 1799 1522">
     <span class='ocr_line' id='line_1_94' title="bbox 1005 1479 1799 1522; baseline 0.013 -17"><span class='ocrx_word' id='word_1_769' title='bbox 1005 1479 1085 1507; x_wconf 88' lang='lat' dir='ltr'><strong>sciret</strong></span> <span class='ocrx_word' id='word_1_770' title='bbox 1106 1480 1239 1508; x_wconf 87' lang='lat' dir='ltr'><strong>hominem</strong></span> <span class='ocrx_word' id='word_1_771' title='bbox 1254 1490 1333 1517; x_wconf 87' lang='lat' dir='ltr'><strong>posse</strong></span> <span class='ocrx_word' id='word_1_772' title='bbox 1347 1491 1407 1511; x_wconf 89' lang='lat' dir='ltr'><strong>esse</strong></span> <span class='ocrx_word' id='word_1_773' title='bbox 1429 1484 1586 1519; x_wconf 77' lang='lat' dir='ltr'><strong>perfectum.</strong></span> <span class='ocrx_word' id='word_1_774' title='bbox 1607 1486 1644 1522; x_wconf 80' lang='lat' dir='ltr'><strong>(lt)</strong></span> <span class='ocrx_word' id='word_1_775' title='bbox 1661 1486 1714 1514; x_wconf 90' lang='lat' dir='ltr'><strong>Nisi</strong></span> <span class='ocrx_word' id='word_1_776' title='bbox 1731 1487 1799 1515; x_wconf 68' lang='lat' dir='ltr'><strong>forte</strong></span> 
     </span>
    </p>
   </div>
   <div class='ocr_carea' id='block_1_94' title="bbox 1006 1525 1794 1566">
    <p class='ocr_par' dir='ltr' id='par_1_94' title="bbox 1006 1525 1794 1566">
     <span class='ocr_line' id='line_1_95' title="bbox 1006 1525 1794 1566; baseline 0.011 -15"><span class='ocrx_word' id='word_1_777' title='bbox 1006 1525 1056 1552; x_wconf 73' lang='lat' dir='ltr'><strong>hoc</strong></span> <span class='ocrx_word' id='word_1_778' title='bbox 1067 1526 1196 1558; x_wconf 74' lang='lat' dir='ltr'><strong>dicamus,</strong></span> <span class='ocrx_word' id='word_1_779' title='bbox 1213 1528 1282 1561; x_wconf 85' lang='lat' dir='ltr'><strong>quod</strong></span> <span class='ocrx_word' id='word_1_780' title='bbox 1299 1529 1426 1556; x_wconf 82' lang='lat' dir='ltr'><strong>recedens</strong></span> <span class='ocrx_word' id='word_1_781' title='bbox 1438 1530 1472 1557; x_wconf 84' lang='lat' dir='ltr'><strong>ab</strong></span> <span class='ocrx_word' id='word_1_782' title='bbox 1487 1531 1560 1558; x_wconf 86' lang='lat' dir='ltr'><strong>omni</strong></span> <span class='ocrx_word' id='word_1_783' title='bbox 1573 1534 1642 1558; x_wconf 87' lang='lat' dir='ltr'><strong>malo</strong></span> <span class='ocrx_word' id='word_1_784' title='bbox 1652 1553 1659 1566; x_wconf 90' lang='lat'><strong>,</strong></span> <span class='ocrx_word' id='word_1_785' title='bbox 1675 1533 1794 1560; x_wconf 81' lang='lat' dir='ltr'><strong>eruenda-</strong></span> 
     </span>
    </p>
   </div>
   <div class='ocr_carea' id='block_1_95' title="bbox 1007 1572 1800 1611">
    <p class='ocr_par' dir='ltr' id='par_1_95' title="bbox 1007 1572 1800 1611">
     <span class='ocr_line' id='line_1_96' title="bbox 1007 1572 1800 1611; baseline 0.01 -13"><span class='ocrx_word' id='word_1_786' title='bbox 1007 1572 1104 1598; x_wconf 81' lang='lat' dir='ltr'><strong>tit-nent</strong></span> <span class='ocrx_word' id='word_1_787' title='bbox 1120 1572 1260 1607; x_wconf 81' lang='lat' dir='ltr'><strong>significet,</strong></span> <span class='ocrx_word' id='word_1_788' title='bbox 1276 1578 1302 1600; x_wconf 89' lang='lat' dir='ltr'><strong>et</strong></span> <span class='ocrx_word' id='word_1_789' title='bbox 1315 1573 1349 1601; x_wconf 89' lang='lat' dir='ltr'><strong>de</strong></span> <span class='ocrx_word' id='word_1_790' title='bbox 1363 1575 1497 1602; x_wconf 82' lang='lat' dir='ltr'><strong>erroribus</strong></span> <span class='ocrx_word' id='word_1_791' title='bbox 1509 1577 1637 1611; x_wconf 65' lang='lat' dir='ltr'><strong>puerilia,</strong></span> <span class='ocrx_word' id='word_1_792' title='bbox 1649 1582 1675 1605; x_wconf 89' lang='lat' dir='ltr'><strong>et</strong></span> <span class='ocrx_word' id='word_1_793' title='bbox 1685 1578 1719 1606; x_wconf 88' lang='lat' dir='ltr'><strong>de</strong></span> <span class='ocrx_word' id='word_1_794' title='bbox 1731 1579 1800 1606; x_wconf 83' lang='lat' dir='ltr'><strong>vitiis</strong></span> 
     </span>
    </p>
   </div>
   <div class='ocr_carea' id='block_1_96' title="bbox 1006 1617 1801 1661">
    <p class='ocr_par' dir='ltr' id='par_1_96' title="bbox 1006 1617 1801 1661">
     <span class='ocr_line' id='line_1_97' title="bbox 1006 1617 1801 1661; baseline 0.011 -17"><span class='ocrx_word' id='word_1_795' title='bbox 1006 1617 1168 1645; x_wconf 85' lang='lat' dir='ltr'><strong>lascivientis</strong></span> <span class='ocrx_word' id='word_1_796' title='bbox 1186 1620 1282 1652; x_wconf 74' lang='lat' dir='ltr'><strong>relatis,</strong></span> <span class='ocrx_word' id='word_1_797' title='bbox 1303 1621 1440 1648; x_wconf 88' lang='lat' dir='ltr'><strong>transitum</strong></span> <span class='ocrx_word' id='word_1_798' title='bbox 1462 1622 1494 1649; x_wconf 89' lang='lat' dir='ltr'><strong>ad</strong></span> <span class='ocrx_word' id='word_1_799' title='bbox 1514 1625 1708 1652; x_wconf 80' lang='lat' dir='ltr'><strong>correctionem</strong></span> <span class='ocrx_word' id='word_1_800' title='bbox 1721 1630 1801 1661; x_wconf 87' lang='lat' dir='ltr'><strong>atque</strong></span> 
     </span>
    </p>
   </div>
   <div class='ocr_carea' id='block_1_97' title="bbox 1006 1664 1799 1703">
    <p class='ocr_par' dir='ltr' id='par_1_97' title="bbox 1006 1664 1799 1703">
     <span class='ocr_line' id='line_1_98' title="bbox 1006 1664 1799 1703; baseline 0.011 -13"><span class='ocrx_word' id='word_1_801' title='bbox 1006 1664 1134 1696; x_wconf 87' lang='lat' dir='ltr'><strong>virtutes;</strong></span> <span class='ocrx_word' id='word_1_802' title='bbox 1146 1665 1275 1699; x_wconf 87' lang='lat' dir='ltr'><strong>justitiam</strong></span> <span class='ocrx_word' id='word_1_803' title='bbox 1290 1674 1394 1702; x_wconf 88' lang='lat' dir='ltr'><strong>quoque</strong></span> <span class='ocrx_word' id='word_1_804' title='bbox 1408 1675 1467 1703; x_wconf 78' lang='lat' dir='ltr'><strong>qua:</strong></span> <span class='ocrx_word' id='word_1_805' title='bbox 1481 1668 1505 1695; x_wconf 91' lang='lat' dir='ltr'><strong>itt</strong></span> <span class='ocrx_word' id='word_1_806' title='bbox 1522 1668 1658 1702; x_wconf 87' lang='lat' dir='ltr'><strong>Zacharia,</strong></span> <span class='ocrx_word' id='word_1_807' title='bbox 1673 1676 1699 1698; x_wconf 90' lang='lat' dir='ltr'><strong>ct</strong></span> <span class='ocrx_word' id='word_1_808' title='bbox 1713 1672 1799 1699; x_wconf 72' lang='lat' dir='ltr'><strong>Elim-</strong></span> 
     </span>
    </p>
   </div>
   <div class='ocr_carea' id='block_1_98' title="bbox 1007 1708 1800 1750">
    <p class='ocr_par' dir='ltr' id='par_1_98' title="bbox 1007 1708 1800 1750">
     <span class='ocr_line' id='line_1_99' title="bbox 1007 1708 1800 1750; baseline 0.013 -15"><span class='ocrx_word' id='word_1_809' title='bbox 1007 1708 1069 1736; x_wconf 85' lang='lat' dir='ltr'><strong>beth</strong></span> <span class='ocrx_word' id='word_1_810' title='bbox 1086 1711 1255 1745; x_wconf 67' lang='lat' dir='ltr'><strong>pra&#39;dicatur,</strong></span> <span class='ocrx_word' id='word_1_811' title='bbox 1282 1712 1345 1739; x_wconf 88' lang='lat' dir='ltr'><strong>foris</strong></span> <span class='ocrx_word' id='word_1_812' title='bbox 1369 1721 1429 1741; x_wconf 86' lang='lat' dir='ltr'><strong>esse</strong></span> <span class='ocrx_word' id='word_1_813' title='bbox 1445 1722 1452 1746; x_wconf 83' lang='lat'><strong>;</strong></span> <span class='ocrx_word' id='word_1_814' title='bbox 1468 1716 1711 1750; x_wconf 84' lang='lat' dir='ltr'><strong>concupiscentiam</strong></span> <span class='ocrx_word' id='word_1_815' title='bbox 1736 1726 1800 1746; x_wconf 86' lang='lat' dir='ltr'><strong>vero</strong></span> 
     </span>
    </p>
   </div>
   <div class='ocr_carea' id='block_1_99' title="bbox 1006 1756 1800 1796">
    <p class='ocr_par' dir='ltr' id='par_1_99' title="bbox 1006 1756 1800 1796">
     <span class='ocr_line' id='line_1_100' title="bbox 1006 1756 1800 1796; baseline 0.01 -14"><span class='ocrx_word' id='word_1_816' title='bbox 1006 1764 1064 1790; x_wconf 74' lang='lat' dir='ltr'><strong>qua:</strong></span> <span class='ocrx_word' id='word_1_817' title='bbox 1083 1763 1152 1784; x_wconf 91' lang='lat' dir='ltr'><strong>nunc</strong></span> <span class='ocrx_word' id='word_1_818' title='bbox 1175 1756 1294 1785; x_wconf 89' lang='lat' dir='ltr'><strong>habitare</strong></span> <span class='ocrx_word' id='word_1_819' title='bbox 1313 1758 1341 1785; x_wconf 87' lang='lat' dir='ltr'><strong>itt</strong></span> <span class='ocrx_word' id='word_1_820' title='bbox 1361 1760 1489 1787; x_wconf 86' lang='lat' dir='ltr'><strong>membris</strong></span> <span class='ocrx_word' id='word_1_821' title='bbox 1504 1761 1602 1788; x_wconf 85' lang='lat' dir='ltr'><strong>nostris</strong></span> <span class='ocrx_word' id='word_1_822' title='bbox 1616 1763 1723 1796; x_wconf 84' lang='lat' dir='ltr'><strong>dicitur,</strong></span> <span class='ocrx_word' id='word_1_823' title='bbox 1738 1771 1800 1791; x_wconf 61' lang='lat' dir='ltr'><strong>vera</strong></span> 
     </span>
    </p>
   </div>
   <div class='ocr_carea' id='block_1_100' title="bbox 1006 1802 1818 1843">
    <p class='ocr_par' dir='ltr' id='par_1_100' title="bbox 1006 1802 1818 1843">
     <span class='ocr_line' id='line_1_101' title="bbox 1006 1802 1818 1843; baseline 0.012 -16"><span class='ocrx_word' id='word_1_824' title='bbox 1006 1802 1058 1828; x_wconf 85' lang='lat' dir='ltr'><strong>sari</strong></span> <span class='ocrx_word' id='word_1_825' title='bbox 1075 1802 1244 1829; x_wconf 87' lang='lat' dir='ltr'><strong>intrinsecus.</strong></span> <span class='ocrx_word' id='word_1_826' title='bbox 1261 1803 1313 1830; x_wconf 88' lang='lat' dir='ltr'><strong>Sed</strong></span> <span class='ocrx_word' id='word_1_827' title='bbox 1335 1808 1362 1831; x_wconf 91' lang='lat' dir='ltr'><strong>et</strong></span> <span class='ocrx_word' id='word_1_828' title='bbox 1379 1806 1512 1839; x_wconf 84' lang='lat' dir='ltr'><strong>Apostolis</strong></span> <span class='ocrx_word' id='word_1_829' title='bbox 1532 1814 1585 1833; x_wconf 90' lang='lat' dir='ltr'><strong>nort</strong></span> <span class='ocrx_word' id='word_1_830' title='bbox 1601 1808 1689 1842; x_wconf 78' lang='lat' dir='ltr'><strong>puteris</strong></span> <span class='ocrx_word' id='word_1_831' title='bbox 1704 1810 1818 1843; x_wconf 55' lang='lat' dir='ltr'><strong>prteci’</strong></span> 
     </span>
    </p>
   </div>
   <div class='ocr_carea' id='block_1_101' title="bbox 1007 1847 1800 1888">
    <p class='ocr_par' dir='ltr' id='par_1_101' title="bbox 1007 1847 1800 1888">
     <span class='ocr_line' id='line_1_102' title="bbox 1007 1847 1800 1888; baseline 0.013 -16"><span class='ocrx_word' id='word_1_832' title='bbox 1007 1847 1087 1881; x_wconf 85' lang='lat' dir='ltr'><strong>pitur,</strong></span> <span class='ocrx_word' id='word_1_833' title='bbox 1102 1855 1193 1874; x_wconf 91' lang='lat' dir='ltr'><strong>verum</strong></span> <span class='ocrx_word' id='word_1_834' title='bbox 1207 1848 1261 1881; x_wconf 88' lang='lat' dir='ltr'><strong>jatn</strong></span> <span class='ocrx_word' id='word_1_835' title='bbox 1277 1849 1362 1875; x_wconf 78' lang='lat' dir='ltr'><strong>:etatis</strong></span> <span class='ocrx_word' id='word_1_836' title='bbox 1376 1850 1502 1883; x_wconf 73' lang='lat' dir='ltr'><strong>robustm,</strong></span> <span class='ocrx_word' id='word_1_837' title='bbox 1516 1856 1544 1877; x_wconf 92' lang='lat' dir='ltr'><strong>ut</strong></span> <span class='ocrx_word' id='word_1_838' title='bbox 1558 1857 1694 1880; x_wconf 62' lang='lat' dir='ltr'><strong>asanrrtant</strong></span> <span class='ocrx_word' id='word_1_839' title='bbox 1712 1854 1800 1888; x_wconf 78' lang='lat' dir='ltr'><strong>perfe—</strong></span> 
     </span>
    </p>
   </div>
   <div class='ocr_carea' id='block_1_102' title="bbox 1007 1891 1799 1932">
    <p class='ocr_par' dir='ltr' id='par_1_102' title="bbox 1007 1891 1799 1932">
     <span class='ocr_line' id='line_1_103' title="bbox 1007 1891 1799 1932; baseline 0.01 -15"><span class='ocrx_word' id='word_1_840' title='bbox 1007 1891 1131 1922; x_wconf 87' lang='lat' dir='ltr'><strong>ctionem,</strong></span> <span class='ocrx_word' id='word_1_841' title='bbox 1142 1899 1221 1927; x_wconf 87' lang='lat' dir='ltr'><strong>quam</strong></span> <span class='ocrx_word' id='word_1_842' title='bbox 1231 1896 1257 1919; x_wconf 95' lang='lat' dir='ltr'><strong>et</strong></span> <span class='ocrx_word' id='word_1_843' title='bbox 1265 1900 1314 1919; x_wconf 89' lang='lat' dir='ltr'><strong>nos</strong></span> <span class='ocrx_word' id='word_1_844' title='bbox 1323 1893 1482 1921; x_wconf 80' lang='lat' dir='ltr'><strong>confitemur</strong></span> <span class='ocrx_word' id='word_1_845' title='bbox 1491 1896 1515 1922; x_wconf 91' lang='lat' dir='ltr'><strong>in</strong></span> <span class='ocrx_word' id='word_1_846' title='bbox 1522 1900 1599 1923; x_wconf 82' lang='lat' dir='ltr'><strong>:etate</strong></span> <span class='ocrx_word' id='word_1_847' title='bbox 1608 1904 1666 1923; x_wconf 85' lang='lat' dir='ltr'><strong>esse</strong></span> <span class='ocrx_word' id='word_1_848' title='bbox 1673 1905 1713 1932; x_wconf 87' lang='lat' dir='ltr'><strong>pet</strong></span> <span class='ocrx_word' id='word_1_849' title='bbox 1722 1897 1799 1925; x_wconf 65' lang='lat' dir='ltr'><strong>freta.</strong></span> 
     </span>
    </p>
   </div>
   <div class='ocr_carea' id='block_1_103' title="bbox 1007 1936 1798 1973">
    <p class='ocr_par' dir='ltr' id='par_1_103' title="bbox 1007 1936 1798 1973">
     <span class='ocr_line' id='line_1_104' title="bbox 1007 1936 1798 1973; baseline 0.01 -9"><span class='ocrx_word' id='word_1_850' title='bbox 1007 1936 1060 1964; x_wconf 87' lang='lat' dir='ltr'><strong>Nec</strong></span> <span class='ocrx_word' id='word_1_851' title='bbox 1081 1937 1138 1964; x_wconf 65' lang='lat' dir='ltr'><strong>hate</strong></span> <span class='ocrx_word' id='word_1_852' title='bbox 1151 1938 1178 1964; x_wconf 92' lang='lat' dir='ltr'><strong>di</strong></span> <span class='ocrx_word' id='word_1_853' title='bbox 1195 1943 1281 1972; x_wconf 86' lang='lat' dir='ltr'><strong>entes,</strong></span> <span class='ocrx_word' id='word_1_854' title='bbox 1297 1939 1435 1967; x_wconf 86' lang='lat' dir='ltr'><strong>adulamur</strong></span> <span class='ocrx_word' id='word_1_855' title='bbox 1449 1941 1538 1973; x_wconf 80' lang='lat' dir='ltr'><strong>vitiis;</strong></span> <span class='ocrx_word' id='word_1_856' title='bbox 1553 1943 1599 1969; x_wconf 91' lang='lat' dir='ltr'><strong>sed</strong></span> <span class='ocrx_word' id='word_1_857' title='bbox 1613 1944 1798 1972; x_wconf 82' lang='lat' dir='ltr'><strong>auctoritatem</strong></span> 
     </span>
    </p>
   </div>
   <div class='ocr_carea' id='block_1_104' title="bbox 1007 1983 1800 2024">
    <p class='ocr_par' dir='ltr' id='par_1_104' title="bbox 1007 1983 1800 2024">
     <span class='ocr_line' id='line_1_105' title="bbox 1007 1983 1800 2024; baseline 0.011 -14"><span class='ocrx_word' id='word_1_858' title='bbox 1007 1984 1144 2017; x_wconf 82' lang='lat' dir='ltr'><strong>sequimur</strong></span> <span class='ocrx_word' id='word_1_859' title='bbox 1158 1983 1372 2019; x_wconf 83' lang='lat' dir='ltr'><strong>Scripturarmn,</strong></span> <span class='ocrx_word' id='word_1_860' title='bbox 1410 1987 1491 2024; x_wconf 81' lang='lat'><strong>875</strong></span> <span class='ocrx_word' id='word_1_861' title='bbox 1528 1990 1597 2023; x_wconf 86' lang='lat' dir='ltr'><strong>quod</strong></span> <span class='ocrx_word' id='word_1_862' title='bbox 1618 1991 1705 2018; x_wconf 89' lang='lat' dir='ltr'><strong>rtttlhts</strong></span> <span class='ocrx_word' id='word_1_863' title='bbox 1720 1992 1800 2019; x_wconf 84' lang='lat' dir='ltr'><strong>homo</strong></span> 
     </span>
    </p>
   </div>
   <div class='ocr_carea' id='block_1_105' title="bbox 1008 2029 1801 2065">
    <p class='ocr_par' dir='ltr' id='par_1_105' title="bbox 1008 2029 1801 2065">
     <span class='ocr_line' id='line_1_106' title="bbox 1008 2029 1801 2065; baseline 0.013 -10"><span class='ocrx_word' id='word_1_864' title='bbox 1008 2029 1041 2056; x_wconf 85' lang='lat' dir='ltr'><strong>sit</strong></span> <span class='ocrx_word' id='word_1_865' title='bbox 1056 2029 1155 2064; x_wconf 88' lang='lat' dir='ltr'><strong>absque</strong></span> <span class='ocrx_word' id='word_1_866' title='bbox 1170 2035 1290 2065; x_wconf 82' lang='lat' dir='ltr'><strong>peccato,</strong></span> <span class='ocrx_word' id='word_1_867' title='bbox 1316 2032 1362 2059; x_wconf 76' lang='lat' dir='ltr'><strong>sed</strong></span> <span class='ocrx_word' id='word_1_868' title='bbox 1385 2034 1515 2062; x_wconf 82' lang='lat' dir='ltr'><strong>Conclusit</strong></span> <span class='ocrx_word' id='word_1_869' title='bbox 1541 2035 1609 2062; x_wconf 89' lang='lat' dir='ltr'><strong>Deus</strong></span> <span class='ocrx_word' id='word_1_870' title='bbox 1635 2044 1729 2064; x_wconf 81' lang='lat' dir='ltr'><strong>o:tnes</strong></span> <span class='ocrx_word' id='word_1_871' title='bbox 1750 2039 1801 2065; x_wconf 90' lang='lat' dir='ltr'><strong>sub</strong></span> 
     </span>
    </p>
   </div>
   <div class='ocr_carea' id='block_1_106' title="bbox 1008 2076 1801 2117">
    <p class='ocr_par' dir='ltr' id='par_1_106' title="bbox 1008 2076 1801 2117">
     <span class='ocr_line' id='line_1_107' title="bbox 1008 2076 1801 2117; baseline 0.011 -15"><span class='ocrx_word' id='word_1_872' title='bbox 1008 2080 1134 2110; x_wconf 84' lang='lat' dir='ltr'><strong>peccato;</strong></span> <span class='ocrx_word' id='word_1_873' title='bbox 1148 2080 1176 2103; x_wconf 88' lang='lat' dir='ltr'><strong>ut</strong></span> <span class='ocrx_word' id='word_1_874' title='bbox 1187 2076 1304 2103; x_wconf 88' lang='lat' dir='ltr'><strong>ontnirtrtt</strong></span> <span class='ocrx_word' id='word_1_875' title='bbox 1317 2078 1473 2106; x_wconf 85' lang='lat' dir='ltr'><strong>misereatur</strong></span> <span class='ocrx_word' id='word_1_876' title='bbox 1485 2080 1495 2115; x_wconf 95' lang='lat'><strong>(</strong></span> <span class='ocrx_word' id='word_1_877' title='bbox 1506 2079 1565 2108; x_wconf 79' lang='lat' dir='ltr'><strong>Gal.</strong></span> <span class='ocrx_word' id='word_1_878' title='bbox 1577 2081 1602 2108; x_wconf 81' lang='grc'><strong>5.</strong></span> <span class='ocrx_word' id='word_1_879' title='bbox 1615 2081 1669 2116; x_wconf 88' lang='grc'><strong>22)</strong></span> <span class='ocrx_word' id='word_1_880' title='bbox 1683 2082 1801 2117; x_wconf 87' lang='lat' dir='ltr'><strong>:absque</strong></span> 
     </span>
    </p>
   </div>
   <div class='ocr_carea' id='block_1_107' title="bbox 1007 2121 1801 2159">
    <p class='ocr_par' dir='ltr' id='par_1_107' title="bbox 1007 2121 1801 2159">
     <span class='ocr_line' id='line_1_108' title="bbox 1007 2121 1801 2159; baseline 0.011 -12"><span class='ocrx_word' id='word_1_881' title='bbox 1007 2128 1039 2147; x_wconf 91' lang='lat' dir='ltr'><strong>eo</strong></span> <span class='ocrx_word' id='word_1_882' title='bbox 1052 2121 1109 2148; x_wconf 85' lang='lat' dir='ltr'><strong>solo</strong></span> <span class='ocrx_word' id='word_1_883' title='bbox 1119 2141 1126 2154; x_wconf 95' lang='lat'><strong>,</strong></span> <span class='ocrx_word' id='word_1_884' title='bbox 1142 2122 1185 2157; x_wconf 84' lang='lat' dir='ltr'><strong>qui</strong></span> <span class='ocrx_word' id='word_1_885' title='bbox 1198 2128 1324 2157; x_wconf 82' lang='lat' dir='ltr'><strong>peccatum</strong></span> <span class='ocrx_word' id='word_1_886' title='bbox 1336 2132 1386 2151; x_wconf 85' lang='lat' dir='ltr'><strong>non</strong></span> <span class='ocrx_word' id='word_1_887' title='bbox 1400 2125 1478 2159; x_wconf 79' lang='lat' dir='ltr'><strong>fecit,</strong></span> <span class='ocrx_word' id='word_1_888' title='bbox 1492 2134 1536 2153; x_wconf 85' lang='lat' dir='ltr'><strong>nec</strong></span> <span class='ocrx_word' id='word_1_889' title='bbox 1548 2127 1661 2154; x_wconf 73' lang='lat' dir='ltr'><strong>inventus</strong></span> <span class='ocrx_word' id='word_1_890' title='bbox 1678 2134 1715 2155; x_wconf 84' lang='lat' dir='ltr'><strong>est</strong></span> <span class='ocrx_word' id='word_1_891' title='bbox 1727 2128 1801 2156; x_wconf 82' lang='lat' dir='ltr'><strong>dolus</strong></span> 
     </span>
    </p>
   </div>
   <div class='ocr_carea' id='block_1_108' title="bbox 1007 2167 1802 2207">
    <p class='ocr_par' dir='ltr' id='par_1_108' title="bbox 1007 2167 1802 2207">
     <span class='ocr_line' id='line_1_109' title="bbox 1007 2167 1802 2207; baseline 0.013 -14"><span class='ocrx_word' id='word_1_892' title='bbox 1007 2167 1033 2194; x_wconf 88' lang='lat' dir='ltr'><strong>in</strong></span> <span class='ocrx_word' id='word_1_893' title='bbox 1047 2175 1089 2194; x_wconf 82' lang='lat' dir='ltr'><strong>ore</strong></span> <span class='ocrx_word' id='word_1_894' title='bbox 1100 2168 1155 2199; x_wconf 78' lang='lat' dir='ltr'><strong>eius</strong></span> <span class='ocrx_word' id='word_1_895' title='bbox 1169 2168 1177 2205; x_wconf 98' lang='lat'><strong>(</strong></span> <span class='ocrx_word' id='word_1_896' title='bbox 1190 2167 1252 2196; x_wconf 77' lang='lat' dir='ltr'><strong>Ioni.</strong></span> <span class='ocrx_word' id='word_1_897' title='bbox 1267 2170 1329 2205; x_wconf 79' lang='grc'><strong>55).</strong></span> <span class='ocrx_word' id='word_1_898' title='bbox 1345 2170 1420 2199; x_wconf 76' lang='lat' dir='ltr'><strong>Unde</strong></span> <span class='ocrx_word' id='word_1_899' title='bbox 1434 2176 1461 2199; x_wconf 91' lang='lat' dir='ltr'><strong>et</strong></span> <span class='ocrx_word' id='word_1_900' title='bbox 1477 2180 1524 2207; x_wconf 89' lang='lat' dir='ltr'><strong>per</strong></span> <span class='ocrx_word' id='word_1_901' title='bbox 1544 2174 1712 2201; x_wconf 75' lang='lat' dir='ltr'><strong>Salomonem</strong></span> <span class='ocrx_word' id='word_1_902' title='bbox 1736 2176 1802 2203; x_wconf 91' lang='lat' dir='ltr'><strong>dici-</strong></span> 
     </span>
    </p>
   </div>
   <div class='ocr_carea' id='block_1_109' title="bbox 1009 2214 1801 2254">
    <p class='ocr_par' dir='ltr' id='par_1_109' title="bbox 1009 2214 1801 2254">
     <span class='ocr_line' id='line_1_110' title="bbox 1009 2214 1801 2254; baseline 0.009 -14"><span class='ocrx_word' id='word_1_903' title='bbox 1009 2217 1051 2240; x_wconf 90' lang='lat' dir='ltr'><strong>tur</strong></span> <span class='ocrx_word' id='word_1_904' title='bbox 1066 2222 1073 2240; x_wconf 91' lang='lat'><strong>:</strong></span> <span class='ocrx_word' id='word_1_905' title='bbox 1087 2214 1157 2249; x_wconf 91' lang='lat' dir='ltr'><strong>quod</strong></span> <span class='ocrx_word' id='word_1_906' title='bbox 1171 2216 1303 2250; x_wconf 89' lang='lat' dir='ltr'><strong>serpentis</strong></span> <span class='ocrx_word' id='word_1_907' title='bbox 1317 2218 1424 2252; x_wconf 86' lang='lat' dir='ltr'><strong>vestigia</strong></span> <span class='ocrx_word' id='word_1_908' title='bbox 1440 2225 1492 2244; x_wconf 94' lang='lat' dir='ltr'><strong>non</strong></span> <span class='ocrx_word' id='word_1_909' title='bbox 1505 2218 1673 2246; x_wconf 85' lang='lat' dir='ltr'><strong>inveniantur</strong></span> <span class='ocrx_word' id='word_1_910' title='bbox 1686 2221 1711 2246; x_wconf 94' lang='lat' dir='ltr'><strong>in</strong></span> <span class='ocrx_word' id='word_1_911' title='bbox 1729 2225 1801 2254; x_wconf 82' lang='lat' dir='ltr'><strong>petra</strong></span> 
     </span>
    </p>
   </div>
   <div class='ocr_carea' id='block_1_110' title="bbox 1008 2259 1800 2301">
    <p class='ocr_par' dir='ltr' id='par_1_110' title="bbox 1008 2259 1800 2301">
     <span class='ocr_line' id='line_1_111' title="bbox 1008 2259 1800 2301; baseline 0.008 -14"><span class='ocrx_word' id='word_1_912' title='bbox 1008 2259 1106 2297; x_wconf 86' lang='lat' dir='ltr'><strong>(Prov.</strong></span> <span class='ocrx_word' id='word_1_913' title='bbox 1120 2261 1184 2297; x_wconf 83' lang='lat'><strong>50).</strong></span> <span class='ocrx_word' id='word_1_914' title='bbox 1201 2261 1234 2289; x_wconf 86' lang='lat' dir='ltr'><strong>Et</strong></span> <span class='ocrx_word' id='word_1_915' title='bbox 1247 2262 1303 2296; x_wconf 86' lang='lat' dir='ltr'><strong>ipse</strong></span> <span class='ocrx_word' id='word_1_916' title='bbox 1317 2262 1351 2290; x_wconf 90' lang='lat' dir='ltr'><strong>de</strong></span> <span class='ocrx_word' id='word_1_917' title='bbox 1377 2271 1406 2290; x_wconf 90' lang='lat' dir='ltr'><strong>se</strong></span> <span class='ocrx_word' id='word_1_918' title='bbox 1430 2264 1556 2292; x_wconf 81' lang='lat' dir='ltr'><strong>Dominus</strong></span> <span class='ocrx_word' id='word_1_919' title='bbox 1573 2274 1579 2291; x_wconf 90' lang='lat'><strong>:</strong></span> <span class='ocrx_word' id='word_1_920' title='bbox 1596 2264 1677 2299; x_wconf 74' lang='lat' dir='ltr'><strong>Ecce,</strong></span> <span class='ocrx_word' id='word_1_921' title='bbox 1699 2266 1800 2301; x_wconf 81' lang='lat' dir='ltr'><strong>inquit,</strong></span> 
     </span>
    </p>
   </div>
   <div class='ocr_carea' id='block_1_111' title="bbox 1008 2307 1802 2343">
    <p class='ocr_par' dir='ltr' id='par_1_111' title="bbox 1008 2307 1802 2343">
     <span class='ocr_line' id='line_1_112' title="bbox 1008 2307 1802 2343; baseline 0.006 -9"><span class='ocrx_word' id='word_1_922' title='bbox 1008 2307 1075 2334; x_wconf 77' lang='lat' dir='ltr'><strong>venit</strong></span> <span class='ocrx_word' id='word_1_923' title='bbox 1098 2307 1215 2342; x_wconf 79' lang='lat' dir='ltr'><strong>princeps</strong></span> <span class='ocrx_word' id='word_1_924' title='bbox 1237 2308 1323 2334; x_wconf 83' lang='lat' dir='ltr'><strong>mundi</strong></span> <span class='ocrx_word' id='word_1_925' title='bbox 1348 2308 1444 2343; x_wconf 82' lang='lat' dir='ltr'><strong>hujus;</strong></span> <span class='ocrx_word' id='word_1_926' title='bbox 1468 2314 1492 2336; x_wconf 88' lang='lat' dir='ltr'><strong>et</strong></span> <span class='ocrx_word' id='word_1_927' title='bbox 1516 2310 1580 2336; x_wconf 82' lang='lat' dir='ltr'><strong>nihil</strong></span> <span class='ocrx_word' id='word_1_928' title='bbox 1603 2311 1628 2336; x_wconf 86' lang='lat' dir='ltr'><strong>in</strong></span> <span class='ocrx_word' id='word_1_929' title='bbox 1650 2319 1689 2337; x_wconf 87' lang='lat' dir='ltr'><strong>mc</strong></span> <span class='ocrx_word' id='word_1_930' title='bbox 1710 2311 1802 2339; x_wconf 76' lang='lat' dir='ltr'><strong>invertit</strong></span> 
     </span>
    </p>
   </div>
   <div class='ocr_carea' id='block_1_112' title="bbox 1008 2352 1801 2393">
    <p class='ocr_par' dir='ltr' id='par_1_112' title="bbox 1008 2352 1801 2393">
     <span class='ocr_line' id='line_1_113' title="bbox 1008 2352 1801 2393; baseline 0.01 -15"><span class='ocrx_word' id='word_1_931' title='bbox 1008 2352 1106 2388; x_wconf 84' lang='lat' dir='ltr'><strong>(Joan.</strong></span> <span class='ocrx_word' id='word_1_932' title='bbox 1124 2353 1166 2380; x_wconf 73' lang='lat' dir='ltr'><strong>M.</strong></span> <span class='ocrx_word' id='word_1_933' title='bbox 1183 2353 1255 2388; x_wconf 79' lang='lat'><strong>50),</strong></span> <span class='ocrx_word' id='word_1_934' title='bbox 1272 2353 1296 2379; x_wconf 92' lang='lat' dir='ltr'><strong>id</strong></span> <span class='ocrx_word' id='word_1_935' title='bbox 1317 2358 1369 2386; x_wconf 87' lang='lat' dir='ltr'><strong>est,</strong></span> <span class='ocrx_word' id='word_1_936' title='bbox 1384 2354 1424 2381; x_wconf 83' lang='lat' dir='ltr'><strong>sui</strong></span> <span class='ocrx_word' id='word_1_937' title='bbox 1443 2355 1544 2389; x_wconf 89' lang='lat' dir='ltr'><strong>operis,</strong></span> <span class='ocrx_word' id='word_1_938' title='bbox 1567 2356 1661 2391; x_wconf 86' lang='lat' dir='ltr'><strong>suique</strong></span> <span class='ocrx_word' id='word_1_939' title='bbox 1686 2358 1801 2393; x_wconf 78' lang='lat' dir='ltr'><strong>vestigii.</strong></span> 
     </span>
    </p>
   </div>
   <div class='ocr_carea' id='block_1_113' title="bbox 1009 2398 1802 2436">
    <p class='ocr_par' dir='ltr' id='par_1_113' title="bbox 1009 2398 1802 2436">
     <span class='ocr_line' id='line_1_114' title="bbox 1009 2398 1802 2436; baseline 0.009 -12"><span class='ocrx_word' id='word_1_940' title='bbox 1009 2398 1049 2425; x_wconf 88' lang='lat' dir='ltr'><strong>0b</strong></span> <span class='ocrx_word' id='word_1_941' title='bbox 1060 2398 1127 2424; x_wconf 83' lang='lat' dir='ltr'><strong>hanc</strong></span> <span class='ocrx_word' id='word_1_942' title='bbox 1139 2405 1244 2424; x_wconf 84' lang='lat' dir='ltr'><strong>causam</strong></span> <span class='ocrx_word' id='word_1_943' title='bbox 1261 2398 1369 2433; x_wconf 90' lang='lat' dir='ltr'><strong>jubetur</strong></span> <span class='ocrx_word' id='word_1_944' title='bbox 1389 2399 1476 2432; x_wconf 90' lang='lat' dir='ltr'><strong>nobis,</strong></span> <span class='ocrx_word' id='word_1_945' title='bbox 1494 2408 1527 2428; x_wconf 89' lang='lat' dir='ltr'><strong>ne</strong></span> <span class='ocrx_word' id='word_1_946' title='bbox 1546 2402 1737 2436; x_wconf 77' lang='lat' dir='ltr'><strong>esprobremus</strong></span> <span class='ocrx_word' id='word_1_947' title='bbox 1753 2404 1802 2431; x_wconf 89' lang='lat' dir='ltr'><strong>lto-</strong></span> 
     </span>
    </p>
   </div>
   <div class='ocr_carea' id='block_1_114' title="bbox 1010 2444 1804 2482">
    <p class='ocr_par' dir='ltr' id='par_1_114' title="bbox 1010 2444 1804 2482">
     <span class='ocr_line' id='line_1_115' title="bbox 1010 2444 1804 2482; baseline 0.01 -12"><span class='ocrx_word' id='word_1_948' title='bbox 1010 2444 1074 2471; x_wconf 90' lang='lat' dir='ltr'><strong>mini</strong></span> <span class='ocrx_word' id='word_1_949' title='bbox 1101 2445 1244 2472; x_wconf 86' lang='lat' dir='ltr'><strong>revertenti</strong></span> <span class='ocrx_word' id='word_1_950' title='bbox 1266 2453 1281 2472; x_wconf 88' lang='lat' dir='ltr'><strong>a</strong></span> <span class='ocrx_word' id='word_1_951' title='bbox 1304 2447 1420 2481; x_wconf 85' lang='lat' dir='ltr'><strong>peccatis</strong></span> <span class='ocrx_word' id='word_1_952' title='bbox 1439 2447 1506 2482; x_wconf 91' lang='lat' dir='ltr'><strong>suis,</strong></span> <span class='ocrx_word' id='word_1_953' title='bbox 1527 2452 1555 2476; x_wconf 91' lang='lat' dir='ltr'><strong>et</strong></span> <span class='ocrx_word' id='word_1_954' title='bbox 1573 2456 1607 2477; x_wconf 89' lang='lat' dir='ltr'><strong>ne</strong></span> <span class='ocrx_word' id='word_1_955' title='bbox 1619 2450 1804 2478; x_wconf 85' lang='lat' dir='ltr'><strong>abontinemur</strong></span> 
     </span>
    </p>
   </div>
   <div class='ocr_carea' id='block_1_115' title="bbox 1010 2490 1804 2531">
    <p class='ocr_par' dir='ltr' id='par_1_115' title="bbox 1010 2490 1804 2531">
     <span class='ocr_line' id='line_1_116' title="bbox 1010 2490 1804 2531; baseline 0.011 -16"><span class='ocrx_word' id='word_1_956' title='bbox 1010 2490 1166 2526; x_wconf 68' lang='lat' dir='ltr'><strong>Egyptium</strong></span> <span class='ocrx_word' id='word_1_957' title='bbox 1180 2500 1187 2517; x_wconf 88' lang='lat'>:</span> <span class='ocrx_word' id='word_1_958' title='bbox 1200 2491 1270 2526; x_wconf 86' lang='lat' dir='ltr'><strong>quia,</strong></span> <span class='ocrx_word' id='word_1_959' title='bbox 1282 2496 1309 2519; x_wconf 89' lang='lat' dir='ltr'><strong>et</strong></span> <span class='ocrx_word' id='word_1_960' title='bbox 1320 2493 1368 2526; x_wconf 87' lang='lat' dir='ltr'><strong>ipsi</strong></span> <span class='ocrx_word' id='word_1_961' title='bbox 1380 2493 1514 2528; x_wconf 89' lang='lat' dir='ltr'><strong>quortdant</strong></span> <span class='ocrx_word' id='word_1_962' title='bbox 1525 2494 1550 2521; x_wconf 95' lang='lat' dir='ltr'><strong>in</strong></span> <span class='ocrx_word' id='word_1_963' title='bbox 1560 2494 1677 2531; x_wconf 62' lang='lat' dir='ltr'><strong>[Egypto</strong></span> <span class='ocrx_word' id='word_1_964' title='bbox 1687 2495 1804 2528; x_wconf 84' lang='lat' dir='ltr'><strong>fuimus;</strong></span> 
     </span>
    </p>
   </div>
   <div class='ocr_carea' id='block_1_116' title="bbox 1011 2537 1806 2569">
    <p class='ocr_par' dir='ltr' id='par_1_116' title="bbox 1011 2537 1806 2569">
     <span class='ocr_line' id='line_1_117' title="bbox 1011 2537 1806 2569; baseline 0.008 -6"><span class='ocrx_word' id='word_1_965' title='bbox 1011 2541 1037 2564; x_wconf 92' lang='lat' dir='ltr'><strong>et</strong></span> <span class='ocrx_word' id='word_1_966' title='bbox 1051 2537 1084 2564; x_wconf 89' lang='lat' dir='ltr'><strong>de</strong></span> <span class='ocrx_word' id='word_1_967' title='bbox 1099 2537 1155 2564; x_wconf 92' lang='lat' dir='ltr'><strong>luto</strong></span> <span class='ocrx_word' id='word_1_968' title='bbox 1168 2545 1199 2564; x_wconf 85' lang='lat' dir='ltr'><strong>ac</strong></span> <span class='ocrx_word' id='word_1_969' title='bbox 1214 2537 1340 2566; x_wconf 76' lang='lat' dir='ltr'><strong>lateribus</strong></span> <span class='ocrx_word' id='word_1_970' title='bbox 1355 2538 1485 2566; x_wconf 79' lang='lat' dir='ltr'><strong>Pharaoni</strong></span> <span class='ocrx_word' id='word_1_971' title='bbox 1500 2540 1621 2568; x_wconf 89' lang='lat' dir='ltr'><strong>civitates</strong></span> <span class='ocrx_word' id='word_1_972' title='bbox 1639 2542 1806 2569; x_wconf 74' lang='lat' dir='ltr'><strong>extruximus</strong></span> 
     </span>
    </p>
   </div>
   <div class='ocr_carea' id='block_1_117' title="bbox 1012 2582 1804 2622">
    <p class='ocr_par' dir='ltr' id='par_1_117' title="bbox 1012 2582 1804 2622">
     <span class='ocr_line' id='line_1_118' title="bbox 1012 2582 1804 2622; baseline 0.006 -13"><span class='ocrx_word' id='word_1_973' title='bbox 1012 2582 1108 2618; x_wconf 90' lang='lat' dir='ltr'><strong>(Deut.</strong></span> <span class='ocrx_word' id='word_1_974' title='bbox 1122 2582 1158 2610; x_wconf 80' lang='grc'><strong>25</strong></span> <span class='ocrx_word' id='word_1_975' title='bbox 1169 2583 1196 2618; x_wconf 85' lang='grc'><strong>);</strong></span> <span class='ocrx_word' id='word_1_976' title='bbox 1212 2587 1238 2610; x_wconf 88' lang='lat' dir='ltr'><strong>et</strong></span> <span class='ocrx_word' id='word_1_977' title='bbox 1252 2583 1313 2619; x_wconf 83' lang='lat' dir='ltr'><strong>quia</strong></span> <span class='ocrx_word' id='word_1_978' title='bbox 1333 2584 1431 2619; x_wconf 87' lang='lat' dir='ltr'><strong>captivi</strong></span> <span class='ocrx_word' id='word_1_979' title='bbox 1445 2585 1517 2613; x_wconf 90' lang='lat' dir='ltr'><strong>ducti</strong></span> <span class='ocrx_word' id='word_1_980' title='bbox 1532 2593 1624 2614; x_wconf 87' lang='lat' dir='ltr'><strong>sumus</strong></span> <span class='ocrx_word' id='word_1_981' title='bbox 1643 2587 1669 2614; x_wconf 88' lang='lat' dir='ltr'><strong>in</strong></span> <span class='ocrx_word' id='word_1_982' title='bbox 1691 2587 1804 2622; x_wconf 82' lang='lat' dir='ltr'><strong>Babylo-</strong></span> 
     </span>
    </p>
   </div>
   <div class='ocr_carea' id='block_1_118' title="bbox 1043 2639 1807 2675">
    <p class='ocr_par' dir='ltr' id='par_1_118' title="bbox 1043 2639 1807 2675">
     <span class='ocr_line' id='line_1_119' title="bbox 1043 2639 1807 2675; baseline 0.005 -11"><span class='ocrx_word' id='word_1_983' title='bbox 1043 2639 1171 2675; x_wconf 81' lang='lat' dir='ltr'><strong>(b)_V_ides</strong></span> <span class='ocrx_word' id='word_1_984' title='bbox 1182 2640 1309 2675; x_wconf 78' lang='lat' dir='ltr'><strong>superiora</strong></span> <span class='ocrx_word' id='word_1_985' title='bbox 1326 2640 1459 2675; x_wconf 83' lang='lat' dir='ltr'><strong>dubitando</strong></span> <span class='ocrx_word' id='word_1_986' title='bbox 1471 2644 1570 2675; x_wconf 82' lang='lat' dir='ltr'><strong>proponi</strong></span> <span class='ocrx_word' id='word_1_987' title='bbox 1581 2649 1651 2675; x_wconf 17' lang='lat' dir='ltr'><strong>,Vuon,</strong></span> <span class='ocrx_word' id='word_1_988' title='bbox 1667 2648 1712 2675; x_wconf 77' lang='lat' dir='ltr'><strong>pro</strong></span> <span class='ocrx_word' id='word_1_989' title='bbox 1728 2644 1807 2669; x_wconf 80' lang='lat' dir='ltr'><strong>certis</strong></span> 
     </span>
    </p>
   </div>
   <div class='ocr_carea' id='block_1_119' title="bbox 1013 2671 1806 2704">
    <p class='ocr_par' dir='ltr' id='par_1_119' title="bbox 1013 2671 1806 2704">
     <span class='ocr_line' id='line_1_120' title="bbox 1013 2671 1806 2704; baseline 0.005 -10"><span class='ocrx_word' id='word_1_990' title='bbox 1013 2671 1125 2704; x_wconf 78' lang='lat' dir='ltr'><strong>constitui</strong></span> <span class='ocrx_word' id='word_1_991' title='bbox 1136 2678 1142 2702; x_wconf 89' lang='lat'>;</span> <span class='ocrx_word' id='word_1_992' title='bbox 1155 2678 1210 2696; x_wconf 89' lang='lat' dir='ltr'><strong>nam</strong></span> <span class='ocrx_word' id='word_1_993' title='bbox 1222 2672 1301 2704; x_wconf 82' lang='lat' dir='ltr'><strong>statim</strong></span> <span class='ocrx_word' id='word_1_994' title='bbox 1312 2690 1319 2702; x_wconf 95' lang='lat'><strong>,</strong></span> <span class='ocrx_word' id='word_1_995' title='bbox 1333 2673 1400 2703; x_wconf 87' lang='lat' dir='ltr'><strong>quasi</strong></span> <span class='ocrx_word' id='word_1_996' title='bbox 1413 2671 1549 2698; x_wconf 71' lang='lat' dir='ltr'><strong>retraetans</strong></span> <span class='ocrx_word' id='word_1_997' title='bbox 1558 2693 1565 2704; x_wconf 85' lang='lat'><strong>,</strong></span> <span class='ocrx_word' id='word_1_998' title='bbox 1581 2671 1625 2698; x_wconf 69' lang='lat' dir='ltr'><strong>&#39;illa</strong></span> <span class='ocrx_word' id='word_1_999' title='bbox 1637 2671 1675 2698; x_wconf 52' lang='lat' dir='ltr'><strong>de‘</strong></span> <span class='ocrx_word' id='word_1_1000' title='bbox 1681 2674 1806 2700; x_wconf 85' lang='lat' dir='ltr'><strong>hominum</strong></span> 
     </span>
    </p>
   </div>
   <div class='ocr_carea' id='block_1_120' title="bbox 1031 2702 1804 2735">
    <p class='ocr_par' dir='ltr' id='par_1_120' title="bbox 1031 2702 1804 2735">
     <span class='ocr_line' id='line_1_121' title="bbox 1031 2702 1804 2735; baseline 0.005 -10"><span class='ocrx_word' id='word_1_1001' title='bbox 1031 2702 1165 2735; x_wconf 70' lang='lat' dir='ltr'><strong>erfeclione</strong></span> <span class='ocrx_word' id='word_1_1002' title='bbox 1177 2703 1302 2735; x_wconf 82' lang='lat' dir='ltr'><strong>sententia</strong></span> <span class='ocrx_word' id='word_1_1003' title='bbox 1320 2702 1441 2734; x_wconf 81' lang='lat' dir='ltr'><strong>quomodo</strong></span> <span class='ocrx_word' id='word_1_1004' title='bbox 1458 2702 1603 2734; x_wconf 82' lang='lat' dir='ltr'><strong>accipienda</strong></span> <span class='ocrx_word' id='word_1_1005' title='bbox 1621 2705 1670 2733; x_wconf 80' lang='lat' dir='ltr'><strong>sit,</strong></span> <span class='ocrx_word' id='word_1_1006' title='bbox 1687 2704 1804 2735; x_wconf 67' lang='lat' dir='ltr'><strong>explicat.</strong></span> 
     </span>
    </p>
   </div>
   <div class='ocr_carea' id='block_1_121' title="bbox 1029 2733 1806 2765">
    <p class='ocr_par' dir='ltr' id='par_1_121' title="bbox 1029 2733 1806 2765">
     <span class='ocr_line' id='line_1_122' title="bbox 1029 2733 1806 2765; baseline 0.005 -9"><span class='ocrx_word' id='word_1_1007' title='bbox 1029 2733 1059 2757; x_wconf 78' lang='lat' dir='ltr'><strong>ibi</strong></span> <span class='ocrx_word' id='word_1_1008' title='bbox 1074 2740 1132 2757; x_wconf 85' lang='lat' dir='ltr'><strong>vero</strong></span> <span class='ocrx_word' id='word_1_1009' title='bbox 1153 2734 1287 2763; x_wconf 75' lang='lat' dir='ltr'><strong>huiusmodi</strong></span> <span class='ocrx_word' id='word_1_1010' title='bbox 1305 2733 1365 2763; x_wconf 68' lang='lat' dir='ltr'><strong>loco,</strong></span> <span class='ocrx_word' id='word_1_1011' title='bbox 1381 2739 1406 2759; x_wconf 86' lang='lat' dir='ltr'><strong>et</strong></span> <span class='ocrx_word' id='word_1_1012' title='bbox 1420 2735 1531 2765; x_wconf 66' lang='lat' dir='ltr'><strong>exmnpla</strong></span> <span class='ocrx_word' id='word_1_1013' title='bbox 1546 2735 1668 2765; x_wconf 80' lang='lat' dir='ltr'><strong>Pelagiani</strong></span> <span class='ocrx_word' id='word_1_1014' title='bbox 1682 2735 1708 2759; x_wconf 88' lang='lat' dir='ltr'><strong>itt</strong></span> <span class='ocrx_word' id='word_1_1015' title='bbox 1723 2733 1806 2760; x_wconf 73' lang='lat' dir='ltr'><strong>hmre-</strong></span> 
     </span>
    </p>
   </div>
   <div class='ocr_carea' id='block_1_122' title="bbox 1013 2764 1809 2795">
    <p class='ocr_par' dir='ltr' id='par_1_122' title="bbox 1013 2764 1809 2795">
     <span class='ocr_line' id='line_1_123' title="bbox 1013 2764 1809 2795; baseline 0.004 -8"><span class='ocrx_word' id='word_1_1016' title='bbox 1013 2765 1058 2788; x_wconf 83' lang='lat' dir='ltr'><strong>sint</strong></span> <span class='ocrx_word' id='word_1_1017' title='bbox 1070 2771 1137 2788; x_wconf 86' lang='lat' dir='ltr'><strong>suam</strong></span> <span class='ocrx_word' id='word_1_1018' title='bbox 1147 2766 1245 2789; x_wconf 86' lang='lat' dir='ltr'><strong>trahere</strong></span> <span class='ocrx_word' id='word_1_1019' title='bbox 1254 2766 1332 2789; x_wconf 77' lang='lat' dir='ltr'><strong>Conari</strong></span> <span class='ocrx_word' id='word_1_1020' title='bbox 1346 2769 1410 2794; x_wconf 66' lang='lat' dir='ltr'><strong>sunt,</strong></span> <span class='ocrx_word' id='word_1_1021' title='bbox 1421 2764 1500 2789; x_wconf 71' lang='lat' dir='ltr'><strong>tribus</strong></span> <span class='ocrx_word' id='word_1_1022' title='bbox 1510 2764 1615 2795; x_wconf 66' lang='lat' dir='ltr'><strong>integris</strong></span> <span class='ocrx_word' id='word_1_1023' title='bbox 1625 2764 1702 2794; x_wconf 86' lang='lat' dir='ltr'><strong>libris,</strong></span> <span class='ocrx_word' id='word_1_1024' title='bbox 1724 2769 1809 2791; x_wconf 75' lang='lat' dir='ltr'><strong>tuetur</strong></span> 
     </span>
    </p>
   </div>
   <div class='ocr_carea' id='block_1_123' title="bbox 1015 2795 1808 2826">
    <p class='ocr_par' dir='ltr' id='par_1_123' title="bbox 1015 2795 1808 2826">
     <span class='ocr_line' id='line_1_124' title="bbox 1015 2795 1808 2826; baseline 0.003 -7"><span class='ocrx_word' id='word_1_1025' title='bbox 1015 2799 1040 2819; x_wconf 90' lang='lat' dir='ltr'><strong>et</strong></span> <span class='ocrx_word' id='word_1_1026' title='bbox 1052 2795 1178 2819; x_wconf 77' lang='lat' dir='ltr'><strong>caluumiis</strong></span> <span class='ocrx_word' id='word_1_1027' title='bbox 1191 2796 1287 2820; x_wconf 86' lang='lat' dir='ltr'><strong>liberat.</strong></span> <span class='ocrx_word' id='word_1_1028' title='bbox 1306 2796 1411 2826; x_wconf 72' lang='lat' dir='ltr'><strong>Epistula</strong></span> <span class='ocrx_word' id='word_1_1029' title='bbox 1424 2797 1453 2819; x_wconf 83' lang='lat' dir='ltr'><strong>ad</strong></span> <span class='ocrx_word' id='word_1_1030' title='bbox 1466 2796 1647 2826; x_wconf 45' lang='lat' dir='ltr'><strong>Ctesiphontem</strong></span> <span class='ocrx_word' id='word_1_1031' title='bbox 1658 2802 1727 2820; x_wconf 87' lang='lat' dir='ltr'><strong>num.</strong></span> <span class='ocrx_word' id='word_1_1032' title='bbox 1740 2796 1808 2821; x_wconf 74' lang='lat' dir='ltr'>XIII.</span> 
     </span>
    </p>
   </div>
   <div class='ocr_carea' id='block_1_124' title="bbox 1018 2826 1810 2858">
    <p class='ocr_par' dir='ltr' id='par_1_124' title="bbox 1018 2826 1810 2858">
     <span class='ocr_line' id='line_1_125' title="bbox 1018 2826 1810 2858; baseline 0.004 -8"><span class='ocrx_word' id='word_1_1033' title='bbox 1018 2834 1029 2849; x_wconf 79' lang='grc' dir='ltr'><strong>ι</strong></span> <span class='ocrx_word' id='word_1_1034' title='bbox 1039 2826 1106 2855; x_wconf 80' lang='lat' dir='ltr'><strong>Quod</strong></span> <span class='ocrx_word' id='word_1_1035' title='bbox 1117 2831 1198 2850; x_wconf 87' lang='lat' dir='ltr'><strong>autem</strong></span> <span class='ocrx_word' id='word_1_1036' title='bbox 1213 2826 1379 2858; x_wconf 25' lang='lat' dir='ltr'><strong>ianCriplut‘is</strong></span> <span class='ocrx_word' id='word_1_1037' title='bbox 1396 2827 1484 2850; x_wconf 81' lang='lat' dir='ltr'><strong>sanctis</strong></span> <span class='ocrx_word' id='word_1_1038' title='bbox 1495 2827 1563 2858; x_wconf 81' lang='lat' dir='ltr'><strong>multi</strong></span> <span class='ocrx_word' id='word_1_1039' title='bbox 1572 2826 1630 2856; x_wconf 85' lang='lat' dir='ltr'><strong>justi</strong></span> <span class='ocrx_word' id='word_1_1040' title='bbox 1645 2827 1810 2858; x_wconf 72' lang='lat' dir='ltr'><strong>appellentur,</strong></span> 
     </span>
    </p>
   </div>
   <div class='ocr_carea' id='block_1_125' title="bbox 1014 2856 1810 2888">
    <p class='ocr_par' dir='ltr' id='par_1_125' title="bbox 1014 2856 1810 2888">
     <span class='ocr_line' id='line_1_126' title="bbox 1014 2856 1810 2888; baseline 0.001 -6"><span class='ocrx_word' id='word_1_1041' title='bbox 1014 2861 1041 2882; x_wconf 86' lang='lat' dir='ltr'><strong>ut</strong></span> <span class='ocrx_word' id='word_1_1042' title='bbox 1053 2858 1186 2885; x_wconf 79' lang='lat' dir='ltr'><strong>Zacharias,</strong></span> <span class='ocrx_word' id='word_1_1043' title='bbox 1200 2861 1224 2881; x_wconf 89' lang='lat' dir='ltr'><strong>et</strong></span> <span class='ocrx_word' id='word_1_1044' title='bbox 1236 2856 1411 2885; x_wconf 78' lang='lat' dir='ltr'><strong>Elizabetlt....,</strong></span> <span class='ocrx_word' id='word_1_1045' title='bbox 1426 2856 1530 2888; x_wconf 25' lang='lat' dir='ltr'><strong>elrllluill</strong></span> <span class='ocrx_word' id='word_1_1046' title='bbox 1549 2856 1810 2888; x_wconf 32' lang='lat' dir='ltr'><strong>quorum’r’tominibus</strong></span> 
     </span>
    </p>
   </div>
   <div class='ocr_carea' id='block_1_126' title="bbox 1014 2887 1812 2919">
    <p class='ocr_par' dir='ltr' id='par_1_126' title="bbox 1014 2887 1812 2919">
     <span class='ocr_line' id='line_1_127' title="bbox 1014 2887 1812 2919; baseline 0.003 -7"><span class='ocrx_word' id='word_1_1047' title='bbox 1014 2895 1082 2913; x_wconf 86' lang='lat' dir='ltr'><strong>saera</strong></span> <span class='ocrx_word' id='word_1_1048' title='bbox 1095 2889 1219 2919; x_wconf 80' lang='lat' dir='ltr'><strong>Scriptura</strong></span> <span class='ocrx_word' id='word_1_1049' title='bbox 1231 2892 1346 2912; x_wconf 78' lang='lat' dir='ltr'><strong>contexta</strong></span> <span class='ocrx_word' id='word_1_1050' title='bbox 1359 2891 1448 2919; x_wconf 58' lang='lat' dir='ltr'><strong>est&quot;...</strong></span> <span class='ocrx_word' id='word_1_1051' title='bbox 1457 2887 1503 2911; x_wconf 85' lang='lat' dir='ltr'><strong>hoc</strong></span> <span class='ocrx_word' id='word_1_1052' title='bbox 1514 2887 1624 2919; x_wconf 82' lang='lat' dir='ltr'><strong>breviter</strong></span> <span class='ocrx_word' id='word_1_1053' title='bbox 1636 2889 1812 2919; x_wconf 75' lang='lat' dir='ltr'><strong>perstrinxisse</strong></span> 
     </span>
    </p>
   </div>
   <div class='ocr_carea' id='block_1_127' title="bbox 1015 2917 1810 2973">
    <p class='ocr_par' dir='ltr' id='par_1_127' title="bbox 1015 2917 1810 2973">
     <span class='ocr_line' id='line_1_128' title="bbox 1015 2917 1810 2973; baseline 0.001 -29"><span class='ocrx_word' id='word_1_1054' title='bbox 1015 2919 1127 2947; x_wconf 64' lang='lat' dir='ltr'><strong>sufﬁciat,</strong></span> <span class='ocrx_word' id='word_1_1055' title='bbox 1138 2917 1278 2973; x_wconf 56' lang='lat' dir='ltr'><strong>gnodojusti</strong></span> <span class='ocrx_word' id='word_1_1056' title='bbox 1298 2917 1452 2954; x_wconf 84' lang='lat' dir='ltr'><strong>appellentur</strong></span> <span class='ocrx_word' id='word_1_1057' title='bbox 1465 2924 1471 2941; x_wconf 91' lang='lat'>:</span> <span class='ocrx_word' id='word_1_1058' title='bbox 1483 2924 1530 2942; x_wconf 91' lang='lat' dir='ltr'><strong>non</strong></span> <span class='ocrx_word' id='word_1_1059' title='bbox 1542 2918 1607 2949; x_wconf 86' lang='lat' dir='ltr'><strong>quod</strong></span> <span class='ocrx_word' id='word_1_1060' title='bbox 1625 2917 1690 2943; x_wconf 79' lang='lat' dir='ltr'><strong>omni</strong></span> <span class='ocrx_word' id='word_1_1061' title='bbox 1703 2920 1759 2945; x_wconf 87' lang='lat' dir='ltr'><strong>vitio</strong></span> <span class='ocrx_word' id='word_1_1062' title='bbox 1770 2927 1810 2945; x_wconf 84' lang='lat' dir='ltr'><strong>ca-</strong></span> 
     </span>
     <span class='ocr_line' id='line_1_129' title="bbox 1017 2949 1776 2973; baseline 0 0"><span class='ocrx_word' id='word_1_1063' title='bbox 1017 2954 1094 2973; x_wconf 85' lang='lat' dir='ltr'><strong>reartt.</strong></span> <span class='ocrx_word' id='word_1_1064' title='bbox 1109 2956 1137 2973; x_wconf 85' lang='lat' dir='ltr'><strong>se</strong></span> <span class='ocrx_word' id='word_1_1065' title='bbox 1165 2956 1196 2973; x_wconf 88' lang='lat' dir='ltr'><strong>uu</strong></span> <span class='ocrx_word' id='word_1_1066' title='bbox 1240 2949 1322 2973; x_wconf 84' lang='lat' dir='ltr'><strong>maiort</strong></span> <span class='ocrx_word' id='word_1_1067' title='bbox 1335 2951 1404 2973; x_wconf 80' lang='lat' dir='ltr'><strong>parte</strong></span> <span class='ocrx_word' id='word_1_1068' title='bbox 1416 2952 1531 2973; x_wconf 74' lang='lat' dir='ltr'><strong>virtutum</strong></span> <span class='ocrx_word' id='word_1_1069' title='bbox 1543 2949 1752 2973; x_wconf 83' lang='lat' dir='ltr'><strong>eommendeutur.</strong></span> <span class='ocrx_word' id='word_1_1070' title='bbox 1765 2959 1776 2973; x_wconf 81' lang='grc' dir='ltr'><strong>ι</strong></span> 
     </span>
    </p>
   </div>
   <div class='ocr_carea' id='block_1_128' title="bbox 1017 2949 1776 2981">
    <p class='ocr_par' dir='ltr' id='par_1_128' title="bbox 1017 2949 1776 2981">
     <span class='ocr_line' id='line_1_130' title="bbox 1017 2949 1776 2981; baseline 0 -7"><span class='ocrx_word' id='word_1_1071' title='bbox 1017 2954 1094 2981; x_wconf 83' lang='lat' dir='ltr'><strong>reartt,</strong></span> <span class='ocrx_word' id='word_1_1072' title='bbox 1109 2949 1153 2974; x_wconf 85' lang='lat' dir='ltr'><strong>sed</strong></span> <span class='ocrx_word' id='word_1_1073' title='bbox 1165 2949 1228 2979; x_wconf 83' lang='lat' dir='ltr'><strong>quod</strong></span> <span class='ocrx_word' id='word_1_1074' title='bbox 1240 2949 1322 2979; x_wconf 83' lang='lat' dir='ltr'><strong>majori</strong></span> <span class='ocrx_word' id='word_1_1075' title='bbox 1335 2951 1404 2981; x_wconf 86' lang='lat' dir='ltr'><strong>parte</strong></span> <span class='ocrx_word' id='word_1_1076' title='bbox 1416 2949 1531 2974; x_wconf 86' lang='lat' dir='ltr'><strong>virtutum</strong></span> <span class='ocrx_word' id='word_1_1077' title='bbox 1543 2949 1752 2974; x_wconf 83' lang='lat' dir='ltr'><strong>eommendeutur.</strong></span> <span class='ocrx_word' id='word_1_1078' title='bbox 1765 2959 1776 2973; x_wconf 81' lang='grc' dir='ltr'><strong>ι</strong></span> 
     </span>
    </p>
   </div>
  </div>
