4088 6336
530 349 666 406 1027

530 477 651 519 nem
678 460 795 529 lege
819 456 1052 529 peccati,
1083 446 1226 525 quod
1254 448 1307 504 in
1352 443 1606 504 membris
1630 441 1828 499 nostris
1852 438 2104 495 moraba-

533 564 641 609 tur.
657 551 896 620 Cumque
910 546 1177 603 videretur
1195 549 1434 598 extrema
1454 536 1776 609 desperatio,
1798 534 1906 587 imo
1925 537 2107 599 aperta

530 642 798 701 confessio
814 618 837 705 ἡ,
877 651 1091 694 omnem
1130 632 1396 689 hominem
1422 627 1618 685 diaboli
1643 624 1847 695 laqueis
1871 618 2065 676 irretiri
2088 657 2106 688 ,

531 744 822 790 conversus
867 729 918 783 in
969 742 1027 781 se
1064 721 1372 794 ApoStoius,
1423 720 1531 774 imo
1579 716 1762 781 homo,
1813 711 1912 768 sub
1958 708 2110 780 cujus

533 837 762 897 persona
802 816 1089 888 Apostolus
1127 813 1393 885 loquitur,
1441 809 1549 880 agit
1589 805 1785 878 gratias
1823 801 2108 868 Salvatori,

530 894 676 989 quod
705 913 1012 983 redemptus
1035 909 1103 963 sit
1128 906 1383 976 sanguine
1421 903 1558 972 ejus,
1585 907 1640 955 et
1683 897 1871 955 sordes
1913 896 1965 950 in
2013 894 2111 950 ba-

533 1011 728 1083 ptismo
752 1004 1073 1076 deposuerit,
1109 1012 1163 1056 et
1191 1013 1383 1054 novum
1410 993 1603 1051 Christi
1642 990 1991 1061 assumpserit
2018 1003 2109 1044 ve-

533 1081 864 1163 stimentum,
890 1104 942 1151 et
981 1102 1191 1148 mortuo
1212 1089 1380 1145 veteri
1408 1085 1645 1150 homine,
1676 1095 1832 1138 natus
1861 1081 2113 1136 sititomo

534 1205 738 1253 novus,
765 1187 854 1255 qui
882 1185 1060 1240 dicat:
1096 1180 1253 1235 Miser
1280 1193 1370 1249 ego
1397 1177 1567 1240 homo,
1613 1174 1723 1244 quis
1766 1189 1846 1226 me
1884 1169 2114 1229 liberabit

532 1282 598 1336 de
630 1293 838 1348 corpore
881 1273 1054 1329 mortis
1104 1272 1254 1341 hujus
1295 1268 1472 1337 (Rom.
1502 1267 1557 1321 7.
1602 1262 1747 1336 24)?
1786 1261 1988 1318 Gratias
2016 1277 2113 1332 ago

532 1374 644 1428 Deo
697 1388 785 1442 per
827 1368 1003 1423 Iesum
1040 1363 1296 1420 Christum
1323 1359 1595 1416 Dominum
1634 1366 1881 1419 nostrum,
1921 1355 2009 1425 qui
2036 1367 2115 1408 me

534 1468 599 1523 de
624 1476 848 1535 ‘corpore
897 1458 1072 1514 mortis
1109 1454 1353 1510 liberauit.
1388 1449 1538 1520 Quod
1575 1448 1732 1506 sicui
1777 1462 1882 1502 non
1909 1445 2116 1511 videtur

534 1560 635 1615 sub
663 1568 885 1627 persona
928 1565 1022 1604 sua
1054 1548 1157 1602 hoc
1202 1543 1494 1614 Apostolus
1534 1541 1603 1597 de
1631 1540 1751 1595 aliis
1780 1538 1976 1599 dicere,
2017 1550 2114 1590 ex-

536 1625 730 1720 ponat,
784 1640 1050 1715 quomodo
1100 1636 1318 1701 Daniel,
1343 1649 1502 1703 quem
1537 1633 1739 1703 justum
1776 1629 1936 1683 fuisse
1962 1625 2115 1682 novi.

532 1719 654 1793 inus
672 1734 771 1807 (a),
799 1732 950 1805 quasi
976 1731 1045 1785 de
1067 1744 1129 1784 se
1157 1727 1316 1791 dicat,
1347 1740 1467 1780 cum
1495 1738 1588 1792 pro
1614 1720 1732 1775 aliis
1759 1719 2116 1807 deprecatur:

539 1806 862 1884 Peccavimus
881 1862 897 1891 ,
927 1822 1094 1890 inique
1140 1818 1386 1890 fecimus,
1427 1814 1613 1885 injuste
1656 1810 1897 1882 gessimus
1920 1846 1934 1874 ,
1966 1806 2121 1878 impie

531 1921 756 1992 egimus,
788 1924 835 1971 et
873 1912 1198 1974 recessimus,
1219 1925 1280 1962 ac
1318 1905 1675 1961 declinavimus
1711 1920 1743 1956 a
1764 1900 2047 1965 mandatis,
2073 1909 2121 1954 et

482 2028 497 2037 ‘
530 1991 739 2082 1iudiciis
783 2007 882 2060 tuis
900 2046 916 2070 ,
944 2014 994 2058 et
1023 2018 1122 2056 non
1153 1998 1434 2053 audivimus
1460 2012 1626 2051 servos
1656 2005 1766 2047 tuos
1795 1991 2079 2063 Prophetas
2100 2026 2118 2059 ,

470 2122 475 2123 ί
531 2102 620 2173 qui
646 2098 802 2154 locuti
828 2104 943 2151 sunt
966 2095 1018 2148 in
1044 2091 1243 2146 nomine
1267 2098 1352 2141 tuo
1380 2086 1446 2140 ad
1466 2103 1607 2157 reges
1627 2095 1823 2139 nostros
1846 2124 1862 2149 ,
1900 2091 1946 2137 et
1981 2083 2123 2152 prin-

533 2172 704 2263 cipes,
755 2199 801 2245 et
847 2197 1045 2259 patres,
1101 2194 1150 2238 et
1196 2182 1264 2235 ad
1306 2195 1503 2234 onmem
1542 2176 1784 2249 papulum
1813 2186 1978 2230 terras.
2012 2172 2123 2227 Tibi

535 2284 753 2339 Domine
788 2279 1022 2351 justitia,
1069 2274 1211 2329 nobis
1258 2281 1424 2327 autem
1448 2270 1681 2340 confusio
1730 2266 1903 2339 (Dan.
1932 2266 1986 2321 5.
2025 2264 2119 2321 29.

532 2386 581 2432 et
608 2392 741 2447 seqq.
768 2375 807 2445 ).
833 2370 963 2428 illud
990 2382 1199 2440 quoque
1227 2365 1366 2437 quod
1397 2364 1448 2418 in
1478 2362 1747 2418 tricesimo
1774 2360 1943 2429 primo
1970 2357 2121 2412 Psal-

535 2482 626 2523 mo
653 2465 884 2521 dicitur:
913 2461 1185 2517 Peccatum
1216 2472 1376 2510 nteant
1403 2454 1657 2525 cognitum
1685 2450 1773 2504 tibi
1801 2450 1917 2519 feci,
1946 2458 1993 2502 et
2020 2449 2120 2501 ini-

535 2559 771 2624 quitatem
789 2570 951 2610 meam
970 2568 1071 2606 non
1095 2548 1352 2603 abscondi.
1378 2544 1498 2599 Dixi
1514 2559 1531 2598 :
1548 2541 1831 2611 Conﬁtcbor
1858 2539 2123 2594 adversum

537 2665 616 2703 me
642 2647 938 2718 injustitiant
968 2659 1129 2698 meam
1154 2639 1372 2694 Domino
1396 2680 1410 2702 ,
1438 2649 1483 2691 et
1529 2647 1584 2689 tu
1611 2633 1845 2688 remisisti
1888 2632 2122 2701 impieta-

537 2751 633 2796 tetu
661 2739 849 2811 peccati
878 2738 993 2793 mei.
1035 2738 1136 2789 I’ro
1173 2734 1269 2786 hac
1293 2730 1451 2785 orabit
1477 2727 1543 2781 ad
1571 2736 1617 2781 te
1641 2725 1803 2780 omnis
1838 2732 2043 2778 sanctus
2070 2723 2124 2776 in

537 2808 760 2900 tempore
788 2837 1073 2900 opportuno
1097 2824 1115 2893 (
1137 2821 1279 2875 Psat.
1309 2820 1398 2873 3|.
1422 2817 1475 2871 5.
1505 2824 1551 2869 et
1571 2831 1706 2884 seqq.
1733 2814 1774 2878 δ,
1805 2827 1910 2866 non
1935 2808 2121 2877 David,

538 2932 594 2979 et.
640 2922 786 2992 justo
833 2920 981 2983 viro,
1033 2924 1087 2970 et
1136 2911 1233 2983 (ut
1277 2906 1592 2977 simpliciter
1660 2903 1826 2976 876
1896 2900 2123 2974 loquar)

452 3074 459 3079 .
540 3013 821 3083 Propheta:
839 3050 855 3077 ,
880 3008 1034 3078 cujus
1060 3004 1221 3059 verba
1250 3005 1557 3062 narrantur,
1588 2995 1680 3050 sed
1711 2992 1972 3064 percntari
1996 3008 2123 3048 con-

540 3105 701 3178 gruit.
741 3104 981 3171 Cumque
1019 3097 1194 3166 justus
1240 3090 1339 3146 sub
1384 3102 1609 3160 persona
1654 3086 1955 3156 paenitentis
1998 3084 2120 3138 talia

542 3176 887 3268 profudisset,
914 3206 945 3244 a
985 3189 1093 3242 Deo
1119 3193 1353 3238 meretur
1377 3179 1563 3236 audire
1595 3196 1608 3231 :
1658 3176 1944 3246 Intelligere
1963 3185 2011 3227 te
2036 3176 2120 3243 fa-

540 3264 692 3353 ciam,
723 3293 767 3338 et
796 3278 981 3335 docebo
1006 3286 1053 3329 te
1094 3276 1147 3327 in
1181 3272 1261 3326 uia
1303 3271 1398 3324 hac
1442 3285 1543 3339 qua
1581 3265 1858 3320 ambulabis
1888 3280 1907 3319 :
1930 3264 2120 3333 confir-

541 3378 688 3433 mabo
735 3388 885 3442 super
914 3379 960 3423 te
997 3366 1167 3421 oculos
1214 3378 1351 3418 meos
1397 3358 1575 3433 (Ibid.
1605 3358 1698 3426 8).
1747 3356 1801 3410 ιιι
1855 3355 2121 3410 tricesimo

541 3479 752 3538 quoque
774 3459 1001 3532 septimo
1026 3455 1258 3517 Psahno,
1285 3451 1438 3521 cujus
1469 3449 1651 3504 titulus
1679 3455 1792 3509 est,
1821 3444 1884 3497 In
1908 3460 2123 3499 comme-

486 3555 893 3617 rmorationem,
920 3559 977 3604 ut
995 3547 1185 3602 doceat
1205 3560 1303 3599 nos
1325 3557 1539 3611 semper
1561 3547 1892 3610 peccatorum
1914 3546 2122 3590 nostro-

542 3661 661 3703 rum
692 3656 957 3699 mcmorcs
999 3652 1118 3693 esse
1144 3635 1370 3698 debere,
1427 3639 1482 3686 et
1526 3644 1683 3700 agere
1715 3624 2078 3699 paenitentiam
2103 3665 2120 3691 ,

542 3738 649 3794 tale
677 3735 802 3806 quid
843 3732 1065 3803 legimus
1097 3746 1114 3785 :
1154 3724 1276 3781 Non
1304 3735 1377 3780 est
1406 3738 1510 3793 pax
1552 3722 1745 3777 ossibus
1773 3719 1893 3773 meis
1940 3735 1971 3771 a
1995 3708 2126 3788 facie

540 3839 859 3905 peccatorum
896 3838 1137 3878 meorum.
1170 3819 1421 3887 Quoniam
1460 3816 1746 3885 iniquitates
1770 3812 2127 3867 nicte‘etevata:

540 3932 656 3979 sunt
682 3936 833 3990 super
859 3925 1010 3987 caput
1039 3929 1220 3973 meum,
1251 3909 1396 3981 quasi
1426 3923 1554 3962 onus
1588 3921 1737 3978 grave
1761 3912 1983 3975 gravata:
2008 3909 2127 3958 sunt

539 4029 695 4082 super
725 4026 822 4063 me.
850 4008 1111 4075 Corrupit:
1129 4012 1245 4057 sunt
1266 4043 1281 4066 ,
1307 4010 1352 4054 et
1375 4005 1673 4070 putruernnt
1699 3996 1955 4048 cicatrices
1984 4008 2123 4057 mete,

544 4122 576 4157 a
603 4088 732 4174 facie
759 4097 1059 4170 insipientia:
1085 4108 1225 4147 meat.
1262 4091 1485 4161 Afﬂictus
1515 4104 1658 4152 sum,
1687 4085 1994 4139 et'curvatus
2018 4099 2128 4137 sum

543 4211 700 4265 usque
739 4193 805 4245 ad
830 4193 979 4261 finem
1023 4186 1213 4261 (Psal.
1243 4185 1331 4239 '57.
1372 4183 1429 4236 4.
1485 4190 1531 4235 et
1576 4196 1712 4251 seqq.
1734 4179 1773 4244 ).
1820 4176 1990 4231 Totus
2043 4176 2130 4230 hic

545 4285 784 4356 Apostoli
816 4284 997 4344 locus,
1028 4289 1082 4333 et
1110 4279 1162 4332 in
1192 4272 1555 4344 superioribus
1577 4310 1591 4334 ,
1623 4280 1676 4324 et
1714 4271 1765 4324 in
1796 4283 2129 4338 consequen-

546 4352 687 4433 tibus
707 4418 722 4443 ,
752 4375 857 4427 imo
901 4371 1075 4425 omnis
1112 4364 1348 4437 Epistula
1380 4363 1493 4431 ejus
1516 4362 1579 4413 ad
1610 4352 1880 4414 Romanus
1900 4400 1915 4423 ,
1953 4356 2131 4435 nimiis

545 4463 958 4524 obscuritatibus
983 4460 1214 4515 involuta
1237 4464 1339 4521 est,
1367 4462 1420 4508 et
1446 4452 1489 4507 si
1515 4450 1731 4504 voluero
1752 4457 1940 4501 cuncta
1961 4447 2133 4502 disse-

545 4574 685 4623 rere,
729 4569 1056 4626 nequaquam
1103 4546 1231 4604 mihi
1263 4559 1397 4600 unus
1442 4538 1612 4608 liber,
1662 4539 1754 4594 scd
1803 4552 1991 4609 magna
2017 4578 2033 4601 ,
2078 4546 2133 4593 et

446 4660 453 4663 ’
548 4651 711 4706 multa
748 4655 902 4701 erunt
931 4631 1211 4700 scribenda
1242 4635 1530 4692 volumina.

618 4740 771 4795 CAP.
794 4737 1136 4803 IX.——Quare
1157 4727 1441 4801 Apostolus
1458 4726 1652 4783 Paulus
1674 4725 1724 4778 in
1743 4718 1928 4779 eadem
1951 4720 2015 4775 aii
2033 4710 2134 4775 Ro-

546 4846 731 4887 manos
744 4830 927 4885 scribit
942 4826 1177 4897 Epistula
1197 4841 1209 4877 :
1236 4820 1484 4893 Optabam
1501 4834 1591 4888 ego
1610 4819 1718 4885 ipse
1735 4817 2005 4869 anathema
2025 4828 2133 4866 esse

545 4942 578 4978 α
599 4923 818 4982 Christo,
840 4938 931 4990 pro
948 4918 1190 4991 fratribus
1214 4914 1333 4968 meis
1350 4929 1409 4966 ac
1433 4910 1729 4983 propinquis
1744 4910 1890 4979 juxta
1904 4922 2128 4969 carnem,

545 5016 630 5088 qui
658 5023 775 5068 sunt
819 5010 1071 5067 Israelita:
1090 5052 1105 5076 ,
1132 5023 1347 5079 quarunt
1375 5006 1582 5075 adoptio
1611 5012 1656 5057 et
1682 5002 1870 5073 gloria,
1900 5009 1947 5054 et
1974 4993 2131 5053 testa-

546 5117 735 5175 menta,
759 5116 804 5160 et
835 5104 1107 5176 legislatio,
1138 5110 1185 5156 et
1209 5100 1394 5162 cultus,
1434 5106 1481 5151 et
1510 5094 1926 5166 repromissiones
1960 5106 2131 5162 :quo-

545 5217 656 5255 rum
685 5209 888 5270 patres,
931 5205 979 5251 et
1023 5212 1085 5250 ex
1108 5192 1288 5265 quibus
1331 5200 1402 5244 est
1430 5187 1660 5244 Christus
1708 5187 1849 5253 juxta
1888 5200 2133 5239 carnem:

544 5297 631 5367 qui
664 5303 735 5349 est
769 5307 919 5362 super
947 5288 1119 5344 omnia
1162 5283 1305 5339 Deus
1340 5280 1626 5337 benedictus
1654 5278 1706 5333 in
1734 5278 1920 5333 alecula
1939 5318 1954 5344 ,
1985 5288 2132 5331 amen

605 5474 679 5538 (a)
712 5472 766 5522 In
792 5467 1162 5538 Commentariis
1186 5464 1236 5514 in
1257 5463 1389 5538 hunc
1420 5460 1735 5538 loenmﬁiit
1754 5467 1913 5538 certe,
1940 5456 2096 5538 inquit
2113 5492 2127 5515 ,

544 5519 928 5597 tres—puerinon
953 5533 1305 5597 peccaverant,
1319 5538 1411 5575 nec
1434 5526 1541 5597 ejus
1564 5519 1727 5597 aetatis
1742 5519 2131 5597 .erant,'quando

542 5583 683 5648 ducti
699 5583 812 5646 sunt
838 5594 885 5642 in
909 5583 1235 5655 Babylonem,
1260 5583 1317 5638 ut
1341 5583 1645 5655 protulersua
1668 5586 1785 5655 vitia
1818 5583 2127 5655 punirenttw;

542 5640 674 5721 “ﬁgi;
696 5640 1353 5721 quomoddihi'ex’perspna
1388 5640 1552 5721 populi
1590 5640 1889 5721 loquuntur,
1913 5640 2127 5721 sigillati

542 5701 1160 5782 KiEstdli'le—genduin‘est;
1183 5730 1206 5758 θ
1234 5712 1341 5765 Non
1366 5701 1494 5761 e‘niin
1517 5707 1645 5772 quod
1656 5701 1776 5758 'voio
1798 5701 1890 5758 hoc
1910 5716 2021 5766 ago,
2040 5701 2129 5752 sed

537 5778 670 5841 quod
696 5780 805 5829 nolo
834 5778 950 5827 illud
972 5789 1168 5834 operor.

1822 316 2062 384 SANCTI
2101 314 2474 378 illERONYlii

3655 307 3787 366 {0‘28

2217 432 2394 498 (Rom.
2425 429 2479 485 9.
2506 428 2542 484 3
2609 436 2656 482 et
2688 422 2875 498 seqq.).
2910 423 3120 480 Revera
3156 420 3325 479 valida
3365 422 3623 493 quaastio,
3660 440 3793 497 quo-
3832 450 3841 464 ε

2216 523 2377 579 modo
2407 520 2693 593 Apostolus
2716 517 2808 588 qui
2833 531 2993 586 Supra
3021 514 3228 571 dixerat
3258 531 3272 569 :
3309 506 3436 584 Quis
3464 532 3558 570 nos
3583 532 3789 587 separa-

2219 615 2287 671 bit
2312 631 2344 669 a
2368 613 2580 669 caritate
2597 609 2807 675 Christi,
2838 607 3118 673 tribulatio,
3146 622 3212 659 an
3240 606 3495 677 angustia,
3528 621 3595 663 an
3622 622 3791 673 βενεε.

2217 707 2370 769 cutio,
2398 721 2465 759 an
2490 706 2670 775 fames,
2694 717 2762 755 an
2792 699 2997 753 auditas
3022 740 3037 766 ,
3070 713 3134 751 an
3161 687 3474 767 periculum,
3502 712 3567 750 an
3593 695 3792 766 gladius

2220 795 2380 868 (Ibid.
2410 795 2463 850 8.
2487 792 2621 866 35)?
2644 792 2711 847 Et
2741 805 2949 845 rursum
2981 807 2994 842 :
3024 782 3237 858 Conﬁdo
3261 796 3456 853 autem,
3498 787 3617 857 quia
3642 803 3795 857 neque

2218 905 2375 955 mors,
2403 903 2560 958 neque
2584 886 2704 950 vita,
2739 900 2895 954 neque
2919 882 3119 954 Angeli,
3149 898 3308 951 neque
3327 875 3682 949 Principatus,
3713 896 3796 934 neb

2218 994 2316 1053 que
2352 977 2621 1049 prwsentia
2643 1017 2659 1043 ,
2706 990 2864 1045 neque
2894 967 3067 1046 futura
3090 1014 3106 1038 ,
3135 986 3292 1042 neque
3322 963 3567 1041 fortitudo
3586 1011 3603 1040 ,
3646 985 3796 1039 neque

2220 1068 2439 1133 excelsa,
2471 1084 2632 1139 neque
2656 1064 2993 1138 profundum,
3022 1078 3179 1133 neque
3207 1060 3310 1115 alia
3337 1069 3589 1127 creatura,
3619 1062 3798 1131 poterit

2221 1177 2313 1215 nos
2340 1176 2576 1232 separare
2599 1176 2631 1212 a
2656 1159 2868 1211 caritate
2896 1144 2993 1211 Dei
3014 1197 3028 1219 ,
3056 1170 3205 1226 quam
3234 1151 3471 1208 habemus
3507 1153 3562 1206 in
3604 1151 3798 1207 Christo

2219 1250 2346 1306 Jesu
2377 1238 2594 1304 Domino
2621 1259 2798 1303 nostro
2836 1242 2999 1316 (Ibid.
3032 1241 3119 1302 38.
3152 1244 3268 1317 59),
3300 1259 3440 1299 nunc
3479 1238 3579 1299 sub
3601 1242 3799 1314 jureju-

2221 1343 2389 1399 rando
2418 1342 2729 1409 conﬁrmet,
2762 1349 2816 1396 et
2853 1340 3037 1398 dicat:
3077 1334 3345 1392 Veritatem
3374 1337 3489 1390 dico
3516 1337 3570 1391 in
3607 1335 3798 1392 Christo

2220 1432 2377 1499 Jesu,
2417 1450 2515 1487 non
2544 1433 2761 1486 utentior
2781 1474 2796 1501 ,
2831 1431 3167 1486 testimonium
3201 1429 3325 1482 mihi
3368 1428 3657 1499 perhibente
3679 1445 3799 1483 con-

2220 1527 2430 1581 scientia
2458 1542 2570 1580 mea
2606 1525 2657 1579 in
2689 1524 2889 1596 Spiritu
2934 1523 3157 1588 Sancto,
3204 1521 3445 1593 quoniam
3490 1523 3697 1576 tristitia
3731 1532 3802 1578 est

2223 1618 2346 1673 mihi
2390 1636 2604 1689 magna,
2635 1628 2681 1673 et
2723 1617 2993 1672 continuus
3022 1615 3170 1670 dolor
3194 1615 3335 1669 cordi
3361 1631 3471 1669 meo
3495 1630 3515 1669 :
3555 1610 3803 1683 Optabam

2223 1715 2356 1768 enim
2382 1710 2652 1766 anathema
2694 1726 2802 1765 esse
2841 1726 2872 1762 a
2907 1706 3108 1764 Christo
3138 1722 3230 1778 pro
3276 1708 3517 1779 fratribus
3555 1707 3712 1770 meis,
3758 1715 3804 1762 et

2225 1804 2521 1876 propinquis
2536 1803 2692 1873 juxta
2712 1811 2948 1867 carnem;
2974 1809 3029 1856 et
3055 1799 3277 1871 reliqua.
3308 1797 3363 1855 Si
3395 1798 3536 1855 enim
3560 1801 3612 1855 in
3638 1800 3804 1856 Deum

2227 1904 2386 1950 tanta:
2413 1906 2492 1949 est
2519 1894 2777 1959 caritatis,
2809 1894 2866 1947 ut
2895 1907 2993 1946 nec
3016 1901 3161 1947 metu
3187 1894 3393 1955 mortis,
3425 1900 3524 1946 nec
3545 1906 3639 1961 spe
3663 1891 3803 1959 vitae,

2226 2001 2326 2041 nec
2352 1984 2720 2056 persecutione
2744 2024 2760 2048 ,
2793 1998 2891 2038 nec
2917 1975 3076 2048 fame,
3108 1988 3208 2037 nec
3242 1981 3481 2037 nuditate
3500 2024 3516 2048 ,
3542 1995 3643 2037 nec
3667 1983 3806 2053 peri-

2227 2076 2368 2140 culo,
2399 2090 2497 2130 nec
2525 2068 2703 2144 gladio
2725 2115 2740 2141 ,
2771 2075 2939 2145 possit
2978 2072 3217 2143 separari
3257 2084 3288 2127 a
3329 2072 3552 2128 caritate
3576 2072 3727 2144 ejus;
3757 2081 3806 2129 et

2228 2168 2273 2223 si
2298 2167 2481 2240 Angeli
2507 2183 2737 2238 quoque,
2767 2176 2821 2222 et
2851 2165 3167 2227 Poteslates,
3196 2175 3249 2218 et
3272 2164 3350 2219 vel
3385 2165 3664 2234 prmsentia
3684 2206 3699 2231 ,
3727 2165 3806 2221 vel

2231 2258 2403 2314 futura
2430 2301 2446 2327 ,
2478 2261 2533 2315 et
2575 2273 2761 2313 omnes
2790 2256 3050 2314 caelorum
3096 2255 3456 2312 Fortitudines
3476 2296 3491 2321 ,
3524 2260 3581 2311 et
3603 2257 3807 2312 excelsa

2229 2352 2426 2422 pariter
2472 2366 2535 2406 ac
2581 2349 2878 2421 profunda,
2921 2358 2974 2403 et
3019 2349 3264 2402 universa
3293 2346 3449 2402 simul
3489 2357 3732 2403 creatura
3760 2348 3807 2404 ei

2230 2442 2477 2514 ingruat,
2524 2436 2666 2511 quod
2712 2454 3043 2511 nequaquam
3080 2445 3254 2509 potest
3302 2437 3418 2492 ﬁeri
3448 2455 3462 2491 :
3497 2446 3673 2493 tamen
3705 2454 3807 2493 non

2228 2544 2504 2604 separetur
2528 2548 2557 2586 a
2587 2531 2807 2587 caritate
2832 2530 2947 2595 Dei,
2980 2545 3140 2601 quam
3168 2528 3327 2584 habet
3350 2529 3402 2584 in
3424 2527 3696 2585 Christum
3725 2529 3809 2585 Je~

2229 2641 2344 2682 sum
2372 2645 2384 2681 :
2414 2642 2531 2697 quae
2569 2637 2651 2680 est
2682 2624 2779 2679 ista
2813 2634 2955 2677 tanta
2984 2622 3207 2678 mutatio
3230 2662 3246 2689 ,
3279 2621 3386 2675 imo
3425 2621 3660 2676 inaudita
3685 2634 3810 2692 pru-

2228 2716 2427 2782 dentia’,
2456 2727 2513 2771 ut
2531 2728 2628 2788 pro
2649 2715 2867 2771 caritate
2891 2713 3112 2781 Christi,
3134 2713 3266 2768 nolit
3285 2713 3481 2768 habere
3505 2711 3811 2768 Christum?

2232 2809 2296 2864 Et
2327 2822 2392 2863 ne
2418 2810 2466 2862 ei
2498 2806 2717 2862 forsitan
2763 2820 2869 2861 non
2897 2803 3181 2861 credamus
3199 2847 3221 2869 ,,
3242 2804 3390 2874 jurat
3410 2845 3427 2871 ,
3457 2812 3511 2859 et
3535 2804 3812 2860 confirmat

2229 2899 2281 2954 in
2323 2892 2537 2953 Christo
2556 2938 2570 2962 ,
2601 2902 2651 2952 et
2676 2894 3017 2952 conscientia:
3048 2909 3160 2950 sua:
3189 2902 3380 2950 testem
3410 2895 3623 2951 invocat
3643 2894 3815 2966 Spiri-

2231 3003 2340 3048 tum
2387 2992 2674 3059 Sanctum,
2724 3004 2782 3045 se
2825 2987 3024 3043 habere
3068 2988 3375 3055 tristitiam,
3405 3003 3512 3044 non
3554 2989 3723 3043 levem
3754 2997 3815 3044 ac

2231 3085 2538 3149 fortuitam;
2568 3083 2661 3138 sed
2692 3095 2935 3154 magnam
2968 3088 3022 3134 et
3062 3079 3431 3135 incredibilem
3456 3122 3472 3148 ,
3519 3088 3575 3136 et
3618 3066 3817 3136 habere

2228 3176 2465 3230 dolorem
2495 3174 2546 3227 in
2577 3172 2761 3236 corde,
2794 3186 2898 3224 non
2924 3170 3012 3239 qui
3041 3169 3106 3223 ad
3135 3171 3317 3222 horam
3347 3179 3547 3241 pungat
3581 3181 3635 3226 et
3674 3181 3820 3226 trait.

2228 3275 2361 3329 seat,
2393 3262 2485 3315 sed
2515 3262 2604 3331 qui
2629 3262 2825 3330 jugiter
2853 3259 2905 3312 in
2934 3258 3095 3312 corde
3138 3266 3468 3326 permaneat.
3499 3260 3619 3328 Quo
3651 3262 3820 3316 tendit

2229 3354 2328 3410 ista
2355 3351 2608 3407 histilia?
2639 3350 2720 3405 Ad
2744 3348 2870 3420 quid
2897 3347 3107 3418 proﬁcit
3140 3347 3474 3403 incessabilis
3495 3349 3690 3405 dolor?
3714 3352 3819 3422 Op-

2230 3448 2306 3501 tat
2331 3444 2614 3500 anathema
2645 3455 2764 3495 esse
2789 3455 2817 3493 a
2846 3436 3093 3504 Christo,
3140 3447 3195 3494 et
3222 3438 3401 3511 perire
3420 3480 3438 3508 ,
3483 3446 3542 3494 ut
3570 3438 3660 3496 alii
3689 3444 3818 3498 salvi

2228 3535 2395 3621 ﬁant“
2427 3528 2533 3592 Sed
2569 3533 2613 3587 si
2658 3530 3062 3587 consideremus
3103 3528 3300 3601 Moysis
3342 3544 3529 3585 vocem
3578 3534 3819 3603 rogantis

2232 3629 2397 3684 Deum
2430 3643 2527 3698 pro
2559 3624 2757 3697 populo
2784 3623 3114 3689 Judmornm,
3147 3632 3305 3692 atque
3335 3621 3563 3679 dicentis
3595 3638 3610 3677 :
3643 3625 3707 3680 Si
3734 3625 3819 3679 di-

2230 3723 2388 3777 mittis
2415 3722 2486 3775 eis
2516 3729 2779 3791 peccatum
2808 3733 2986 3781 suum,
3029 3715 3259 3780 dimitte;
3287 3715 3333 3770 si
3357 3726 3526 3770 autem
3570 3733 3670 3771 non
3711 3719 3815 3783 vis,

2232 3811 2343 3871 dele
2371 3831 2448 3869 me
2477 3814 2539 3867 de
2565 3812 2693 3867 libro
2715 3820 2801 3865 tuo
2827 3822 2975 3882 quem
2998 3808 3243 3879 scripsisti
3268 3808 3460 3878 (Exod.
3482 3808 3571 3864 52.
3593 3810 3682 3865 51.
3701 3804 3815 3885 '52),

2232 3906 2614 3980 perspiciemus
2640 3901 2912 3967 eumdem,
2943 3906 2999 3955 et
3029 3900 3244 3970 Moysis,
3278 3911 3329 3955 et
3362 3899 3509 3955 Pauli
3541 3916 3665 3972 erga
3695 3916 3818 3957 cre-

2231 3999 2401 4054 ditum
2452 3997 2552 4052 sibi
2599 4008 2813 4067 gregem
2869 3992 3139 4047 allectum.
3188 3990 3378 4045 Pastor
3454 3991 3597 4046 enim
3644 3992 3818 4048 bonus

2234 4085 2384 4162 ponit
2424 4089 2656 4142 animam
2702 4100 2852 4140 suam
2904 4098 3001 4155 pro
3045 4081 3234 4137 ovibus
3279 4083 3410 4138 suis.
3461 4082 3818 4139 Mercenarius

2234 4195 2433 4251 autem,
2466 4200 2584 4239 cum
2607 4180 2802 4237 viderit
2829 4181 3010 4249 lupum
3035 4178 3357 4244 venientem,
3389 4175 3538 4247 fugit,
3565 4177 3689 4248 quia
3713 4184 3815 4231 non

2235 4286 2359 4332 sunt
2385 4275 2501 4346 ejus
2529 4290 2657 4329 oves
2686 4270 2870 4343 (loan.
2907 4270 2995 4325 it).
3029 4271 3114 4324 ii.
3164 4267 3277 4338 1‘2).
3311 4268 3377 4323 Et
3404 4269 3507 4323 hoc
3534 4269 3703 4337 ipsqu
3735 4277 3819 4323 est

2236 4369 2415 4424 dicere
2448 4384 2467 4422 :
2509 4366 2762 4438 Optabam
2808 4363 3078 4417 anathema
3125 4375 3231 4415 esse
3270 4376 3302 4413 a
3342 4358 3575 4425 Christo;
3618 4369 3674 4415 et
3710 4360 3818 4415 dele

2236 4477 2314 4514 me
2366 4462 2428 4513 de
2475 4458 2603 4513 libro
2646 4466 2732 4510 tuo
2778 4471 2925 4525 quem
2962 4452 3229 4523 scripsisti.
3276 4450 3376 4519 Qui
3431 4452 3575 4507 enim
3634 4452 3816 4507 delen-

2239 4558 2325 4604 tur
2361 4550 2431 4604 de
2487 4548 2623 4603 libro
2673 4546 3009 4607 viventium,
3059 4550 3116 4598 et
3166 4557 3285 4598 cum
3333 4541 3491 4612 justis
3543 4557 3650 4597 non
3681 4543 3816 4597 scri—

2236 4641 2468 4707 buntur,
2499 4640 2782 4695 anathema
2827 4637 2961 4692 ﬁunt
2987 4651 3016 4691 a
3063 4636 3307 4690 Domino.
3347 4633 3625 4707 Simulque
3662 4650 3818 4691 cerne

2238 4735 2548 4805 Apostolnm
2575 4741 2791 4804 quantm
2829 4729 3068 4786 caritatis
3104 4728 3155 4783 in
3185 4727 3453 4784 Christum
3483 4728 3585 4795 sit,
3619 4735 3678 4783 ut
3722 4738 3818 4799 pro

2238 4826 2329 4883 illo
2358 4827 2535 4897 cupiat
2564 4825 2722 4889 mori,
2752 4832 2806 4879 et
2833 4822 2979 4877 solus
3009 4821 3206 4891 perire,
3241 4817 3534 4875 dummodo
3571 4833 3731 4874 omne
3765 4819 3816 4873 iit

2237 4919 2387 4974 illum
2412 4916 2596 4973 credat
2622 4915 2898 4971 hominum
2925 4927 3113 4983 genus.
3159 4910 3338 4966 Perire
3361 4918 3538 4964 autem
3558 4948 3575 4975 ,
3607 4925 3715 4965 non
3744 4908 3816 4982 (υ)

2238 5009 2291 5064 in
2319 5015 2658 5079 perpetuum,
2689 5003 2786 5059 sed
2812 5001 3312 5072 impraesentiarum.
3341 4998 3441 5066 Qui
3469 4998 3613 5054 enim
3648 4998 3819 5069 perdi-

2237 5101 2379 5157 derit
2419 5101 2650 5154 animam
2694 5111 2844 5151 suam
2890 5109 2987 5165 pro
3021 5093 3269 5158 Christo,
3302 5092 3503 5147 salvam
3542 5107 3661 5148 eam
3693 5091 3818 5148 facit

2238 5194 2451 5267 (Matth.
2505 5191 2591 5247 ιο.
2636 5187 2748 5258 59).
2775 5186 2966 5249 Unde,
3017 5197 3072 5242 et
3111 5185 3178 5241 de
3212 5183 3622 5257 quadragesimo
3660 5186 3818 5241 tertio

2236 5287 2449 5344 Psalmo
2474 5281 2700 5339 assumit
2724 5279 3026 5349 exemplum
3056 5297 3070 5332 :
3096 5277 3346 5344 Quoniam
3372 5286 3581 5347 propter
3606 5287 3655 5332 te
3678 5292 3815 5331 mor-

2299 5443 2372 5507 (b)
2407 5441 2772 5507 Chrysostomus
2793 5442 2954 5485 tamen
2966 5469 2988 5507 .,
3025 5447 3136 5507 quae
3161 5435 3269 5495 ejus
3304 5433 3432 5483 haud
3466 5434 3588 5484 satis
3608 5445 3822 5495 congrua

2236 5498 2479 5558 sententia
2504 5498 2724 5551 videatur
2742 5534 2755 5557 ,
2784 5509 2941 5555 asinis,
2964 5498 3120 5560 inquit
3139 5533 3152 5557 ,
3179 5511 3227 5555 ιες
3249 5509 3385 5559 τίω-ιν
3415 5506 3677 5560 agiagi
3695 5509 3823 5559 αισι..

2234 5557 2483 5631 Who-im
2500 5577 2664 5631 uolunta,
2790 5577 2855 5613 τοῦ
2877 5576 2961 5631 suis;
2986 5557 3171 5631 Ῐφλδαίαυς
3387 5574 3409 5603 ι
3433 5557 3629 5631 thavit
3643 5558 3716 5631 in_
3732 5557 3823 5619 ge-
3872 5574 3879 5579 ‘

2235 5618 2447 5681 bennam
2480 5618 2803 5683 descendere,
2843 5618 3143 5683 aeternisque
3182 5618 3653 5683 tradi_crueiatibus,
3685 5618 3823 5667 dum-

2236 5679 2380 5742 modo
2402 5689 2555 5738 Judaei
2580 5679 3244 5745 salutetn’cousequerentur.
3263 5695 3286 5725 ι
3308 5679 3660 5745 Hieronymus,
3675 5692 3823 5743 quem

2237 5741 2319 5804 alii
2346 5763 2522 5815 passnn
2546 5751 2701 5800 secuti
2723 5753 2854 5808 sunt,
2881 5760 2943 5796 ex
2969 5741 3192 5808 Origene
3210 5741 3413 5802 accepit.
