4088 6336
310 425 443 482 1029

286 539 559 606 ,ιὲρεαηιιιν
604 545 706 591 tota
744 536 854 601 die,
901 535 1120 607 reputati
1162 550 1336 590 sumus
1380 544 1434 588 ut
1463 550 1576 589 oves
1605 533 1873 588 occisionis

305 628 426 699 (Ps.
452 629 542 684 45.
567 627 683 695 23).
719 627 839 681 Vult
909 628 1076 698 878
1146 642 1275 697 ergo
1302 627 1587 697 Apostolus
1618 625 1791 696 perire
1821 625 1872 680 in

300 736 486 788 carne,
515 733 572 774 ut
615 720 702 774 alii
731 721 1001 774 salventur
1029 720 1082 774 in
1113 720 1337 789 spiritu;
1379 734 1533 774 suum
1561 717 1872 788 sanguinem

303 811 548 876 fundere,
574 821 631 865 ut
650 811 932 865 multorum
957 811 1150 864 animze
1175 820 1577 865 conserventur.
1603 809 1753 876 Quod
1782 823 1876 861 au-

303 913 412 958 tem
457 902 737 956 anathema
784 899 1049 954 interdum
1089 900 1420 955 occisionem
1456 909 1643 964 sonet,
1692 898 1875 952 multis

302 995 500 1046 veteris
528 991 865 1046 lnstrumenti
892 991 1210 1046 testimoniis
1241 991 1450 1061 probari
1492 999 1684 1060 potest.
1718 989 1782 1043 Et
1807 1003 1874 1043 ne

303 1097 473 1139 levem
509 1093 752 1152 putemus
794 1097 914 1138 esse
945 1083 1212 1137 tristitiam
1237 1123 1254 1147 ,
1284 1091 1339 1138 et
1368 1081 1629 1138 modicam
1659 1095 1873 1136 causam

301 1175 532 1238 doloris,
561 1173 764 1244 jungit,
810 1183 865 1229 et
890 1173 1057 1230 dicit:
1089 1173 1197 1228 Pro
1223 1174 1468 1244 fratribus
1506 1175 1649 1238 meis,
1678 1182 1724 1226 et
1751 1188 1873 1242 pro-

302 1267 504 1337 pinquis
519 1267 669 1336 juxta
697 1281 922 1319 carnem.
951 1265 1175 1332 Quando
1196 1265 1521 1335 propinquos
1546 1261 1797 1332 appellat,
1820 1270 1874 1315 et

303 1356 657 1426 lratresjuxta
687 1371 925 1420 carnem,
956 1357 1008 1410 in
1039 1357 1227 1425 spiritu
1252 1372 1281 1410 a
1310 1371 1369 1411 se
1389 1354 1620 1410 ostendit
1649 1354 1869 1408 alienos.

305 1447 532 1514 Quorum
561 1455 653 1508 est,
678 1446 867 1515 inquit,
895 1447 1124 1516 adoptio,
1148 1461 1266 1516 qua:
1289 1444 1669 1515 significantius
1687 1442 1874 1497 Gra'ce

300 1538 494 1590 dicitur
523 1541 747 1601 imbuta,
789 1536 858 1590 de
884 1536 1078 1606 quibus
1105 1520 1371 1606 quondam
1409 1533 1872 1613 Dominusloque-

301 1626 454 1679 batur
491 1641 504 1678 :
550 1623 717 1678 Filius
761 1625 1120 1695 primogenittts
1161 1641 1297 1679 meus
1338 1623 1553 1679 Israel:
1599 1623 1696 1685 Et,
1741 1622 1874 1686 ﬁlios

299 1718 467 1788 genui,
498 1728 544 1772 et
577 1717 794 1773 exaltan
820 1717 970 1789 (lsai.
1001 1720 1052 1773 1.
1091 1718 1146 1787 2)
1171 1761 1185 1783 ,
1219 1733 1359 1772 nunc
1377 1718 1540 1771 dicit:
1573 1714 1694 1768 Filii
1718 1713 1874 1767 alieni

299 1808 492 1860 mentiti
518 1819 633 1861 sunt
660 1809 782 1862 milii
808 1808 975 1880 (Psal.
1008 1810 1092 1863 17.
1122 1809 1235 1877 46).
1265 1808 1348 1870 Ει,
1371 1824 1581 1875 quorum
1604 1806 1787 1876 gloria,
1818 1812 1874 1858 ut

297 1897 365 1951 de
387 1899 596 1951 cunctis
619 1899 868 1968 gentibus
906 1899 1231 1968 eligerentur
1271 1899 1321 1951 in
1354 1898 1670 1967 peculiarem
1704 1911 1872 1966 popu-

299 1987 407 2041 lum
438 1989 527 2043 Dei
560 2005 572 2041 :
605 1989 691 2052 Et,
718 2006 932 2058 quorum
961 1999 1253 2043 testamenta
1271 1989 1366 2059 (a),
1401 2004 1560 2042 unum
1589 1988 1639 2040 in
1671 1987 1869 2050 littera,

294 2080 517 2134 alterum
550 2080 600 2133 in
630 2080 860 2149 spiritu:
910 2081 1080 2150 utqui
1121 2081 1270 2150 prius
1299 2080 1351 2132 in
1379 2092 1538 2132 carne
1579 2077 1874 2131 servierant

294 2169 629 2224 cmremoniis
658 2169 813 2239 Legis
841 2171 1088 2233 abolitm;
1134 2179 1320 2240 postea
1367 2167 1630 2223 servirent
1672 2168 1722 2219 in
1762 2167 1871 2235 spi-

294 2261 394 2314 ritu
427 2263 692 2315 mandatis
733 2262 1008 2331 Evangelii
1034 2262 1368 2330 sempiterni.
1404 2260 1466 2313 Et
1491 2261 1775 2330 legis/alio,
1801 2258 1869 2314 ad

295 2360 578 2420 utrumque
600 2351 908 2420 respondet,
940 2361 995 2406 et
1018 2353 1162 2417 novi,
1193 2361 1248 2407 et
1276 2353 1472 2406 veteris
1507 2351 1867 2405 lnstrumenti.

292 2439 361 2493 Et
384 2442 570 2506 cultus,
613 2442 664 2494 id
703 2448 806 2507 est,
839 2457 961 2496 vera
995 2442 1203 2512 religio.
1238 2440 1304 2494 Et
1331 2441 1784 2512 repromissiones;
1815 2449 1871 2495 ut

291 2533 547 2602 quidquid
575 2536 957 2602 repromissum
997 2544 1082 2589 est
1118 2535 1386 2605 patribus,
1431 2535 1788 2602 complcretur
1815 2531 1866 2586 in

293 2624 434 2678 (iliis.
469 2622 536 2676 Et
567 2623 730 2695 (quod
757 2625 1004 2678 omnibus
1030 2625 1199 2694 majus
1227 2626 1331 2695 est)
1357 2641 1421 2678 ea.
1438 2626 1616 2694 quibus
1640 2624 1868 2679 Christus

292 2712 361 2768 de
385 2711 545 2767 Maria
572 2714 782 2783 genitus
811 2713 1034 2784 virgine.
1063 2715 1138 2781 Et
1156 2724 1212 2769 ut
1236 2716 1496 2770 sciremus
1522 2715 1640 2786 quis
1671 2716 1769 2770 iste
1799 2715 1868 2769 sit

288 2802 570 2869 Christus,
598 2819 787 2858 causas
815 2804 1016 2859 doloris
1058 2806 1140 2860 sui
1186 2821 1292 2860 uno
1327 2820 1578 2861 sermone
1619 2820 1864 2874 compre-

289 2892 492 2959 hendit,
524 2896 608 2964 qui
633 2905 708 2948 est
733 2913 886 2966 super
909 2898 1080 2950 omnia
1103 2896 1238 2950 Deus
1257 2897 1544 2951 benedictus
1574 2897 1626 2950 in
1654 2896 1861 2960 siccata,

287 2983 550 3038 amen..Et
587 2985 686 3038 iste
714 2994 890 3040 tantus
911 3003 973 3041 ac
995 2987 1134 3051 talis,
1161 2988 1230 3042 ab
1253 2987 1333 3042 eis
1364 3003 1467 3041 non
1498 2989 1769 3058 recipitur,
1797 2988 1864 3043 de

289 3090 519 3143 quorum
557 3077 724 3146 stirpe
762 3088 1048 3148 generatus
1072 3091 1173 3134 eat.
1211 3081 1274 3134 Et
1300 3080 1643 3134 nihilominus
1687 3079 1864 3134 laudat

285 3166 466 3234 judicii
503 3168 804 3233 veritatem,
835 3185 901 3225 ne
939 3171 1202 3226 sententia
1232 3171 1323 3225 Dei
1357 3172 1407 3224 in
1439 3173 1764 3241 propinquos
1809 3181 1864 3227 et

291 3259 478 3314 fratres
507 3274 632 3314 suos
673 3262 957 3332 displicere
985 3263 1246 3329 videatur,
1280 3275 1334 3318 et
1363 3265 1447 3318 vel
1477 3275 1688 3322 austera
1717 3280 1859 3331 esse,

287 3349 370 3404 vel
401 3351 585 3406 nimia.
615 3351 672 3407 ln
704 3353 895 3422 quibus
925 3353 1086 3425 igitur
1110 3363 1258 3411 tanta
1286 3355 1500 3412 luerunt
1527 3357 1687 3424 bona,
1716 3357 1864 3413 dolet

285 3445 383 3496 cur
407 3456 546 3496 nunc
572 3450 720 3499 tanta
741 3445 879 3499 mala
907 3445 1033 3502 sint.
1669 3479 1710 3499 κ

357 3529 508 3585 CAP.
535 3530 603 3587 Χ.
633 3532 769 3598 Quid
793 3534 918 3590 velit
943 3535 1188 3607 intelligi,
1210 3537 1355 3609 quod
1400 3539 1538 3594 idem
1575 3539 1862 3609 Apostolus

287 3622 473 3677 scribit
496 3623 562 3678 ad
591 3623 968 3680 Colossenses:
989 3626 1154 3682 Nemo
1169 3646 1253 3683 vos
1265 3641 1484 3699 superet,
1507 3637 1674 3686 volens
1694 3634 1744 3685 in
1763 3635 1861 3686 Im-

287 3713 496 3768 ntilitate
524 3715 704 3769 mentis
733 3724 780 3770 et
806 3715 1047 3786 religione
1073 3718 1400 3789 Angelorum,
1427 3737 1540 3790 qua:
1577 3739 1677 3774 non
1706 3723 1828 3776 vidit
1845 3765 1858 3788 ,

286 3803 552 3858 ambulans
576 3808 766 3877 frustra
785 3806 992 3876 inﬂatus
1011 3824 1157 3862 sensu
1177 3811 1345 3864 carnis
1365 3826 1488 3875 sate,
1512 3822 1558 3865 et
1581 3830 1679 3865 non
1692 3823 1864 3868 tenens

286 3905 456 3964 caput,
483 3911 548 3950 ea:
567 3913 666 3966 quo
694 3907 851 3952 totum
874 3915 1059 3969 corpus
1089 3916 1178 3970 per
1205 3917 1362 3956 nexus
1413 3911 1461 3956 et
1489 3904 1863 3971 conjunctiones

284 3985 718 4040 subministratum
769 3997 814 4044 et
851 3992 1176 4061 conjunctum
1219 3991 1392 4046 crescit
1440 3993 1491 4044 in
1540 4003 1864 4064 augmentum

287 4077 381 4131 Dei
407 4079 714 4148 (σώσειε.
747 4082 833 4137 18.
869 4083 995 4153 19),
1027 4091 1082 4137 et
1105 4084 1329 4154 reliqua.
1353 4085 1486 4139 Illud
1507 4086 1648 4156 quod
1673 4086 1863 4141 crebro

285 4169 516 4243 diximus
547 4188 560 4224 :
595 4171 662 4226 Et
689 4173 734 4226 si
754 4173 1011 4244 imperitus
1037 4190 1292 4240 sermone,
1339 4191 1438 4228 non
1469 4186 1634 4229 tamen
1656 4177 1864 4231 scientia

287 4262 364 4333 (2.
395 4262 514 4319 Cor.
547 4266 634 4321 11.
669 4265 762 4335 6),
793 4281 1125 4337 nequaquam
1172 4268 1393 4322 Paulum
1436 4267 1505 4324 de
1537 4269 1860 4339 humilitate,

283 4356 448 4428 879
549 4357 644 4412 sed
697 4357 806 4430 (b)
859 4359 928 4414 de
981 4360 1322 4414 conscientize
1378 4363 1599 4416 veritate
1664 4361 1862 4416 dixisse

283 4451 445 4503 etiam
476 4465 616 4504 nunc
643 4451 1018 4520 approbamus.
1044 4452 1347 4508 Profundos
1373 4455 1512 4507 enim
1541 4463 1592 4508 et
1613 4454 1862 4508 recondi-

284 4546 369 4591 cos
398 4553 588 4593 sensus
616 4540 790 4609 lingua
821 4557 925 4595 non
962 4543 1212 4611 explicat.
1246 4543 1312 4598 Et
1354 4559 1474 4598 cum
1516 4545 1628 4615 ipse
1668 4546 1864 4600 sentiat

283 4628 410 4696 quid
459 4629 742 4696 loquatur,
791 4631 842 4683 in
889 4631 1094 4685 alienas
1141 4648 1300 4688 aures
1353 4649 1486 4702 puro
1534 4649 1638 4688 nor)
1686 4645 1862 4704 potest

287 4720 576 4783 transferre
604 4733 874 4774 sermone.
917 4722 1085 4786 Quem
1131 4737 1252 4776 cum
1285 4725 1337 4778 in
1363 4725 1650 4778 vernacula
1681 4725 1860 4794 lingua

286 4809 480 4864 haheat
503 4808 913 4866 disertissimum
947 4810 1164 4880 (quippe
1205 4812 1464 4868 Hebrreus
1492 4830 1557 4868 ex
1588 4815 1856 4882 Hebraeis,

282 4912 336 4956 et
363 4887 605 4957 eruditus
629 4901 694 4956 ad
725 4902 886 4972 pedes
911 4901 1217 4958 Gamalielis
1236 4943 1252 4969 ,
1283 4905 1381 4958 viri
1409 4905 1461 4958 in
1493 4904 1632 4974 Lege
1658 4905 1860 4960 doctis-

279 4993 426 5062 simi)
457 4993 688 5062 seipsum
716 4992 1056 5064 interpretari
1079 4995 1318 5064 cupiens.
1347 4995 1650 5050 involvitur.
1682 4995 1738 5050 Si
1767 5011 1860 5050 au-

283 5094 390 5136 tem
420 5084 470 5136 in
499 5081 680 5137 Graeca
714 5083 890 5153 lingua
923 5083 1026 5139 hoc
1049 5085 1097 5138 ei
1123 5085 1338 5150 accidit,
1365 5099 1522 5156 quam
1553 5086 1781 5140 nutritus
1807 5087 1857 5141 in

282 5172 449 5228 Tarso
477 5173 678 5229 Cilicia:
708 5188 737 5228 a
767 5189 926 5244 parva
968 5184 1125 5230 :etate
1164 5176 1486 5242 imbiberat,
1516 5176 1640 5247 quid
1668 5177 1735 5231 de
1760 5177 1860 5232 La-

283 5265 407 5318 tinis
435 5263 720 5318 dicendum
746 5276 859 5330 est,
890 5265 980 5335 qui
1013 5265 1230 5321 verbum
1263 5267 1329 5323 de
1367 5267 1534 5323 verbo
1559 5269 1858 5337 exprimere

341 5429 414 5491 (a)
447 5425 892 5502 Plurium‘n‘umero
914 5435 1095 5502 praiter
1113 5442 1274 5502 graeca
1293 5425 1609 5502 exemplaria,
1632 5428 1862 5494 Augusti-

277 5489 371 5540 nus
397 5489 605 5563 quoque
631 5495 683 5538 et
705 5489 985 5563 inibrqs'ius
1008 5489 1210 5563 legunt;
1237 5495 1363 5563 quod
1390 5489 1508 5543 vero
1531 5489 1752 5563 vetusa'e
1776 5508 1862 5563 no-

279 5566 390 5600 vum
430 5549 819 5614 instrumentum
874 5549 1013 5614 Hier.
1066 5549 1444 5614 interpretatur,
1494 5557 1686 5604 tametsi
1732 5557 1856 5606 mul-

277 5622 354 5662 tos
376 5625 439 5661 ex
463 5613 674 5678 antiquis
707 5611 885 5678 habeat
923 5611 1250 5674 tidejussores,
1271 5623 1400 5678 psunt
1422 5611 1600 5678 quibus
1635 5618 1860 5668 videatur

275 5688 370 5738 non
397 5686 510 5722 esse
545 5674 604 5721 ad
643 5674 849 5738 Apostoli
887 5683 1130 5738 mentem,
1154 5676 1281 5738 quod
1319 5674 1516 5738 veteris
1543 5679 1710 5738 populi
1730 5712 1745 5737 ,
1769 5694 1859 5730 seu

275 5737 546 5844 Synagqga
568 5735 909 5807 praerogativas
932 5735 1017 5808 ille
1041 5735 1302 5788 enunieret
1321 5774 1344 5810 ,θ
1363 5751 1458 5809 non
1480 5735 1734 5788 Ecclesia.

340 5799 412 5844 tbi
489 5795 554 5844 td.
602 5794 754 5844 Lnist.
808 5811 1051 5844 sunertor.
1113 5799 1171 5844 ad
1219 5799 1495 5844 Hetlllnam.
1547 5800 1732 5844 Ouzest.

340 5794 754 5904 (2)0Vid.‘Epist'.
808 5799 1051 5861 superior.
1113 5799 1171 5847 ad
1219 5794 1495 5850 Hedibiam.
1547 5800 1732 5858 Quaest.
1773 5801 1856 5853 Χῐ.

604 5940 698 6009 .8.
748 5943 1116 6004 Hrenouvut
1161 5941 1205 6003 l.

1598 417 1926 480 EPISTOLA
1962 416 2146 474 CXXI.

3421 416 3560 482 1030

1982 537 2255 595 conantes,
2285 529 2620 586 obscuriores
2646 530 2847 587 faciunt
2871 532 2987 602 ejus
3011 535 3302 590 sententias
3333 552 3346 588 :
3375 546 3430 591 et
3455 555 3554 594 ven

1979 619 2073 676 luti
2100 619 2278 675 herbis
2323 619 2718 688 crescentibus,
2750 621 2957 694 frugum
2985 627 3318 696 Strangillant
3344 627 3555 680 ubertao

1980 711 2127 766 tem?
2165 710 2486 765 Conahimur
2535 712 2715 780 itaque
2756 727 3148 786 παραφραστικῶς
3175 729 3368 772 sensus
3396 715 3551 770 evol-

1979 815 2124 866 vere,
2153 812 2208 855 et
2248 802 2408 856 tricas
2441 802 2692 871 implicati
2732 803 2959 872 eloquii,
3003 821 3101 860 suo
3123 807 3294 863 ordini
3326 806 3553 867 reddere

1977 899 2136 960 atque
2170 891 2464 960 juncturte;
2508 900 2566 945 ut
2608 891 2835 961 simplici
2882 896 3108 950 stamine
3148 883 3433 950 verborum
3466 895 3553 950 lila

1977 981 2264 1038 decurrant
2289 999 2302 1036 :
2336 999 2574 1054 puroque
2599 983 2952 1054 subtegmine,
2978 981 3269 1055 Apostolici
3289 989 3554 1044 sermonis

1979 1083 2187 1129 textura
2225 1087 2549 1130 succrescat.
2597 1074 2761 1129 Nemo
2788 1092 2873 1129 vos
2899 1086 3097 1145 superet
3120 1113 3134 1142 ,
3167 1078 3218 1132 id
3247 1089 3326 1134 est
3348 1121 3362 1145 ,
3395 1073 3555 1136 nemo

1977 1165 2260 1221 adversum
2312 1181 2406 1221 vos
2447 1167 2684 1222 hravium
2722 1168 2990 1238 accipiat:
3035 1169 3138 1224 hoc
3176 1172 3318 1226 enim
3365 1170 3554 1230 Graece

1975 1254 2187 1322 dicitur,
2219 1266 2602 1332 καταϐρκεωιτω
2628 1257 2840 1328 quando
2863 1259 2983 1329 quis
3010 1259 3062 1313 in
3092 1245 3383 1315 certamine
3412 1251 3556 1332 po‘si-

1979 1353 2080 1409 tus,
2115 1345 2392 1414 iniquitate
2417 1348 2777 1416 agonotliette,
2805 1349 2890 1403 vel
2918 1349 3125 1404 insidiis
3155 1350 3548 1420 magistrorum,

1973 1443 2182 1506 ϐραϐεῖον
2211 1445 2265 1491 et
2295 1437 2520 1504 palmam
2548 1438 2651 1492 sibi
2671 1439 2902 1493 debitam
2926 1440 3118 1508 perdit.
3141 1424 3406 1512 Multaque
3429 1454 3555 1498 sunt

1976 1525 2167 1589 verba,
2213 1527 2410 1595 quibus
2451 1529 2600 1597 juxta
2645 1545 2849 1584 morem
2880 1531 3025 1584 urbis
3051 1542 3104 1585 et
3130 1533 3415 1600 provincia:
3442 1548 3553 1587 suae

1975 1616 2283 1672 familiarius
2302 1619 2587 1688 Apostolus
2605 1619 2786 1673 utitur.
2810 1620 2851 1673 E
2877 1622 3070 1689 quibus
3093 1623 3342 1692 (exempli
3361 1624 3554 1696 gratia)

1977 1723 2140 1776 pauca
2180 1709 2424 1778 ponenda
2467 1720 2612 1763 sunt.
2665 1709 2799 1763 Mihi
2822 1721 2988 1764 autem
3019 1728 3196 1781 parum
3237 1725 3309 1766 est
3325 1714 3558 1784 judicari

1973 1799 2037 1850 ab
2079 1799 2299 1853 humano
2336 1800 2419 1853 die
2456 1802 2473 1869 (
2504 1801 2556 1854 1.
2585 1803 2702 1856 Cor.
2732 1803 2845 1872 1.),
2876 1802 2977 1857 huc
3002 1811 3112 1865 est.
3143 1808 3238 1858 ἀπὸ
3266 1809 3554 1878 ἀνθρωπίνης

1976 1898 2150 1962 ἡμέρας
2171 1909 2184 1943 :
2207 1891 2290 1958 Et,
2313 1891 2589 1946 humanum
2608 1893 2719 1946 dico
2735 1894 2910 1964 (Rom.
2936 1895 3011 1965 6),
3036 1895 3136 1951 hoc
3157 1908 3256 1961 est,
3276 1900 3555 1970 ἀνθρώπινσν

1974 1990 2121 2048 λέγωε
2149 1983 2215 2036 Ει
2233 2023 2248 2049 ,
2271 1988 2326 2038 οὗ
2346 1991 2666 2054 κατενάρκησα
2696 1995 2838 2054 ἡμᾶς,
2863 1988 2964 2042 hoc
2991 1996 3092 2052 est,
3117 2005 3214 2043 non
3244 1992 3447 2060 gravavi
3468 2009 3554 2047 vos

1974 2075 2032 2142 (‘2
2057 2073 2174 2128 Cor.
2205 2073 2295 2147 12)
2322 2093 2334 2128 :
2364 2085 2418 2129 et
2453 2077 2592 2144 quod
2631 2092 2772 2132 nunc
2800 2079 3020 2142 dicitur,
3065 2085 3225 2146 μηδιίς
3262 2087 3381 2149 ops;
3402 2105 3554 2138 κατα·

1973 2172 2230 2234 ϐραϐευέτω
2260 2164 2310 2218 id
2339 2174 2441 2231 est,
2467 2167 2636 2220 nullus
2660 2167 2888 2221 braviunt
2916 2169 3130 2237 accipiat
3158 2161 3419 2224 adversum
3443 2187 3546 2228 vos.

1973 2255 2175 2321 Quibus
2207 2265 2260 2310 et
2285 2257 2405 2312 aliis
2427 2259 2606 2314 multis
2635 2259 2814 2314 verbis
2842 2275 3011 2330 usque
3036 2260 3194 2316 hodie
3218 2273 3434 2318 utuntur
3457 2262 3552 2319 Ci-

1972 2345 2122 2400 lices.
2167 2346 2275 2402 Nec
2307 2351 2406 2402 hoc
2436 2349 2690 2404 miremur
2733 2350 2788 2403 in
2815 2351 3106 2420 Apostolo,
3148 2353 3192 2406 si
3233 2362 3410 2407 utatur
3435 2354 3551 2423 ejus

1973 2435 2164 2506 lingua:
2207 2439 2594 2495 consuetudine
2619 2481 2634 2502 .
2681 2441 2734 2494 in
2761 2456 2863 2509 qua
2898 2450 3052 2497 natus
3079 2453 3162 2497 est
3192 2452 3246 2498 et
3286 2446 3512 2498 nutritus
3533 2489 3548 2507 .

1969 2544 2088 2582 cum
2117 2528 2364 2599 Virgilius
2386 2571 2401 2594 ,
2429 2532 2564 2586 alter
2596 2531 2856 2587 Homerus
2884 2533 3022 2603 apud
3063 2550 3159 2589 nos
3179 2577 3193 2599 ,
3223 2536 3410 2605 patrize
3435 2551 3548 2591 sua:

1969 2632 2199 2688 sequens
2243 2621 2719 2684 consuetudinem,
2765 2623 3064 2677 sceleratum
3109 2625 3272 2696 frigus
3317 2627 3549 2696 appellet

1971 2707 2182 2779 (Georg.
2240 2709 2314 2780 2).
2365 2709 2535 2764 Nerua
2580 2728 2712 2782 ergo
2760 2728 2854 2768 vos
2897 2724 3111 2784 superet
3155 2731 3220 2771 ac
3263 2717 3545 2781 devincit.

1966 2801 2132 2872 880
2203 2803 2384 2856 volens
2428 2802 2777 2858 humilitatem
2808 2805 2997 2860 litterae
3027 2809 3214 2878 sequi,
3242 2817 3297 2864 et
3339 2810 3407 2882 (τ)
3439 2812 3549 2864 An-

1967 2893 2207 2961 gelorum
2254 2893 2564 2964 religionem
2623 2903 2782 2965 atque
2834 2897 3128 2964 culturam;
3161 2909 3217 2954 ut
3275 2917 3380 2957 non
3427 2917 3546 2958 ser-

1971 2981 2128 3056 viatis
2152 2982 2414 3053 spirituali
2439 2984 2833 3054 intelligentim,
2865 2984 2958 3041 sed
2989 2991 3381 3059 exemplaribus
3407 2986 3546 3046 futu-

1967 3087 2170 3137 rorum,
2201 3089 2320 3143 qua:
2344 3090 2444 3130 nec
2469 3075 2582 3145 ipse
2611 3075 2759 3138 vidit,
2788 3078 2875 3146 qui
2905 3093 2998 3130 vus
3033 3093 3286 3148 superare
3329 3081 3544 3137 deside-

1965 3175 2070 3232 rat,
2099 3167 2214 3237 sive
2231 3167 2372 3221 videt
2401 3167 2479 3238 (tl)
2503 3169 2810 3237 (utrumque
2831 3169 2972 3242 enim
3003 3169 3228 3225 habetur
3255 3173 3304 3226 in
3332 3174 3545 3246 Cra-co)

1966 3260 2260 3328 praesertim
2287 3275 2406 3313 cum
2435 3268 2646 3314 tumens
2674 3259 2942 3324 ambulet,
2971 3269 3024 3315 et
3069 3263 3278 3318 incedat
3306 3265 3540 3330 innatus,

1967 3351 2268 3422 mentisque
2293 3351 2594 3421 superbiam
2615 3391 2630 3420 ,
2662 3361 2812 3422 gestu
2839 3355 3080 3423 corporis
3125 3355 3376 3424 przul'erat
3397 3400 3411 3423 ,
3442 3357 3544 3414 huc

1965 3444 2106 3498 enim
2165 3444 2424 3518 signiﬁcat
2453 3451 2734 3513 ἐμϐατεύων.
2783 3443 2999 3502 Frustra
3024 3457 3202 3503 autem
3232 3451 3448 3506 inﬂatur
3484 3463 3540 3509 et

1968 3541 2134 3588 tumet
2156 3549 2314 3589 sensu
2341 3536 2517 3590 carnis
2537 3550 2668 3601 sum,
2689 3536 2973 3590 carnaliter
2997 3549 3184 3593 cuneta
3213 3533 3538 3614 intelligens,

2034 3661 2308 3738 (cjr‘Conl'eAr
2352 3663 2674 3738 commentam
2715 3666 2767 3714 in
2780 3666 3083 3738 “Matheo-um
3275 3671 3336 3738 V_.
3375 3673 3542 3738 deque

1964 3723 2161 3810 ista?
2255 3725 2474 3810 Weiss
2489 3723 3360 3810 ξεὲίέξὶοηξνιιῖρξωξξῑιυητη,ιίὲὲἡέιε
3385 3723 3542 3810 Anie-

1967 3787 2158 3846 nentia.
2188 3785 2451 3845 Origenem
2489 3785 2654 3835 contra
2693 3785 2892 3836 Celsum
2924 3785 3078 3838 lib-'5.
3105 3790 3144 3839 Τ
3149 3790 3452 3844 ertullianum
3477 3785 3542 3846 de

1967 3845 2422 3907 Prteseriptionibus
2445 3859 2548 3908 cap.
2575 3847 2654 3908 45,
2683 3849 2762 3896 ubi
2786 3849 2851 3895 de
2873 3848 3068 3898 Simone
3087 3863 3144 3900 ac
3163 3849 3412 3905 Cerintho.
3433 3845 3543 3906 ΡΙεὲ

1966 3908 2165 3956 nissime
2182 3906 2307 3956 vero
2338 3906 2564 3958 Clemens
2599 3906 2958 3959 Alexandrinus
2979 3909 3064 3959 lib.
3089 3912 3137 3961 6.
3163 3912 3342 3962 Strom.
3365 3915 3431 3966 de
3452 3917 3541 3968 Ju-

1965 3968 2084 4016 dacis
2108 3968 2269 4026 tradit,
2311 3982 2434 4019 lutivot
2453 3983 2559 4030 μόνον
2582 3983 2736 4030 ὀιὸμινςοι
2756 3983 2927 4034 τὸγῌυιὸν
2947 3986 3140 4034 γινώσκειν,
3155 3990 3219 4024 οὓιι
3242 3987 3451 4028 [utaturut
3472 3991 3538 4028 λι-

1965 4041 2148 4090 ηρώοντις
2191 4041 2376 4092 ἀγτιλους,
2413 4044 2481 4099 ιεσιι
2501 4042 2747 4099 samum.
2776 4031 2852 4080 Illi
2884 4031 3028 4099 animi
3053 4041 3208 4084 Deum
3241 4049 3291 4086 se
3325 4044 3545 4099 putantes

1967 4102 2267 4200 εὲςηοδιὲεηί
2289 4104 2382 4141 non
2415 4091 2710 4156 intelligant,
2733 4105 2784 4143 se
2823 4094 3020 4157 Angelos
3057 4101 3198 4156 atque
3222 4091 3546 4162 arcltangelos

1967 4164 1996 4200 a
2033 4165 2145 4199 arar
2177 4186 2190 4200 .
2216 4166 2245 4200 e
2269 4166 2312 4200 c.

1965 4160 2190 4206 adorare,
2216 4160 2312 4202 etc.

2035 4210 2113 4284 (ὁ).
2141 4213 2363 4276 Explicat
2375 4212 2611 4264 Reatinus
2633 4214 2809 4284 editor,
2829 4223 2890 4265 ex
2912 4229 2974 4266 eo
2995 4217 3122 4284 quod
3137 4225 3402 4284 utrumque
3421 4228 3547 4284 tem~

1967 4287 2056 4336 pus
2081 4275 2245 4344 Graeca
2266 4289 2360 4344 vox
2402 4289 2550 4344 “om”
2575 4278 2845 4344 exprimat,
2866 4292 2975 4328 cum
3011 4275 3076 4344 sit
3111 4275 3383 4344 αραιίμῷς.
3420 4283 3544 4335 Vide

1965 4349 2078 4384 num
2103 4338 2209 4407 ejus
2233 4338 2328 4386 vim
2354 4341 2506 4407 verbi,
2534 4344 2587 4387 et
2623 4337 2749 4387 torte
2785 4337 3066 4407 Hieronymi
3089 4337 3308 4407 mentem
3347 4337 3546 4407 propius

1964 4399 2297 4470 assecuti‘nos
2339 4401 2710 4470 sim.us;_nneque
2742 4403 2872 4470 enim
2911 4399 3060 4463 “93m
3097 4402 3225 4452 aliud
3250 4399 3394 4468 quain
3417 4399 3543 4470 pra:-

1966 4462 2162 4526 ter-itum
2187 4467 2379 4522 tempus
2398 4459 2690 4526 signiﬁcare
2715 4464 2912 4526 minime
2936 4459 3055 4512 vero
3075 4470 3133 4512 ad
3158 4459 3375 4526 prasens
3399 4459 3544 4520 usur-

1965 4522 2066 4627 liari
2101 4521 2308 4584 unquam
2343 4521 2579 4570 novimus.
2623 4521 2880 4583 Duplicem
2919 4521 3306 4584 putamus'innui
3349 4529 3536 4584 Paulini

1981 4583 2057 4627 oci
2082 4581 2364 4627 lectionem.
2392 4595 2501 4627 dum
2526 4582 2698 4627 iisdem
2721 4590 2885 4627 tamen
2909 4598 2939 4627 e
2963 4586 3126 4627 verbis
3144 4588 3380 4627 oriretur.
3416 4591 3536 4627 alla-

1981 4583 2057 4630 oci
2082 4581 2364 4649 lectionem,
2392 4595 2507 4649 quae
2526 4581 2885 4649 iisdem‘tamen
2909 4581 2939 4632 ἐ
2956 4586 3126 4649 verbis
3144 4588 3382 4649 oriretur,
3415 4581 3540 4643 alte;

1965 4655 2066 4690 ram
2090 4643 2291 4717 scilicet,
2329 4643 2472 4706 quam
2495 4643 2728 4717 hodierna
2773 4643 3539 4717 exemplaria‘prteferuntasp...

1966 4716 2180 4778 ιμςατιυυν,
2202 4703 2410 4778 aliteran).
2429 4716 2519 4765 te.”
2540 4716 2820 4778 κινεμςαειυω.
2845 4703 2942 4778 suli
2964 4703 3062 4778 aiio
3083 4703 3413 4778 taniunuinyo
3435 4703 3533 4778 gn:

1964 4763 2179 4838 libarum
2201 4763 2542 4838 distinctione:
2578 4763 2630 4813 et
2653 4766 2862 4838 priorem
2895 4765 3039 4838 vidit,
3057 4763 3536 4838 neminediﬂiteule,

1964 4824 2106 4890 aliam
2132 4824 2396 4890 vero_t_'idet
2419 4837 2480 4873 ex
2506 4824 2808 4890 imperfecto,
2833 4829 2960 4890 quod
2997 4824 3049 4879 et
3070 4832 3294 4884 instantis
3315 4824 3411 4886 vim
3446 4824 3536 4890 lia:

1965 4886 2097 4942 beat,
2137 4885 2443 4957 significare;
2467 4897 2525 4957 ιειν
2550 4885 2689 4957 enim.
2715 4885 2942 4957 quod-est
2974 4890 3174 4957 frustra,
3199 4906 3262 4942 ex
3286 4885 3407 4957 meo,
3427 4885 3536 4954 cuin

1967 4957 2168 5018 tusci-nom
2191 4945 2252 5018 ex
2279 4945 2460 5018 Grteeie
2478 4945 2655 5018 linguaa
2679 4945 2875 5010 ingenio
2896 4945 3218 5018 coniunctum,
3241 4945 3452 5018 perinde
3459 4945 3538 5014 Egi

1964 5020 2021 5084 ac
2053 5014 2299 5084 tumenter
2342 5007 2594 5084 ambulant-.5
2638 5022 2701 5058 ex
2735 5007 2862 5084 varia
2903 5007 3073 5084 {no—ria.
3112 5007 3252 5084 Hinc'
3278 5007 3536 5084 magna:

1965 5077 2225 5140 uirumque
2250 5075 2444 5130 tempus
2467 5071 2514 5140 in
2538 5067 2730 5140 ‘Grteco
2755 5067 2943 5140 haberi,
2966 5076 3188 5140 atlirmari
3213 5067 3536 5140 poterittli—ec

1963 5129 2488 5198 dissimu_lamus,__i1uod
2523 5131 2826 5198 Augustinus
2859 5129 3010 5198 Epist.
3055 5138 3160 5185 H9.
3199 5129 3256 5187 ad
3283 5129 3535 5193 Paulinum

1964 5203 2096 5265 uuln.
2130 5191 2206 5265 “2.8.
2244 5191 2404 5265 tradit,
2445 5193 2493 5264 in
2531 5191 2815 5265 quibusdam
2837 5191 3297 5265 ico'dieibusomitti
3320 5191 3534 5265 negandi

1965 5251 2262 5326 particulam,
2283 5266 2340 5326 ac
2362 5252 2458 5318 legi
2476 5251 2585 5326 qua:
2609 5253 2741 5326 i‘iait.
2757 5257 2881 5326 Quin
2907 5262 3050 5326 etiam
3070 5264 3300 5326 ejusmodi
3320 5251 3532 5326 Lamus;

1965 5312 2018 5380 et
2056 5312 2628 5380 Graecos__Mss.'aliquot
2663 5312 2871 5368 inveniri
2912 5312 3114 5380 scimus:
3148 5335 3240 5372 nec
3273 5312 3535 5376 dillltemur

1965 5376 2094 5448 idem
2117 5378 2204 5448 abs
2237 5376 2546 5448 Hieronymo'_
2568 5380 2702 5448 innui
2737 5383 2962 5448 potuisse
2986 5376 3110 5444 apud
3133 5398 3280 5448 quem
3303 5387 3426 5434 adeo
3450 5401 3537 5448 pro

1964 5437 2111 5511 sitiet,
2136 5437 2395 5511 legendum
2420 5437 2637 5511 saevidit.
2673 5437 2770 5511 Sed
2794 5457 2904 5511 rum
2931 5437 3257 5494 Graecum'ille
3282 5460 3427 5495 unum
3450 5437 3536 5511 'ap-

1966 5498 2137 5572 pellet,
2163 5498 2256 5572 nec
2281 5507 2459 5572 tamam
2485 5504 2530 5550 in
2549 5518 2616 5572 _cu
2641 5505 2973 5572 variationem,
2996 5515 3173 5566 quanta
3199 5511 3324 5556 inter
3342 5498 3535 5572 negan-

1964 5561 2094 5618 dum,
2131 5569 2277 5622 atque
2315 5561 2643 5612 allii-mandunt
2682 5571 2788 5625 est,
2833 5561 3053 5614 videatur
3089 5575 3258 5617 notare
3286 5581 3298 5616 :
3322 5561 3536 5625 denique

1964 5635 2136 5672 manus
2159 5631 2348 5687 temere
2387 5638 2492 5687 ejus
2516 5627 2679 5674 verbis
2712 5639 2805 5674 non
2841 5628 3205 5687 sttiuferenda,
3230 5631 3381 5680 satius
3418 5627 3534 5682 illud

1965 5695 2055 5745 ωρα
2087 5697 2175 5748 seu
2202 5684 2363 5746 potius
2398 5684 2476 5748 (ea,
2498 5695 2760 5748 augmento
2795 5686 3099 5748 quodlaeile
3122 5684 3304 5738 librarii
3326 5691 3535 5742 induxe-

1964 5748 2080 5805 rint,
2106 5747 2322 5806 dempto.
2339 5747 2600 5807 “upon.st
2623 5748 2755 5794 innui
2780 5747 3072 5807 cenjicimus.
3099 5750 3325 5800 Profecto
3340 5753 3534 5803 minium

1964 5810 2176 5856 omnium
2197 5808 2468 5870 audiendus
2501 5807 2745 5870 Erasmus,
2771 5809 2853 5870 qui
2878 5807 2926 5870 Si.
2953 5807 3179 5860 Doctoris
3200 5819 3415 5861 mentem
3439 5825 3534 5862 non

1969 5875 2234 5927 assecutus,
2259 5865 2320 5918 de
2342 5881 2428 5917 suo
2455 5869 2660 5930 legerat,
2684 5865 2996 5919 sioe'auaivit.
3339 5874 3343 5878 ’

2673 5950 2693 6019 l
2701 5952 2887 6012 Trent
2894 5952 3168 6036 e-trois.)
