4088 6336
571 439 591 490 l
599 436 700 493 031

568 561 623 607 et
653 544 990 604 traditionum
1021 535 1356 593 Iudaicarum
1399 529 1750 586 deliramenta
1788 524 2138 598 perquirens,

570 651 754 695 etnon
787 645 974 690 tenens
1001 634 1160 698 caput
1181 624 1420 681 omnium
1459 622 1876 689 Scripturarum,
1917 614 2046 670 illud
2075 613 2144 668 de

570 747 677 803 quo
719 727 976 798 scriptum
1024 729 1107 776 est
1140 715 1346 788 :Caput
1401 715 1495 769 uiri
1538 713 1769 768 Christus
1812 717 1886 764 est
1920 708 1982 772 (1
2021 705 2136 761 Cor.

568 799 638 889 2,
668 824 737 885 '5;
765 817 956 888 Ephes.
988 815 1041 880 1,
1068 820 1114 867 et
1142 811 1178 867 4
1206 819 1253 864 et
1290 809 1358 871 5;
1395 807 1587 862 Coloss.
1618 805 1641 858 1
1673 803 1713 872 ).
1756 799 1925 870 Caput
1964 805 2143 852 autem

570 931 634 971 ac
679 909 993 983 principium
1027 904 1188 958 totius
1230 899 1505 969 corporis,
1540 907 1832 964 eorumque
1885 891 1972 962 qui
2027 905 2146 945 cre-

569 1006 722 1071 dunt,
749 1011 804 1058 et
828 999 1003 1055 omnis
1023 993 1384 1064 intelligentia:
1406 988 1716 1059 spiritualis.
1743 984 1820 1039 Es
1842 998 1947 1054 quo
1971 983 2145 1050 capite

569 1107 765 1164 corpus
795 1087 1049 1146 Ecclesia:
1079 1101 1173 1158 per
1201 1099 1322 1139 suas
1351 1092 1635 1148 compages
1660 1086 1820 1146 atque
1845 1076 2141 1145 juncturas,

571 1186 784 1240 vitalem
807 1181 1064 1237 doctrina:
1091 1175 1331 1232 caelestis
1371 1170 1567 1240 accipit
1591 1182 1811 1223 succum
1834 1210 1848 1230 ,
1883 1175 1939 1220 ut
1965 1165 2143 1219 omnia

570 1275 825 1349 paulatim
862 1270 1100 1328 membra
1131 1273 1476 1337 vegetentur,
1504 1270 1558 1317 et
1585 1275 1681 1331 per
1718 1258 1957 1314 occultos
1981 1271 2144 1310 vena-

573 1348 690 1426 rum
717 1375 941 1428 meatus,
968 1360 1216 1416 fundatur
1241 1355 1516 1412 delecatus
1556 1348 1773 1422 sanguis
1794 1348 2032 1404 ciborum
2053 1386 2069 1411 ,
2093 1352 2150 1399 et

574 1461 902 1515 ministretur
923 1464 1080 1524 atque
1103 1457 1425 1511 succrescat,
1451 1447 1559 1501 imo
1581 1451 1824 1499 teneatur
1850 1451 2149 1510 temperan-

575 1553 644 1607 tia
665 1547 926 1619 eorporis,
946 1557 1008 1598 ut
1026 1542 1096 1598 de
1122 1540 1266 1596 lente
1291 1537 1518 1608 capitis,
1547 1533 1700 1604 rigati
1731 1541 1878 1586 artus
1904 1538 2150 1585 crescant

573 1642 628 1695 in
658 1637 1037 1710 perfectionem
1064 1631 1156 1686 Dei
1180 1672 1194 1695 ,
1224 1638 1282 1684 et
1307 1627 1589 1696 impleatur
1613 1621 1908 1678 Sslvnteris
1931 1619 2102 1674 oratio
2128 1633 2146 1671 :

576 1731 736 1788 Pater
762 1729 895 1790 volo,
919 1735 973 1779 ut
999 1725 1122 1779 sicut
1155 1738 1266 1793 ego,
1290 1729 1335 1775 et
1366 1729 1420 1773 tu
1461 1733 1618 1771 unum
1645 1730 1857 1778 sumus;
1897 1713 1970 1767 sic
1997 1721 2044 1766 et
2067 1712 2150 1764 isti

571 1829 623 1878 in
649 1822 792 1877 nobis
820 1835 976 1873 unum
1014 1817 1114 1870 sint
1161 1813 1338 1884 (Joun.
1370 1812 1458 1866 17.
1501 1810 1592 1878 21)
1618 1827 1631 1862 :
1661 1817 1718 1862 ut
1743 1815 2020 1876 postquam
2052 1817 2152 1858 nos

570 1913 812 1971 Christus
844 1907 1117 1964 tradiderit
1140 1903 1306 1969 Patri,
1337 1903 1406 1956 sit
1432 1901 1572 1956 Deus
1619 1902 1794 1952 omnia
1826 1897 1877 1950 in
1905 1894 2153 1949 omnibus

577 2007 651 2077 (l.
681 2002 801 2059 Cor.
834 2001 920 2056 l5.
948 1996 1068 2069 28).
1107 1995 1237 2052 Tale
1263 1993 1410 2064 quid,
1437 1999 1490 2047 et
1516 1991 1566 2044 in
1593 1989 1792 2051 verbis,
1820 1997 1873 2042 et
1902 1988 1953 2042 in
1979 1986 2152 2040 sensi-

573 2075 672 2154 bus
695 2137 711 2162 ,
757 2105 813 2150 et
853 2094 905 2148 in
931 2103 1130 2162 genere
1155 2084 1438 2142 locutionis
1463 2080 1844 2138 obscurissime
1875 2077 2060 2134 scribit
2087 2075 2150 2130 ad

575 2186 857 2260 Ephesios,
890 2180 1162 2238 Veritatem
1196 2186 1361 2230 autem
1386 2175 1642 2246 loquentes
1681 2172 1734 2225 in
1773 2171 2010 2235 caritate,
2041 2184 2152 2221 cre-

573 2294 773 2335 scamus
797 2279 847 2331 in
875 2276 964 2330 illo
987 2289 1078 2344 per
1098 2271 1290 2334 omnia,
1313 2268 1403 2341 qui
1427 2276 1498 2322 est
1520 2275 1674 2336 caput
1692 2261 1947 2327 Christus,
1971 2277 2034 2314 ea:
2055 2275 2154 2329 quo

576 2379 733 2426 totum
760 2382 945 2438 corpus
966 2372 1288 2434 compactum
1317 2368 1362 2414 et
1391 2372 1674 2414 connexum
1693 2370 1784 2426 per
1811 2368 2010 2407 omnem
2031 2352 2156 2422 jun-

573 2477 770 2521 cturam
811 2455 1329 2518 subministrationis,
1374 2450 1652 2507 secundum
1715 2445 2056 2518 operationem
2102 2443 2154 2495 in

575 2569 863 2611 mensuram
911 2550 1004 2624 [aL
1054 2542 1309 2619 mensura]
1351 2541 1746 2611 uniuscujusque
1792 2534 2034 2599 membri,
2065 2547 2157 2585 au-

575 2656 826 2718 gmentum
848 2642 1076 2713 corporis
1109 2639 1232 2712 facit
1260 2638 1314 2691 in
1340 2633 1732 2703 aediﬁcationem
1758 2628 1840 2682 sui
1862 2628 1914 2680 in
1948 2625 2158 2679 caritate

575 2715 794 2813 lEphes.
843 2737 897 2792 4.
941 2730 1176 2802 25.16).
1218 2728 1393 2798 Super
1420 2741 1526 2795 quo
1569 2732 1624 2776 et
1667 2720 1718 2774 in
1748 2715 2158 2774 Commentariis

576 2809 814 2903 ejusdem
853 2824 1108 2898 Epistolas
1145 2820 1354 2892 plenius
1394 2816 1651 2871 diximus.
1692 2809 1954 2903 Loquitur
1978 2815 2156 2860 autem

579 2899 825 2980 universa
845 2928 1030 2975 contra
1063 2929 1174 2980 eos,
1209 2912 1299 2982 qui
1327 2908 1612 2964 credentes
1651 2917 1716 2958 es
1745 2899 1946 2957 Judzeis
1970 2899 2023 2954 in
2057 2899 2159 2952 Do-

580 3015 780 3071 minum
815 3010 1175 3067 Salvatorem,
1201 3000 1452 3057 Judaicas
1477 2992 1827 3050 caeremonias
1865 2990 2158 3046 observare

578 3105 879 3176 cupiebant.
933 3101 1104 3169 Super
1148 3109 1250 3166 qua
1288 3109 1344 3147 re
1391 3100 1445 3146 et
1493 3090 1544 3142 in
1590 3084 2155 3176 ActisApostolorum

577 3173 741 3271 881
787 3208 890 3248 non
913 3189 1056 3262 (Cap.
1082 3186 1170 3257 15)
1191 3200 1347 3255 parva
1366 3180 1592 3252 qumstio
1609 3175 1990 3271 concitataest.
2004 3173 2159 3230 Unde

580 3263 820 3353 {illim
851 3279 1043 3336 Paulus
1066 3277 1172 3338 ait,
1202 3273 1268 3328 de
1300 3272 1380 3325 his
1420 3269 1507 3338 qui
1541 3268 1824 3336 magistros
1860 3263 2018 3334 Legis
2041 3277 2160 3317 esse

581 3392 641 3432 se
675 3375 877 3445 iactant
916 3387 930 3424 :
966 3367 1131 3422 Nemo
1173 3381 1257 3418 eos
1274 3363 1468 3435 judicct
1493 3361 1546 3413 in
1579 3359 1688 3412 cibo
1709 3365 1756 3410 et
1785 3365 1906 3425 potu
1937 3353 2156 3425 (Coloss.

579 3466 634 3521 2.
667 3465 775 3536 lli),
806 3461 954 3532 quasi
985 3459 1086 3514 alia
1114 3456 1307 3512 munda
1334 3457 1442 3508 sint
1465 3493 1480 3515 ,
1508 3451 1608 3505 alia
1635 3447 1906 3505 immunda
1935 3462 1952 3509 ;
1982 3455 2070 3501 aut
2105 3447 2160 3500 in

582 3566 726 3628 parte
747 3553 848 3608 diei
872 3552 1010 3624 festi,
1040 3558 1094 3604 nt
1136 3548 1269 3602 alios
1294 3545 1410 3600 dies
1437 3543 1606 3598 l'estos
1632 3548 1822 3612 putent
1839 3583 1855 3607 ,
1887 3539 2024 3594 alios
2051 3554 2157 3593 non

582 3648 747 3702 festos
781 3644 876 3715 (α).
905 3641 1070 3697 Nobis
1101 3640 1244 3694 enim
1268 3637 1358 3708 qui
1390 3634 1660 3691 C'n-istum
1687 3631 1956 3687 credimus
1980 3645 2162 3686 resur-

581 3746 827 3806 gentem,
850 3733 994 3806 jugis
1018 3772 1033 3795 ,
1080 3739 1132 3786 et
1157 3739 1356 3784 mterua
1400 3725 1660 3780 festivitas
1688 3731 1792 3778 est.
1823 3720 1918 3775 Aut
1943 3721 1997 3773 in
2022 3729 2164 3790 parte

495 3833 499 3837 ’
582 3826 883 3886 neomenice,
940 3824 1042 3877 hoc
1083 3827 1196 3882 est,
1233 3815 1627 3881 Calendarum,
1656 3819 1713 3867 et
1754 3810 1955 3866 mensis
1999 3808 2162 3876 novi,

583 3917 794 3990 quando
820 3916 1138 3970 decrescens
1167 3909 1288 3966 luna
1330 3907 1541 3972 linitur,
1569 3913 1625 3960 et
1652 3903 1826 3958 noctis
1850 3900 2051 3955 umbris
2077 3908 2162 3954 te-

583 4012 743 4079 gitur.
784 4006 1210 4063 Christianorum
1253 4001 1396 4056 enim
1439 3999 1617 4053 lumen
1660 4006 1922 4051 aeternum
1963 4002 2084 4059 est,
2112 3999 2165 4046 et

585 4115 797 4171 semper
831 4098 971 4153 Solis
1008 4094 1227 4167 justitire
1253 4090 1418 4147 radiis
1448 4090 1764 4146 illustratur.
1797 4085 1896 4139 Aut
1942 4085 1996 4138 in
2025 4091 2167 4156 parte

584 4193 930 4254 sabbatorum,
963 4197 1019 4242 ut
1045 4201 1150 4242 non
1174 4183 1367 4240 iaciant
1386 4179 1583 4236 servile
1608 4191 1762 4247 opus,
1787 4186 1840 4232 et
1865 4191 2029 4230 onera
2059 4190 2164 4229 non

587 4291 829 4357 portent,
856 4281 984 4353 quia
1014 4292 1112 4334 nos
1147 4291 1334 4332 sumus
1359 4273 1556 4328 Christi
1598 4272 1844 4327 libertate
1868 4268 2046 4324 donati
2073 4309 2088 4332 ,
2115 4277 2170 4322 et

585 4393 752 4434 onera
796 4382 1137 4446 peccatorum
1179 4378 1394 4440 portare
1435 4364 1748 4422 desivimus.
1775 4361 1933 4426 Haec,
1963 4360 2166 4431 inquit,

587 4470 758 4525 omnia
795 4464 974 4521 umbra
1007 4472 1132 4518 ‘sunt
1174 4463 1506 4532 futurorum;
1549 4465 1604 4513 et
1647 4455 1902 4526 imagines
1934 4462 2172 4507 venturte

591 4558 880 4618 felicitatis,
908 4567 966 4610 ut
990 4555 1042 4610 in
1062 4552 1256 4623 quibus
1279 4547 1447 4606 Judzei
1471 4547 1720 4604 haesitant
1743 4545 1895 4616 juxta
1913 4544 2168 4608 litteram,

589 4665 643 4709 et
667 4661 920 4709 tenentur
944 4649 1000 4704 in
1032 4659 1206 4712 terra;
1241 4659 1341 4698 nos
1361 4646 1512 4712 juxta
1557 4640 1803 4711 spiritum
1839 4647 2172 4693 transeamus

590 4744 657 4800 ad
682 4744 958 4800 Christum
977 4780 995 4806 ,
1021 4740 1110 4811 qui
1135 4737 1202 4792 ad
1227 4735 1625 4792 distinctionem
1657 4730 1964 4787 umbrarum
1989 4771 2005 4796 ,
2033 4743 2174 4783 nunc

591 4851 787 4907 corpus
815 4833 1135 4904 appellatur.
1161 4827 1443 4897 Quomodo
1469 4827 1610 4882 enim
1633 4825 1686 4880 in
1708 4837 1933 4894 corpore
1952 4822 2171 4885 veritas,

594 4941 651 4984 et
677 4929 732 4983 in
760 4926 1002 4996 corporis
1044 4922 1230 4978 umbra
1275 4919 1645 4983 mendacium,
1693 4917 1772 4972 sic
1817 4915 1871 4970 in
1917 4912 2172 4983 spirituali

597 5017 948 5090 intelligentia
977 5013 1207 5070 mundus
1256 5011 1432 5066 omnis
1481 5009 1554 5083 (b)
1584 5010 1772 5075 cibus,
1808 5015 1861 5062 et
1898 5014 2056 5075 potus
2077 5043 2092 5069 ,
2122 5009 2178 5057 et

599 5119 710 5167 tota
759 5106 1050 5171 festivitas,
1081 5114 1134 5159 et
1159 5111 1434 5174 perpetuae
1458 5097 1706 5154 Calendte
1726 5137 1741 5162 ,
1786 5105 1840 5152 et
1864 5104 2061 5151 aeterna
2086 5107 2177 5149 re-

599 5203 752 5274 quies
789 5193 1150 5267 exspectanda
1179 5202 1280 5249 est.
1306 5191 1608 5258 Qumrimus
1633 5186 1758 5258 quid
1793 5185 1974 5240 dicere
1998 5183 2180 5238 volue-

601 5297 704 5361 rit,
737 5291 793 5346 in
830 5284 1118 5343 humilitate
1162 5292 1210 5337 et
1233 5281 1477 5351 religione
1523 5278 1864 5350 Angelorum,
1895 5282 1986 5329 aut
2021 5288 2178 5344 quem

601 5398 817 5442 sensum
842 5378 1058 5436 habeat.
1083 5375 1164 5432 Es
1193 5388 1301 5445 quo
1329 5372 1585 5428 Dominus
1610 5370 1818 5425 locutus
1841 5377 1925 5423 est
1942 5366 2010 5422 ad
2030 5365 2181 5421 disci-

661 5515 736 5580 (a)
765 5512 822 5567 Id
844 5511 1093 5575 Origenes
1112 5515 1243 5559 temo
1265 5512 1429 5580 contra
1453 5501 1646 5580 Celsum
1667 5503 1714 5552 8.
1740 5499 1961 5580 pluribus
1991 5501 2182 5580 probat.

602 5575 703 5632 δτι-δ
799 5587 936 5633 τοίως
959 5612 980 5641 _.
997 5612 1010 5626 .
1025 5612 1043 5641 ._
1055 5612 1067 5624 .
1086 5584 1147 5641 ξω
1169 5584 1249 5622 lum
1270 5581 1384 5621 αὺτοῦ
1406 5579 1441 5616 ιν
1457 5578 1549 5641 τιιὶςΔ
1561 5577 1709 5641 insigne
1727 5577 1825 5641 ,_u¢_l
1845 5576 1902 5641 tisi
2015 5575 2184 5641 raptant;

601 5633 739 5706 νμμξ
756 5678 770 5696 .
792 5646 844 5689 et
868 5633 1009 5706 paulo
1031 5633 1154 5706 intra
1170 5645 1204 5683 ιν
1219 5643 1400 5695 ὀλοιλιιρφ
1420 5642 1483 5679 ιιι
1503 5635 1725 5690 etiam
1739 5639 1836 5679 tut.
1850 5637 1956 5692 lapsi
1971 5636 1991 5677 ό
2005 5638 2062 5676 su
2084 5639 2161 5687 βίος
2173 5663 2186 5682 .

605 5696 655 5752 ἐι
673 5696 860 5752 'etetera
869 5696 1171 5752 huiusmodi.

1863 411 2096 474 SiNCTl
2135 411 2506 470 IIIERONYMI

3683 420 3812 476 1052

2247 527 2401 597 pulos
2433 543 2448 580 :
2480 526 2718 600 Surgite,
2748 543 2920 582 eamus
2945 527 3062 582 hinc
3087 526 3270 601 (Joan.
3295 530 3383 586 ll.
3412 531 3506 599 3|)
3545 549 3558 589 :
3589 532 3676 598 Et,
3709 534 3813 591 Re-

2247 618 2497 688 linquetur
2522 620 2660 673 vobis
2687 618 2868 673 domus
2901 631 3067 674 uestra
3095 619 3293 676 deserta
3314 621 3529 691 (Matth.
3557 622 3648 678 25.
3678 626 3772 696 58)
3795 642 3814 681 :

2249 707 2337 774 Et,
2369 707 2536 764 Locus
2569 711 2622 764 in
2647 726 2746 780 quo
2776 709 3026 765 Dominus
3051 713 3322 781 cruciﬁxus
3347 723 3419 768 est
3445 755 3461 780 ,
3490 715 3820 784 spiritualiter

2248 797 2509 870 Egyptus
2533 811 2738 855 vocatur
2765 811 2812 856 et
2839 801 3064 858 Sodoma
3095 802 3278 873 (Apoc.
3305 805 3393 859 11.
3418 805 3496 876 8),
3528 808 3706 862 omnis
3729 807 3821 864 lu-

2247 888 2515 944 daicarum
2560 891 2994 948 observationum
3040 895 3248 949 cultura
3294 893 3562 952 destructa
3607 907 3722 964 est,
3767 907 3822 956 et

2247 995 2607 1052 quascumque
2631 982 2863 1038 oll’erunt
2887 984 3156 1052 victimas,
3186 1001 3290 1040 non
3316 987 3425 1042 Deo
3449 987 3703 1055 oderunt,
3728 990 3816 1046 sed

2249 1072 2464 1142 Angelis
2493 1074 2689 1144 refugis
2716 1084 2772 1130 et
2813 1076 3090 1145 spiritibus
3122 1077 3426 1132 immundis.
3463 1077 3572 1134 Nec
3600 1080 3818 1146 mirum,

2249 1161 2293 1215 si
2324 1161 2423 1217 hoc
2444 1172 2562 1233 post
2586 1165 2886 1233 passionem
2917 1166 3125 1221 Domini
3151 1165 3367 1234 faciant,
3389 1183 3507 1223 cum
3539 1184 3636 1239 per
3662 1171 3823 1229 Amos

2249 1267 2461 1323 quoque
2491 1254 2812 1325 Pr0pltetam
2841 1255 3050 1312 dicatur
3073 1258 3139 1312 ad
3171 1272 3307 1313 eos:
3346 1258 3610 1331 Numquid
3636 1260 3822 1316 hostias

2251 1354 2295 1396 et
2324 1346 2550 1399 victimas
2571 1347 2823 1400 obtulistis
2847 1349 2972 1401 mihi
2995 1349 3337 1421 quadraginta
3366 1353 3515 1406 annis
3551 1353 3606 1406 in
3635 1353 3824 1408 deserto

2251 1437 2432 1491 domus
2471 1436 2671 1504 Israel;
2709 1448 2753 1494 et
2777 1444 3124 1513 assumpsistis
3163 1443 3542 1497 tabernaculum
3585 1443 3821 1511 Μοῖσαι,

2251 1536 2297 1580 et
2323 1527 2463 1581 sidus
2489 1527 2571 1582 dei
2607 1530 2758 1584 vestri
2798 1530 3114 1601 Rempham,
3147 1534 3336 1603 ﬁguras
3363 1551 3488 1604 quas
3515 1535 3736 1606 fecistis,
3773 1547 3826 1591 ut

2251 1620 2474 1676 adoretis
2503 1639 2587 1676 eas
2621 1623 2817 1694 (Amos.
2849 1626 2902 1680 5.
2927 1625 3018 1680 25.
3042 1624 3134 1696 26)
3157 1625 3181 1678 ?
3205 1626 3354 1694 Quod
3381 1627 3588 1697 plenius
3617 1627 3669 1682 in
3695 1643 3827 1683 con-

2253 1712 2407 1767 cione
2431 1712 2650 1768 Judaica
2675 1714 2977 1783 Stephanus
3001 1716 3202 1788 Martyr
3222 1733 3516 1786 exponens,
3563 1727 3619 1774 et
3655 1721 3826 1776 revolo

2255 1817 2385 1858 vens
2415 1805 2689 1859 historiam
2717 1817 2977 1870 veterem,
3005 1811 3083 1862 sic
3129 1809 3337 1862 locutus
3366 1820 3449 1863 est
3481 1826 3493 1860 :
3527 1808 3595 1862 Et
3621 1811 3828 1865 uitulum

2255 1894 2480 1965 fecerunt
2494 1897 2546 1948 in
2567 1898 2734 1968 882
2763 1896 2936 1952 diebus
2962 1899 3085 1964 illis,
3105 1909 3153 1952 et
3165 1899 3450 1954 obtulerunt
3471 1900 3661 1953 hostias
3673 1901 3826 1967 idolo,

2256 1994 2304 2040 et
2329 1985 2631 2042 lctabantur
2658 1988 2709 2040 in
2738 1987 2972 2058 operibus
3012 2005 3257 2042 manuum
3293 2006 3523 2044 suarum.
3554 1989 3831 2046 Conversus

2255 2086 2421 2132 autem
2446 2076 2588 2131 Deus
2607 2119 2622 2139 ,
2661 2079 2871 2131 tradidit
2909 2095 2993 2134 eos
3015 2119 3030 2144 ,
3063 2089 3118 2134 ut
3148 2082 3368 2135 colerent
3413 2082 3651 2135 militiam
3675 2084 3785 2137 ια’ιί
3813 2099 3831 2137 :

2255 2170 2384 2223 sicut
2411 2173 2655 2240 scriptum
2679 2179 2750 2226 est
2769 2173 2821 2225 in
2848 2169 2976 2226 libro
2995 2171 3371 2242 Prophetarum
3388 2173 3583 2244 (Act.7.
3608 2175 3700 2230 41.
3717 2174 3828 2246 62).

2259 2260 2439 2316 Militia
2463 2262 2540 2334 (l)
2566 2273 2747 2317 autem
2776 2265 2919 2331 coeli,
2960 2279 3066 2319 nun
3089 2275 3290 2320 tantum
3319 2267 3399 2320 sol
3437 2266 3754 2336 appellatur,
3783 2279 3834 2322 et

2257 2352 2402 2419 luna,
2430 2362 2486 2408 et
2512 2364 2652 2408 astra
2683 2355 2983 2422 rutilantia;
3013 2355 3107 2411 sed
3135 2365 3191 2411 et
3216 2356 3392 2412 omnis
3420 2359 3673 2429 Angelica
3703 2364 3834 2415 mul-

2260 2447 2449 2513 titudo,
2471 2463 2765 2520 eorumque
2790 2450 3082 2516 exercitus,
3110 2451 3200 2521 qui
3225 2450 3484 2508 Hebraice
3508 2453 3836 2522 appellantur

2257 2550 2514 2601 BABAOTI,
2545 2539 2592 2592 id
2619 2548 2721 2601 est,
2750 2539 3010 2605 virtutum,
3037 2539 3150 2595 sive
3177 2542 3505 2595 exercituum.
3532 2541 3687 2599 Unde
3711 2551 3766 2597 et
3785 2542 3835 2596 in

2260 2627 2548 2696 Evangelia
2577 2628 2728 2698 juxta
2754 2629 2954 2684 Lucam
2989 2630 3217 2700 legimus
3245 2647 3261 2685 :
3294 2629 3361 2684 Et
3387 2631 3550 2685 subito
3589 2636 3726 2702 facta
3768 2641 3838 2686 est

2258 2734 2372 2771 cum
2415 2718 2612 2789 Angela
2661 2721 2930 2774 multitudo
2976 2722 3176 2776 militiai
3221 2723 3472 2786 cmlestis,
3523 2721 3840 2776 laudantium

2261 2807 2424 2864 Deum
2455 2819 2502 2863 et
2529 2811 2799 2864 dicentium
2824 2826 2842 2864 :
2867 2811 3044 2865 Gloria
3066 2813 3119 2866 in
3140 2812 3402 2866 altissimis
3431 2812 3537 2866 Deo
3560 2823 3610 2865 et
3632 2813 3687 2866 in
3709 2823 3842 2867 terra

2259 2919 2364 2973 pax
2391 2903 2678 2957 hominibus
2707 2906 2851 2958 bona
2879 2905 3150 2960 voluntatis
3177 2904 3327 2976 (Luc.
3355 2905 3410 2960 2.
3439 2906 3525 2959 15.
3552 2904 3666 2975 21).
3696 2904 3844 2960 Facit

2261 2994 2402 3048 enim
2435 2993 2575 3049 Deus
2606 2995 2837 3063 Angelos
2864 3009 2990 3048 suos
3017 2996 3275 3064 spiritus,
3320 3005 3375 3049 et
3404 2995 3679 3050 ministros
3719 3009 3845 3049 suos

2263 3083 2437 3154 ignem
2479 3094 2719 3139 urentem
2753 3084 2923 3153 (Psal.
2970 3085 3118 3155 103).
3165 3086 3232 3140 Et
3259 3094 3318 3140 ut
3359 3087 3591 3141 sciamus
3632 3101 3847 3155 semper

2260 3191 2354 3231 eos
2377 3216 2394 3243 ,
2425 3177 2515 3244 qui
2546 3175 2798 3230 colebant
2828 3174 2967 3230 idola
2988 3215 3005 3242 ,
3048 3177 3173 3230 licet
3202 3176 3255 3229 in
3282 3175 3509 3245 Temple
3536 3177 3743 3231 hostias
3772 3178 3846 3230 vi-

2260 3267 2517 3322 derentur
2541 3265 2755 3331 ollerre,
2782 3279 2886 3318 non
2919 3265 3026 3319 Deo
3050 3278 3142 3319 eas
3163 3265 3442 3328 obtulisse,
3471 3269 3568 3321 sed
3603 3269 3844 3338 Angelis,

2259 3375 2356 3431 per
2382 3358 2628 3414 Ezechiel
2657 3357 2864 3428 plenius
2883 3356 3138 3412 discimus
3167 3373 3182 3410 :
3207 3356 3342 3411 Dedi
3363 3359 3432 3411 eis
3448 3359 3846 3427 justiﬁcationrs

2260 3467 2362 3506 non
2390 3452 2566 3516 bonas,
2595 3459 2642 3504 et
2663 3457 2916 3518 praecepta
2945 3464 3045 3501 non
3072 3447 3203 3501 bona
3223 3445 3432 3516 (Ezech.
3457 3448 3550 3503 20.
3581 3450 3702 3519 25).
3736 3451 3844 3505 Non

2261 3543 2404 3597 enim
2461 3540 2775 3612 sanguinem
2829 3537 3100 3594 hircorum
3128 3579 3143 3604 ,
3189 3545 3283 3592 aut
3328 3547 3606 3594 taurorum
3659 3541 3850 3610 qumrit

2267 3634 2405 3688 Deus
2422 3648 2438 3696 ;
2465 3631 2558 3686 sed
2587 3628 2907 3684 sacriﬁcium
2936 3627 3046 3683 Deo
3072 3637 3152 3683 est
3181 3628 3402 3698 spiritus
3433 3630 3844 3697 contribulatus,

2261 3741 2357 3781 cor
2400 3724 2724 3783 contritum,
2776 3731 2831 3776 et
2873 3720 3213 3775 hnmiliatum
3269 3720 3409 3774 Deus
3459 3736 3566 3774 non
3620 3721 3848 3789 despicit

2266 3816 2451 3890 (Psal.
2491 3815 2621 3885 50).
2670 3815 2733 3868 Et
2776 3823 3055 3882 propterea
3109 3811 3199 3880 qui
3246 3811 3466 3865 vitulum
3512 3810 3750 3866 fecerant
3793 3812 3845 3866 in

2268 3907 2472 3970 lloreb,
2503 3914 2556 3962 et
2587 3905 2863 3959 coluerunt
2887 3902 3036 3957 sidus
3062 3902 3147 3957 dei
3191 3900 3488 3970 Bempham
3509 3943 3524 3966 ,
3568 3901 3637 3956 de
3662 3917 3769 3972 quo
3793 3902 3845 3955 in

2268 3997 2530 4067 Propheta
2583 3999 2749 4050 Amos
2797 3995 3007 4066 plenius
3059 3993 3448 4059 disseruimus,
3493 3993 3849 4048 adoraverunt

2269 4091 2484 4160 ﬁguras,
2517 4102 2648 4158 quas
2674 4087 2773 4157 ipsi
2800 4085 3043 4142 fecerunt
3071 4103 3086 4140 :
3115 4097 3168 4141 et
3201 4083 3414 4140 tradidit
3458 4098 3553 4140 eos
3591 4087 3764 4151 Deus,
3792 4095 3847 4140 ut

2268 4183 2533 4238 servirent
2557 4181 2762 4236 militiai
2801 4180 2947 4243 coeli,
2973 4193 3092 4249 qme
3118 4194 3258 4234 nunc
3278 4179 3347 4232 ab
3373 4179 3630 4248 Apostoln
3659 4179 3849 4234 dicitur

2270 4275 2455 4344 religio
2481 4273 2824 4342 Angelorum.
2855 4271 2957 4326 Pro
2985 4271 3272 4324 humilitate
3314 4271 3366 4324 in
3401 4270 3592 4326 Cresco
3630 4294 3846 4325 ταπεινο-

2271 4371 2464 4438 φρςσὺνη
2507 4363 2726 4434 legitur,
2772 4361 2824 4415 id
2854 4371 2956 4424 est,
2989 4359 3248 4419 humilitas
3276 4360 3488 4424 mentis,
3521 4360 3632 4415 sive
3658 4375 3845 4414 sensus.

2277 4456 2410 4510 Vere
2438 4455 2581 4509 enint
2621 4451 2836 4506 humilis
2863 4465 3077 4518 sensus,
3109 4460 3162 4506 et
3191 4450 3492 4506 miseranda
3519 4451 3845 4522 superstitio,

2274 4548 2438 4602 Dcum
2482 4544 2702 4600 credere
2746 4543 3016 4598 hircorum
3067 4553 3226 4612 atque
3271 4551 3544 4596 taurorum
3599 4542 3849 4610 sanguine

2272 4637 2547 4702 delectari,
2575 4645 2628 4691 et
2657 4634 2844 4690 nidore
2866 4633 3246 4706 thymiamatis,
3273 4649 3428 4702 quem
3451 4648 3592 4704 scr-pe
3613 4633 3851 4688 homines

2273 4731 2625 4786 declinamus.
2657 4728 2808 4797 Quod
2839 4736 3017 4782 autem
3062 4728 3304 4796 sequitur
3345 4743 3358 4780 ε
3409 4725 3472 4782 Si
3516 4727 3704 4780 mortui
3740 4725 3850 4780 estis

2275 4840 2389 4877 cum
2416 4821 2639 4886 Christo,
2665 4821 2726 4874 ab
2755 4819 3014 4874 elementis
3052 4819 3249 4880 mundi,
3273 4816 3399 4886 quid
3427 4817 3594 4870 adhuc
3622 4826 3852 4880 tanquam

2276 4918 2490 4971 viventes
2515 4915 2567 4968 in
2595 4911 2786 4967 mundo
2814 4909 3123 4964 decernitis?
3151 4924 3212 4962 ne
3260 4907 3538 4979 tetigeritis,
3579 4922 3744 4975 neque
3768 4922 3853 4976 gu-

2276 5007 2528 5063 staveritis
2552 5047 2566 5070 ,
2599 5020 2759 5073 neque
2799 5000 3225 5056 contrectaveritis
3250 5015 3269 5053 :
3297 5014 3411 5069 qua:
3443 5007 3560 5052 sunt
3599 4997 3769 5051 omnia
3807 4997 3854 5048 in

2279 5101 2535 5154 interitum
2571 5097 2680 5167 ipso
2709 5111 2804 5148 usu
2825 5135 2840 5158 ,
2872 5094 3148 5146 secundum
3188 5099 3442 5161 pracepta
3463 5129 3478 5152 ,
3521 5096 3569 5140 et
3604 5086 3856 5140 doctrinas

2282 5193 2560 5255 hominum,
2587 5203 2700 5257 quae
2724 5196 2842 5241 sunt
2880 5186 3128 5239 rationem
3161 5182 3360 5253 quidem
3384 5180 3618 5234 habentia
3658 5179 3857 5249 sapien-

2281 5285 2384 5349 tiaz,
2413 5285 2467 5336 in
2493 5277 2862 5350 superstitione,
2892 5287 2937 5329 et
2963 5274 3282 5338 humilitate,
3316 5281 3364 5326 et
3405 5267 3479 5343 (c)
3512 5271 3582 5323 ad
3605 5284 3706 5322 non
3739 5283 3855 5339 par-

2281 5375 2498 5430 cendum
2525 5371 2763 5440 corpori;
2798 5385 2897 5422 non
2937 5369 2991 5421 in
3015 5368 3205 5421 honore
3241 5365 3413 5434 aliqua
3441 5360 3507 5415 ad
3547 5360 3860 5416 saturitatem

2285 5467 2454 5522 curuis
2480 5463 2700 5535 (Caloss.
2721 5462 2779 5516 2.
2808 5461 2878 5516 20
2899 5469 2943 5514 et
2967 5459 3154 5530 seqq),
3177 5458 3319 5514 hunc
3341 5453 3493 5510 nobis
3520 5452 3720 5507 habere
3740 5466 3861 5505 seno

2351 5559 2421 5620 (c)
2456 5557 2614 5620 Aliter
2633 5593 2646 5616 ,
2672 5561 2718 5606 et
2738 5567 2832 5620 non
2853 5553 2920 5604 ad
2944 5552 3242 5620 parcendum
3261 5543 3432 5620 ,juxta
3453 5545 3729 5620 Vulgatam.

2351 5560 2398 5620 (c
2456 5560 2614 5606 Aliter
2633 5593 2646 5616 ,
2672 5561 2832 5606 etnon
2853 5560 2919 5604 ad
2944 5560 3242 5613 parcendum
3261 5589 3274 5608 ,
3295 5560 3432 5610 Juxta
3460 5560 3729 5608 vulgatam.

2351 5560 2424 5683 (Ι)
2453 5618 2695 5683 Ctelestes
2724 5619 2872 5683 orbes
2905 5618 3064 5683 anima
3097 5622 3245 5676 atque
3283 5607 3866 5683 imelligeptiaq.raeg_ttgs

2285 5665 2745 5733 Helirzeidoctores
2765 5679 2942 5742 Opinati
2965 5684 3079 5727 sunt
3097 5715 3114 5742 ε
3135 5665 3188 5724 υἱ
3203 5687 3273 5742 ex
3299 5665 3465 5742 liabbi'
3475 5665 3687 5742 Moyse-)7
3701 5665 3865 5742 .Davitl

669 5727 1203 5825 (Wiéih‘ilﬁ
1218 5755 1267 5806 δ.
1292 5759 1460 5825 contra
1481 5751 1714 5825 Maneto".-
1749 5763 1855 5825 cav-
1883 5749 1976 5825 19;.
1995 5745 2188 5825 λιέφγεε
2289 5727 2538 5825 ῗῖεὲέὦὲιέ
2551 5727 2619 5825 '1'}:
2622 5727 2812 5825 2952's?
2823 5742 2917 5825 19,-.
2941 5727 3316 5825 suum???
3340 5736 3541 5825 imi:
3555 5727 3867 5825 {Eifm't

607 5810 742 5934 me}
764 5810 806 5881 ξ
819 5819 904 5885 qui
917 5833 980 5871 ea:
1018 5816 1273 5871 uisionibus
1305 5813 1541 5882 ,mgchcis
1582 5810 1840 5875 dicebant}
1883 5810 2001 5863 cibis
2039 5810 2187 5859 absti-

608 5899 683 5934 rm
735 5898 832 5933 um.

608 5898 832 5936 manum.

2292 5805 2439 5876 eolze,
2464 5805 2732 5876 de_gnibus
2752 5805 2800 5853 lu
2823 5802 2937 5856 Cod.
2961 5795 3317 5852 'l‘heodosisno.
3358 5795 3541 5847 Recole
3565 5795 3867 5858 superiorem

2294 5869 2516 5932 proxime
2536 5867 2725 5917 Notam.
