4088 6336
304 435 440 492 ιοεδ

296 565 416 606 sum
443 546 676 604 videtur.
713 542 1002 602 Curramus
1026 557 1122 615 per
1145 542 1372 615 singula,
1444 546 1610 618 883
1681 555 1735 600 et
1759 546 1864 602 ob-

297 639 608 695 scuritatem
645 651 895 693 sensuum
935 646 1095 706 atque
1117 637 1401 690 verborum
1421 677 1437 703 ,
1467 635 1683 691 Christo
1719 649 1867 691 rese-

297 739 478 792 rante,
525 727 838 798 pandamus.
877 727 933 782 Si
973 724 1220 795 baptizati
1264 726 1394 780 estis
1438 725 1490 780 in
1529 723 1780 788 Christo,
1811 733 1867 780 et

295 837 417 877 cum
436 817 653 875 Christo
683 820 735 873 in
768 819 1085 888 baptismate
1104 816 1397 886 consepulti
1418 857 1434 880 ,
1467 815 1661 870 mortui
1685 824 1862 870 autem

294 914 361 968 ab
391 912 670 967 elementis
695 911 850 980 hujus
872 911 1074 972 mundi,
1100 924 1196 978 pro
1220 924 1287 964 co
1305 908 1446 980 quod
1471 916 1554 963 est
1573 908 1864 972 elementis;

294 1019 391 1058 cur
415 1019 624 1058 mecum
652 1018 758 1057 non
789 1002 986 1067 dicitis,
1014 1001 1145 1055 Mihi
1164 1011 1331 1055 autem
1357 999 1488 1054 absit
1511 998 1739 1070 gloriari,
1765 998 1865 1052 nisi

294 1097 346 1148 in
371 1111 522 1149 cruce
565 1093 774 1148 Domini
814 1095 971 1148 nostri
1017 1091 1144 1147 Iesu
1179 1091 1406 1148 Christi:
1445 1107 1532 1159 per
1570 1107 1714 1159 quem
1739 1088 1865 1142 mihi

295 1187 508 1240 tnundns
535 1185 811 1252 cruciﬁxus
839 1194 933 1249 est,
955 1192 1003 1238 et
1024 1199 1114 1254 ego
1144 1181 1331 1235 mundo
1349 1180 1542 1250 (Galat.
1569 1180 1622 1234 6.
1647 1178 1738 1247 4)?
1764 1192 1863 1233 nec

293 1277 514 1331 audistis
544 1277 828 1330 Dominum
859 1275 1122 1330 dicentem
1159 1273 1224 1327 ad
1257 1274 1464 1327 Patrem
1497 1290 1510 1326 :
1558 1271 1635 1326 De
1671 1270 1862 1325 mundo

294 1385 396 1422 non
421 1377 539 1423 sunt
567 1383 587 1422 :
612 1369 742 1422 sicut
766 1410 781 1431 ,
811 1377 860 1422 et
897 1384 988 1438 ego
1013 1383 1115 1421 non
1139 1381 1252 1420 sunt
1281 1373 1346 1419 tte
1369 1365 1558 1418 mundo
1575 1405 1591 1430 ,
1621 1373 1677 1418 et
1703 1379 1861 1417 mun-

292 1459 392 1515 dus
419 1457 531 1513 odit
553 1473 668 1525 eos,
697 1459 949 1528 quoniam
993 1474 1096 1512 non
1123 1465 1246 1511 sunt
1273 1457 1340 1509 de
1368 1455 1567 1510 mundo
1591 1471 1606 1518 ;
1646 1454 1782 1508 sicut
1807 1461 1874 1507 et.

291 1562 390 1613 ego
434 1562 540 1601 non
583 1561 702 1602 sum
730 1547 800 1600 de
839 1546 1038 1600 mundo
1071 1544 1246 1614 (Joan.
1292 1545 1377 1599 l7.
1423 1544 1525 1608 16,
1555 1551 1602 1596 et
1629 1543 1714 1598 {5.
1744 1538 1856 1613 19).

290 1636 393 1692 Sed
423 1651 454 1692 e
479 1637 751 1693 contrario
775 1637 924 1706 quasi
956 1637 1194 1690 viventes
1225 1635 1277 1689 in
1309 1632 1508 1689 mundo
1533 1632 1821 1686 decernitis
1840 1673 1855 1697 ,

290 1741 359 1780 ne
385 1726 667 1796 tetigeritis
690 1740 886 1794 corpus
915 1725 1147 1779 hominis
1188 1723 1418 1787 mortui,
1453 1736 1549 1776 nec
1572 1721 1859 1776 vestimen-

291 1826 437 1882 tum,
493 1831 592 1872 nec
640 1816 933 1871 scabellum
985 1816 1036 1868 in
1083 1829 1190 1883 quo
1235 1812 1434 1867 sederit
1475 1811 1666 1866 mulier
1703 1826 1854 1866 men.

288 1918 486 1962 struata
517 1925 531 1962 :
575 1923 747 1977 neque
771 1906 1106 1976 gustaveritis
1131 1919 1349 1960 carnem
1376 1903 1607 1963 suillam,
1635 1911 1690 1956 et
1713 1902 1860 1972 lepo-

288 2013 426 2066 rum,
444 2009 496 2053 et
513 1998 804 2068 sepiarum,
825 2007 878 2052 et
894 1997 1196 2068 loliginum,
1231 2009 1492 2059 murente,
1517 2005 1571 2047 et
1589 1992 1856 2061 anguillte,

287 2097 342 2143 et
369 2089 734 2142 universorum
765 2087 1008 2156 piscium,
1041 2085 1130 2154 qui
1170 2098 1419 2154 squamas
1440 2123 1456 2148 ,
1503 2092 1557 2138 et
1599 2081 1858 2151 penuulas

286 2194 390 2232 non
419 2179 612 2233 habent
641 2196 654 2232 :
686 2193 805 2246 qua:
842 2175 1019 2231 omnia
1051 2175 1105 2230 in
1132 2173 1563 2240 corruptionem,
1587 2181 1642 2225 et
1667 2171 1856 2225 interi-

286 2277 394 2321 tum
424 2277 548 2322 sunt
570 2267 685 2335 ipso
713 2281 832 2329 usu,
857 2274 912 2319 et
933 2273 1170 2320 stercore
1198 2260 1542 2332 digeruntur?
1575 2261 1703 2314 Esca
1727 2261 1855 2314 enim

285 2359 464 2423 uentri,
497 2368 544 2411 et
569 2366 738 2411 venter
764 2357 889 2410 escis
909 2394 924 2417 ,
957 2355 1054 2415 Et,
1095 2353 1258 2408 Omne
1302 2353 1438 2422 quod
1470 2353 1623 2405 intrat
1652 2367 1742 2421 per
1776 2367 1853 2419 os,

283 2467 384 2503 non
419 2451 708 2516 coinquinat
733 2447 1022 2510 hominem;
1063 2445 1152 2499 sed
1189 2461 1250 2499 ea
1284 2459 1396 2514 qua:
1419 2443 1483 2497 de
1508 2444 1650 2498 nobis
1675 2452 1858 2497 exeunt

284 2541 497 2610 (.llatth.
531 2540 617 2595 15.
649 2541 707 2594 il
732 2556 746 2603 ;
775 2548 820 2592 et
847 2537 1010 2594 Marc.
1038 2539 1090 2591 7.
1127 2536 1238 2608 15).
1268 2534 1557 2592 Secundum
1585 2545 1853 2604 prmcepta,

286 2631 492 2700 inquit,
532 2639 580 2684 et
613 2629 866 2683 doctrinas
893 2628 1187 2692 hominum;
1230 2625 1520 2682 secundum
1548 2625 1678 2680 illud
1715 2624 1855 2696 quod

285 2721 448 2777 Isaias
490 2721 761 2792 loquitur:
793 2720 1027 2790 Populus
1056 2721 1136 2774 hic
1173 2719 1320 2774 labiis
1358 2735 1439 2774 me
1480 2719 1726 2784 honorat,
1769 2735 1856 2773 cor

283 2821 448 2864 autem
469 2826 642 2865 eorum
671 2811 818 2881 longe
840 2818 911 2862 est
930 2826 962 2862 a
992 2826 1069 2862 me
1095 2807 1228 2878 (lsa.
1253 2808 1344 2863 29.
1374 2807 1484 2878 i5).
1512 2806 1731 2862 Frustra
1755 2823 1851 2862 au-

282 2912 377 2956 tem
405 2901 576 2956 colunt
612 2918 692 2956 me
711 2943 727 2965 ,
758 2901 991 2956 docentes
1031 2901 1288 2955 doctrinas
1313 2901 1600 2964 hominum,
1647 2909 1693 2954 et
1719 2916 1854 2971 pra:-

281 3004 426 3060 cepta
457 2992 670 3064 (Matth.
703 2993 794 3048 l5.
837 2993 889 3049 8.
921 2995 998 3064 9).
1027 2992 1210 3054 Unde,
1252 3001 1308 3048 et
1344 2993 1600 3048 Dominus
1637 2992 1856 3062 corripit

282 3083 610 3148 Pharisatos,
635 3082 856 3138 dicens:
881 3081 1093 3138 lrritum
1123 3083 1310 3152 fecistis
1335 3080 1629 3137 mandatum
1659 3081 1768 3146 Dei,
1801 3092 1854 3135 ut

282 3172 580 3226 traditiones
601 3183 788 3227 vestras
807 3174 1107 3228 statueretis.
1138 3172 1274 3227 Deus
1293 3174 1422 3226 enint
1443 3174 1570 3227 dixit
1601 3190 1620 3227 :
1645 3171 1853 3227 Honora

283 3272 498 3332 patrem,
528 3273 574 3316 et
603 3274 810 3317 matrem
833 3303 850 3328 ,
876 3273 923 3316 et
947 3264 1035 3331 qui
1061 3263 1374 3317 ntaledixerit
1412 3264 1547 3332 patri
1567 3264 1643 3318 vel
1666 3263 1848 3328 matri,

281 3361 441 3406 morte
465 3352 732 3408 moriatur.
774 3351 873 3409 Vos
909 3363 1076 3407 autem
1101 3353 1266 3407 dicitis
1285 3393 1301 3418 ,
1329 3353 1627 3424 quicumque
1669 3351 1853 3406 dixerit

282 3441 418 3510 patri
458 3442 536 3496 vel
579 3442 763 3507 matri,
805 3459 990 3496 munus
1035 3443 1382 3513 quodcumque
1422 3452 1493 3497 est
1533 3458 1596 3497 ea:
1620 3458 1734 3507 me,
1763 3441 1852 3495 tibi

283 3531 506 3600 proderit
533 3547 551 3584 :
570 3541 616 3586 et
637 3548 738 3585 non
767 3532 1117 3601 honori/icabit
1139 3531 1229 3604 (al.
1259 3531 1630 3606 honori/icavit]
1657 3543 1851 3602 patrem

280 3639 428 3677 suum
455 3635 542 3676 aut
570 3631 777 3676 matrem
796 3663 812 3688 ,
856 3632 909 3677 et
937 3623 1157 3693 reliqua.
1184 3623 1386 3689 Quibus
1415 3623 1572 3678 infert
1593 3663 1610 3687 ,
1642 3621 1708 3676 Et
1733 3623 1850 3676 irri-

280 3721 385 3766 tum
406 3713 594 3784 fecistis
624 3711 914 3765 mandatunt
943 3710 1069 3777 Dei,
1101 3721 1304 3781 propter
1341 3713 1632 3766 traditiones
1660 3722 1848 3767 vestras

281 3802 466 3876 (ibid.
493 3820 540 3858 υ.
570 3804 626 3858 4.
664 3802 699 3858 5
735 3811 782 3856 et
810 3799 905 3872 6).
952 3801 1173 3868 Quanta:
1212 3801 1520 3856 traditiones
1555 3801 1852 3855 Pharismo-

280 3908 397 3949 rum
467 3890 636 3965 885.
700 3894 826 3954 sint,
858 3905 990 3961 quas
1017 3889 1174 3944 hodie
1199 3899 1386 3945 vocant
1415 3889 1492 3960 (a)
1535 3894 1843 3960 διυτιρὼσεις,

278 3993 338 4039 et
357 3999 514 4052 quam
541 3982 712 4036 aniles
733 3980 946 4044 fabulae,
975 3980 1222 4034 evolvere
1245 3994 1470 4049 nequeo.
1496 3979 1679 4049 Neque
1705 3981 1845 4033 enim

280 4075 403 4130 libri
426 4076 620 4145 patitur
643 4072 968 4143 magnitudo,
997 4081 1051 4128 et
1075 4071 1328 4143 pleraque
1360 4082 1467 4128 tam
1495 4072 1669 4140 turpia
1698 4083 1844 4135 sunt.

281 4174 340 4219 ut
365 4166 676 4221 erubescam
703 4165 904 4220 dicere.
935 4153 1110 4220 Dicam
1139 4173 1317 4219 tamen
1357 4179 1518 4218 unum
1544 4163 1597 4218 in
1627 4163 1851 4232 ignomi-

280 4257 422 4310 niam
453 4255 628 4326 gentis
672 4255 918 4310 inimicae.
965 4254 1285 4325 Prmpositos
1329 4255 1524 4310 habent
1568 4254 1848 4325 synagogis

280 4346 700 4413 sapientissimos
743 4360 1000 4414 quosque,
1056 4343 1200 4400 {cedo
1239 4344 1386 4414 operi
1430 4344 1740 4414 delegatos,
1792 4351 1850 4398 ut

278 4438 590 4508 sanguinem
616 4436 855 4508 virginis,
887 4436 1001 4493 sive
1039 4445 1407 4502 menstrnatte,
1440 4433 1731 4501 mundum,
1762 4434 1848 4490 vel

279 4528 628 4592 immundum,
653 4528 697 4581 si
729 4528 898 4581 oculis
919 4527 1222 4582 discernere
1248 4541 1353 4580 non
1376 4527 1663 4595 potuerint,
1691 4534 1848 4592 gustu

278 4620 505 4690 probent
525 4615 618 4689 [aL
651 4616 954 4689 prclibent].
984 4617 1245 4672 Przeterea
1279 4619 1397 4687 quia
1423 4616 1629 4686 jussum
1657 4623 1760 4680 est,
1790 4626 1848 4670 ut

279 4709 468 4764 diebus
487 4708 828 4762 sabbatorum
851 4709 1034 4762 sedeat
1063 4708 1425 4777 unusquisque
1463 4709 1514 4761 in
1541 4706 1700 4760 domo
1726 4723 1843 4774 sua,

278 4807 335 4854 et
361 4813 466 4852 non
504 4796 804 4866 egrediatur
827 4795 1021 4867 (Exod.
1053 4799 1140 4853 16.
1166 4798 1257 4866 29)
1277 4838 1294 4864 ,
1326 4813 1495 4866 neque
1520 4798 1755 4852 ambulet
1781 4799 1848 4854 de

279 4890 401 4946 loco
427 4890 482 4943 in
511 4900 618 4958 quo
642 4884 878 4952 habitat;
909 4885 954 4940 si
983 4885 1196 4957 quando
1225 4901 1320 4941 eos
1339 4885 1489 4953 juxta
1515 4885 1742 4939 litteram
1767 4901 1850 4940 ce-

279 4979 515 5050 perimus
541 4985 765 5042 arctare,
795 4985 852 5030 ut
878 4991 981 5031 non
1005 4975 1237 5046 jaceant,
1279 4989 1386 5030 non
1417 4974 1709 5034 ambulent,
1743 4991 1845 5029 non

276 5078 443 5138 stent,
464 5067 559 5126 sed
580 5075 779 5123 tantum
801 5067 1040 5131 sedeant,
1067 5067 1112 5121 si
1133 5067 1300 5121 velint
1326 5073 1588 5136 praecepta
1613 5079 1845 5132 servare,

279 5163 454 5218 solent
494 5157 818 5229 respondere
837 5199 854 5224 ,
885 5168 938 5213 et
961 5159 1138 5213 dicere
1166 5156 1237 5228 (ὁ)
1264 5174 1278 5212 :
1307 5155 1656 5220 Barachibas,
1689 5164 1741 5210 ct
1768 5155 1850 5210 Si-

341 5297 414 5358 (a)
445 5293 628 5344 Vitiose
665 5291 892 5353 legerant
928 5292 1222 5358 vetustiores
1258 5288 1375 5339 editi
1408 5295 1693 5358 διν-πεμμακῖ
1745 5285 1850 5337 Ile-

279 5355 445 5418 braico
467 5372 631 5412 autem
657 5359 888 5410 vocabulo
908 5357 1119 5413 mm:
1140 5393 1155 5415 ,
1181 5358 1434 5422 Misttajoth
1450 5393 1466 5416 ,
1491 5357 1574 5418 qui
1591 5355 1758 5422 titulus
1773 5365 1851 5406 est

279 5424 422 5487 libri,
463 5437 558 5487 quo
596 5428 766 5487 inanes
801 5434 914 5471 snas
949 5421 1232 5487 traditiones
1260 5417 1358 5482 jam
1401 5417 1523 5469 tum’
1548 5417 1851 5487 mllegerant

279 5478 508 5539 Pharistei
528 5520 543 5542 ,
591 5485 809 5533 Graecum
846 5485 1111 5543 respondet
1152 5478 1406 5543 διπιᾷάσιις,
1449 5478 1850 5541 quemadmodum

279 5550 426 5599 etiam
450 5549 498 5596 in
521 5540 778 5596 Justiniani
804 5540 1002 5604 Novella
1031 5540 1481 5604 N8._uu_u'cupatur;

343 5609 413 5671 (lt;
452 5608 691 5658 Victorius
715 5614 821 5668 post
843 5603 1026 5671 Erupit.
1065 5602 1164 5652 Rnb
1185 5598 1394 5671 abika'et
1412 5602 1595 5671 sinteqtt
1617 5598 1814 5671 elﬂille
1832 5637 1847 5664 ,

275 5661 374 5734 quo
392 5661 552 5734 'oriori
589 5661 786 5734 inmune
824 5666 1034 5714 maxime
1063 5672 1326 5734 pauentum
1353 5663 1416 5711 ab
1451 5663 1528 5734 eis
1551 5661 1852 5734 Martiauaeus

274 5725 542 5782 tiontendit.
589 5730 787 5780 Minime
811 5735 975 5777 autem
999 5725 1336 5774 animadvertit
1377 5725 1631 5773 tremiscue
1651 5725 1848 5773 abanti-

275 5795 385 5834 nalis
429 5793 587 5834 vocari
630 5797 683 5834 et
724 5799 816 5834 nar
854 5787 1058 5834 achiban
1078 5822 1090 5834 .
1139 5792 1193 5834 et
1234 5737 1536 5834 Rabaitiban.
1570 5783 1687 5834 quin
1725 5783 1848 5834 hunc

275 5795 385 5855 quis
429 5793 588 5855 vocari
630 5797 683 5842 et
721 5799 816 5855 par
854 5787 1090 5855 achihan,
1135 5792 1211 5855 et!
1234 5783 1536 5855 Rgbaltibtnt,
1570 5783 1687 5855 quin
1725 5783 1851 5855 hanc

278 5840 436 5916 ipsum
459 5840 736 5914 Hieronymi
760 5850 916 5902 locum
940 5849 1022 5898 ubi
1046 5840 1218 5898 recitat
1246 5840 1535 5910 Agobardus
1563 5840 1730 5896 contra
1753 5840 1850 5896 Fe-

1648 431 1976 491 EPISTOLA
2012 430 2196 491 CXXI.

3403 447 3550 506 Ιοῦῑ

1971 558 2150 609 meon,
2177 553 2232 603 et
2260 544 2430 602 ﬂellel
2456 548 2692 618 magistri
2723 553 2889 608 nostri
2920 552 3250 611 tradiderunt
3275 557 3447 624 nobis,
3479 571 3537 616 ut

1968 635 2050 691 bis
2074 635 2218 692 mille
2256 637 2333 709 (c)
2359 636 2520 708 pedes
2545 639 2881 698 ambulemus
2909 645 2959 698 in
2989 646 3230 712 sabbato,
3257 660 3305 704 et
3344 662 3535 707 czetcra

1969 725 2290 792 istiusmodi,
2317 728 2587 786 doctrinas
2613 730 2886 788 hominum
2909 737 3252 803 praeferentes
3277 740 3534 798 doctrina:

1967 816 2084 870 Dei.
2114 816 2228 872 Non
2265 819 2408 887 quod
2448 819 2688 876 dicamus
2737 821 3026 880 sedendum
3069 841 3278 899 semper
3321 846 3439 886 esse
3484 833 3536 887 in

1966 905 2204 970 sabbato,
2234 917 2288 963 et
2307 907 2374 964 de
2397 909 2546 976 loco,
2577 910 2628 964 in
2651 927 2756 980 quo
2787 913 2907 982 quis
2945 912 3104 971 fuerit
3139 929 3426 988 occupatus
3454 922 3535 992 (ιι)

1968 997 2175 1065 penitus
2205 1014 2306 1054 non
2331 999 2720 1066 recedendum;
2755 1002 2849 1056 sed
2874 1006 3014 1072 quod
3042 1005 3094 1060 id
3121 1008 3260 1077 quod
3291 1011 3538 1080 impossi-

1963 1088 2072 1144 bile
2107 1089 2262 1159 Legis
2288 1099 2399 1156 est,
2429 1092 2482 1146 in
2509 1107 2614 1161 quo
2641 1092 2942 1148 inﬁrmatur
2971 1109 3067 1164 per
3096 1110 3311 1152 carnem
3331 1141 3346 1167 ,
3375 1101 3534 1171 spiri.

1967 1179 2092 1232 tuali
2118 1181 2491 1236 observatione
2515 1181 2890 1250 complendum
2919 1183 3008 1238 sit.

2031 1267 2286 1340 Sequitur
2329 1287 2342 1322 :
2375 1271 2501 1337 Qua:
2523 1283 2639 1327 sunt
2683 1277 2926 1330 rationem
2953 1276 3154 1344 quidem
3191 1278 3423 1335 habentia
3449 1299 3535 1336 sa-

1963 1359 2184 1428 ρὶωιιὶω.
2218 1361 2329 1416 lloc
2354 1364 2491 1428 loco,
2525 1364 2749 1436 quidem,
2779 1366 3086 1436 conjunctio
3112 1369 3380 1440 superﬂua
3406 1381 3490 1430 est
3519 1391 3533 1426 :

1960 1450 2102 1519 quod
2162 1452 2215 1506 in
2281 1453 2552 1522 plerisque
2596 1454 2732 1509 locis
2777 1465 2994 1526 pr0ptcr
3039 1456 3359 1528 imperitiam
3405 1463 3536 1516 artis

1961 1537 2336 1596 Gramtuatica:
2391 1545 2689 1612 apostolum
2746 1545 2939 1601 fecisse
2987 1549 3301 1617 reperimus.
3353 1550 3536 1622 Neque

1959 1632 2101 1686 enim
2134 1633 2375 1702 sequitur
2395 1635 2506 1702 sed,
2537 1636 2619 1688 vel
2651 1636 2755 1690 alia
2776 1637 3104 1705 conjunctio,
3152 1656 3271 1708 qua:
3319 1641 3457 1696 solet
3485 1644 3532 1699 ei

1963 1724 2346 1792 praepositioni,
2379 1724 2466 1778 ubi
2497 1725 2697 1794 quidem
2723 1726 2952 1795 positum
2976 1727 3151 1792 fuerit,
3183 1732 3529 1799 respondere.

1965 1813 2224 1869 Videntur
2256 1816 2413 1886 igitur
2444 1815 2848 1872 observationes
2871 1817 3104 1873 .ludaicae
3135 1820 3274 1889 apud
3312 1822 3530 1893 imperi-

1962 1912 2065 1969 tos,
2098 1913 2154 1959 et
2181 1905 2337 1958 vilem
2368 1905 2725 1974 plebeculam,
2750 1907 3030 1978 imaginem
3062 1908 3260 1966 habere
3290 1913 3527 1977 rationis,

1960 1992 2310 2065 humanaeque
2327 1998 2622 2066 sapientiae.
2647 1997 2820 2063 Unde,
2842 1998 3158 2056 etdoctores
3173 2017 3356 2056 eorum
3379 2016 3527 2076 σοφοὶ,

1959 2083 2060 2138 hoc
2089 2092 2196 2152 est,
2213 2087 2461 2155 sapientes
2488 2096 2761 2143 vocantur.
2787 2089 2855 2142 Et
2877 2090 3144 2160 siquando
3160 2094 3318 2148 certis
3343 2095 3530 2151 diebus

1959 2176 2270 2232 traditiones
2303 2193 2428 2233 suas
2500 2180 2664 2251 885
2740 2191 3042 2250 exponunt,
3094 2183 3369 2254 discipulis
3415 2187 3528 2241 suis

1956 2265 2131 2321 solent
2147 2267 2348 2334 dicere,
2366 2276 2414 2322 et
2439 2280 2569 2341 capo!
2589 2270 2656 2341 (ε)
2687 2273 2952 2340 διυτῳῶσιν
2975 2271 3024 2324 id
3042 2281 3141 2337 est,
3167 2275 3416 2339 sapientes
3435 2275 3528 2330 do-

1955 2365 2066 2410 cent
2084 2357 2396 2413 traditiones.
2411 2357 2515 2412 Pro
2529 2360 2877 2427 superstitione
2901 2361 2953 2414 in
2979 2359 3166 2416 Crzcco
3186 2369 3530 2436 ιθιλοθρησκιια

1956 2449 2184 2518 positum
2211 2457 2328 2511 est,
2358 2447 2461 2504 hoc
2489 2457 2574 2505 est
2593 2490 2610 2516 ,
2643 2449 2777 2521 falsa
2801 2452 2976 2522 religio
3004 2467 3024 2506 :
3043 2463 3096 2508 et
3125 2468 3219 2523 pro
3251 2456 3531 2511 humilitate

1955 2544 2363 2611 ταπεινοφροσύνῃ.
2391 2555 2509 2608 qua:
2536 2541 2966 2611 magisyirtutem
2987 2543 3123 2598 solet
3136 2559 3348 2611 sonare,
3371 2563 3526 2613 quam

1955 2626 2158 2680 vitium.
2189 2624 2294 2682 Sed
2321 2626 2410 2682 hic
2431 2642 2826 2700 ταπεινοφροντιν,
2855 2631 2933 2685 sie
2971 2641 3054 2686 est
3099 2633 3526 2704 intelligendum.

1954 2715 2095 2784 quod
2142 2715 2361 2770 humilia
2383 2717 2617 2771 sentiant
2649 2726 2807 2788 atque
2848 2730 3079 2777 terrena.
3109 2715 3326 2796 Α’ςπιδια
3349 2737 3526 2784 autem

1953 2813 2182 2872 σώματος,
2214 2805 2367 2873 cujus
2420 2822 2614 2861 nomen
2641 2805 2863 2863 Latinus
2889 2822 3068 2865 sermo
3112 2828 3216 2866 non
3272 2816 3524 2885 explicat,

1953 2895 2092 2965 apud
2123 2911 2222 2951 nos
2245 2896 2457 2963 dicitur,
2491 2901 2558 2950 ad
2583 2915 2683 2952 non
2700 2901 3008 2967 parcendum
3027 2906 3246 2974 corpori.
3271 2905 3384 2962 Non
3410 2924 3530 2979 par-

1953 2997 2083 3042 cunt
2109 2989 2280 3043 Judaei
2309 2989 2624 3058 corporibus
2652 2991 2764 3046 suis
2790 2991 2843 3046 in
2870 2996 3235 3063 assumptione
3261 2999 3525 3065 ciborum,

1952 3091 2359 3136 contemnentes
2389 3082 2656 3136 interdum
2696 3099 2815 3153 quae
2843 3081 3077 3152 habent,
3124 3097 3178 3142 et
3224 3101 3527 3158 quaerentes

1953 3185 2072 3240 qua:
2102 3186 2204 3226 n0n
2231 3171 2448 3226 habent.
2470 3172 2545 3225 Ex
2564 3187 2666 3241 qua
2686 3174 3005 3228 necessitate
3029 3175 3329 3234 debilitates
3355 3179 3523 3236 inter-

1952 3260 2100 3326 dum,
2132 3269 2184 3316 et
2212 3261 2428 3316 morbos
2480 3262 2823 3318 contralmnt.
2856 3263 2963 3318 Nec
3017 3263 3282 3322 honorant
3330 3280 3529 3326 semet-

1952 3351 2099 3421 ipsos
2120 3392 2135 3417 ,
2167 3366 2288 3406 cum
2319 3352 2498 3406 omnia
2542 3352 2739 3408 munda
2772 3355 2880 3408 sint
2910 3355 3120 3411 mundis
3153 3355 3280 3430 (Tit.
3313 3359 3365 3415 ί.
3396 3361 3485 3435 l5)
3506 3405 3520 3422 .

1951 3441 2189 3512 nihilque
2217 3441 2386 3512 possit
2409 3456 2529 3498 esse
2571 3442 2852 3513 pollutum,
2898 3445 3039 3515 quod
3065 3461 3186 3503 cum
3231 3452 3519 3520 gratiarum

1949 3533 2157 3588 actione
2188 3534 2500 3604 percipitur,
2528 3544 2583 3589 et
2610 3535 2811 3592 idcirco
2837 3551 2867 3591 a
2892 3537 3120 3594 Domino
3154 3542 3226 3597 sit
3255 3556 3516 3613 creatum,

1950 3633 2008 3677 ut
2035 3624 2330 3688 saturitate,
2360 3633 2415 3678 et
2439 3623 2824 3694 adimpletione
2851 3629 3046 3697 carnis,
3072 3631 3332 3690 humanos
3369 3647 3517 3694 artus

1951 3722 2158 3785 vegetet
2185 3723 2344 3785 atque
2386 3724 2676 3771 sustentet.
2708 3715 2985 3773 Elementa
3030 3732 3208 3777 autem
3253 3727 3456 3796 mundi,
3487 3749 3516 3784 a

1948 3953 2090 4016 licem
2123 3965 2229 4014 cap.
2267 3950 2342 4016 ξς.-
2368 3949 2465 4016 Rab
2501 3951 2726 4016 Achillam
2761 3951 2919 4016 legit,
2964 3958 3156 4007 tametsi
3195 3960 3480 4014 Rarachiam

1948 4002 2198 4064 nassonus
2234 4012 2459 4086 ediderit.
2498 4074 2509 4086 ο
2527 4002 3156 4086 εκψὸὶιιὶέίερἱρἧᾶἰιξῖιῖ

1949 4035 2198 4064 unusunus
2234 4035 2459 4086 «auruum.
2498 4035 2580 4086 οδ.
2614 4035 2816 4086 quoque
2857 4035 3152 4079 nptpuautus
3465 4035 3514 4076 et

1948 4081 2509 4198 Yiﬁ?i’§it.mﬁtx1atif
2515 4073 3330 4198 mu'iiiCEWEgogaoLdicuinhr
3346 4096 3514 4198 ,³θῆξέ

1948 4159 2047 4185 λιν.
2075 4159 2129 4208 τε.
2151 4159 2255 4184 λιιι.
2289 4159 2504 4206 Alanus.
2546 4159 2630 4184 um
2662 4159 2882 4208 quantum
2903 4159 2969 4187 ut:
3007 4159 3072 4189 eo
3102 4159 3362 4202 urcuntut',
3401 4159 3514 4208 qute

1947 4210 2056 4258 cum
2078 4196 2156 4246 his
2173 4193 2439 4258 contulisse
2460 4208 2557 4258 non
2580 4198 2870 4258 paenitebit,
2892 4197 3016 4258 “Nec
3044 4198 3188 4250 aliter
3217 4200 3392 4254 factum
3430 4208 3519 4256 abs

1948 4257 2270 4326 liierooygno,
2295 4255 2550 4326 quietiam
2570 4255 2791 4326 absolute
2816 4255 2992 4326 ghiban
3015 4261 3215 4326 vocatjn
3233 4261 3402 4326 Isaiam
3428 4255 3513 4318 lib.

1945 4319 1994 4366 3.
2019 4318 2196 4388 eap.'8_.
2223 4318 2644 4388 (surnaihinquit,
2681 4325 2730 4369 et
2762 4318 2941 4388 Hillel,
2978 4321 3376 4388 ca:_quibus__orti
3406 4337 3518 4379 sunt

1946 4377 2125 4451 seriae;
2143 4385 2188 4429 et
2213 4377 2464 4451 Pharisaei,
2489 4377 2918 4451 quorumsuscepit
2929 4377 3144 4451 scholam
3163 4377 3514 4451 sesama

1946 4439 2455 4512 magistrum/quiue
2485 4439 2708 4514 proselyti
2730 4439 3006 4514 .atuu'mant.
3063 4443 3136 4493 Ad
3150 4459 3320 4554 l(linem
3334 4439 3511 4498 'lécum

1947 4500 2083 4610 plura
2105 4501 2169 4550 de
2190 4500 2298 4572 alus
2317 4501 2508 4594 duobus
2527 4509 2770 4562 magistris
2790 4502 3022 4588 $tmeone
3059 4512 3111 4554 et
3200 4504 3316 4555 ellel
3340 4517 3510 4558 contu-

1969 4575 2104 4610 nnus.
2147 4562 2350 4610 Intertm
2370 4574 2524 4610 magis
2543 4571 2648 4610 tusc
2671 4562 2975 4610 Marttameus
2995 4573 3163 4610 necat
3177 4602 3192 4610 -
3217 4567 3300 4610 nui
3328 4568 3511 4610 Helles-

1969 4564 2112 4632 imus.
2147 4562 2350 4632 Interim
2370 4564 2524 4632 magis
2543 4571 2648 4622 Ipse
2671 4562 2975 4632 Martianteus
2995 4573 3163 4632 pecul
3177 4602 3192 4625 ,
3217 4567 3302 4630 qui
3326 4568 3488 4622 Helles
3502 4607 3537 4632 ,,

1945 4623 2193 4673 substituit
2216 4622 2563 4684 proiquodnos
2578 4622 2939 4684 emendavimus
2961 4622 3025 4674 ei
3047 4623 3162 4675 Mss.
3182 4622 3256 4677 'e't
3293 4622 3514 4681 veterum

1948 4681 2234 4735 testimoniis
2254 4681 2369 4730 alibi
2388 4694 2478 4731 suo
2499 4681 2606 4731 loco
2625 4682 2900 4734 recitandis.

2009 4744 2079 4816 (_c)
2112 4741 2363 4816 Intelligo,
2384 4743 2462 4792 bis
2492 4741 2634 4816 (mille
2650 4755 2846 4816 [passus
2869 4777 2882 4803 ,
2910 4757 3017 4816 ἐς.
3042 4748 3290 4816 sententia
3332 4751 3527 4816 quippe

1945 4801 2626 4884 Eébiméneamsuea
2647 4801 3249 4884 0'i8°°°§.!?9‘!?.‘liP-Js
3272 4801 3533 4884 καθ’λῶνί

1947 4865 2025 4934 bis
2047 4863 2392 4934 millecubjtos
2409 4899 2423 4922 ,
2463 4871 2657 4934 aqua...
2683 4863 2835 4934 «35.5,
2868 4865 2974 4934 sive
2987 4865 3301 4934 ⁵ιιι-Ιῖιιίιίιιιιε
3319 4863 3492 4925 sese?
3516 4863 3529 4934 ξ

1949 4925 2046 4985 duo
2080 4919 2235 4973 millia
2255 4919 2482 4985 ulnarum
2516 4919 2864 4985 dontinet‘iiter
2898 4927 3119 4978 sabbati:
3143 4919 3522 4985 undevetianiln'

1949 4984 2070 5034 libro
2090 4985 2255 5046 Juris,
2279 4984 2363 5046 qui
2387 4983 2857 5046 inscribiturJSebole
2879 4987 3078 5039 Lecheth
3100 4990 3259 5042 Tract.
3286 4992 3363 5043 22.
3387 4983 3524 5046 ciae

1948 5045 2161 5111 sabbato
2177 5079 2191 5104 ,
2216 5043 2311 5111 iter
2329 5043 2536 5111 duorum
2568 5043 2774 5111 millium
2806 5061 3029 5111 passuum
3065 5043 3524 5107 mediocrinm'tcr;

1947 5105 2105 5179 minus
2125 5106 2468 5179 constituiturn
2496 5107 2674 5178 Passus
2707 5105 2871 5179 itaque
2895 5111 3051 5160 minor
3069 5149 3082 5170 ,
3119 5121 3171 5162 et
3207 5117 3398 5179 cubitus
3426 5105 3526 5179 pro

1951 5168 2125 5238 eodem
2143 5167 2351 5238 sumitur
2367 5179 2398 5238 _a
2419 5167 2696 5238 plerisque:
2719 5167 3042 5238 Hieronymus
3057 5167 3175 5238 vero
3190 5178 3377 5238 cubitus
3396 5167 3528 5238 ip'sos

1950 5228 2125 5294 pedes
2143 5228 2508 5294 interpretatur.
2568 5228 2708 5280 Nunc
2731 5230 2878 5294 etiam
2903 5228 3018 5294 illpd
3041 5232 3201 5294 placet
3223 5228 3488 5285 adnectere
3507 5272 3525 5294 ,

1951 5289 2129 5355 moduli
2155 5289 2297 5350 hujus
2317 5289 2643 5355 deﬁnitionem
2669 5304 2733 5355 es
2760 5290 2914 5342 Iosue
2948 5293 2996 5342 3.
3022 5289 3068 5340 4.
3098 5297 3232 5355 peti,
3273 5297 3354 5342 ubi
3398 5289 3527 5346 inter

1947 5348 2118 5423 Arcam
2133 5388 2159 5423 ,
2191 5348 2243 5399 et
2275 5349 2499 5423 populum
2524 5350 2756 5423 b_i_s__mille
2775 5348 3385 5423 cubitorumj'ntervallum
3413 5369 3528 5423 esse

1951 5413 2230 5473 praecipitur
2251 5411 2288 5470 ,’
2306 5411 2436 5473 unde
2460 5413 2769 5464 traditionem
2787 5413 2852 5465 de
2877 5412 3077 5465 Sabbati
3103 5415 3298 5470 itinere,
3334 5415 3405 5464 sic
3441 5416 3530 5469 alii

1952 5470 2196 5536 explicant
2219 5486 2280 5536 ex
2307 5471 2541 5536 llabhinis
2555 5507 2573 5536 ,
2594 5480 2650 5526 ut
2667 5473 2854 5527 adnuet
2875 5487 2939 5526 eo
2959 5482 3144 5525 tantum
3163 5474 3247 5524 die
3267 5475 3327 5525 ad
3349 5475 3525 5526 Arcam

1949 5532 2190 5583 accedere
2222 5532 2456 5584 licuisset.

2011 5595 2091 5666 (et)
2126 5593 2312 5666 Deerat
2347 5605 2443 5666 vox
2481 5593 2702 5660 penitus,
2738 5606 2886 5660 quam
2921 5605 2988 5645 ex
3026 5591 3144 5644 Mss.
3181 5599 3234 5645 et
3270 5597 3526 5649 vetustiori

1953 5655 2170 5706 editione
2191 5655 2491 5706 sull'ecimusJ

2019 5724 2078 5791 (c)
2117 5724 2326 5791 Celebre
2343 5722 2739 5791 exodium,_quqd
2761 5722 3009 5774 Ilebraice
3023 5721 3190 5774 dicunt
3203 5720 3414 5791 DjDJl'l,
3441 5719 3531 5769 un

1951 5784 2148 5857 tra'dimt
2187 5787 2464 5857 sapientes:
2509 5784 2643 5857 unde
2679 5784 2847 5834 Graec
2885 5791 3140 5847 θεωροῦσιν,
3173 5785 3254 5836 vel
3291 5793 3530 5850 εοηιοοσιν,

1958 5849 2169 5899 pessime
2191 5847 2323 5898 enim
2553 5852 2796 5908 εωτιρδοιις.
