  <div class='ocr_page' id='page_1' title='image "/cluster/home/n/w/nwhite01/storage/ocr_20150623/22/hvd.32044015471378/581.png"; bbox 0 0 4088 6336; ppageno 0'>
   <div class='ocr_carea' id='block_1_1' title="bbox 601 380 736 443">
    <p class='ocr_par' dir='ltr' id='par_1_1' title="bbox 601 380 736 443">
     <span class='ocr_line' id='line_1_1' title="bbox 601 380 736 443; baseline -0.015 -2"><span class='ocrx_word' id='word_1_1' title='bbox 601 380 736 443; x_wconf 71' lang='lat' dir='ltr'><strong>i035</strong></span> 
     </span>
    </p>
   </div>
   <div class='ocr_carea' id='block_1_2' title="bbox 595 483 2163 574">
    <p class='ocr_par' dir='ltr' id='par_1_2' title="bbox 595 483 2163 574">
     <span class='ocr_line' id='line_1_2' title="bbox 595 483 2163 574; baseline -0.004 -16"><span class='ocrx_word' id='word_1_2' title='bbox 595 503 817 574; x_wconf 87' lang='lat' dir='ltr'><strong>quibus,</strong></span> <span class='ocrx_word' id='word_1_3' title='bbox 850 498 928 573; x_wconf 81' lang='grc' dir='ltr'><strong>(α)</strong></span> <span class='ocrx_word' id='word_1_4' title='bbox 956 499 1063 555; x_wconf 87' lang='lat' dir='ltr'><strong>imo</strong></span> <span class='ocrx_word' id='word_1_5' title='bbox 1091 494 1284 570; x_wconf 85' lang='lat' dir='ltr'><strong>quibus</strong></span> <span class='ocrx_word' id='word_1_6' title='bbox 1334 483 1528 553; x_wconf 88' lang='lat' dir='ltr'><strong>mortui</strong></span> <span class='ocrx_word' id='word_1_7' title='bbox 1561 512 1766 565; x_wconf 63' lang='lat' dir='ltr'><strong>animus,</strong></span> <span class='ocrx_word' id='word_1_8' title='bbox 1801 495 1916 554; x_wconf 82' lang='lat' dir='ltr'><strong>Lex</strong></span> <span class='ocrx_word' id='word_1_9' title='bbox 1943 498 2163 572; x_wconf 76' lang='lat' dir='ltr'><strong>lloysis,</strong></span> 
     </span>
    </p>
   </div>
   <div class='ocr_carea' id='block_1_3' title="bbox 588 590 2168 663">
    <p class='ocr_par' dir='ltr' id='par_1_3' title="bbox 588 590 2168 663">
     <span class='ocr_line' id='line_1_3' title="bbox 588 590 2168 663; baseline -0.002 -15"><span class='ocrx_word' id='word_1_10' title='bbox 588 605 645 650; x_wconf 80' lang='lat' dir='ltr'><strong>et</strong></span> <span class='ocrx_word' id='word_1_11' title='bbox 663 607 823 651; x_wconf 88' lang='lat' dir='ltr'><strong>omne</strong></span> <span class='ocrx_word' id='word_1_12' title='bbox 849 602 1001 648; x_wconf 84' lang='lat' dir='ltr'><strong>vetus</strong></span> <span class='ocrx_word' id='word_1_13' title='bbox 1024 590 1441 647; x_wconf 89' lang='lat' dir='ltr'><strong>lnstrumentum</strong></span> <span class='ocrx_word' id='word_1_14' title='bbox 1465 591 1866 663; x_wconf 74' lang='lat' dir='ltr'><strong>intelligendum</strong></span> <span class='ocrx_word' id='word_1_15' title='bbox 1889 599 1973 646; x_wconf 90' lang='lat' dir='ltr'><strong>est</strong></span> <span class='ocrx_word' id='word_1_16' title='bbox 2003 607 2018 645; x_wconf 95' lang='lat'><strong>:</strong></span> <span class='ocrx_word' id='word_1_17' title='bbox 2045 591 2168 661; x_wconf 89' lang='lat' dir='ltr'><strong>qui-</strong></span> 
     </span>
    </p>
   </div>
   <div class='ocr_carea' id='block_1_4' title="bbox 588 680 2169 757">
    <p class='ocr_par' dir='ltr' id='par_1_4' title="bbox 588 680 2169 757">
     <span class='ocr_line' id='line_1_4' title="bbox 588 680 2169 757; baseline -0.003 -16"><span class='ocrx_word' id='word_1_18' title='bbox 588 687 688 742; x_wconf 85' lang='lat' dir='ltr'><strong>bus</strong></span> <span class='ocrx_word' id='word_1_19' title='bbox 706 683 857 757; x_wconf 86' lang='lat' dir='ltr'><strong>quasi</strong></span> <span class='ocrx_word' id='word_1_20' title='bbox 877 683 1180 753; x_wconf 85' lang='lat' dir='ltr'><strong>elementis,</strong></span> <span class='ocrx_word' id='word_1_21' title='bbox 1197 690 1254 739; x_wconf 88' lang='lat' dir='ltr'><strong>et</strong></span> <span class='ocrx_word' id='word_1_22' title='bbox 1273 682 1550 754; x_wconf 76' lang='lat' dir='ltr'><strong>religionis</strong></span> <span class='ocrx_word' id='word_1_23' title='bbox 1564 682 1798 738; x_wconf 81' lang='lat' dir='ltr'><strong>exordiis</strong></span> <span class='ocrx_word' id='word_1_24' title='bbox 1817 682 1988 738; x_wconf 88' lang='lat' dir='ltr'><strong>Deum</strong></span> <span class='ocrx_word' id='word_1_25' title='bbox 2004 680 2169 737; x_wconf 85' lang='lat' dir='ltr'><strong>disci-</strong></span> 
     </span>
    </p>
   </div>
   <div class='ocr_carea' id='block_1_5' title="bbox 584 774 2161 844">
    <p class='ocr_par' dir='ltr' id='par_1_5' title="bbox 584 774 2161 844">
     <span class='ocr_line' id='line_1_5' title="bbox 584 774 2161 844; baseline -0.003 -12"><span class='ocrx_word' id='word_1_26' title='bbox 584 793 724 832; x_wconf 90' lang='lat' dir='ltr'><strong>mus.</strong></span> <span class='ocrx_word' id='word_1_27' title='bbox 777 774 1059 844; x_wconf 82' lang='lat' dir='ltr'><strong>Quomodo</strong></span> <span class='ocrx_word' id='word_1_28' title='bbox 1105 775 1248 830; x_wconf 91' lang='lat' dir='ltr'><strong>enim</strong></span> <span class='ocrx_word' id='word_1_29' title='bbox 1288 775 1552 830; x_wconf 90' lang='lat' dir='ltr'><strong>elementa</strong></span> <span class='ocrx_word' id='word_1_30' title='bbox 1582 775 1920 844; x_wconf 74' lang='lat' dir='ltr'><strong>appellantur</strong></span> <span class='ocrx_word' id='word_1_31' title='bbox 1949 774 2161 838; x_wconf 77' lang='lat' dir='ltr'><strong>litterte,</strong></span> 
     </span>
    </p>
   </div>
   <div class='ocr_carea' id='block_1_6' title="bbox 584 865 2166 940">
    <p class='ocr_par' dir='ltr' id='par_1_6' title="bbox 584 865 2166 940">
     <span class='ocr_line' id='line_1_6' title="bbox 584 865 2166 940; baseline -0.001 -18"><span class='ocrx_word' id='word_1_32' title='bbox 584 885 677 938; x_wconf 79' lang='lat' dir='ltr'><strong>per</strong></span> <span class='ocrx_word' id='word_1_33' title='bbox 706 883 839 940; x_wconf 89' lang='lat' dir='ltr'><strong>quas</strong></span> <span class='ocrx_word' id='word_1_34' title='bbox 882 867 1116 940; x_wconf 78' lang='lat' dir='ltr'><strong>syllabas</strong></span> <span class='ocrx_word' id='word_1_35' title='bbox 1158 882 1223 923; x_wconf 90' lang='lat' dir='ltr'><strong>ac</strong></span> <span class='ocrx_word' id='word_1_36' title='bbox 1269 866 1430 923; x_wconf 87' lang='lat' dir='ltr'><strong>verba</strong></span> <span class='ocrx_word' id='word_1_37' title='bbox 1461 866 1872 937; x_wconf 75' lang='lat' dir='ltr'><strong>coniungimus,</strong></span> <span class='ocrx_word' id='word_1_38' title='bbox 1904 875 1960 922; x_wconf 90' lang='lat' dir='ltr'><strong>et</strong></span> <span class='ocrx_word' id='word_1_39' title='bbox 1991 865 2057 921; x_wconf 90' lang='lat' dir='ltr'><strong>ad</strong></span> <span class='ocrx_word' id='word_1_40' title='bbox 2086 874 2166 920; x_wconf 76' lang='lat' dir='ltr'><strong>te-</strong></span> 
     </span>
    </p>
   </div>
   <div class='ocr_carea' id='block_1_7' title="bbox 580 956 2157 1028">
    <p class='ocr_par' dir='ltr' id='par_1_7' title="bbox 580 956 2157 1028">
     <span class='ocr_line' id='line_1_7' title="bbox 580 956 2157 1028; baseline -0.001 -16"><span class='ocrx_word' id='word_1_41' title='bbox 580 959 809 1018; x_wconf 76' lang='lat' dir='ltr'><strong>xendam</strong></span> <span class='ocrx_word' id='word_1_42' title='bbox 849 958 1150 1014; x_wconf 88' lang='lat' dir='ltr'><strong>orationem</strong></span> <span class='ocrx_word' id='word_1_43' title='bbox 1200 957 1358 1028; x_wconf 78' lang='lat' dir='ltr'><strong>longa</strong></span> <span class='ocrx_word' id='word_1_44' title='bbox 1398 957 1747 1012; x_wconf 70' lang='lat' dir='ltr'><strong>meditatione</strong></span> <span class='ocrx_word' id='word_1_45' title='bbox 1778 956 2157 1027; x_wconf 84' lang='lat' dir='ltr'><strong>procedimus:</strong></span> 
     </span>
    </p>
   </div>
   <div class='ocr_carea' id='block_1_8' title="bbox 575 1046 2162 1118">
    <p class='ocr_par' dir='ltr' id='par_1_8' title="bbox 575 1046 2162 1118">
     <span class='ocr_line' id='line_1_8' title="bbox 575 1046 2162 1118; baseline 0.002 -17"><span class='ocrx_word' id='word_1_46' title='bbox 575 1065 666 1104; x_wconf 85' lang='lat' dir='ltr'><strong>ars</strong></span> <span class='ocrx_word' id='word_1_47' title='bbox 694 1062 908 1118; x_wconf 87' lang='lat' dir='ltr'><strong>quoque</strong></span> <span class='ocrx_word' id='word_1_48' title='bbox 933 1046 1130 1103; x_wconf 82' lang='lat' dir='ltr'><strong>Musica</strong></span> <span class='ocrx_word' id='word_1_49' title='bbox 1160 1047 1320 1102; x_wconf 89' lang='lat' dir='ltr'><strong>habet</strong></span> <span class='ocrx_word' id='word_1_50' title='bbox 1348 1047 1612 1102; x_wconf 89' lang='lat' dir='ltr'><strong>elementa</strong></span> <span class='ocrx_word' id='word_1_51' title='bbox 1653 1061 1748 1102; x_wconf 88' lang='lat' dir='ltr'><strong>sua</strong></span> <span class='ocrx_word' id='word_1_52' title='bbox 1774 1088 1791 1115; x_wconf 92' lang='lat'><strong>,</strong></span> <span class='ocrx_word' id='word_1_53' title='bbox 1823 1057 1879 1103; x_wconf 85' lang='lat' dir='ltr'><strong>et</strong></span> <span class='ocrx_word' id='word_1_54' title='bbox 1930 1047 2162 1104; x_wconf 85' lang='lat' dir='ltr'><strong>Geome-</strong></span> 
     </span>
    </p>
   </div>
   <div class='ocr_carea' id='block_1_9' title="bbox 575 1137 2158 1209">
    <p class='ocr_par' dir='ltr' id='par_1_9' title="bbox 575 1137 2158 1209">
     <span class='ocr_line' id='line_1_9' title="bbox 575 1137 2158 1209; baseline 0.002 -18"><span class='ocrx_word' id='word_1_55' title='bbox 575 1140 672 1192; x_wconf 86' lang='lat' dir='ltr'><strong>tria</strong></span> <span class='ocrx_word' id='word_1_56' title='bbox 707 1139 776 1193; x_wconf 88' lang='lat' dir='ltr'><strong>ab</strong></span> <span class='ocrx_word' id='word_1_57' title='bbox 799 1139 1081 1194; x_wconf 87' lang='lat' dir='ltr'><strong>elementis</strong></span> <span class='ocrx_word' id='word_1_58' title='bbox 1107 1138 1290 1208; x_wconf 89' lang='lat' dir='ltr'><strong>incipit</strong></span> <span class='ocrx_word' id='word_1_59' title='bbox 1310 1137 1595 1204; x_wconf 88' lang='lat' dir='ltr'><strong>linearum,</strong></span> <span class='ocrx_word' id='word_1_60' title='bbox 1615 1148 1669 1194; x_wconf 90' lang='lat' dir='ltr'><strong>et</strong></span> <span class='ocrx_word' id='word_1_61' title='bbox 1695 1139 1978 1194; x_wconf 86' lang='lat' dir='ltr'><strong>Dialectica</strong></span> <span class='ocrx_word' id='word_1_62' title='bbox 1997 1147 2158 1209; x_wconf 88' lang='lat' dir='ltr'><strong>atque</strong></span> 
     </span>
    </p>
   </div>
   <div class='ocr_carea' id='block_1_10' title="bbox 573 1231 2155 1298">
    <p class='ocr_par' dir='ltr' id='par_1_10' title="bbox 573 1231 2155 1298">
     <span class='ocr_line' id='line_1_10' title="bbox 573 1231 2155 1298; baseline -0.001 -11"><span class='ocrx_word' id='word_1_63' title='bbox 573 1233 829 1288; x_wconf 79' lang='lat' dir='ltr'><strong>Medicina</strong></span> <span class='ocrx_word' id='word_1_64' title='bbox 863 1233 1059 1287; x_wconf 83' lang='lat' dir='ltr'><strong>habent</strong></span> <span class='ocrx_word' id='word_1_65' title='bbox 1085 1237 1342 1298; x_wconf 74' lang='grc' dir='ltr'><strong>ιῐσα-ιωγάς</strong></span> <span class='ocrx_word' id='word_1_66' title='bbox 1373 1245 1497 1286; x_wconf 88' lang='lat' dir='ltr'><strong>suas</strong></span> <span class='ocrx_word' id='word_1_67' title='bbox 1525 1249 1537 1286; x_wconf 96' lang='lat'><strong>:</strong></span> <span class='ocrx_word' id='word_1_68' title='bbox 1562 1232 1640 1286; x_wconf 92' lang='lat' dir='ltr'><strong>sic</strong></span> <span class='ocrx_word' id='word_1_69' title='bbox 1659 1231 1941 1286; x_wconf 88' lang='lat' dir='ltr'><strong>elementis</strong></span> <span class='ocrx_word' id='word_1_70' title='bbox 1958 1232 2155 1286; x_wconf 89' lang='lat' dir='ltr'><strong>veteris</strong></span> 
     </span>
    </p>
   </div>
   <div class='ocr_carea' id='block_1_11' title="bbox 572 1322 2148 1392">
    <p class='ocr_par' dir='ltr' id='par_1_11' title="bbox 572 1322 2148 1392">
     <span class='ocr_line' id='line_1_11' title="bbox 572 1322 2148 1392; baseline -0.002 -14"><span class='ocrx_word' id='word_1_71' title='bbox 572 1323 924 1391; x_wconf 82' lang='lat' dir='ltr'><strong>Testamenti,</strong></span> <span class='ocrx_word' id='word_1_72' title='bbox 957 1332 1014 1377; x_wconf 93' lang='lat' dir='ltr'><strong>ut</strong></span> <span class='ocrx_word' id='word_1_73' title='bbox 1042 1323 1107 1378; x_wconf 91' lang='lat' dir='ltr'><strong>ad</strong></span> <span class='ocrx_word' id='word_1_74' title='bbox 1137 1323 1511 1392; x_wconf 85' lang='lat' dir='ltr'><strong>Evangelicam</strong></span> <span class='ocrx_word' id='word_1_75' title='bbox 1533 1322 1921 1392; x_wconf 87' lang='lat' dir='ltr'><strong>plenitudinem</strong></span> <span class='ocrx_word' id='word_1_76' title='bbox 1949 1322 2148 1387; x_wconf 88' lang='lat' dir='ltr'><strong>veniat,</strong></span> 
     </span>
    </p>
   </div>
   <div class='ocr_carea' id='block_1_12' title="bbox 569 1411 2152 1469">
    <p class='ocr_par' dir='ltr' id='par_1_12' title="bbox 569 1411 2152 1469">
     <span class='ocr_line' id='line_1_12' title="bbox 569 1411 2152 1469; baseline -0.001 0"><span class='ocrx_word' id='word_1_77' title='bbox 569 1415 740 1469; x_wconf 79' lang='lat' dir='ltr'><strong>sancti</strong></span> <span class='ocrx_word' id='word_1_78' title='bbox 767 1413 866 1468; x_wconf 86' lang='lat' dir='ltr'><strong>viri</strong></span> <span class='ocrx_word' id='word_1_79' title='bbox 909 1412 1150 1468; x_wconf 83' lang='lat' dir='ltr'><strong>eruditur</strong></span> <span class='ocrx_word' id='word_1_80' title='bbox 1178 1412 1420 1467; x_wconf 81' lang='lat' dir='ltr'><strong>infantia.</strong></span> <span class='ocrx_word' id='word_1_81' title='bbox 1471 1411 1624 1468; x_wconf 89' lang='lat' dir='ltr'><strong>Unde</strong></span> <span class='ocrx_word' id='word_1_82' title='bbox 1653 1414 1978 1467; x_wconf 87' lang='lat' dir='ltr'><strong>centesimus</strong></span> <span class='ocrx_word' id='word_1_83' title='bbox 2004 1413 2152 1469; x_wconf 86' lang='lat' dir='ltr'><strong>deci-</strong></span> 
     </span>
    </p>
   </div>
   <div class='ocr_carea' id='block_1_13' title="bbox 569 1505 2148 1576">
    <p class='ocr_par' dir='ltr' id='par_1_13' title="bbox 569 1505 2148 1576">
     <span class='ocr_line' id='line_1_13' title="bbox 569 1505 2148 1576; baseline -0.001 -15"><span class='ocrx_word' id='word_1_84' title='bbox 569 1523 688 1562; x_wconf 88' lang='lat' dir='ltr'><strong>mus</strong></span> <span class='ocrx_word' id='word_1_85' title='bbox 711 1517 930 1564; x_wconf 86' lang='lat' dir='ltr'><strong>octavus</strong></span> <span class='ocrx_word' id='word_1_86' title='bbox 961 1505 1224 1572; x_wconf 85' lang='lat' dir='ltr'><strong>Psalmus,</strong></span> <span class='ocrx_word' id='word_1_87' title='bbox 1258 1517 1311 1560; x_wconf 90' lang='lat' dir='ltr'><strong>et</strong></span> <span class='ocrx_word' id='word_1_88' title='bbox 1337 1520 1526 1561; x_wconf 92' lang='lat' dir='ltr'><strong>omnes</strong></span> <span class='ocrx_word' id='word_1_89' title='bbox 1551 1506 1642 1561; x_wconf 89' lang='lat' dir='ltr'><strong>alii</strong></span> <span class='ocrx_word' id='word_1_90' title='bbox 1670 1506 1758 1575; x_wconf 89' lang='lat' dir='ltr'><strong>qui</strong></span> <span class='ocrx_word' id='word_1_91' title='bbox 1788 1506 1982 1560; x_wconf 79' lang='lat' dir='ltr'><strong>litteris</strong></span> <span class='ocrx_word' id='word_1_92' title='bbox 2010 1522 2148 1576; x_wconf 75' lang='lat' dir='ltr'><strong>pra:-</strong></span> 
     </span>
    </p>
   </div>
   <div class='ocr_carea' id='block_1_14' title="bbox 567 1595 2145 1668">
    <p class='ocr_par' dir='ltr' id='par_1_14' title="bbox 567 1595 2145 1668">
     <span class='ocr_line' id='line_1_14' title="bbox 567 1595 2145 1668; baseline -0.002 -16"><span class='ocrx_word' id='word_1_93' title='bbox 567 1605 842 1664; x_wconf 88' lang='lat' dir='ltr'><strong>notantur,</strong></span> <span class='ocrx_word' id='word_1_94' title='bbox 873 1613 969 1668; x_wconf 91' lang='lat' dir='ltr'><strong>per</strong></span> <span class='ocrx_word' id='word_1_95' title='bbox 995 1596 1236 1651; x_wconf 85' lang='lat' dir='ltr'><strong>Ethicam</strong></span> <span class='ocrx_word' id='word_1_96' title='bbox 1265 1611 1363 1652; x_wconf 92' lang='lat' dir='ltr'><strong>nos</strong></span> <span class='ocrx_word' id='word_1_97' title='bbox 1393 1595 1597 1651; x_wconf 88' lang='lat' dir='ltr'><strong>ducunt</strong></span> <span class='ocrx_word' id='word_1_98' title='bbox 1621 1595 1687 1650; x_wconf 89' lang='lat' dir='ltr'><strong>ad</strong></span> <span class='ocrx_word' id='word_1_99' title='bbox 1711 1595 2145 1666; x_wconf 86' lang='lat' dir='ltr'><strong>(b)Theoricam,</strong></span> 
     </span>
    </p>
   </div>
   <div class='ocr_carea' id='block_1_15' title="bbox 561 1685 2144 1756">
    <p class='ocr_par' dir='ltr' id='par_1_15' title="bbox 561 1685 2144 1756">
     <span class='ocr_line' id='line_1_15' title="bbox 561 1685 2144 1756; baseline -0.003 -12"><span class='ocrx_word' id='word_1_100' title='bbox 561 1699 616 1744; x_wconf 87' lang='lat' dir='ltr'><strong>et</strong></span> <span class='ocrx_word' id='word_1_101' title='bbox 641 1689 708 1744; x_wconf 87' lang='lat' dir='ltr'><strong>ab</strong></span> <span class='ocrx_word' id='word_1_102' title='bbox 752 1688 1035 1744; x_wconf 82' lang='lat' dir='ltr'><strong>elementis</strong></span> <span class='ocrx_word' id='word_1_103' title='bbox 1063 1687 1356 1743; x_wconf 91' lang='lat' dir='ltr'><strong>occidentis</strong></span> <span class='ocrx_word' id='word_1_104' title='bbox 1398 1687 1611 1752; x_wconf 67' lang='lat' dir='ltr'><strong>litterae,</strong></span> <span class='ocrx_word' id='word_1_105' title='bbox 1644 1701 1764 1756; x_wconf 69' lang='lat' dir='ltr'><strong>quae</strong></span> <span class='ocrx_word' id='word_1_106' title='bbox 1807 1685 2104 1742; x_wconf 90' lang='lat' dir='ltr'><strong>destruitur</strong></span> <span class='ocrx_word' id='word_1_107' title='bbox 2129 1727 2144 1751; x_wconf 91' lang='lat'><strong>,</strong></span> 
     </span>
    </p>
   </div>
   <div class='ocr_carea' id='block_1_16' title="bbox 563 1777 2145 1849">
    <p class='ocr_par' dir='ltr' id='par_1_16' title="bbox 563 1777 2145 1849">
     <span class='ocr_line' id='line_1_16' title="bbox 563 1777 2145 1849; baseline -0.002 -16"><span class='ocrx_word' id='word_1_108' title='bbox 563 1779 791 1834; x_wconf 88' lang='lat' dir='ltr'><strong>transire</strong></span> <span class='ocrx_word' id='word_1_109' title='bbox 833 1779 1034 1834; x_wconf 81' lang='lat' dir='ltr'><strong>faciunt</strong></span> <span class='ocrx_word' id='word_1_110' title='bbox 1071 1778 1138 1833; x_wconf 89' lang='lat' dir='ltr'><strong>ad</strong></span> <span class='ocrx_word' id='word_1_111' title='bbox 1181 1777 1430 1849; x_wconf 88' lang='lat' dir='ltr'><strong>spiritum</strong></span> <span class='ocrx_word' id='word_1_112' title='bbox 1463 1777 1842 1833; x_wconf 75' lang='lat' dir='ltr'><strong>viviﬁcantem.</strong></span> <span class='ocrx_word' id='word_1_113' title='bbox 1887 1777 1986 1844; x_wconf 88' lang='lat' dir='ltr'><strong>Qui</strong></span> <span class='ocrx_word' id='word_1_114' title='bbox 2015 1791 2145 1847; x_wconf 76' lang='lat' dir='ltr'><strong>ergo</strong></span> 
     </span>
    </p>
   </div>
   <div class='ocr_carea' id='block_1_17' title="bbox 563 1867 2147 1940">
    <p class='ocr_par' dir='ltr' id='par_1_17' title="bbox 563 1867 2147 1940">
     <span class='ocr_line' id='line_1_17' title="bbox 563 1867 2147 1940; baseline 0 -17"><span class='ocrx_word' id='word_1_115' title='bbox 563 1870 783 1937; x_wconf 89' lang='lat' dir='ltr'><strong>mundo,</strong></span> <span class='ocrx_word' id='word_1_116' title='bbox 813 1880 868 1926; x_wconf 93' lang='lat' dir='ltr'><strong>et</strong></span> <span class='ocrx_word' id='word_1_117' title='bbox 891 1871 1174 1926; x_wconf 86' lang='lat' dir='ltr'><strong>elementis</strong></span> <span class='ocrx_word' id='word_1_118' title='bbox 1213 1870 1330 1940; x_wconf 84' lang='lat' dir='ltr'><strong>ejus</strong></span> <span class='ocrx_word' id='word_1_119' title='bbox 1359 1870 1558 1924; x_wconf 89' lang='lat' dir='ltr'><strong>mortui</strong></span> <span class='ocrx_word' id='word_1_120' title='bbox 1587 1884 1772 1924; x_wconf 91' lang='lat' dir='ltr'><strong>sumus</strong></span> <span class='ocrx_word' id='word_1_121' title='bbox 1797 1911 1812 1934; x_wconf 90' lang='lat'><strong>,</strong></span> <span class='ocrx_word' id='word_1_122' title='bbox 1845 1885 1953 1924; x_wconf 94' lang='lat' dir='ltr'><strong>non</strong></span> <span class='ocrx_word' id='word_1_123' title='bbox 1983 1867 2147 1923; x_wconf 83' lang='lat' dir='ltr'><strong>debe-</strong></span> 
     </span>
    </p>
   </div>
   <div class='ocr_carea' id='block_1_18' title="bbox 561 1961 2144 2032">
    <p class='ocr_par' dir='ltr' id='par_1_18' title="bbox 561 1961 2144 2032">
     <span class='ocr_line' id='line_1_18' title="bbox 561 1961 2144 2032; baseline 0 -18"><span class='ocrx_word' id='word_1_124' title='bbox 561 1976 680 2016; x_wconf 87' lang='lat' dir='ltr'><strong>mus</strong></span> <span class='ocrx_word' id='word_1_125' title='bbox 708 1976 770 2015; x_wconf 88' lang='lat' dir='ltr'><strong>ea</strong></span> <span class='ocrx_word' id='word_1_126' title='bbox 815 1961 1128 2026; x_wconf 87' lang='lat' dir='ltr'><strong>observare,</strong></span> <span class='ocrx_word' id='word_1_127' title='bbox 1160 1976 1280 2032; x_wconf 66' lang='lat' dir='ltr'><strong>quae</strong></span> <span class='ocrx_word' id='word_1_128' title='bbox 1311 1961 1495 2017; x_wconf 90' lang='lat' dir='ltr'><strong>mundi</strong></span> <span class='ocrx_word' id='word_1_129' title='bbox 1523 1970 1649 2020; x_wconf 91' lang='lat' dir='ltr'><strong>sunt</strong></span> <span class='ocrx_word' id='word_1_130' title='bbox 1672 2003 1686 2030; x_wconf 92' lang='lat'><strong>,</strong></span> <span class='ocrx_word' id='word_1_131' title='bbox 1719 1961 1840 2032; x_wconf 84' lang='lat' dir='ltr'><strong>quia</strong></span> <span class='ocrx_word' id='word_1_132' title='bbox 1887 1961 1939 2015; x_wconf 91' lang='lat' dir='ltr'><strong>in</strong></span> <span class='ocrx_word' id='word_1_133' title='bbox 1968 1961 2144 2016; x_wconf 87' lang='lat' dir='ltr'><strong>altcro</strong></span> 
     </span>
    </p>
   </div>
   <div class='ocr_carea' id='block_1_19' title="bbox 559 2052 1499 2124">
    <p class='ocr_par' dir='ltr' id='par_1_19' title="bbox 559 2052 1499 2124">
     <span class='ocr_line' id='line_1_19' title="bbox 559 2052 1499 2124; baseline 0.004 -18"><span class='ocrx_word' id='word_1_134' title='bbox 559 2053 796 2120; x_wconf 90' lang='lat' dir='ltr'><strong>inituim,</strong></span> <span class='ocrx_word' id='word_1_135' title='bbox 828 2053 879 2107; x_wconf 92' lang='lat' dir='ltr'><strong>in</strong></span> <span class='ocrx_word' id='word_1_136' title='bbox 907 2052 1077 2110; x_wconf 88' lang='lat' dir='ltr'><strong>altero</strong></span> <span class='ocrx_word' id='word_1_137' title='bbox 1105 2053 1366 2124; x_wconf 80' lang='lat' dir='ltr'><strong>perfectio</strong></span> <span class='ocrx_word' id='word_1_138' title='bbox 1394 2063 1499 2110; x_wconf 89' lang='lat' dir='ltr'><strong>est.</strong></span> 
     </span>
    </p>
   </div>
   <div class='ocr_carea' id='block_1_20' title="bbox 626 2143 2143 2215">
    <p class='ocr_par' dir='ltr' id='par_1_20' title="bbox 626 2143 2143 2215">
     <span class='ocr_line' id='line_1_20' title="bbox 626 2143 2143 2215; baseline 0.001 -17"><span class='ocrx_word' id='word_1_139' title='bbox 626 2143 780 2198; x_wconf 77' lang='lat' dir='ltr'><strong>CAP.</strong></span> <span class='ocrx_word' id='word_1_140' title='bbox 822 2143 1126 2212; x_wconf 82' lang='lat' dir='ltr'><strong>XL—Quid</strong></span> <span class='ocrx_word' id='word_1_141' title='bbox 1147 2145 1216 2199; x_wconf 90' lang='lat' dir='ltr'><strong>sit</strong></span> <span class='ocrx_word' id='word_1_142' title='bbox 1241 2143 1382 2215; x_wconf 90' lang='lat' dir='ltr'><strong>quod</strong></span> <span class='ocrx_word' id='word_1_143' title='bbox 1411 2145 1550 2200; x_wconf 86' lang='lat' dir='ltr'><strong>idem</strong></span> <span class='ocrx_word' id='word_1_144' title='bbox 1573 2144 1864 2215; x_wconf 85' lang='lat' dir='ltr'><strong>Apostolus</strong></span> <span class='ocrx_word' id='word_1_145' title='bbox 1885 2144 1950 2198; x_wconf 89' lang='lat' dir='ltr'><strong>ad</strong></span> <span class='ocrx_word' id='word_1_146' title='bbox 1971 2144 2143 2200; x_wconf 87' lang='lat' dir='ltr'><strong>Thes-</strong></span> 
     </span>
    </p>
   </div>
   <div class='ocr_carea' id='block_1_21' title="bbox 555 2235 2140 2309">
    <p class='ocr_par' dir='ltr' id='par_1_21' title="bbox 555 2235 2140 2309">
     <span class='ocr_line' id='line_1_21' title="bbox 555 2235 2140 2309; baseline -0.003 -17"><span class='ocrx_word' id='word_1_147' title='bbox 555 2237 920 2292; x_wconf 63' lang='lat' dir='ltr'><strong>salonicenses</strong></span> <span class='ocrx_word' id='word_1_148' title='bbox 971 2237 1200 2292; x_wconf 85' lang='lat' dir='ltr'><strong>scribit:</strong></span> <span class='ocrx_word' id='word_1_149' title='bbox 1237 2235 1353 2292; x_wconf 85' lang='lat' dir='ltr'><strong>Nisi</strong></span> <span class='ocrx_word' id='word_1_150' title='bbox 1407 2236 1643 2292; x_wconf 75' lang='lat' dir='ltr'><strong>discessio</strong></span> <span class='ocrx_word' id='word_1_151' title='bbox 1713 2236 1880 2309; x_wconf 76' lang='lat'><strong>886</strong></span> <span class='ocrx_word' id='word_1_152' title='bbox 1950 2236 2140 2290; x_wconf 81' lang='lat' dir='ltr'><strong>uenerit</strong></span> 
     </span>
    </p>
   </div>
   <div class='ocr_carea' id='block_1_22' title="bbox 555 2327 2136 2401">
    <p class='ocr_par' dir='ltr' id='par_1_22' title="bbox 555 2327 2136 2401">
     <span class='ocr_line' id='line_1_22' title="bbox 555 2327 2136 2401; baseline -0.003 -18"><span class='ocrx_word' id='word_1_153' title='bbox 555 2332 794 2399; x_wconf 83' lang='lat' dir='ltr'><strong>primum,</strong></span> <span class='ocrx_word' id='word_1_154' title='bbox 826 2339 874 2383; x_wconf 92' lang='lat' dir='ltr'><strong>et</strong></span> <span class='ocrx_word' id='word_1_155' title='bbox 894 2328 1139 2383; x_wconf 81' lang='lat' dir='ltr'><strong>revelatus</strong></span> <span class='ocrx_word' id='word_1_156' title='bbox 1171 2329 1326 2396; x_wconf 76' lang='lat' dir='ltr'><strong>fuerit</strong></span> <span class='ocrx_word' id='word_1_157' title='bbox 1350 2329 1500 2384; x_wconf 89' lang='lat' dir='ltr'><strong>homo</strong></span> <span class='ocrx_word' id='word_1_158' title='bbox 1536 2331 1727 2400; x_wconf 83' lang='lat' dir='ltr'><strong>peccati</strong></span> <span class='ocrx_word' id='word_1_159' title='bbox 1752 2330 1845 2401; x_wconf 75' lang='lat'><strong>(’2.</strong></span> <span class='ocrx_word' id='word_1_160' title='bbox 1876 2329 2050 2382; x_wconf 80' lang='lat' dir='ltr'><strong>Thess.</strong></span> <span class='ocrx_word' id='word_1_161' title='bbox 2080 2327 2136 2381; x_wconf 74' lang='grc'><strong>2.</strong></span> 
     </span>
    </p>
   </div>
   <div class='ocr_carea' id='block_1_23' title="bbox 553 2418 2138 2491">
    <p class='ocr_par' dir='ltr' id='par_1_23' title="bbox 553 2418 2138 2491">
     <span class='ocr_line' id='line_1_23' title="bbox 553 2418 2138 2491; baseline -0.001 -17"><span class='ocrx_word' id='word_1_162' title='bbox 553 2421 626 2491; x_wconf 81' lang='grc'><strong>5)</strong></span> <span class='ocrx_word' id='word_1_163' title='bbox 653 2429 709 2475; x_wconf 89' lang='lat' dir='ltr'><strong>et</strong></span> <span class='ocrx_word' id='word_1_164' title='bbox 759 2419 988 2491; x_wconf 87' lang='lat' dir='ltr'><strong>reliqua.</strong></span> <span class='ocrx_word' id='word_1_165' title='bbox 1019 2418 1074 2474; x_wconf 92' lang='lat' dir='ltr'><strong>ln</strong></span> <span class='ocrx_word' id='word_1_166' title='bbox 1097 2419 1266 2491; x_wconf 89' lang='lat' dir='ltr'><strong>prima</strong></span> <span class='ocrx_word' id='word_1_167' title='bbox 1289 2419 1356 2475; x_wconf 90' lang='lat' dir='ltr'><strong>ad</strong></span> <span class='ocrx_word' id='word_1_168' title='bbox 1382 2418 1895 2474; x_wconf 67' lang='lat' dir='ltr'><strong>Thessalonicenses</strong></span> <span class='ocrx_word' id='word_1_169' title='bbox 1924 2418 2138 2489; x_wconf 87' lang='lat' dir='ltr'><strong>Episto-</strong></span> 
     </span>
    </p>
   </div>
   <div class='ocr_carea' id='block_1_24' title="bbox 552 2509 2137 2585">
    <p class='ocr_par' dir='ltr' id='par_1_24' title="bbox 552 2509 2137 2585">
     <span class='ocr_line' id='line_1_24' title="bbox 552 2509 2137 2585; baseline -0.003 -18"><span class='ocrx_word' id='word_1_170' title='bbox 552 2515 597 2567; x_wconf 84' lang='lat' dir='ltr'><strong>la</strong></span> <span class='ocrx_word' id='word_1_171' title='bbox 626 2513 913 2585; x_wconf 85' lang='lat' dir='ltr'><strong>scripserat</strong></span> <span class='ocrx_word' id='word_1_172' title='bbox 940 2528 953 2565; x_wconf 91' lang='lat'><strong>:</strong></span> <span class='ocrx_word' id='word_1_173' title='bbox 984 2509 1063 2568; x_wconf 91' lang='lat' dir='ltr'><strong>De</strong></span> <span class='ocrx_word' id='word_1_174' title='bbox 1083 2511 1392 2580; x_wconf 82' lang='lat' dir='ltr'><strong>temporibus</strong></span> <span class='ocrx_word' id='word_1_175' title='bbox 1429 2521 1615 2576; x_wconf 87' lang='lat' dir='ltr'><strong>autem,</strong></span> <span class='ocrx_word' id='word_1_176' title='bbox 1642 2521 1688 2566; x_wconf 90' lang='lat' dir='ltr'><strong>et</strong></span> <span class='ocrx_word' id='word_1_177' title='bbox 1713 2512 2006 2578; x_wconf 88' lang='lat' dir='ltr'><strong>momentis,</strong></span> <span class='ocrx_word' id='word_1_178' title='bbox 2030 2514 2137 2582; x_wconf 80' lang='lat' dir='ltr'><strong>fra-</strong></span> 
     </span>
    </p>
   </div>
   <div class='ocr_carea' id='block_1_25' title="bbox 551 2603 2134 2673">
    <p class='ocr_par' dir='ltr' id='par_1_25' title="bbox 551 2603 2134 2673">
     <span class='ocr_line' id='line_1_25' title="bbox 551 2603 2134 2673; baseline -0.001 -17"><span class='ocrx_word' id='word_1_179' title='bbox 551 2615 650 2658; x_wconf 83' lang='lat' dir='ltr'><strong>tres</strong></span> <span class='ocrx_word' id='word_1_180' title='bbox 671 2621 771 2659; x_wconf 91' lang='lat' dir='ltr'><strong>non</strong></span> <span class='ocrx_word' id='word_1_181' title='bbox 798 2620 997 2659; x_wconf 87' lang='lat' dir='ltr'><strong>necesse</strong></span> <span class='ocrx_word' id='word_1_182' title='bbox 1025 2604 1216 2658; x_wconf 83' lang='lat' dir='ltr'><strong>habetis</strong></span> <span class='ocrx_word' id='word_1_183' title='bbox 1249 2613 1304 2657; x_wconf 92' lang='lat' dir='ltr'><strong>ut</strong></span> <span class='ocrx_word' id='word_1_184' title='bbox 1342 2603 1556 2657; x_wconf 88' lang='lat' dir='ltr'><strong>scribam</strong></span> <span class='ocrx_word' id='word_1_185' title='bbox 1578 2603 1714 2656; x_wconf 79' lang='lat' dir='ltr'><strong>vobis</strong></span> <span class='ocrx_word' id='word_1_186' title='bbox 1747 2603 1886 2673; x_wconf 86' lang='lat' dir='ltr'><strong>:ipsi</strong></span> <span class='ocrx_word' id='word_1_187' title='bbox 1905 2603 2036 2655; x_wconf 88' lang='lat' dir='ltr'><strong>enim</strong></span> <span class='ocrx_word' id='word_1_188' title='bbox 2063 2603 2134 2655; x_wconf 79' lang='lat' dir='ltr'><strong>di-</strong></span> 
     </span>
    </p>
   </div>
   <div class='ocr_carea' id='block_1_26' title="bbox 548 2692 2132 2766">
    <p class='ocr_par' dir='ltr' id='par_1_26' title="bbox 548 2692 2132 2766">
     <span class='ocr_line' id='line_1_26' title="bbox 548 2692 2132 2766; baseline -0.002 -17"><span class='ocrx_word' id='word_1_189' title='bbox 548 2697 761 2765; x_wconf 86' lang='lat' dir='ltr'><strong>ligenter</strong></span> <span class='ocrx_word' id='word_1_190' title='bbox 779 2696 938 2761; x_wconf 85' lang='lat' dir='ltr'><strong>scitis,</strong></span> <span class='ocrx_word' id='word_1_191' title='bbox 962 2695 1081 2766; x_wconf 85' lang='lat' dir='ltr'><strong>quia</strong></span> <span class='ocrx_word' id='word_1_192' title='bbox 1125 2695 1233 2748; x_wconf 92' lang='lat' dir='ltr'><strong>dies</strong></span> <span class='ocrx_word' id='word_1_193' title='bbox 1264 2692 1471 2748; x_wconf 90' lang='lat' dir='ltr'><strong>Domini</strong></span> <span class='ocrx_word' id='word_1_194' title='bbox 1497 2694 1623 2747; x_wconf 86' lang='lat' dir='ltr'><strong>sicut</strong></span> <span class='ocrx_word' id='word_1_195' title='bbox 1655 2693 1741 2762; x_wconf 77' lang='lat' dir='ltr'><strong>fur</strong></span> <span class='ocrx_word' id='word_1_196' title='bbox 1773 2693 1827 2746; x_wconf 91' lang='lat' dir='ltr'><strong>in</strong></span> <span class='ocrx_word' id='word_1_197' title='bbox 1856 2703 2018 2758; x_wconf 87' lang='lat' dir='ltr'><strong>nocte,</strong></span> <span class='ocrx_word' id='word_1_198' title='bbox 2060 2693 2132 2746; x_wconf 88' lang='lat' dir='ltr'><strong>ita</strong></span> 
     </span>
    </p>
   </div>
   <div class='ocr_carea' id='block_1_27' title="bbox 548 2784 2128 2856">
    <p class='ocr_par' dir='ltr' id='par_1_27' title="bbox 548 2784 2128 2856">
     <span class='ocr_line' id='line_1_27' title="bbox 548 2784 2128 2856; baseline -0.003 -14"><span class='ocrx_word' id='word_1_199' title='bbox 548 2789 722 2844; x_wconf 79' lang='lat' dir='ltr'><strong>veniet.</strong></span> <span class='ocrx_word' id='word_1_200' title='bbox 749 2785 874 2842; x_wconf 88' lang='lat' dir='ltr'><strong>Cum</strong></span> <span class='ocrx_word' id='word_1_201' title='bbox 898 2788 1030 2842; x_wconf 88' lang='lat' dir='ltr'><strong>enim</strong></span> <span class='ocrx_word' id='word_1_202' title='bbox 1053 2785 1306 2849; x_wconf 72' lang='lat' dir='ltr'><strong>dixerint,</strong></span> <span class='ocrx_word' id='word_1_203' title='bbox 1350 2801 1472 2856; x_wconf 77' lang='lat' dir='ltr'><strong>pax,</strong></span> <span class='ocrx_word' id='word_1_204' title='bbox 1496 2793 1542 2838; x_wconf 90' lang='lat' dir='ltr'><strong>et</strong></span> <span class='ocrx_word' id='word_1_205' title='bbox 1569 2784 1811 2837; x_wconf 85' lang='lat' dir='ltr'><strong>securitas</strong></span> <span class='ocrx_word' id='word_1_206' title='bbox 1839 2799 1857 2837; x_wconf 91' lang='lat'><strong>:</strong></span> <span class='ocrx_word' id='word_1_207' title='bbox 1883 2792 2000 2837; x_wconf 87' lang='lat' dir='ltr'><strong>tunc</strong></span> <span class='ocrx_word' id='word_1_208' title='bbox 2047 2801 2128 2838; x_wconf 89' lang='lat' dir='ltr'><strong>re-</strong></span> 
     </span>
    </p>
   </div>
   <div class='ocr_carea' id='block_1_28' title="bbox 546 2873 2129 2948">
    <p class='ocr_par' dir='ltr' id='par_1_28' title="bbox 546 2873 2129 2948">
     <span class='ocr_line' id='line_1_28' title="bbox 546 2873 2129 2948; baseline -0.004 -14"><span class='ocrx_word' id='word_1_209' title='bbox 546 2881 779 2948; x_wconf 83' lang='lat' dir='ltr'><strong>pentinus</strong></span> <span class='ocrx_word' id='word_1_210' title='bbox 807 2879 912 2933; x_wconf 80' lang='lat' dir='ltr'><strong>illis</strong></span> <span class='ocrx_word' id='word_1_211' title='bbox 936 2876 1137 2932; x_wconf 86' lang='lat' dir='ltr'><strong>instabit</strong></span> <span class='ocrx_word' id='word_1_212' title='bbox 1155 2876 1405 2940; x_wconf 85' lang='lat' dir='ltr'><strong>interitus,</strong></span> <span class='ocrx_word' id='word_1_213' title='bbox 1428 2874 1558 2927; x_wconf 85' lang='lat' dir='ltr'><strong>sicut</strong></span> <span class='ocrx_word' id='word_1_214' title='bbox 1594 2873 1740 2928; x_wconf 89' lang='lat' dir='ltr'><strong>dolor</strong></span> <span class='ocrx_word' id='word_1_215' title='bbox 1773 2874 1825 2927; x_wconf 89' lang='lat' dir='ltr'><strong>in</strong></span> <span class='ocrx_word' id='word_1_216' title='bbox 1855 2883 1996 2927; x_wconf 86' lang='lat' dir='ltr'><strong>utero</strong></span> <span class='ocrx_word' id='word_1_217' title='bbox 2034 2875 2129 2928; x_wconf 83' lang='lat' dir='ltr'><strong>Ita-</strong></span> 
     </span>
    </p>
   </div>
   <div class='ocr_carea' id='block_1_29' title="bbox 545 2962 2128 3036">
    <p class='ocr_par' dir='ltr' id='par_1_29' title="bbox 545 2962 2128 3036">
     <span class='ocr_line' id='line_1_29' title="bbox 545 2962 2128 3036; baseline -0.004 -12"><span class='ocrx_word' id='word_1_218' title='bbox 545 2971 724 3034; x_wconf 88' lang='lat' dir='ltr'><strong>bentis,</strong></span> <span class='ocrx_word' id='word_1_219' title='bbox 749 2978 796 3022; x_wconf 89' lang='lat' dir='ltr'><strong>et</strong></span> <span class='ocrx_word' id='word_1_220' title='bbox 840 2985 944 3022; x_wconf 88' lang='lat' dir='ltr'><strong>non</strong></span> <span class='ocrx_word' id='word_1_221' title='bbox 985 2965 1223 3036; x_wconf 68' lang='lat' dir='ltr'><strong>e/Tugienl</strong></span> <span class='ocrx_word' id='word_1_222' title='bbox 1248 2963 1323 3035; x_wconf 85' lang='lat' dir='ltr'><strong>(l.</strong></span> <span class='ocrx_word' id='word_1_223' title='bbox 1359 2963 1536 3018; x_wconf 82' lang='lat' dir='ltr'><strong>Thess.</strong></span> <span class='ocrx_word' id='word_1_224' title='bbox 1565 2963 1619 3018; x_wconf 84' lang='lat'><strong>5.</strong></span> <span class='ocrx_word' id='word_1_225' title='bbox 1652 2963 1702 3017; x_wconf 83' lang='lat' dir='ltr'><strong>l.</strong></span> <span class='ocrx_word' id='word_1_226' title='bbox 1734 2962 1917 3034; x_wconf 90' lang='lat' dir='ltr'><strong>seqq.).</strong></span> <span class='ocrx_word' id='word_1_227' title='bbox 1957 2963 2128 3033; x_wconf 84' lang='lat' dir='ltr'><strong>Supra</strong></span> 
     </span>
    </p>
   </div>
   <div class='ocr_carea' id='block_1_30' title="bbox 543 3053 2129 3125">
    <p class='ocr_par' dir='ltr' id='par_1_30' title="bbox 543 3053 2129 3125">
     <span class='ocr_line' id='line_1_30' title="bbox 543 3053 2129 3125; baseline -0.004 -9"><span class='ocrx_word' id='word_1_228' title='bbox 543 3064 687 3116; x_wconf 85' lang='lat' dir='ltr'><strong>enim</strong></span> <span class='ocrx_word' id='word_1_229' title='bbox 726 3061 794 3116; x_wconf 88' lang='lat' dir='ltr'><strong>ad</strong></span> <span class='ocrx_word' id='word_1_230' title='bbox 847 3074 942 3116; x_wconf 84' lang='lat' dir='ltr'><strong>eos</strong></span> <span class='ocrx_word' id='word_1_231' title='bbox 971 3058 1299 3125; x_wconf 83' lang='lat' dir='ltr'><strong>scripserat:</strong></span> <span class='ocrx_word' id='word_1_232' title='bbox 1334 3053 1446 3108; x_wconf 83' lang='lat' dir='ltr'><strong>Hoc</strong></span> <span class='ocrx_word' id='word_1_233' title='bbox 1481 3055 1616 3109; x_wconf 80' lang='lat' dir='ltr'><strong>vobis</strong></span> <span class='ocrx_word' id='word_1_234' title='bbox 1653 3055 1865 3110; x_wconf 84' lang='lat' dir='ltr'><strong>dicimus</strong></span> <span class='ocrx_word' id='word_1_235' title='bbox 1903 3056 1956 3110; x_wconf 86' lang='lat' dir='ltr'><strong>in</strong></span> <span class='ocrx_word' id='word_1_236' title='bbox 1981 3057 2129 3111; x_wconf 83' lang='lat' dir='ltr'><strong>verba</strong></span> 
     </span>
    </p>
   </div>
   <div class='ocr_carea' id='block_1_31' title="bbox 543 3147 2128 3220">
    <p class='ocr_par' dir='ltr' id='par_1_31' title="bbox 543 3147 2128 3220">
     <span class='ocr_line' id='line_1_31' title="bbox 543 3147 2128 3220; baseline -0.004 -12"><span class='ocrx_word' id='word_1_237' title='bbox 543 3153 774 3214; x_wconf 87' lang='lat' dir='ltr'><strong>Domini,</strong></span> <span class='ocrx_word' id='word_1_238' title='bbox 802 3152 920 3220; x_wconf 87' lang='lat' dir='ltr'><strong>quia</strong></span> <span class='ocrx_word' id='word_1_239' title='bbox 950 3164 1042 3202; x_wconf 89' lang='lat' dir='ltr'><strong>nos</strong></span> <span class='ocrx_word' id='word_1_240' title='bbox 1061 3148 1148 3217; x_wconf 88' lang='lat' dir='ltr'><strong>qui</strong></span> <span class='ocrx_word' id='word_1_241' title='bbox 1168 3147 1396 3210; x_wconf 81' lang='lat' dir='ltr'><strong>uiuimus,</strong></span> <span class='ocrx_word' id='word_1_242' title='bbox 1420 3148 1506 3217; x_wconf 88' lang='lat' dir='ltr'><strong>qui</strong></span> <span class='ocrx_word' id='word_1_243' title='bbox 1533 3148 1722 3201; x_wconf 85' lang='lat' dir='ltr'><strong>residui</strong></span> <span class='ocrx_word' id='word_1_244' title='bbox 1741 3163 1934 3213; x_wconf 87' lang='lat' dir='ltr'><strong>sumus,</strong></span> <span class='ocrx_word' id='word_1_245' title='bbox 1959 3148 2010 3201; x_wconf 90' lang='lat' dir='ltr'><strong>in</strong></span> <span class='ocrx_word' id='word_1_246' title='bbox 2035 3149 2128 3201; x_wconf 89' lang='lat' dir='ltr'><strong>ad-</strong></span> 
     </span>
    </p>
   </div>
   <div class='ocr_carea' id='block_1_32' title="bbox 541 3239 2127 3310">
    <p class='ocr_par' dir='ltr' id='par_1_32' title="bbox 541 3239 2127 3310">
     <span class='ocr_line' id='line_1_32' title="bbox 541 3239 2127 3310; baseline -0.008 -10"><span class='ocrx_word' id='word_1_247' title='bbox 541 3255 691 3299; x_wconf 80' lang='lat' dir='ltr'><strong>ventu</strong></span> <span class='ocrx_word' id='word_1_248' title='bbox 732 3241 961 3307; x_wconf 85' lang='lat' dir='ltr'><strong>Domini,</strong></span> <span class='ocrx_word' id='word_1_249' title='bbox 1002 3255 1105 3293; x_wconf 86' lang='lat' dir='ltr'><strong>non</strong></span> <span class='ocrx_word' id='word_1_250' title='bbox 1135 3239 1494 3308; x_wconf 79' lang='lat' dir='ltr'><strong>prwveniemus</strong></span> <span class='ocrx_word' id='word_1_251' title='bbox 1533 3255 1616 3293; x_wconf 88' lang='lat' dir='ltr'><strong>eos</strong></span> <span class='ocrx_word' id='word_1_252' title='bbox 1645 3240 1729 3310; x_wconf 88' lang='lat' dir='ltr'><strong>qui</strong></span> <span class='ocrx_word' id='word_1_253' title='bbox 1771 3239 2127 3293; x_wconf 89' lang='lat' dir='ltr'><strong>dormierunt:</strong></span> 
     </span>
    </p>
   </div>
   <div class='ocr_carea' id='block_1_33' title="bbox 540 3331 2122 3405">
    <p class='ocr_par' dir='ltr' id='par_1_33' title="bbox 540 3331 2122 3405">
     <span class='ocr_line' id='line_1_33' title="bbox 540 3331 2122 3405; baseline -0.004 -15"><span class='ocrx_word' id='word_1_254' title='bbox 540 3337 777 3405; x_wconf 87' lang='lat' dir='ltr'><strong>quoniam</strong></span> <span class='ocrx_word' id='word_1_255' title='bbox 803 3335 910 3404; x_wconf 89' lang='lat' dir='ltr'><strong>ipse</strong></span> <span class='ocrx_word' id='word_1_256' title='bbox 935 3331 1181 3385; x_wconf 85' lang='lat' dir='ltr'><strong>Dominus</strong></span> <span class='ocrx_word' id='word_1_257' title='bbox 1207 3331 1259 3383; x_wconf 90' lang='lat' dir='ltr'><strong>in</strong></span> <span class='ocrx_word' id='word_1_258' title='bbox 1275 3331 1446 3400; x_wconf 86' lang='lat' dir='ltr'><strong>jussu,</strong></span> <span class='ocrx_word' id='word_1_259' title='bbox 1473 3340 1518 3384; x_wconf 90' lang='lat' dir='ltr'><strong>et</strong></span> <span class='ocrx_word' id='word_1_260' title='bbox 1547 3331 1597 3385; x_wconf 90' lang='lat' dir='ltr'><strong>in</strong></span> <span class='ocrx_word' id='word_1_261' title='bbox 1627 3347 1744 3384; x_wconf 78' lang='lat' dir='ltr'><strong>uoce</strong></span> <span class='ocrx_word' id='word_1_262' title='bbox 1768 3331 2074 3399; x_wconf 82' lang='lat' dir='ltr'><strong>Archangeli</strong></span> <span class='ocrx_word' id='word_1_263' title='bbox 2108 3371 2122 3396; x_wconf 94' lang='lat'><strong>,</strong></span> 
     </span>
    </p>
   </div>
   <div class='ocr_carea' id='block_1_34' title="bbox 540 3419 2125 3488">
    <p class='ocr_par' dir='ltr' id='par_1_34' title="bbox 540 3419 2125 3488">
     <span class='ocr_line' id='line_1_34' title="bbox 540 3419 2125 3488; baseline -0.003 -9"><span class='ocrx_word' id='word_1_264' title='bbox 540 3437 587 3479; x_wconf 90' lang='lat' dir='ltr'><strong>et</strong></span> <span class='ocrx_word' id='word_1_265' title='bbox 627 3427 679 3480; x_wconf 88' lang='lat' dir='ltr'><strong>in</strong></span> <span class='ocrx_word' id='word_1_266' title='bbox 715 3423 832 3478; x_wconf 83' lang='lat' dir='ltr'><strong>tuba</strong></span> <span class='ocrx_word' id='word_1_267' title='bbox 854 3421 946 3478; x_wconf 91' lang='lat' dir='ltr'><strong>Dei</strong></span> <span class='ocrx_word' id='word_1_268' title='bbox 970 3421 1233 3476; x_wconf 84' lang='lat' dir='ltr'><strong>descendet</strong></span> <span class='ocrx_word' id='word_1_269' title='bbox 1254 3419 1315 3474; x_wconf 91' lang='lat' dir='ltr'><strong>de</strong></span> <span class='ocrx_word' id='word_1_270' title='bbox 1339 3419 1486 3484; x_wconf 75' lang='lat' dir='ltr'><strong>caelo,</strong></span> <span class='ocrx_word' id='word_1_271' title='bbox 1511 3431 1557 3476; x_wconf 92' lang='lat' dir='ltr'><strong>et</strong></span> <span class='ocrx_word' id='word_1_272' title='bbox 1579 3421 1764 3474; x_wconf 88' lang='lat' dir='ltr'><strong>mortui</strong></span> <span class='ocrx_word' id='word_1_273' title='bbox 1790 3421 1876 3488; x_wconf 85' lang='lat' dir='ltr'><strong>qui</strong></span> <span class='ocrx_word' id='word_1_274' title='bbox 1901 3420 1953 3475; x_wconf 86' lang='lat' dir='ltr'><strong>in</strong></span> <span class='ocrx_word' id='word_1_275' title='bbox 1975 3420 2125 3476; x_wconf 88' lang='lat' dir='ltr'><strong>Chri-</strong></span> 
     </span>
    </p>
   </div>
   <div class='ocr_carea' id='block_1_35' title="bbox 540 3511 2126 3586">
    <p class='ocr_par' dir='ltr' id='par_1_35' title="bbox 540 3511 2126 3586">
     <span class='ocr_line' id='line_1_35' title="bbox 540 3511 2126 3586; baseline -0.001 -16"><span class='ocrx_word' id='word_1_276' title='bbox 540 3529 616 3570; x_wconf 89' lang='lat' dir='ltr'><strong>sto</strong></span> <span class='ocrx_word' id='word_1_277' title='bbox 643 3523 774 3581; x_wconf 89' lang='lat' dir='ltr'><strong>sunt,</strong></span> <span class='ocrx_word' id='word_1_278' title='bbox 821 3522 1078 3586; x_wconf 86' lang='lat' dir='ltr'><strong>resurgent</strong></span> <span class='ocrx_word' id='word_1_279' title='bbox 1108 3512 1281 3584; x_wconf 84' lang='lat' dir='ltr'><strong>primi.</strong></span> <span class='ocrx_word' id='word_1_280' title='bbox 1317 3511 1510 3567; x_wconf 86' lang='lat' dir='ltr'><strong>Deinde</strong></span> <span class='ocrx_word' id='word_1_281' title='bbox 1538 3530 1630 3567; x_wconf 88' lang='lat' dir='ltr'><strong>nos</strong></span> <span class='ocrx_word' id='word_1_282' title='bbox 1659 3514 1745 3583; x_wconf 91' lang='lat' dir='ltr'><strong>qui</strong></span> <span class='ocrx_word' id='word_1_283' title='bbox 1775 3513 2010 3580; x_wconf 82' lang='lat' dir='ltr'><strong>vivimus,</strong></span> <span class='ocrx_word' id='word_1_284' title='bbox 2038 3514 2126 3584; x_wconf 89' lang='lat' dir='ltr'><strong>qui</strong></span> 
     </span>
    </p>
   </div>
   <div class='ocr_carea' id='block_1_36' title="bbox 539 3604 2124 3680">
    <p class='ocr_par' dir='ltr' id='par_1_36' title="bbox 539 3604 2124 3680">
     <span class='ocr_line' id='line_1_36' title="bbox 539 3604 2124 3680; baseline -0.002 -18"><span class='ocrx_word' id='word_1_285' title='bbox 539 3609 887 3680; x_wconf 85' lang='lat' dir='ltr'><strong>relinquimur,</strong></span> <span class='ocrx_word' id='word_1_286' title='bbox 917 3604 1073 3661; x_wconf 88' lang='lat' dir='ltr'><strong>simul</strong></span> <span class='ocrx_word' id='word_1_287' title='bbox 1095 3605 1352 3676; x_wconf 85' lang='lat' dir='ltr'><strong>rapiemur</strong></span> <span class='ocrx_word' id='word_1_288' title='bbox 1366 3620 1478 3658; x_wconf 88' lang='lat' dir='ltr'><strong>cum</strong></span> <span class='ocrx_word' id='word_1_289' title='bbox 1505 3605 1610 3658; x_wconf 87' lang='lat' dir='ltr'><strong>illis</strong></span> <span class='ocrx_word' id='word_1_290' title='bbox 1628 3605 1679 3658; x_wconf 89' lang='lat' dir='ltr'><strong>in</strong></span> <span class='ocrx_word' id='word_1_291' title='bbox 1701 3605 1913 3660; x_wconf 90' lang='lat' dir='ltr'><strong>nubibus</strong></span> <span class='ocrx_word' id='word_1_292' title='bbox 1930 3606 2124 3660; x_wconf 84' lang='lat' dir='ltr'><strong>obviam</strong></span> 
     </span>
    </p>
   </div>
   <div class='ocr_carea' id='block_1_37' title="bbox 537 3695 2125 3767">
    <p class='ocr_par' dir='ltr' id='par_1_37' title="bbox 537 3695 2125 3767">
     <span class='ocr_line' id='line_1_37' title="bbox 537 3695 2125 3767; baseline 0 -14"><span class='ocrx_word' id='word_1_293' title='bbox 537 3702 738 3755; x_wconf 65' lang='lat' dir='ltr'><strong>Christo</strong></span> <span class='ocrx_word' id='word_1_294' title='bbox 765 3701 818 3755; x_wconf 89' lang='lat' dir='ltr'><strong>in</strong></span> <span class='ocrx_word' id='word_1_295' title='bbox 840 3715 980 3764; x_wconf 90' lang='lat' dir='ltr'><strong>aera,</strong></span> <span class='ocrx_word' id='word_1_296' title='bbox 1008 3709 1054 3754; x_wconf 89' lang='lat' dir='ltr'><strong>et</strong></span> <span class='ocrx_word' id='word_1_297' title='bbox 1075 3699 1147 3753; x_wconf 87' lang='lat' dir='ltr'><strong>sic</strong></span> <span class='ocrx_word' id='word_1_298' title='bbox 1171 3714 1367 3767; x_wconf 89' lang='lat' dir='ltr'><strong>semper</strong></span> <span class='ocrx_word' id='word_1_299' title='bbox 1390 3713 1504 3751; x_wconf 87' lang='lat' dir='ltr'><strong>cum</strong></span> <span class='ocrx_word' id='word_1_300' title='bbox 1527 3695 1746 3752; x_wconf 87' lang='lat' dir='ltr'><strong>Domino</strong></span> <span class='ocrx_word' id='word_1_301' title='bbox 1772 3699 1981 3753; x_wconf 87' lang='lat' dir='ltr'><strong>erimus.</strong></span> <span class='ocrx_word' id='word_1_302' title='bbox 2011 3697 2125 3754; x_wconf 86' lang='lat' dir='ltr'><strong>Ita-</strong></span> 
     </span>
    </p>
   </div>
   <div class='ocr_carea' id='block_1_38' title="bbox 535 3788 2122 3863">
    <p class='ocr_par' dir='ltr' id='par_1_38' title="bbox 535 3788 2122 3863">
     <span class='ocr_line' id='line_1_38' title="bbox 535 3788 2122 3863; baseline 0.002 -20"><span class='ocrx_word' id='word_1_303' title='bbox 535 3810 631 3863; x_wconf 80' lang='lat' dir='ltr'><strong>que</strong></span> <span class='ocrx_word' id='word_1_304' title='bbox 673 3791 1006 3846; x_wconf 78' lang='lat' dir='ltr'><strong>consolantini</strong></span> <span class='ocrx_word' id='word_1_305' title='bbox 1034 3790 1244 3844; x_wconf 86' lang='lat' dir='ltr'><strong>invicem</strong></span> <span class='ocrx_word' id='word_1_306' title='bbox 1270 3791 1323 3843; x_wconf 90' lang='lat' dir='ltr'><strong>in</strong></span> <span class='ocrx_word' id='word_1_307' title='bbox 1347 3789 1506 3844; x_wconf 81' lang='lat' dir='ltr'><strong>verbis</strong></span> <span class='ocrx_word' id='word_1_308' title='bbox 1545 3790 1653 3844; x_wconf 88' lang='lat' dir='ltr'><strong>istis</strong></span> <span class='ocrx_word' id='word_1_309' title='bbox 1675 3788 1836 3862; x_wconf 85' lang='lat' dir='ltr'><strong>(Ibid.</strong></span> <span class='ocrx_word' id='word_1_310' title='bbox 1858 3791 1910 3846; x_wconf 72' lang='grc'><strong>4.</strong></span> <span class='ocrx_word' id='word_1_311' title='bbox 1940 3792 2027 3846; x_wconf 74' lang='grc' dir='ltr'><strong>Μ.</strong></span> <span class='ocrx_word' id='word_1_312' title='bbox 2077 3803 2122 3847; x_wconf 91' lang='lat' dir='ltr'><strong>et</strong></span> 
     </span>
    </p>
   </div>
   <div class='ocr_carea' id='block_1_39' title="bbox 534 3880 2117 3956">
    <p class='ocr_par' dir='ltr' id='par_1_39' title="bbox 534 3880 2117 3956">
     <span class='ocr_line' id='line_1_39' title="bbox 534 3880 2117 3956; baseline -0.001 -17"><span class='ocrx_word' id='word_1_313' title='bbox 534 3884 718 3956; x_wconf 65' lang='lat' dir='ltr'><strong>s=qq.).</strong></span> <span class='ocrx_word' id='word_1_314' title='bbox 738 3883 889 3952; x_wconf 84' lang='lat' dir='ltr'><strong>Quod</strong></span> <span class='ocrx_word' id='word_1_315' title='bbox 905 3883 1184 3936; x_wconf 87' lang='lat' dir='ltr'><strong>audientes</strong></span> <span class='ocrx_word' id='word_1_316' title='bbox 1207 3880 1545 3945; x_wconf 78' lang='lat' dir='ltr'><strong>Macedones,</strong></span> <span class='ocrx_word' id='word_1_317' title='bbox 1572 3896 1679 3935; x_wconf 92' lang='lat' dir='ltr'><strong>non</strong></span> <span class='ocrx_word' id='word_1_318' title='bbox 1709 3882 2117 3950; x_wconf 81' lang='lat' dir='ltr'><strong>intellexerunt,</strong></span> 
     </span>
    </p>
   </div>
   <div class='ocr_carea' id='block_1_40' title="bbox 535 3971 2122 4047">
    <p class='ocr_par' dir='ltr' id='par_1_40' title="bbox 535 3971 2122 4047">
     <span class='ocr_line' id='line_1_40' title="bbox 535 3971 2122 4047; baseline 0.001 -19"><span class='ocrx_word' id='word_1_319' title='bbox 535 3993 672 4047; x_wconf 73' lang='lat' dir='ltr'><strong>quos</strong></span> <span class='ocrx_word' id='word_1_320' title='bbox 698 3991 881 4032; x_wconf 88' lang='lat' dir='ltr'><strong>secum</strong></span> <span class='ocrx_word' id='word_1_321' title='bbox 911 3975 1172 4039; x_wconf 80' lang='lat' dir='ltr'><strong>viventes,</strong></span> <span class='ocrx_word' id='word_1_322' title='bbox 1205 3971 1494 4044; x_wconf 85' lang='lat' dir='ltr'><strong>Apostolus</strong></span> <span class='ocrx_word' id='word_1_323' title='bbox 1525 3981 1703 4038; x_wconf 89' lang='lat' dir='ltr'><strong>vocet,</strong></span> <span class='ocrx_word' id='word_1_324' title='bbox 1740 3983 1795 4030; x_wconf 91' lang='lat' dir='ltr'><strong>et</strong></span> <span class='ocrx_word' id='word_1_325' title='bbox 1818 3975 1905 4044; x_wconf 90' lang='lat' dir='ltr'><strong>qui</strong></span> <span class='ocrx_word' id='word_1_326' title='bbox 1933 3975 2122 4030; x_wconf 89' lang='lat' dir='ltr'><strong>dican-</strong></span> 
     </span>
    </p>
   </div>
   <div class='ocr_carea' id='block_1_41' title="bbox 537 4063 2120 4135">
    <p class='ocr_par' dir='ltr' id='par_1_41' title="bbox 537 4063 2120 4135">
     <span class='ocr_line' id='line_1_41' title="bbox 537 4063 2120 4135; baseline -0.002 -13"><span class='ocrx_word' id='word_1_327' title='bbox 537 4081 622 4123; x_wconf 77' lang='lat' dir='ltr'><strong>tur</strong></span> <span class='ocrx_word' id='word_1_328' title='bbox 653 4066 873 4132; x_wconf 87' lang='lat' dir='ltr'><strong>residui,</strong></span> <span class='ocrx_word' id='word_1_329' title='bbox 899 4064 1131 4135; x_wconf 89' lang='lat' dir='ltr'><strong>quicum</strong></span> <span class='ocrx_word' id='word_1_330' title='bbox 1155 4063 1246 4117; x_wconf 91' lang='lat' dir='ltr'><strong>illo</strong></span> <span class='ocrx_word' id='word_1_331' title='bbox 1270 4063 1550 4132; x_wconf 88' lang='lat' dir='ltr'><strong>rapiantur</strong></span> <span class='ocrx_word' id='word_1_332' title='bbox 1578 4063 1630 4117; x_wconf 90' lang='lat' dir='ltr'><strong>in</strong></span> <span class='ocrx_word' id='word_1_333' title='bbox 1652 4064 1880 4118; x_wconf 88' lang='lat' dir='ltr'><strong>nubibus</strong></span> <span class='ocrx_word' id='word_1_334' title='bbox 1911 4064 2120 4120; x_wconf 89' lang='lat' dir='ltr'><strong>obviam</strong></span> 
     </span>
    </p>
   </div>
   <div class='ocr_carea' id='block_1_42' title="bbox 543 4153 2120 4222">
    <p class='ocr_par' dir='ltr' id='par_1_42' title="bbox 543 4153 2120 4222">
     <span class='ocr_line' id='line_1_42' title="bbox 543 4153 2120 4222; baseline -0.001 -9"><span class='ocrx_word' id='word_1_335' title='bbox 543 4159 786 4222; x_wconf 84' lang='lat' dir='ltr'><strong>l:omino,</strong></span> <span class='ocrx_word' id='word_1_336' title='bbox 830 4155 924 4212; x_wconf 85' lang='lat' dir='ltr'><strong>sed</strong></span> <span class='ocrx_word' id='word_1_337' title='bbox 973 4153 1219 4209; x_wconf 86' lang='lat' dir='ltr'><strong>arbitrati</strong></span> <span class='ocrx_word' id='word_1_338' title='bbox 1250 4156 1563 4220; x_wconf 90' lang='lat' dir='ltr'><strong>sunt,dum</strong></span> <span class='ocrx_word' id='word_1_339' title='bbox 1608 4153 1786 4210; x_wconf 89' lang='lat' dir='ltr'><strong>adhuc</strong></span> <span class='ocrx_word' id='word_1_340' title='bbox 1837 4165 2020 4211; x_wconf 87' lang='lat' dir='ltr'><strong>essent</strong></span> <span class='ocrx_word' id='word_1_341' title='bbox 2067 4157 2120 4211; x_wconf 90' lang='lat' dir='ltr'><strong>in</strong></span> 
     </span>
    </p>
   </div>
   <div class='ocr_carea' id='block_1_43' title="bbox 535 4245 2118 4323">
    <p class='ocr_par' dir='ltr' id='par_1_43' title="bbox 535 4245 2118 4323">
     <span class='ocr_line' id='line_1_43' title="bbox 535 4245 2118 4323; baseline -0.001 -20"><span class='ocrx_word' id='word_1_342' title='bbox 535 4264 785 4323; x_wconf 59' lang='lat' dir='ltr'><strong>corpore,</strong></span> <span class='ocrx_word' id='word_1_343' title='bbox 825 4258 880 4303; x_wconf 91' lang='lat' dir='ltr'><strong>et</strong></span> <span class='ocrx_word' id='word_1_344' title='bbox 916 4257 1202 4316; x_wconf 82' lang='lat' dir='ltr'><strong>antequam</strong></span> <span class='ocrx_word' id='word_1_345' title='bbox 1246 4254 1528 4314; x_wconf 76' lang='lat' dir='ltr'><strong>gustarem</strong></span> <span class='ocrx_word' id='word_1_346' title='bbox 1563 4254 1815 4313; x_wconf 85' lang='lat' dir='ltr'><strong>mortem,</strong></span> <span class='ocrx_word' id='word_1_347' title='bbox 1844 4245 2118 4303; x_wconf 86' lang='lat' dir='ltr'><strong>Christum</strong></span> 
     </span>
    </p>
   </div>
   <div class='ocr_carea' id='block_1_44' title="bbox 541 4335 2118 4412">
    <p class='ocr_par' dir='ltr' id='par_1_44' title="bbox 541 4335 2118 4412">
     <span class='ocr_line' id='line_1_44' title="bbox 541 4335 2118 4412; baseline -0.004 -14"><span class='ocrx_word' id='word_1_348' title='bbox 541 4349 593 4399; x_wconf 87' lang='lat' dir='ltr'><strong>in</strong></span> <span class='ocrx_word' id='word_1_349' title='bbox 624 4357 720 4401; x_wconf 89' lang='lat' dir='ltr'><strong>sua</strong></span> <span class='ocrx_word' id='word_1_350' title='bbox 737 4339 1017 4412; x_wconf 85' lang='lat' dir='ltr'><strong>majestate</strong></span> <span class='ocrx_word' id='word_1_351' title='bbox 1047 4346 1350 4392; x_wconf 89' lang='lat' dir='ltr'><strong>venturum.</strong></span> <span class='ocrx_word' id='word_1_352' title='bbox 1379 4335 1533 4403; x_wconf 91' lang='lat' dir='ltr'><strong>Quod</strong></span> <span class='ocrx_word' id='word_1_353' title='bbox 1556 4336 1844 4405; x_wconf 79' lang='lat' dir='ltr'><strong>Apostolus</strong></span> <span class='ocrx_word' id='word_1_354' title='bbox 1875 4337 2118 4406; x_wconf 90' lang='lat' dir='ltr'><strong>audiens,</strong></span> 
     </span>
    </p>
   </div>
   <div class='ocr_carea' id='block_1_45' title="bbox 536 4427 2120 4512">
    <p class='ocr_par' dir='ltr' id='par_1_45' title="bbox 536 4427 2120 4512">
     <span class='ocr_line' id='line_1_45' title="bbox 536 4427 2120 4512; baseline -0.004 -19"><span class='ocrx_word' id='word_1_355' title='bbox 536 4445 690 4512; x_wconf 76' lang='lat' dir='ltr'><strong>rogat</strong></span> <span class='ocrx_word' id='word_1_356' title='bbox 716 4451 811 4492; x_wconf 90' lang='lat' dir='ltr'><strong>eos</strong></span> <span class='ocrx_word' id='word_1_357' title='bbox 834 4475 852 4502; x_wconf 96' lang='lat'><strong>,</strong></span> <span class='ocrx_word' id='word_1_358' title='bbox 891 4440 952 4488; x_wconf 89' lang='lat' dir='ltr'><strong>et</strong></span> <span class='ocrx_word' id='word_1_359' title='bbox 996 4430 1206 4500; x_wconf 87' lang='lat' dir='ltr'><strong>adjurat</strong></span> <span class='ocrx_word' id='word_1_360' title='bbox 1250 4443 1346 4499; x_wconf 89' lang='lat' dir='ltr'><strong>per</strong></span> <span class='ocrx_word' id='word_1_361' title='bbox 1389 4427 1678 4483; x_wconf 82' lang='lat' dir='ltr'><strong>adventum</strong></span> <span class='ocrx_word' id='word_1_362' title='bbox 1712 4429 1922 4483; x_wconf 88' lang='lat' dir='ltr'><strong>Domini</strong></span> <span class='ocrx_word' id='word_1_363' title='bbox 1951 4431 2120 4486; x_wconf 77' lang='lat' dir='ltr'><strong>nostri</strong></span> 
     </span>
    </p>
   </div>
   <div class='ocr_carea' id='block_1_46' title="bbox 536 4523 2121 4595">
    <p class='ocr_par' dir='ltr' id='par_1_46' title="bbox 536 4523 2121 4595">
     <span class='ocr_line' id='line_1_46' title="bbox 536 4523 2121 4595; baseline -0.015 -7"><span class='ocrx_word' id='word_1_364' title='bbox 536 4533 667 4591; x_wconf 82' lang='lat' dir='ltr'><strong>Jesu</strong></span> <span class='ocrx_word' id='word_1_365' title='bbox 693 4528 916 4594; x_wconf 88' lang='lat' dir='ltr'><strong>Christi,</strong></span> <span class='ocrx_word' id='word_1_366' title='bbox 948 4534 1006 4580; x_wconf 89' lang='lat' dir='ltr'><strong>ut</strong></span> <span class='ocrx_word' id='word_1_367' title='bbox 1028 4539 1133 4579; x_wconf 86' lang='lat' dir='ltr'><strong>non</strong></span> <span class='ocrx_word' id='word_1_368' title='bbox 1160 4523 1267 4577; x_wconf 90' lang='lat' dir='ltr'><strong>cito</strong></span> <span class='ocrx_word' id='word_1_369' title='bbox 1293 4531 1647 4580; x_wconf 85' lang='lat' dir='ltr'><strong>moveantur:</strong></span> <span class='ocrx_word' id='word_1_370' title='bbox 1682 4537 1857 4592; x_wconf 86' lang='lat' dir='ltr'><strong>neque</strong></span> <span class='ocrx_word' id='word_1_371' title='bbox 1885 4537 1981 4592; x_wconf 81' lang='lat' dir='ltr'><strong>per</strong></span> <span class='ocrx_word' id='word_1_372' title='bbox 2007 4527 2121 4595; x_wconf 75' lang='grc' dir='ltr'>ερί-</span> 
     </span>
    </p>
   </div>
   <div class='ocr_carea' id='block_1_47' title="bbox 535 4613 2117 4690">
    <p class='ocr_par' dir='ltr' id='par_1_47' title="bbox 535 4613 2117 4690">
     <span class='ocr_line' id='line_1_47' title="bbox 535 4613 2117 4690; baseline -0.005 -14"><span class='ocrx_word' id='word_1_373' title='bbox 535 4625 696 4679; x_wconf 87' lang='lat' dir='ltr'><strong>ritum</strong></span> <span class='ocrx_word' id='word_1_374' title='bbox 715 4662 732 4686; x_wconf 88' lang='lat'><strong>,</strong></span> <span class='ocrx_word' id='word_1_375' title='bbox 761 4631 937 4690; x_wconf 90' lang='lat' dir='ltr'><strong>neque</strong></span> <span class='ocrx_word' id='word_1_376' title='bbox 969 4631 1064 4687; x_wconf 90' lang='lat' dir='ltr'><strong>per</strong></span> <span class='ocrx_word' id='word_1_377' title='bbox 1087 4627 1398 4670; x_wconf 85' lang='lat' dir='ltr'><strong>sermonem</strong></span> <span class='ocrx_word' id='word_1_378' title='bbox 1430 4654 1444 4679; x_wconf 92' lang='lat'><strong>,</strong></span> <span class='ocrx_word' id='word_1_379' title='bbox 1479 4628 1654 4684; x_wconf 89' lang='lat' dir='ltr'><strong>neque</strong></span> <span class='ocrx_word' id='word_1_380' title='bbox 1682 4627 1778 4684; x_wconf 88' lang='lat' dir='ltr'><strong>per</strong></span> <span class='ocrx_word' id='word_1_381' title='bbox 1801 4613 2117 4683; x_wconf 76' lang='lat' dir='ltr'><strong>Epistolam,</strong></span> 
     </span>
    </p>
   </div>
   <div class='ocr_carea' id='block_1_48' title="bbox 604 4746 2124 4830">
    <p class='ocr_par' dir='ltr' id='par_1_48' title="bbox 604 4746 2124 4830">
     <span class='ocr_line' id='line_1_48' title="bbox 604 4746 2124 4830; baseline -0.006 -26"><span class='ocrx_word' id='word_1_382' title='bbox 938 4749 1057 4799; x_wconf 87' lang='lat' dir='ltr'><strong>editi</strong></span> <span class='ocrx_word' id='word_1_383' title='bbox 1080 4750 1406 4808; x_wconf 79' lang='lat' dir='ltr'><strong>vetustiores,</strong></span> <span class='ocrx_word' id='word_1_384' title='bbox 1431 4761 1462 4797; x_wconf 90' lang='lat' dir='ltr'><strong>a</strong></span> <span class='ocrx_word' id='word_1_385' title='bbox 1498 4746 1668 4811; x_wconf 80' lang='lat' dir='ltr'><strong>quibus</strong></span> <span class='ocrx_word' id='word_1_386' title='bbox 1707 4747 1999 4812; x_wconf 84' lang='lat' dir='ltr'><strong>consepulti,</strong></span> <span class='ocrx_word' id='word_1_387' title='bbox 2025 4750 2124 4802; x_wconf 78' lang='lat' dir='ltr'><strong>imo</strong></span> 
     </span>
    </p>
   </div>
   <div class='ocr_carea' id='block_1_49' title="bbox 569 4813 902 4868">
    <p class='ocr_par' dir='ltr' id='par_1_49' title="bbox 569 4813 902 4868">
     <span class='ocr_line' id='line_1_49' title="bbox 569 4813 902 4868; baseline -0.018 0"><span class='ocrx_word' id='word_1_388' title='bbox 569 4813 703 4868; x_wconf 64' lang='lat' dir='ltr'><strong>uibus</strong></span> <span class='ocrx_word' id='word_1_389' title='bbox 725 4813 902 4864; x_wconf 85' lang='lat' dir='ltr'><strong>mortui</strong></span> 
     </span>
    </p>
   </div>
   <div class='ocr_carea' id='block_1_50' title="bbox 533 4831 2123 4940">
    <p class='ocr_par' dir='ltr' id='par_1_50' title="bbox 533 4831 2123 4940">
     <span class='ocr_line' id='line_1_50' title="bbox 533 4831 1830 4882; baseline -0.014 -13"><span class='ocrx_word' id='word_1_390' title='bbox 533 4831 703 4882; x_wconf 83' lang='lat' dir='ltr'><strong>quwus</strong></span> <span class='ocrx_word' id='word_1_391' title='bbox 725 4831 902 4864; x_wconf 74' lang='lat' dir='ltr'><strong>manus</strong></span> <span class='ocrx_word' id='word_1_392' title='bbox 1289 4871 1299 4882; x_wconf 75' lang='lat'><strong>_</strong></span> <span class='ocrx_word' id='word_1_393' title='bbox 1821 4872 1830 4882; x_wconf 41' lang='grc'><strong><em>⁸</em></strong></span> 
     </span>
     <span class='ocr_line' id='line_1_51' title="bbox 601 4871 2123 4940; baseline -0.002 -13"><span class='ocrx_word' id='word_1_394' title='bbox 601 4879 675 4940; x_wconf 88' lang='lat' dir='ltr'><strong>(b)</strong></span> <span class='ocrx_word' id='word_1_395' title='bbox 696 4877 809 4940; x_wconf 85' lang='lat' dir='ltr'><strong>_P_er</strong></span> <span class='ocrx_word' id='word_1_396' title='bbox 829 4874 1048 4940; x_wconf 76' lang='lat' dir='ltr'><strong>Ethicam</strong></span> <span class='ocrx_word' id='word_1_397' title='bbox 1068 4884 1156 4920; x_wconf 87' lang='lat' dir='ltr'><strong>nos</strong></span> <span class='ocrx_word' id='word_1_398' title='bbox 1191 4871 1301 4940; x_wconf 81' lang='lat' dir='ltr'><strong>duci</strong></span> <span class='ocrx_word' id='word_1_399' title='bbox 1341 4872 1401 4940; x_wconf 77' lang='lat' dir='ltr'><strong>ad</strong></span> <span class='ocrx_word' id='word_1_400' title='bbox 1439 4871 1753 4940; x_wconf 68' lang='lat' dir='ltr'><strong>Theoricen,</strong></span> <span class='ocrx_word' id='word_1_401' title='bbox 1791 4885 1898 4922; x_wconf 85' lang='lat' dir='ltr'><strong>sive</strong></span> <span class='ocrx_word' id='word_1_402' title='bbox 1933 4887 1994 4923; x_wconf 80' lang='lat' dir='ltr'><strong>ex</strong></span> <span class='ocrx_word' id='word_1_403' title='bbox 2022 4875 2123 4924; x_wconf 85' lang='lat' dir='ltr'><strong>Mo-</strong></span> 
     </span>
    </p>
   </div>
   <div class='ocr_carea' id='block_1_51' title="bbox 535 4932 2118 4998">
    <p class='ocr_par' dir='ltr' id='par_1_51' title="bbox 535 4932 2118 4998">
     <span class='ocr_line' id='line_1_52' title="bbox 535 4932 2118 4998; baseline -0.004 -8"><span class='ocrx_word' id='word_1_404' title='bbox 535 4932 624 4990; x_wconf 81' lang='lat' dir='ltr'><strong>rali</strong></span> <span class='ocrx_word' id='word_1_405' title='bbox 649 4932 708 4987; x_wconf 77' lang='lat' dir='ltr'><strong>ad</strong></span> <span class='ocrx_word' id='word_1_406' title='bbox 733 4936 1055 4998; x_wconf 77' lang='lat' dir='ltr'><strong>Inspectivam</strong></span> <span class='ocrx_word' id='word_1_407' title='bbox 1075 4966 1090 4989; x_wconf 90' lang='lat'><strong>,</strong></span> <span class='ocrx_word' id='word_1_408' title='bbox 1113 4945 1223 4998; x_wconf 67' lang='lat' dir='ltr'><strong>quae</strong></span> <span class='ocrx_word' id='word_1_409' title='bbox 1246 4936 1295 4982; x_wconf 89' lang='lat' dir='ltr'><strong>in</strong></span> <span class='ocrx_word' id='word_1_410' title='bbox 1317 4932 1418 4998; x_wconf 70' lang='lat' dir='ltr'><strong>sola</strong></span> <span class='ocrx_word' id='word_1_411' title='bbox 1441 4933 1851 4998; x_wconf 58' lang='lat' dir='ltr'><strong>contemplatione</strong></span> <span class='ocrx_word' id='word_1_412' title='bbox 1876 4944 2118 4998; x_wconf 73' lang='lat' dir='ltr'><strong>versatur,</strong></span> 
     </span>
    </p>
   </div>
   <div class='ocr_carea' id='block_1_52' title="bbox 535 4993 2124 5064">
    <p class='ocr_par' dir='ltr' id='par_1_52' title="bbox 535 4993 2124 5064">
     <span class='ocr_line' id='line_1_53' title="bbox 535 4993 2124 5064; baseline -0.002 -16"><span class='ocrx_word' id='word_1_413' title='bbox 535 5001 774 5064; x_wconf 77' lang='lat' dir='ltr'><strong>proﬁcere</strong></span> <span class='ocrx_word' id='word_1_414' title='bbox 792 4993 951 5064; x_wconf 41' lang='lat' dir='ltr'><strong>,jalibi</strong></span> <span class='ocrx_word' id='word_1_415' title='bbox 976 5007 1040 5042; x_wconf 79' lang='lat' dir='ltr'><strong>ex</strong></span> <span class='ocrx_word' id='word_1_416' title='bbox 1058 4993 1310 5064; x_wconf 78' lang='lat' dir='ltr'><strong>oceasione</strong></span> <span class='ocrx_word' id='word_1_417' title='bbox 1334 4993 1523 5064; x_wconf 36' lang='lat' dir='ltr'><strong>hujus-‘1</strong></span> <span class='ocrx_word' id='word_1_418' title='bbox 1538 4994 1610 5064; x_wconf 75' lang='lat' dir='ltr'><strong>t8.</strong></span> <span class='ocrx_word' id='word_1_419' title='bbox 1637 4993 1851 5064; x_wconf 70' lang='lat' dir='ltr'><strong>Paulini</strong></span> <span class='ocrx_word' id='word_1_420' title='bbox 1885 4993 2124 5064; x_wconf 55' lang='lat' dir='ltr'><strong>Hieron};</strong></span> 
     </span>
    </p>
   </div>
   <div class='ocr_carea' id='block_1_53' title="bbox 537 5052 2121 5117">
    <p class='ocr_par' dir='ltr' id='par_1_53' title="bbox 537 5052 2121 5117">
     <span class='ocr_line' id='line_1_54' title="bbox 537 5052 2121 5117; baseline -0.003 -5"><span class='ocrx_word' id='word_1_421' title='bbox 537 5052 646 5112; x_wconf 79' lang='lat' dir='ltr'><strong>inus</strong></span> <span class='ocrx_word' id='word_1_422' title='bbox 686 5052 1181 5117; x_wconf 28' lang='lat' dir='ltr'><strong>docuitapreacipue</strong></span> <span class='ocrx_word' id='word_1_423' title='bbox 1205 5067 1340 5117; x_wconf 74' lang='lat' dir='ltr'><strong>vero</strong></span> <span class='ocrx_word' id='word_1_424' title='bbox 1376 5056 1428 5102; x_wconf 87' lang='lat' dir='ltr'><strong>in</strong></span> <span class='ocrx_word' id='word_1_425' title='bbox 1466 5052 1680 5117; x_wconf 83' lang='lat' dir='ltr'><strong>Epistola</strong></span> <span class='ocrx_word' id='word_1_426' title='bbox 1717 5055 1774 5103; x_wconf 89' lang='lat' dir='ltr'><strong>ad</strong></span> <span class='ocrx_word' id='word_1_427' title='bbox 1815 5055 2012 5105; x_wconf 78' lang='lat' dir='ltr'><strong>Pautam</strong></span> <span class='ocrx_word' id='word_1_428' title='bbox 2056 5052 2121 5108; x_wconf 86' lang='lat' dir='ltr'><strong>de</strong></span> 
     </span>
    </p>
   </div>
   <div class='ocr_carea' id='block_1_54' title="bbox 534 5115 2122 5189">
    <p class='ocr_par' dir='ltr' id='par_1_54' title="bbox 534 5115 2122 5189">
     <span class='ocr_line' id='line_1_55' title="bbox 534 5115 2122 5189; baseline -0.004 -14"><span class='ocrx_word' id='word_1_429' title='bbox 534 5120 783 5174; x_wconf 82' lang='lat' dir='ltr'><strong>Hebraice</strong></span> <span class='ocrx_word' id='word_1_430' title='bbox 807 5115 1219 5189; x_wconf 37' lang='lat' dir='ltr'><strong>alphabeto’,ubi</strong></span> <span class='ocrx_word' id='word_1_431' title='bbox 1237 5120 1408 5189; x_wconf 32' lang='lat' dir='ltr'><strong>econtra</strong></span> <span class='ocrx_word' id='word_1_432' title='bbox 1441 5115 1688 5189; x_wconf 70' lang='lat' dir='ltr'><strong>vulgatum</strong></span> <span class='ocrx_word' id='word_1_433' title='bbox 1714 5128 1934 5189; x_wconf 61' lang='lat' dir='ltr'><strong>errorem</strong></span> <span class='ocrx_word' id='word_1_434' title='bbox 1958 5125 2122 5189; x_wconf 73' lang='lat' dir='ltr'><strong>osten-</strong></span> 
     </span>
    </p>
   </div>
   <div class='ocr_carea' id='block_1_55' title="bbox 533 5176 2122 5239">
    <p class='ocr_par' dir='ltr' id='par_1_55' title="bbox 533 5176 2122 5239">
     <span class='ocr_line' id='line_1_56' title="bbox 533 5176 2122 5239; baseline -0.003 -6"><span class='ocrx_word' id='word_1_435' title='bbox 533 5189 694 5236; x_wconf 77' lang='lat' dir='ltr'><strong>dimus</strong></span> <span class='ocrx_word' id='word_1_436' title='bbox 717 5195 781 5231; x_wconf 82' lang='lat' dir='ltr'><strong>ex</strong></span> <span class='ocrx_word' id='word_1_437' title='bbox 807 5176 1042 5239; x_wconf 79' lang='lat' dir='ltr'><strong>Origcnis</strong></span> <span class='ocrx_word' id='word_1_438' title='bbox 1063 5177 1340 5239; x_wconf 76' lang='lat' dir='ltr'><strong>testimonio</strong></span> <span class='ocrx_word' id='word_1_439' title='bbox 1363 5189 1518 5239; x_wconf 87' lang='lat' dir='ltr'><strong>penes</strong></span> <span class='ocrx_word' id='word_1_440' title='bbox 1539 5176 1781 5238; x_wconf 87' lang='lat' dir='ltr'><strong>antiquos,</strong></span> <span class='ocrx_word' id='word_1_441' title='bbox 1815 5176 2122 5239; x_wconf 66' lang='lat' dir='ltr'><strong>«Generales</strong></span> 
     </span>
    </p>
   </div>
   <div class='ocr_carea' id='block_1_56' title="bbox 532 5235 2121 5308">
    <p class='ocr_par' dir='ltr' id='par_1_56' title="bbox 532 5235 2121 5308">
     <span class='ocr_line' id='line_1_57' title="bbox 532 5235 2121 5308; baseline 0.001 -19"><span class='ocrx_word' id='word_1_442' title='bbox 532 5243 842 5308; x_wconf 61' lang='lat' dir='ltr'><strong>disciplinas.</strong></span> <span class='ocrx_word' id='word_1_443' title='bbox 877 5235 1054 5308; x_wconf 57' lang='lat' dir='ltr'><strong>quibus</strong></span> <span class='ocrx_word' id='word_1_444' title='bbox 1087 5235 1639 5308; x_wconf 34' lang='lat' dir='ltr'><strong>aggerum—scientiam</strong></span> <span class='ocrx_word' id='word_1_445' title='bbox 1661 5235 2121 5308; x_wconf 25' lang='lat' dir='ltr'><strong>perveni-turnum</strong></span> 
     </span>
    </p>
   </div>
   <div class='ocr_carea' id='block_1_57' title="bbox 534 5297 2119 5368">
    <p class='ocr_par' dir='ltr' id='par_1_57' title="bbox 534 5297 2119 5368">
     <span class='ocr_line' id='line_1_58' title="bbox 534 5297 2119 5368; baseline 0.003 -18"><span class='ocrx_word' id='word_1_446' title='bbox 534 5297 693 5368; x_wconf 45' lang='grc' dir='ltr'><strong>,νδδελ</strong></span> <span class='ocrx_word' id='word_1_447' title='bbox 725 5297 849 5368; x_wconf 76' lang='lat' dir='ltr'><strong>quas</strong></span> <span class='ocrx_word' id='word_1_448' title='bbox 892 5297 1047 5352; x_wconf 61' lang='grc' dir='ltr'><strong>(ἐι-εσί</strong></span> <span class='ocrx_word' id='word_1_449' title='bbox 1089 5297 1336 5368; x_wconf 57' lang='grc' dir='ltr'>ξιιιὶαιω,</span> <span class='ocrx_word' id='word_1_450' title='bbox 1390 5297 1678 5368; x_wconf 55' lang='grc' dir='ltr'><strong>Ριιγςὶεεηιξ</strong></span> <span class='ocrx_word' id='word_1_451' title='bbox 1729 5306 1781 5349; x_wconf 89' lang='lat' dir='ltr'><strong>et</strong></span> <span class='ocrx_word' id='word_1_452' title='bbox 1805 5299 2119 5368; x_wconf 56' lang='lat' dir='ltr'><strong>_:l&#39;heor_icam</strong></span> 
     </span>
    </p>
   </div>
   <div class='ocr_carea' id='block_1_58' title="bbox 537 5359 2116 5434">
    <p class='ocr_par' dir='ltr' id='par_1_58' title="bbox 537 5359 2116 5434">
     <span class='ocr_line' id='line_1_59' title="bbox 537 5359 2116 5434; baseline -0.005 -15"><span class='ocrx_word' id='word_1_453' title='bbox 537 5359 913 5434; x_wconf 48' lang='lat' dir='ltr'><strong>appe&#39;ltaierunt</strong></span> <span class='ocrx_word' id='word_1_454' title='bbox 927 5397 944 5424; x_wconf 92' lang='lat'><strong>,</strong></span> <span class='ocrx_word' id='word_1_455' title='bbox 967 5372 1057 5410; x_wconf 88' lang='lat' dir='ltr'><strong>uos</strong></span> <span class='ocrx_word' id='word_1_456' title='bbox 1076 5359 1246 5434; x_wconf 84' lang='lat' dir='ltr'><strong>dicere</strong></span> <span class='ocrx_word' id='word_1_457' title='bbox 1261 5359 1514 5434; x_wconf 75' lang='lat' dir='ltr'><strong>possumus</strong></span> <span class='ocrx_word' id='word_1_458' title='bbox 1531 5359 1779 5434; x_wconf 53' lang='lat' dir='ltr'><strong>atoralem,</strong></span> <span class='ocrx_word' id='word_1_459' title='bbox 1805 5359 2089 5434; x_wconf 61' lang='lat' dir='ltr'><strong>Naturaleni</strong></span> <span class='ocrx_word' id='word_1_460' title='bbox 2103 5403 2116 5425; x_wconf 81' lang='lat'><strong>,</strong></span> 
     </span>
    </p>
   </div>
   <div class='ocr_carea' id='block_1_59' title="bbox 537 5419 2117 5490">
    <p class='ocr_par' dir='ltr' id='par_1_59' title="bbox 537 5419 2117 5490">
     <span class='ocr_line' id='line_1_60' title="bbox 537 5419 2117 5490; baseline -0.001 -14"><span class='ocrx_word' id='word_1_461' title='bbox 537 5419 972 5490; x_wconf 65' lang='lat' dir='ltr'><strong>u&#39;i-‘Inspectivam,</strong></span> <span class='ocrx_word' id='word_1_462' title='bbox 1011 5435 1106 5486; x_wconf 85' lang='lat' dir='ltr'><strong>qua</strong></span> <span class='ocrx_word' id='word_1_463' title='bbox 1128 5419 1438 5490; x_wconf 75' lang='lat' dir='ltr'><strong>supergressi</strong></span> <span class='ocrx_word' id='word_1_464' title='bbox 1463 5419 1664 5469; x_wconf 82' lang='lat' dir='ltr'><strong>visibilia</strong></span> <span class='ocrx_word' id='word_1_465' title='bbox 1682 5459 1694 5480; x_wconf 93' lang='lat'><strong>,</strong></span> <span class='ocrx_word' id='word_1_466' title='bbox 1735 5422 1800 5490; x_wconf 77' lang='lat' dir='ltr'><strong>de</strong></span> <span class='ocrx_word' id='word_1_467' title='bbox 1828 5422 2007 5474; x_wconf 85' lang='lat' dir='ltr'><strong>divinis</strong></span> <span class='ocrx_word' id='word_1_468' title='bbox 2028 5419 2117 5490; x_wconf 55' lang='lat' dir='ltr'><strong>ali;</strong></span> 
     </span>
    </p>
   </div>
   <div class='ocr_carea' id='block_1_60' title="bbox 534 5481 2116 5556">
    <p class='ocr_par' dir='ltr' id='par_1_60' title="bbox 534 5481 2116 5556">
     <span class='ocr_line' id='line_1_61' title="bbox 534 5481 2116 5556; baseline -0.004 -14"><span class='ocrx_word' id='word_1_469' title='bbox 534 5493 650 5556; x_wconf 82' lang='lat' dir='ltr'><strong>quid</strong></span> <span class='ocrx_word' id='word_1_470' title='bbox 677 5481 729 5541; x_wconf 67' lang='lat' dir='ltr'><strong>e&#39;t</strong></span> <span class='ocrx_word' id='word_1_471' title='bbox 749 5481 1464 5556; x_wconf 60' lang='lat' dir='ltr'><strong>calcamuscontemplemur,</strong></span> <span class='ocrx_word' id='word_1_472' title='bbox 1506 5494 1664 5556; x_wconf 73' lang='lat' dir='ltr'><strong>eaque</strong></span> <span class='ocrx_word' id='word_1_473' title='bbox 1699 5481 1801 5531; x_wconf 84' lang='lat' dir='ltr'><strong>sola</strong></span> <span class='ocrx_word' id='word_1_474' title='bbox 1836 5488 2116 5556; x_wconf 73' lang='lat' dir='ltr'><strong>mepte_in-</strong></span> 
     </span>
    </p>
   </div>
   <div class='ocr_carea' id='block_1_61' title="bbox 538 5543 2119 5612">
    <p class='ocr_par' dir='ltr' id='par_1_61' title="bbox 538 5543 2119 5612">
     <span class='ocr_line' id='line_1_62' title="bbox 538 5543 2119 5612; baseline -0.004 -10"><span class='ocrx_word' id='word_1_475' title='bbox 538 5543 792 5602; x_wconf 63' lang='lat' dir='ltr'><strong>t&#39;nemur.»</strong></span> <span class='ocrx_word' id='word_1_476' title='bbox 862 5549 1088 5612; x_wconf 72' lang='lat' dir='ltr'><strong>Interim</strong></span> <span class='ocrx_word' id='word_1_477' title='bbox 1125 5557 1214 5609; x_wconf 85' lang='lat' dir='ltr'><strong>pro</strong></span> <span class='ocrx_word' id='word_1_478' title='bbox 1252 5543 1501 5612; x_wconf 60' lang='lat' dir='ltr'><strong>&#39;Theoricu</strong></span> <span class='ocrx_word' id='word_1_479' title='bbox 1544 5543 1636 5612; x_wconf 80' lang='lat' dir='ltr'><strong>hoc</strong></span> <span class='ocrx_word' id='word_1_480' title='bbox 1677 5555 1875 5607; x_wconf 82' lang='lat' dir='ltr'><strong>quoque</strong></span> <span class='ocrx_word' id='word_1_481' title='bbox 1921 5548 1968 5595; x_wconf 91' lang='lat' dir='ltr'><strong>in</strong></span> <span class='ocrx_word' id='word_1_482' title='bbox 2013 5547 2119 5598; x_wconf 89' lang='lat' dir='ltr'><strong>loco</strong></span> 
     </span>
    </p>
   </div>
   <div class='ocr_carea' id='block_1_62' title="bbox 539 5605 2116 5677">
    <p class='ocr_par' dir='ltr' id='par_1_62' title="bbox 539 5605 2116 5677">
     <span class='ocr_line' id='line_1_63' title="bbox 539 5605 2116 5677; baseline -0.003 -14"><span class='ocrx_word' id='word_1_483' title='bbox 539 5615 722 5677; x_wconf 79' lang='lat' dir='ltr'><strong>vulgati</strong></span> <span class='ocrx_word' id='word_1_484' title='bbox 744 5612 855 5677; x_wconf 83' lang='lat' dir='ltr'><strong>libri</strong></span> <span class='ocrx_word' id='word_1_485' title='bbox 877 5621 1050 5677; x_wconf 68' lang='lat' dir='ltr'><strong>omnes</strong></span> <span class='ocrx_word' id='word_1_486' title='bbox 1076 5605 1305 5677; x_wconf 59' lang='lat' dir='ltr'><strong>legerant</strong></span> <span class='ocrx_word' id='word_1_487' title='bbox 1344 5605 1639 5677; x_wconf 75' lang='lat' dir='ltr'><strong>Theoloqiam</strong></span> <span class='ocrx_word' id='word_1_488' title='bbox 1656 5639 1671 5666; x_wconf 91' lang='lat'><strong>,</strong></span> <span class='ocrx_word' id='word_1_489' title='bbox 1696 5605 1873 5677; x_wconf 67' lang='lat' dir='ltr'><strong>&#39;que_m_</strong></span> <span class='ocrx_word' id='word_1_490' title='bbox 1897 5619 2116 5677; x_wconf 71' lang='lat' dir='ltr'><strong>errorem</strong></span> 
     </span>
    </p>
   </div>
   <div class='ocr_carea' id='block_1_63' title="bbox 541 5667 2119 5735">
    <p class='ocr_par' dir='ltr' id='par_1_63' title="bbox 541 5667 2119 5735">
     <span class='ocr_line' id='line_1_64' title="bbox 541 5667 2119 5735; baseline -0.004 -10"><span class='ocrx_word' id='word_1_491' title='bbox 541 5667 684 5735; x_wconf 62' lang='lat' dir='ltr'><strong>etian</strong></span> <span class='ocrx_word' id='word_1_492' title='bbox 716 5675 906 5735; x_wconf 80' lang='lat' dir='ltr'><strong>absque</strong></span> <span class='ocrx_word' id='word_1_493' title='bbox 939 5667 1055 5720; x_wconf 68' lang='lat' dir='ltr'><strong>Mss.</strong></span> <span class='ocrx_word' id='word_1_494' title='bbox 1093 5667 1332 5735; x_wconf 72' lang='lat' dir='ltr'><strong>suffragio</strong></span> <span class='ocrx_word' id='word_1_495' title='bbox 1364 5667 1628 5735; x_wconf 79' lang='lat' dir='ltr'><strong>emendare</strong></span> <span class='ocrx_word' id='word_1_496' title='bbox 1653 5679 1755 5735; x_wconf 65' lang='lat' dir='ltr'><strong>non</strong></span> <span class='ocrx_word' id='word_1_497' title='bbox 1792 5667 2119 5735; x_wconf 73' lang='lat' dir='ltr'><strong>dubitavimus</strong></span> 
     </span>
    </p>
   </div>
   <div class='ocr_carea' id='block_1_64' title="bbox 543 5726 2116 5797">
    <p class='ocr_par' dir='ltr' id='par_1_64' title="bbox 543 5726 2116 5797">
     <span class='ocr_line' id='line_1_65' title="bbox 543 5726 2116 5797; baseline -0.002 -14"><span class='ocrx_word' id='word_1_498' title='bbox 543 5753 604 5786; x_wconf 57' lang='lat' dir='ltr'><strong>vx</strong></span> <span class='ocrx_word' id='word_1_499' title='bbox 630 5726 921 5797; x_wconf 54' lang='lat' dir='ltr'><strong>Hieronimi</strong></span> <span class='ocrx_word' id='word_1_500' title='bbox 937 5743 1085 5782; x_wconf 84' lang='lat' dir='ltr'><strong>sensu</strong></span> <span class='ocrx_word' id='word_1_501' title='bbox 1111 5726 1297 5797; x_wconf 73' lang='lat' dir='ltr'><strong>,_quein</strong></span> <span class='ocrx_word' id='word_1_502' title='bbox 1323 5729 1581 5797; x_wconf 64' lang='lat' dir='ltr'><strong>inlaudata</strong></span> <span class='ocrx_word' id='word_1_503' title='bbox 1601 5729 1662 5797; x_wconf 78' lang='lat' dir='ltr'><strong>_:«_l</strong></span> <span class='ocrx_word' id='word_1_504' title='bbox 1688 5726 1884 5797; x_wconf 67' lang='lat' dir='ltr'><strong>Paulam</strong></span> <span class='ocrx_word' id='word_1_505' title='bbox 1911 5732 2116 5797; x_wconf 67' lang='lat' dir='ltr'><strong>epistola</strong></span> 
     </span>
    </p>
   </div>
   <div class='ocr_carea' id='block_1_65' title="bbox 539 5769 2114 5859">
    <p class='ocr_par' dir='ltr' id='par_1_65' title="bbox 539 5769 2114 5859">
     <span class='ocr_line' id='line_1_66' title="bbox 539 5769 2114 5859; baseline -0.003 -14"><span class='ocrx_word' id='word_1_506' title='bbox 539 5769 1329 5859; x_wconf 26' lang='lat' dir='ltr'><strong>atquealli’biilatiiuswji&#39;spligamus.</strong></span> <span class='ocrx_word' id='word_1_507' title='bbox 1376 5791 1550 5859; x_wconf 76' lang='lat' dir='ltr'><strong>confer</strong></span> <span class='ocrx_word' id='word_1_508' title='bbox 1573 5791 1611 5839; x_wconf 90' lang='lat' dir='ltr'><strong>si</strong></span> <span class='ocrx_word' id='word_1_509' title='bbox 1638 5788 1771 5840; x_wconf 77' lang='lat' dir='ltr'><strong>lubet</strong></span> <span class='ocrx_word' id='word_1_510' title='bbox 1796 5769 1956 5840; x_wconf 55' lang='lat' dir='ltr'><strong>etiam&#39;</strong></span> <span class='ocrx_word' id='word_1_511' title='bbox 1974 5769 2114 5843; x_wconf 64' lang='lat' dir='ltr'><strong>Com:</strong></span> 
     </span>
    </p>
   </div>
   <div class='ocr_carea' id='block_1_66' title="bbox 543 5851 1446 5914">
    <p class='ocr_par' dir='ltr' id='par_1_66' title="bbox 543 5851 1446 5914">
     <span class='ocr_line' id='line_1_67' title="bbox 543 5851 1446 5914; baseline -0.008 -8"><span class='ocrx_word' id='word_1_512' title='bbox 543 5851 807 5907; x_wconf 67' lang='lat' dir='ltr'><strong>nt-Entarios</strong></span> <span class='ocrx_word' id='word_1_513' title='bbox 830 5856 876 5903; x_wconf 91' lang='lat' dir='ltr'><strong>in</strong></span> <span class='ocrx_word' id='word_1_514' title='bbox 902 5851 1241 5902; x_wconf 69' lang='lat' dir='ltr'><strong>Ecclesiasten:</strong></span> <span class='ocrx_word' id='word_1_515' title='bbox 1259 5867 1363 5914; x_wconf 78' lang='lat' dir='ltr'><strong>cap.</strong></span> <span class='ocrx_word' id='word_1_516' title='bbox 1410 5853 1446 5907; x_wconf 86' lang='grc'><strong>1,</strong></span> 
     </span>
    </p>
   </div>
   <div class='ocr_carea' id='block_1_67' title="bbox 1903 380 2559 443">
    <p class='ocr_par' dir='ltr' id='par_1_67' title="bbox 1903 380 2559 443">
     <span class='ocr_line' id='line_1_68' title="bbox 1903 380 2559 443; baseline -0.002 -1"><span class='ocrx_word' id='word_1_517' title='bbox 1903 381 2141 443; x_wconf 78' lang='lat' dir='ltr'><strong>S.\NCT|</strong></span> <span class='ocrx_word' id='word_1_518' title='bbox 2182 380 2559 441; x_wconf 69' lang='lat' dir='ltr'><strong>lilEltONYlll</strong></span> 
     </span>
    </p>
   </div>
   <div class='ocr_carea' id='block_1_68' title="bbox 3721 405 3827 460">
    <p class='ocr_par' dir='ltr' id='par_1_68' title="bbox 3721 405 3827 460">
     <span class='ocr_line' id='line_1_69' title="bbox 3721 405 3827 460; baseline 0 -2"><span class='ocrx_word' id='word_1_519' title='bbox 3721 405 3827 460; x_wconf 54' lang='lat'><strong>9136</strong></span> 
     </span>
    </p>
   </div>
   <div class='ocr_carea' id='block_1_69' title="bbox 2281 501 3826 580">
    <p class='ocr_par' dir='ltr' id='par_1_69' title="bbox 2281 501 3826 580">
     <span class='ocr_line' id='line_1_70' title="bbox 2281 501 3826 580; baseline 0.016 -28"><span class='ocrx_word' id='word_1_520' title='bbox 2281 507 2530 570; x_wconf 85' lang='lat' dir='ltr'><strong>tanquam</strong></span> <span class='ocrx_word' id='word_1_521' title='bbox 2561 501 2629 558; x_wconf 89' lang='lat' dir='ltr'><strong>ab</strong></span> <span class='ocrx_word' id='word_1_522' title='bbox 2656 517 2724 559; x_wconf 89' lang='lat' dir='ltr'><strong>eo</strong></span> <span class='ocrx_word' id='word_1_523' title='bbox 2744 504 3026 576; x_wconf 90' lang='lat' dir='ltr'><strong>scriptam,</strong></span> <span class='ocrx_word' id='word_1_524' title='bbox 3071 511 3222 580; x_wconf 86' lang='lat' dir='ltr'><strong>quasi</strong></span> <span class='ocrx_word' id='word_1_525' title='bbox 3269 512 3428 570; x_wconf 88' lang='lat' dir='ltr'><strong>instet</strong></span> <span class='ocrx_word' id='word_1_526' title='bbox 3470 514 3587 572; x_wconf 90' lang='lat' dir='ltr'><strong>dies</strong></span> <span class='ocrx_word' id='word_1_527' title='bbox 3618 518 3826 577; x_wconf 82' lang='lat' dir='ltr'><strong>Domini.</strong></span> 
     </span>
    </p>
   </div>
   <div class='ocr_carea' id='block_1_70' title="bbox 2279 590 3830 678">
    <p class='ocr_par' dir='ltr' id='par_1_70' title="bbox 2279 590 3830 678">
     <span class='ocr_line' id='line_1_71' title="bbox 2279 590 3830 678; baseline 0.017 -35"><span class='ocrx_word' id='word_1_528' title='bbox 2279 590 2422 646; x_wconf 87' lang='lat' dir='ltr'><strong>Duos</strong></span> <span class='ocrx_word' id='word_1_529' title='bbox 2473 602 2650 648; x_wconf 88' lang='lat' dir='ltr'><strong>autem</strong></span> <span class='ocrx_word' id='word_1_530' title='bbox 2695 609 2818 653; x_wconf 86' lang='lat' dir='ltr'><strong>esse</strong></span> <span class='ocrx_word' id='word_1_531' title='bbox 2860 597 3123 657; x_wconf 75' lang='lat' dir='ltr'><strong>adventus</strong></span> <span class='ocrx_word' id='word_1_532' title='bbox 3166 602 3377 660; x_wconf 88' lang='lat' dir='ltr'><strong>Domini</strong></span> <span class='ocrx_word' id='word_1_533' title='bbox 3421 607 3736 678; x_wconf 84' lang='lat' dir='ltr'><strong>Salvatoris,</strong></span> <span class='ocrx_word' id='word_1_534' title='bbox 3776 613 3830 670; x_wconf 84' lang='lat' dir='ltr'><strong>et</strong></span> 
     </span>
    </p>
   </div>
   <div class='ocr_carea' id='block_1_71' title="bbox 2274 681 3826 771">
    <p class='ocr_par' dir='ltr' id='par_1_71' title="bbox 2274 681 3826 771">
     <span class='ocr_line' id='line_1_72' title="bbox 2274 681 3826 771; baseline 0.016 -37"><span class='ocrx_word' id='word_1_535' title='bbox 2274 681 2453 736; x_wconf 90' lang='lat' dir='ltr'><strong>omnia</strong></span> <span class='ocrx_word' id='word_1_536' title='bbox 2474 683 2864 754; x_wconf 83' lang='lat' dir='ltr'><strong>Prophetarum</strong></span> <span class='ocrx_word' id='word_1_537' title='bbox 2892 689 3087 746; x_wconf 90' lang='lat' dir='ltr'><strong>docent</strong></span> <span class='ocrx_word' id='word_1_538' title='bbox 3105 694 3399 762; x_wconf 77' lang='lat' dir='ltr'><strong>volumina,</strong></span> <span class='ocrx_word' id='word_1_539' title='bbox 3428 706 3484 753; x_wconf 89' lang='lat' dir='ltr'><strong>et</strong></span> <span class='ocrx_word' id='word_1_540' title='bbox 3529 699 3826 771; x_wconf 71' lang='lat' dir='ltr'><strong>Evangelioo</strong></span> 
     </span>
    </p>
   </div>
   <div class='ocr_carea' id='block_1_72' title="bbox 2271 773 3828 859">
    <p class='ocr_par' dir='ltr' id='par_1_72' title="bbox 2271 773 3828 859">
     <span class='ocr_line' id='line_1_73' title="bbox 2271 773 3828 859; baseline 0.016 -33"><span class='ocrx_word' id='word_1_541' title='bbox 2271 787 2388 826; x_wconf 89' lang='lat' dir='ltr'><strong>rum</strong></span> <span class='ocrx_word' id='word_1_542' title='bbox 2415 773 2546 829; x_wconf 78' lang='lat' dir='ltr'><strong>ﬁdes</strong></span> <span class='ocrx_word' id='word_1_543' title='bbox 2575 793 2588 829; x_wconf 90' lang='lat'><strong>:</strong></span> <span class='ocrx_word' id='word_1_544' title='bbox 2621 778 2764 847; x_wconf 87' lang='lat' dir='ltr'><strong>quod</strong></span> <span class='ocrx_word' id='word_1_545' title='bbox 2802 781 3034 849; x_wconf 91' lang='lat' dir='ltr'><strong>primum</strong></span> <span class='ocrx_word' id='word_1_546' title='bbox 3073 783 3127 839; x_wconf 90' lang='lat' dir='ltr'><strong>in</strong></span> <span class='ocrx_word' id='word_1_547' title='bbox 3168 783 3471 845; x_wconf 84' lang='lat' dir='ltr'><strong>humilitate</strong></span> <span class='ocrx_word' id='word_1_548' title='bbox 3499 795 3746 859; x_wconf 88' lang='lat' dir='ltr'><strong>venerit,</strong></span> <span class='ocrx_word' id='word_1_549' title='bbox 3781 805 3828 851; x_wconf 77' lang='lat' dir='ltr'><strong>et</strong></span> 
     </span>
    </p>
   </div>
   <div class='ocr_carea' id='block_1_73' title="bbox 2271 866 3825 952">
    <p class='ocr_par' dir='ltr' id='par_1_73' title="bbox 2271 866 3825 952">
     <span class='ocr_line' id='line_1_74' title="bbox 2271 866 3825 952; baseline 0.018 -36"><span class='ocrx_word' id='word_1_550' title='bbox 2271 872 2452 931; x_wconf 90' lang='lat' dir='ltr'><strong>postea</strong></span> <span class='ocrx_word' id='word_1_551' title='bbox 2474 866 2543 920; x_wconf 88' lang='lat' dir='ltr'><strong>sit</strong></span> <span class='ocrx_word' id='word_1_552' title='bbox 2572 878 2828 925; x_wconf 87' lang='lat' dir='ltr'><strong>venturus</strong></span> <span class='ocrx_word' id='word_1_553' title='bbox 2856 872 2908 926; x_wconf 94' lang='lat' dir='ltr'><strong>in</strong></span> <span class='ocrx_word' id='word_1_554' title='bbox 2934 873 3124 943; x_wconf 79' lang='lat' dir='ltr'><strong>gloria,</strong></span> <span class='ocrx_word' id='word_1_555' title='bbox 3152 875 3271 946; x_wconf 88' lang='lat' dir='ltr'><strong>ipso</strong></span> <span class='ocrx_word' id='word_1_556' title='bbox 3290 878 3514 937; x_wconf 90' lang='lat' dir='ltr'><strong>Domino</strong></span> <span class='ocrx_word' id='word_1_557' title='bbox 3537 894 3825 952; x_wconf 75' lang='lat' dir='ltr'><strong>protestan-</strong></span> 
     </span>
    </p>
   </div>
   <div class='ocr_carea' id='block_1_74' title="bbox 2270 963 3822 1045">
    <p class='ocr_par' dir='ltr' id='par_1_74' title="bbox 2270 963 3822 1045">
     <span class='ocr_line' id='line_1_75' title="bbox 2270 963 3822 1045; baseline 0.016 -37"><span class='ocrx_word' id='word_1_558' title='bbox 2270 963 2342 1020; x_wconf 92' lang='lat' dir='ltr'><strong>te,</strong></span> <span class='ocrx_word' id='word_1_559' title='bbox 2384 973 2503 1026; x_wconf 70' lang='lat' dir='ltr'><strong>qum</strong></span> <span class='ocrx_word' id='word_1_560' title='bbox 2532 969 2659 1014; x_wconf 90' lang='lat' dir='ltr'><strong>ante</strong></span> <span class='ocrx_word' id='word_1_561' title='bbox 2684 967 3202 1022; x_wconf 89' lang='lat' dir='ltr'><strong>consummationem</strong></span> <span class='ocrx_word' id='word_1_562' title='bbox 3247 971 3432 1026; x_wconf 91' lang='lat' dir='ltr'><strong>mundi</strong></span> <span class='ocrx_word' id='word_1_563' title='bbox 3462 983 3684 1030; x_wconf 85' lang='lat' dir='ltr'><strong>ventura</strong></span> <span class='ocrx_word' id='word_1_564' title='bbox 3712 979 3822 1045; x_wconf 87' lang='lat' dir='ltr'><strong>sint,</strong></span> 
     </span>
    </p>
   </div>
   <div class='ocr_carea' id='block_1_75' title="bbox 2263 1047 3826 1138">
    <p class='ocr_par' dir='ltr' id='par_1_75' title="bbox 2263 1047 3826 1138">
     <span class='ocr_line' id='line_1_76' title="bbox 2263 1047 3826 1138; baseline 0.017 -41"><span class='ocrx_word' id='word_1_565' title='bbox 2263 1047 2614 1138; x_wconf 29' lang='lat' dir='ltr'><strong>et-quomodo</strong></span> <span class='ocrx_word' id='word_1_566' title='bbox 2660 1061 2916 1106; x_wconf 87' lang='lat' dir='ltr'><strong>venturus</strong></span> <span class='ocrx_word' id='word_1_567' title='bbox 2942 1055 3331 1126; x_wconf 81' lang='lat' dir='ltr'><strong>Antichristus,</strong></span> <span class='ocrx_word' id='word_1_568' title='bbox 3361 1063 3576 1132; x_wconf 90' lang='lat' dir='ltr'><strong>quando</strong></span> <span class='ocrx_word' id='word_1_569' title='bbox 3609 1065 3826 1138; x_wconf 89' lang='lat' dir='ltr'><strong>loquitur</strong></span> 
     </span>
    </p>
   </div>
   <div class='ocr_carea' id='block_1_76' title="bbox 2262 1134 3823 1226">
    <p class='ocr_par' dir='ltr' id='par_1_76' title="bbox 2262 1134 3823 1226">
     <span class='ocr_line' id='line_1_77' title="bbox 2262 1134 3823 1226; baseline 0.018 -40"><span class='ocrx_word' id='word_1_570' title='bbox 2262 1134 2326 1187; x_wconf 87' lang='lat' dir='ltr'><strong>ad</strong></span> <span class='ocrx_word' id='word_1_571' title='bbox 2347 1136 2653 1206; x_wconf 80' lang='lat' dir='ltr'><strong>Apostolus,</strong></span> <span class='ocrx_word' id='word_1_572' title='bbox 2675 1138 2801 1195; x_wconf 85' lang='lat' dir='ltr'><strong>Cum</strong></span> <span class='ocrx_word' id='word_1_573' title='bbox 2818 1143 3040 1198; x_wconf 85' lang='lat' dir='ltr'><strong>uideritis</strong></span> <span class='ocrx_word' id='word_1_574' title='bbox 3059 1145 3476 1205; x_wconf 85' lang='lat' dir='ltr'><strong>abominationem</strong></span> <span class='ocrx_word' id='word_1_575' title='bbox 3495 1134 3823 1226; x_wconf 70' lang='lat' dir='ltr'><strong>desolaiionis,</strong></span> 
     </span>
    </p>
   </div>
   <div class='ocr_carea' id='block_1_77' title="bbox 2260 1227 3824 1306">
    <p class='ocr_par' dir='ltr' id='par_1_77' title="bbox 2260 1227 3824 1306">
     <span class='ocr_line' id='line_1_78' title="bbox 2260 1227 3824 1306; baseline 0.02 -33"><span class='ocrx_word' id='word_1_576' title='bbox 2260 1241 2373 1291; x_wconf 78' lang='lat' dir='ltr'><strong>qua:</strong></span> <span class='ocrx_word' id='word_1_577' title='bbox 2395 1227 2529 1282; x_wconf 87' lang='lat' dir='ltr'><strong>dicta</strong></span> <span class='ocrx_word' id='word_1_578' title='bbox 2557 1240 2628 1283; x_wconf 88' lang='lat' dir='ltr'><strong>est</strong></span> <span class='ocrx_word' id='word_1_579' title='bbox 2647 1247 2678 1283; x_wconf 90' lang='lat' dir='ltr'><strong>a</strong></span> <span class='ocrx_word' id='word_1_580' title='bbox 2705 1231 2915 1287; x_wconf 86' lang='lat' dir='ltr'><strong>Daniele</strong></span> <span class='ocrx_word' id='word_1_581' title='bbox 2945 1233 3226 1306; x_wconf 87' lang='lat' dir='ltr'><strong>Propheta,</strong></span> <span class='ocrx_word' id='word_1_582' title='bbox 3249 1250 3460 1297; x_wconf 82' lang='lat' dir='ltr'><strong>stantem</strong></span> <span class='ocrx_word' id='word_1_583' title='bbox 3503 1245 3556 1298; x_wconf 89' lang='lat' dir='ltr'><strong>in</strong></span> <span class='ocrx_word' id='word_1_584' title='bbox 3581 1247 3691 1302; x_wconf 89' lang='lat' dir='ltr'><strong>loco</strong></span> <span class='ocrx_word' id='word_1_585' title='bbox 3718 1266 3824 1305; x_wconf 85' lang='lat' dir='ltr'><strong>san-</strong></span> 
     </span>
    </p>
   </div>
   <div class='ocr_carea' id='block_1_78' title="bbox 2257 1318 3823 1408">
    <p class='ocr_par' dir='ltr' id='par_1_78' title="bbox 2257 1318 3823 1408">
     <span class='ocr_line' id='line_1_79' title="bbox 2257 1318 3823 1408; baseline 0.017 -41"><span class='ocrx_word' id='word_1_586' title='bbox 2257 1325 2336 1408; x_wconf 85' lang='lat' dir='ltr'><strong>cto</strong></span> <span class='ocrx_word' id='word_1_587' title='bbox 2357 1358 2371 1380; x_wconf 92' lang='lat'><strong>,</strong></span> <span class='ocrx_word' id='word_1_588' title='bbox 2405 1319 2492 1387; x_wconf 90' lang='lat' dir='ltr'><strong>qui</strong></span> <span class='ocrx_word' id='word_1_589' title='bbox 2520 1318 2656 1390; x_wconf 75' lang='lat' dir='ltr'><strong>legit,</strong></span> <span class='ocrx_word' id='word_1_590' title='bbox 2686 1322 2953 1395; x_wconf 78' lang='lat' dir='ltr'><strong>intelligat,</strong></span> <span class='ocrx_word' id='word_1_591' title='bbox 3005 1337 3124 1382; x_wconf 87' lang='lat' dir='ltr'><strong>tunc</strong></span> <span class='ocrx_word' id='word_1_592' title='bbox 3148 1333 3234 1399; x_wconf 86' lang='lat' dir='ltr'><strong>qui</strong></span> <span class='ocrx_word' id='word_1_593' title='bbox 3261 1331 3313 1385; x_wconf 91' lang='lat' dir='ltr'><strong>in</strong></span> <span class='ocrx_word' id='word_1_594' title='bbox 3336 1331 3523 1387; x_wconf 68' lang='lat' dir='ltr'><strong>Iudaea</strong></span> <span class='ocrx_word' id='word_1_595' title='bbox 3572 1347 3708 1405; x_wconf 87' lang='lat' dir='ltr'><strong>sunt,</strong></span> <span class='ocrx_word' id='word_1_596' title='bbox 3749 1344 3823 1408; x_wconf 73' lang='lat' dir='ltr'><strong>[u-</strong></span> 
     </span>
    </p>
   </div>
   <div class='ocr_carea' id='block_1_79' title="bbox 2256 1407 3825 1495">
    <p class='ocr_par' dir='ltr' id='par_1_79' title="bbox 2256 1407 3825 1495">
     <span class='ocr_line' id='line_1_80' title="bbox 2256 1407 3825 1495; baseline 0.017 -37"><span class='ocrx_word' id='word_1_597' title='bbox 2256 1407 2394 1476; x_wconf 87' lang='lat' dir='ltr'><strong>giant</strong></span> <span class='ocrx_word' id='word_1_598' title='bbox 2422 1411 2491 1462; x_wconf 89' lang='lat' dir='ltr'><strong>ad</strong></span> <span class='ocrx_word' id='word_1_599' title='bbox 2515 1424 2727 1481; x_wconf 86' lang='lat' dir='ltr'><strong>montes,</strong></span> <span class='ocrx_word' id='word_1_600' title='bbox 2754 1424 2802 1469; x_wconf 91' lang='lat' dir='ltr'><strong>et</strong></span> <span class='ocrx_word' id='word_1_601' title='bbox 2826 1417 2910 1486; x_wconf 88' lang='lat' dir='ltr'><strong>qui</strong></span> <span class='ocrx_word' id='word_1_602' title='bbox 2933 1418 2984 1472; x_wconf 89' lang='lat' dir='ltr'><strong>in</strong></span> <span class='ocrx_word' id='word_1_603' title='bbox 3014 1428 3164 1486; x_wconf 89' lang='lat' dir='ltr'><strong>tecto,</strong></span> <span class='ocrx_word' id='word_1_604' title='bbox 3197 1437 3296 1476; x_wconf 86' lang='lat' dir='ltr'><strong>non</strong></span> <span class='ocrx_word' id='word_1_605' title='bbox 3325 1423 3625 1481; x_wconf 85' lang='lat' dir='ltr'><strong>descendant</strong></span> <span class='ocrx_word' id='word_1_606' title='bbox 3667 1407 3825 1495; x_wconf 81' lang='lat' dir='ltr'><strong>tollere</strong></span> 
     </span>
    </p>
   </div>
   <div class='ocr_carea' id='block_1_80' title="bbox 2254 1499 3824 1587">
    <p class='ocr_par' dir='ltr' id='par_1_80' title="bbox 2254 1499 3824 1587">
     <span class='ocr_line' id='line_1_81' title="bbox 2254 1499 3824 1587; baseline 0.016 -38"><span class='ocrx_word' id='word_1_607' title='bbox 2254 1499 2446 1568; x_wconf 82' lang='lat' dir='ltr'><strong>aliquid</strong></span> <span class='ocrx_word' id='word_1_608' title='bbox 2496 1503 2558 1555; x_wconf 90' lang='lat' dir='ltr'><strong>de</strong></span> <span class='ocrx_word' id='word_1_609' title='bbox 2601 1504 2750 1559; x_wconf 86' lang='lat' dir='ltr'><strong>domo</strong></span> <span class='ocrx_word' id='word_1_610' title='bbox 2797 1523 2890 1561; x_wconf 91' lang='lat' dir='ltr'><strong>sua</strong></span> <span class='ocrx_word' id='word_1_611' title='bbox 2936 1507 3149 1580; x_wconf 77' lang='lat' dir='ltr'><strong>(Matth.</strong></span> <span class='ocrx_word' id='word_1_612' title='bbox 3181 1511 3386 1570; x_wconf 67' lang='lat'><strong>24.15.</strong></span> <span class='ocrx_word' id='word_1_613' title='bbox 3411 1526 3459 1568; x_wconf 80' lang='lat' dir='ltr'><strong>et</strong></span> <span class='ocrx_word' id='word_1_614' title='bbox 3485 1533 3621 1587; x_wconf 84' lang='lat' dir='ltr'><strong>seqq.</strong></span> <span class='ocrx_word' id='word_1_615' title='bbox 3651 1535 3737 1574; x_wconf 85' lang='lat' dir='ltr'><strong>an.</strong></span> <span class='ocrx_word' id='word_1_616' title='bbox 3785 1521 3824 1574; x_wconf 84' lang='grc' dir='ltr'><em>ο</em></span> 
     </span>
    </p>
   </div>
   <div class='ocr_carea' id='block_1_81' title="bbox 2255 1589 3822 1680">
    <p class='ocr_par' dir='ltr' id='par_1_81' title="bbox 2255 1589 3822 1680">
     <span class='ocr_line' id='line_1_82' title="bbox 2255 1589 3822 1680; baseline 0.014 -35"><span class='ocrx_word' id='word_1_617' title='bbox 2255 1589 2352 1662; x_wconf 88' lang='lat'><strong>9).</strong></span> <span class='ocrx_word' id='word_1_618' title='bbox 2387 1589 2457 1663; x_wconf 86' lang='lat' dir='ltr'><strong>(c)</strong></span> <span class='ocrx_word' id='word_1_619' title='bbox 2481 1593 2543 1648; x_wconf 84' lang='lat' dir='ltr'><strong>Et</strong></span> <span class='ocrx_word' id='word_1_620' title='bbox 2567 1595 2760 1651; x_wconf 88' lang='lat' dir='ltr'><strong>iterum</strong></span> <span class='ocrx_word' id='word_1_621' title='bbox 2787 1617 2800 1653; x_wconf 89' lang='lat'><strong>:</strong></span> <span class='ocrx_word' id='word_1_622' title='bbox 2826 1598 2968 1653; x_wconf 86' lang='lat' dir='ltr'><strong>Tunc</strong></span> <span class='ocrx_word' id='word_1_623' title='bbox 2990 1601 3034 1654; x_wconf 96' lang='lat' dir='ltr'><strong>si</strong></span> <span class='ocrx_word' id='word_1_624' title='bbox 3053 1603 3164 1670; x_wconf 82' lang='lat' dir='ltr'><strong>quis</strong></span> <span class='ocrx_word' id='word_1_625' title='bbox 3196 1604 3328 1659; x_wconf 73' lang='lat' dir='ltr'><strong>vobis</strong></span> <span class='ocrx_word' id='word_1_626' title='bbox 3395 1608 3556 1680; x_wconf 73' lang='lat'><strong>887</strong></span> <span class='ocrx_word' id='word_1_627' title='bbox 3630 1611 3822 1680; x_wconf 71' lang='lat' dir='ltr'><strong>dixerit,</strong></span> 
     </span>
    </p>
   </div>
   <div class='ocr_carea' id='block_1_82' title="bbox 2252 1685 3824 1771">
    <p class='ocr_par' dir='ltr' id='par_1_82' title="bbox 2252 1685 3824 1771">
     <span class='ocr_line' id='line_1_83' title="bbox 2252 1685 3824 1771; baseline 0.015 -36"><span class='ocrx_word' id='word_1_628' title='bbox 2252 1699 2364 1737; x_wconf 71' lang='lat' dir='ltr'><strong>ecce</strong></span> <span class='ocrx_word' id='word_1_629' title='bbox 2387 1685 2468 1738; x_wconf 87' lang='lat' dir='ltr'><strong>hic</strong></span> <span class='ocrx_word' id='word_1_630' title='bbox 2491 1686 2720 1744; x_wconf 88' lang='lat' dir='ltr'><strong>Christus</strong></span> <span class='ocrx_word' id='word_1_631' title='bbox 2745 1701 2830 1743; x_wconf 89' lang='lat' dir='ltr'><strong>aut</strong></span> <span class='ocrx_word' id='word_1_632' title='bbox 2857 1692 2983 1760; x_wconf 88' lang='lat' dir='ltr'><strong>illic,</strong></span> <span class='ocrx_word' id='word_1_633' title='bbox 3007 1695 3162 1750; x_wconf 85' lang='lat' dir='ltr'><strong>nolite</strong></span> <span class='ocrx_word' id='word_1_634' title='bbox 3188 1697 3406 1752; x_wconf 82' lang='lat' dir='ltr'><strong>credere.</strong></span> <span class='ocrx_word' id='word_1_635' title='bbox 3441 1699 3668 1771; x_wconf 79' lang='lat' dir='ltr'><strong>Surgent</strong></span> <span class='ocrx_word' id='word_1_636' title='bbox 3703 1706 3824 1759; x_wconf 82' lang='lat' dir='ltr'><strong>enim</strong></span> 
     </span>
    </p>
   </div>
   <div class='ocr_carea' id='block_1_83' title="bbox 2251 1771 3825 1862">
    <p class='ocr_par' dir='ltr' id='par_1_83' title="bbox 2251 1771 3825 1862">
     <span class='ocr_line' id='line_1_84' title="bbox 2251 1771 3825 1862; baseline 0.015 -38"><span class='ocrx_word' id='word_1_637' title='bbox 2251 1771 2649 1843; x_wconf 84' lang='lat' dir='ltr'><strong>Pseudochristi,</strong></span> <span class='ocrx_word' id='word_1_638' title='bbox 2678 1788 2723 1831; x_wconf 87' lang='lat' dir='ltr'><strong>et</strong></span> <span class='ocrx_word' id='word_1_639' title='bbox 2747 1779 3236 1854; x_wconf 71' lang='lat' dir='ltr'><strong>Pseudoprophetar,</strong></span> <span class='ocrx_word' id='word_1_640' title='bbox 3284 1796 3328 1840; x_wconf 88' lang='lat' dir='ltr'><strong>et</strong></span> <span class='ocrx_word' id='word_1_641' title='bbox 3343 1787 3532 1842; x_wconf 78' lang='lat' dir='ltr'><strong>dabunt</strong></span> <span class='ocrx_word' id='word_1_642' title='bbox 3559 1792 3704 1862; x_wconf 83' lang='lat' dir='ltr'><strong>signa</strong></span> <span class='ocrx_word' id='word_1_643' title='bbox 3727 1811 3825 1847; x_wconf 81' lang='lat' dir='ltr'><strong>ma-</strong></span> 
     </span>
    </p>
   </div>
   <div class='ocr_carea' id='block_1_84' title="bbox 2246 1871 3824 1953">
    <p class='ocr_par' dir='ltr' id='par_1_84' title="bbox 2246 1871 3824 1953">
     <span class='ocr_line' id='line_1_85' title="bbox 2246 1871 3824 1953; baseline 0.015 -35"><span class='ocrx_word' id='word_1_644' title='bbox 2246 1883 2368 1938; x_wconf 83' lang='lat' dir='ltr'><strong>gna,</strong></span> <span class='ocrx_word' id='word_1_645' title='bbox 2395 1876 2439 1921; x_wconf 91' lang='lat' dir='ltr'><strong>et</strong></span> <span class='ocrx_word' id='word_1_646' title='bbox 2467 1871 2694 1939; x_wconf 84' lang='lat' dir='ltr'><strong>prodigia</strong></span> <span class='ocrx_word' id='word_1_647' title='bbox 2717 1913 2732 1937; x_wconf 98' lang='lat'><strong>,</strong></span> <span class='ocrx_word' id='word_1_648' title='bbox 2763 1873 2836 1926; x_wconf 88' lang='lat' dir='ltr'><strong>ita</strong></span> <span class='ocrx_word' id='word_1_649' title='bbox 2865 1885 2918 1927; x_wconf 89' lang='lat' dir='ltr'><strong>ut</strong></span> <span class='ocrx_word' id='word_1_650' title='bbox 2943 1876 2995 1929; x_wconf 89' lang='lat' dir='ltr'><strong>in</strong></span> <span class='ocrx_word' id='word_1_651' title='bbox 3023 1892 3243 1931; x_wconf 89' lang='lat' dir='ltr'><strong>errorem</strong></span> <span class='ocrx_word' id='word_1_652' title='bbox 3268 1880 3590 1948; x_wconf 84' lang='lat' dir='ltr'><strong>inducantur,</strong></span> <span class='ocrx_word' id='word_1_653' title='bbox 3629 1885 3676 1938; x_wconf 88' lang='lat' dir='ltr'><strong>si</strong></span> <span class='ocrx_word' id='word_1_654' title='bbox 3719 1887 3824 1953; x_wconf 79' lang='lat' dir='ltr'><strong>ﬁeri</strong></span> 
     </span>
    </p>
   </div>
   <div class='ocr_carea' id='block_1_85' title="bbox 2248 1963 3826 2045">
    <p class='ocr_par' dir='ltr' id='par_1_85' title="bbox 2248 1963 3826 2045">
     <span class='ocr_line' id='line_1_86' title="bbox 2248 1963 3826 2045; baseline 0.016 -35"><span class='ocrx_word' id='word_1_655' title='bbox 2248 1970 2430 2028; x_wconf 83' lang='lat' dir='ltr'><strong>potest,</strong></span> <span class='ocrx_word' id='word_1_656' title='bbox 2455 1963 2601 2016; x_wconf 86' lang='lat' dir='ltr'><strong>etiam</strong></span> <span class='ocrx_word' id='word_1_657' title='bbox 2627 1965 2785 2018; x_wconf 86' lang='lat' dir='ltr'><strong>electi.</strong></span> <span class='ocrx_word' id='word_1_658' title='bbox 2813 1966 2943 2021; x_wconf 86' lang='lat' dir='ltr'><strong>Ecce</strong></span> <span class='ocrx_word' id='word_1_659' title='bbox 2969 1970 3186 2039; x_wconf 75' lang='lat' dir='ltr'><strong>preedixi</strong></span> <span class='ocrx_word' id='word_1_660' title='bbox 3206 1973 3359 2027; x_wconf 82' lang='lat' dir='ltr'><strong>vobis.</strong></span> <span class='ocrx_word' id='word_1_661' title='bbox 3384 1973 3446 2029; x_wconf 88' lang='lat' dir='ltr'><strong>Si</strong></span> <span class='ocrx_word' id='word_1_662' title='bbox 3470 1992 3588 2045; x_wconf 81' lang='lat' dir='ltr'><strong>ergo</strong></span> <span class='ocrx_word' id='word_1_663' title='bbox 3611 1978 3826 2036; x_wconf 72' lang='lat' dir='ltr'><strong>dixerint</strong></span> 
     </span>
    </p>
   </div>
   <div class='ocr_carea' id='block_1_86' title="bbox 2245 2051 3834 2136">
    <p class='ocr_par' dir='ltr' id='par_1_86' title="bbox 2245 2051 3834 2136">
     <span class='ocr_line' id='line_1_87' title="bbox 2245 2051 3834 2136; baseline 0.014 -34"><span class='ocrx_word' id='word_1_664' title='bbox 2245 2051 2401 2117; x_wconf 83' lang='lat' dir='ltr'><strong>vobis,</strong></span> <span class='ocrx_word' id='word_1_665' title='bbox 2430 2068 2542 2106; x_wconf 85' lang='lat' dir='ltr'><strong>ecce</strong></span> <span class='ocrx_word' id='word_1_666' title='bbox 2569 2056 2620 2107; x_wconf 89' lang='lat' dir='ltr'><strong>in</strong></span> <span class='ocrx_word' id='word_1_667' title='bbox 2647 2055 2840 2110; x_wconf 87' lang='lat' dir='ltr'><strong>deserto</strong></span> <span class='ocrx_word' id='word_1_668' title='bbox 2867 2069 2963 2126; x_wconf 92' lang='lat' dir='ltr'><strong>est,</strong></span> <span class='ocrx_word' id='word_1_669' title='bbox 2995 2061 3151 2115; x_wconf 90' lang='lat' dir='ltr'><strong>nolite</strong></span> <span class='ocrx_word' id='word_1_670' title='bbox 3172 2063 3310 2117; x_wconf 73' lang='lat' dir='ltr'><strong>exire</strong></span> <span class='ocrx_word' id='word_1_671' title='bbox 3331 2105 3346 2130; x_wconf 90' lang='lat'><strong>,</strong></span> <span class='ocrx_word' id='word_1_672' title='bbox 3387 2081 3496 2120; x_wconf 87' lang='lat' dir='ltr'><strong>ecce</strong></span> <span class='ocrx_word' id='word_1_673' title='bbox 3524 2067 3578 2120; x_wconf 89' lang='lat' dir='ltr'><strong>in</strong></span> <span class='ocrx_word' id='word_1_674' title='bbox 3603 2079 3834 2136; x_wconf 78' lang='lat' dir='ltr'><strong>penetra-</strong></span> 
     </span>
    </p>
   </div>
   <div class='ocr_carea' id='block_1_87' title="bbox 2245 2140 3832 2223">
    <p class='ocr_par' dir='ltr' id='par_1_87' title="bbox 2245 2140 3832 2223">
     <span class='ocr_line' id='line_1_88' title="bbox 2245 2140 3832 2223; baseline 0.013 -30"><span class='ocrx_word' id='word_1_675' title='bbox 2245 2140 2394 2207; x_wconf 85' lang='lat' dir='ltr'><strong>libus,</strong></span> <span class='ocrx_word' id='word_1_676' title='bbox 2427 2145 2581 2196; x_wconf 87' lang='lat' dir='ltr'><strong>nolite</strong></span> <span class='ocrx_word' id='word_1_677' title='bbox 2605 2148 2822 2201; x_wconf 86' lang='lat' dir='ltr'><strong>credere.</strong></span> <span class='ocrx_word' id='word_1_678' title='bbox 2853 2147 2998 2202; x_wconf 86' lang='lat' dir='ltr'><strong>Sicut</strong></span> <span class='ocrx_word' id='word_1_679' title='bbox 3020 2152 3152 2205; x_wconf 88' lang='lat' dir='ltr'><strong>enim</strong></span> <span class='ocrx_word' id='word_1_680' title='bbox 3182 2153 3356 2223; x_wconf 77' lang='lat' dir='ltr'><strong>fulgur</strong></span> <span class='ocrx_word' id='word_1_681' title='bbox 3391 2159 3491 2210; x_wconf 70' lang='lat' dir='ltr'><strong>exit</strong></span> <span class='ocrx_word' id='word_1_682' title='bbox 3515 2157 3578 2210; x_wconf 89' lang='lat' dir='ltr'><strong>ab</strong></span> <span class='ocrx_word' id='word_1_683' title='bbox 3606 2157 3832 2222; x_wconf 72' lang='lat' dir='ltr'><strong>Oriente,</strong></span> 
     </span>
    </p>
   </div>
   <div class='ocr_carea' id='block_1_88' title="bbox 2243 2235 3822 2308">
    <p class='ocr_par' dir='ltr' id='par_1_88' title="bbox 2243 2235 3822 2308">
     <span class='ocr_line' id='line_1_89' title="bbox 2243 2235 3822 2308; baseline 0.013 -24"><span class='ocrx_word' id='word_1_684' title='bbox 2243 2241 2289 2284; x_wconf 86' lang='lat' dir='ltr'><strong>et</strong></span> <span class='ocrx_word' id='word_1_685' title='bbox 2316 2244 2457 2302; x_wconf 85' lang='lat' dir='ltr'><strong>paret</strong></span> <span class='ocrx_word' id='word_1_686' title='bbox 2501 2251 2654 2300; x_wconf 89' lang='lat' dir='ltr'><strong>usque</strong></span> <span class='ocrx_word' id='word_1_687' title='bbox 2678 2237 2728 2290; x_wconf 90' lang='lat' dir='ltr'><strong>in</strong></span> <span class='ocrx_word' id='word_1_688' title='bbox 2759 2235 3098 2308; x_wconf 87' lang='lat' dir='ltr'><strong>Occidentem,</strong></span> <span class='ocrx_word' id='word_1_689' title='bbox 3129 2243 3200 2296; x_wconf 90' lang='lat' dir='ltr'><strong>ita</strong></span> <span class='ocrx_word' id='word_1_690' title='bbox 3227 2246 3320 2298; x_wconf 87' lang='lat' dir='ltr'><strong>erit</strong></span> <span class='ocrx_word' id='word_1_691' title='bbox 3362 2255 3410 2299; x_wconf 92' lang='lat' dir='ltr'><strong>et</strong></span> <span class='ocrx_word' id='word_1_692' title='bbox 3432 2247 3674 2304; x_wconf 79' lang='lat' dir='ltr'><strong>adventus</strong></span> <span class='ocrx_word' id='word_1_693' title='bbox 3704 2250 3822 2306; x_wconf 86' lang='lat' dir='ltr'><strong>Filii</strong></span> 
     </span>
    </p>
   </div>
   <div class='ocr_carea' id='block_1_89' title="bbox 2248 2323 3820 2407">
    <p class='ocr_par' dir='ltr' id='par_1_89' title="bbox 2248 2323 3820 2407">
     <span class='ocr_line' id='line_1_90' title="bbox 2248 2323 3820 2407; baseline 0.014 -34"><span class='ocrx_word' id='word_1_694' title='bbox 2248 2323 2482 2378; x_wconf 86' lang='lat' dir='ltr'><strong>hominis.</strong></span> <span class='ocrx_word' id='word_1_695' title='bbox 2519 2329 2594 2381; x_wconf 81' lang='lat' dir='ltr'><strong>Ac</strong></span> <span class='ocrx_word' id='word_1_696' title='bbox 2620 2326 2816 2382; x_wconf 90' lang='lat' dir='ltr'><strong>deinde</strong></span> <span class='ocrx_word' id='word_1_697' title='bbox 2843 2345 2862 2383; x_wconf 87' lang='lat'><strong>:</strong></span> <span class='ocrx_word' id='word_1_698' title='bbox 2898 2328 3038 2384; x_wconf 86' lang='lat' dir='ltr'><strong>Tunc</strong></span> <span class='ocrx_word' id='word_1_699' title='bbox 3067 2336 3328 2403; x_wconf 89' lang='lat' dir='ltr'><strong>apparebit</strong></span> <span class='ocrx_word' id='word_1_700' title='bbox 3356 2337 3555 2407; x_wconf 80' lang='lat' dir='ltr'><strong>signum</strong></span> <span class='ocrx_word' id='word_1_701' title='bbox 3581 2337 3706 2393; x_wconf 83' lang='lat' dir='ltr'><strong>Filii</strong></span> <span class='ocrx_word' id='word_1_702' title='bbox 3730 2341 3820 2395; x_wconf 82' lang='lat' dir='ltr'><strong>ho-</strong></span> 
     </span>
    </p>
   </div>
   <div class='ocr_carea' id='block_1_90' title="bbox 2242 2416 3820 2489">
    <p class='ocr_par' dir='ltr' id='par_1_90' title="bbox 2242 2416 3820 2489">
     <span class='ocr_line' id='line_1_91' title="bbox 2242 2416 3820 2489; baseline 0.012 -23"><span class='ocrx_word' id='word_1_703' title='bbox 2242 2416 2391 2470; x_wconf 85' lang='lat' dir='ltr'><strong>minis</strong></span> <span class='ocrx_word' id='word_1_704' title='bbox 2418 2418 2469 2470; x_wconf 90' lang='lat' dir='ltr'><strong>in</strong></span> <span class='ocrx_word' id='word_1_705' title='bbox 2499 2419 2643 2484; x_wconf 73' lang='lat' dir='ltr'><strong>calo,</strong></span> <span class='ocrx_word' id='word_1_706' title='bbox 2671 2419 2747 2489; x_wconf 73' lang='grc' dir='ltr'><strong>(τι)</strong></span> <span class='ocrx_word' id='word_1_707' title='bbox 2777 2430 2824 2473; x_wconf 92' lang='lat' dir='ltr'><strong>et</strong></span> <span class='ocrx_word' id='word_1_708' title='bbox 2851 2421 3081 2477; x_wconf 81' lang='lat' dir='ltr'><strong>uidebunt</strong></span> <span class='ocrx_word' id='word_1_709' title='bbox 3105 2422 3298 2479; x_wconf 86' lang='lat' dir='ltr'><strong>Filium</strong></span> <span class='ocrx_word' id='word_1_710' title='bbox 3319 2427 3534 2483; x_wconf 87' lang='lat' dir='ltr'><strong>hominis</strong></span> <span class='ocrx_word' id='word_1_711' title='bbox 3549 2430 3820 2485; x_wconf 77' lang='lat' dir='ltr'><strong>uenientem</strong></span> 
     </span>
    </p>
   </div>
   <div class='ocr_carea' id='block_1_91' title="bbox 2243 2505 3822 2590">
    <p class='ocr_par' dir='ltr' id='par_1_91' title="bbox 2243 2505 3822 2590">
     <span class='ocr_line' id='line_1_92' title="bbox 2243 2505 3822 2590; baseline 0.012 -32"><span class='ocrx_word' id='word_1_712' title='bbox 2243 2505 2296 2558; x_wconf 88' lang='lat' dir='ltr'><strong>in</strong></span> <span class='ocrx_word' id='word_1_713' title='bbox 2344 2508 2556 2561; x_wconf 89' lang='lat' dir='ltr'><strong>nubibus</strong></span> <span class='ocrx_word' id='word_1_714' title='bbox 2581 2509 2693 2562; x_wconf 68' lang='grc' dir='ltr'><strong>ειειὶ</strong></span> <span class='ocrx_word' id='word_1_715' title='bbox 2720 2526 2833 2563; x_wconf 84' lang='lat' dir='ltr'><strong>cum</strong></span> <span class='ocrx_word' id='word_1_716' title='bbox 2859 2513 3039 2566; x_wconf 86' lang='lat' dir='ltr'><strong>virtute</strong></span> <span class='ocrx_word' id='word_1_717' title='bbox 3081 2515 3281 2582; x_wconf 86' lang='lat' dir='ltr'><strong>multa,</strong></span> <span class='ocrx_word' id='word_1_718' title='bbox 3335 2527 3383 2571; x_wconf 91' lang='lat' dir='ltr'><strong>et</strong></span> <span class='ocrx_word' id='word_1_719' title='bbox 3432 2521 3713 2590; x_wconf 83' lang='lat' dir='ltr'><strong>majestate.</strong></span> <span class='ocrx_word' id='word_1_720' title='bbox 3754 2519 3822 2576; x_wconf 81' lang='lat' dir='ltr'><strong>Et</strong></span> 
     </span>
    </p>
   </div>
   <div class='ocr_carea' id='block_1_92' title="bbox 2239 2597 3832 2681">
    <p class='ocr_par' dir='ltr' id='par_1_92' title="bbox 2239 2597 3832 2681">
     <span class='ocr_line' id='line_1_93' title="bbox 2239 2597 3832 2681; baseline 0.014 -34"><span class='ocrx_word' id='word_1_721' title='bbox 2239 2597 2396 2649; x_wconf 87' lang='lat' dir='ltr'><strong>mittet</strong></span> <span class='ocrx_word' id='word_1_722' title='bbox 2423 2598 2640 2666; x_wconf 80' lang='lat' dir='ltr'><strong>Angelos</strong></span> <span class='ocrx_word' id='word_1_723' title='bbox 2669 2615 2788 2655; x_wconf 89' lang='lat' dir='ltr'><strong>suos</strong></span> <span class='ocrx_word' id='word_1_724' title='bbox 2813 2614 2948 2655; x_wconf 83' lang='lat' dir='ltr'><strong>cum&#39;</strong></span> <span class='ocrx_word' id='word_1_725' title='bbox 2970 2605 3108 2670; x_wconf 87' lang='lat' dir='ltr'><strong>tuba,</strong></span> <span class='ocrx_word' id='word_1_726' title='bbox 3142 2617 3189 2660; x_wconf 89' lang='lat' dir='ltr'><strong>et</strong></span> <span class='ocrx_word' id='word_1_727' title='bbox 3215 2623 3333 2662; x_wconf 79' lang='lat' dir='ltr'><strong>voce</strong></span> <span class='ocrx_word' id='word_1_728' title='bbox 3356 2625 3543 2681; x_wconf 83' lang='lat' dir='ltr'><strong>magna</strong></span> <span class='ocrx_word' id='word_1_729' title='bbox 3567 2652 3582 2675; x_wconf 94' lang='lat'><strong>,</strong></span> <span class='ocrx_word' id='word_1_730' title='bbox 3627 2622 3674 2668; x_wconf 90' lang='lat' dir='ltr'><strong>et</strong></span> <span class='ocrx_word' id='word_1_731' title='bbox 3700 2629 3832 2668; x_wconf 67' lang='lat' dir='ltr'><strong>etm-~</strong></span> 
     </span>
    </p>
   </div>
   <div class='ocr_carea' id='block_1_93' title="bbox 2234 2687 3814 2764">
    <p class='ocr_par' dir='ltr' id='par_1_93' title="bbox 2234 2687 3814 2764">
     <span class='ocr_line' id='line_1_94' title="bbox 2234 2687 3814 2764; baseline 0.018 -33"><span class='ocrx_word' id='word_1_732' title='bbox 2234 2687 2508 2755; x_wconf 83' lang='lat' dir='ltr'><strong>gregabunt</strong></span> <span class='ocrx_word' id='word_1_733' title='bbox 2533 2689 2713 2743; x_wconf 87' lang='lat' dir='ltr'><strong>electos</strong></span> <span class='ocrx_word' id='word_1_734' title='bbox 2752 2693 2862 2761; x_wconf 83' lang='lat' dir='ltr'><strong>ejus</strong></span> <span class='ocrx_word' id='word_1_735' title='bbox 2883 2711 2916 2747; x_wconf 89' lang='lat' dir='ltr'><strong>a</strong></span> <span class='ocrx_word' id='word_1_736' title='bbox 2939 2705 3156 2764; x_wconf 87' lang='lat' dir='ltr'><strong>quatuor</strong></span> <span class='ocrx_word' id='word_1_737' title='bbox 3179 2699 3338 2753; x_wconf 76' lang='lat' dir='ltr'><strong>uentis</strong></span> <span class='ocrx_word' id='word_1_738' title='bbox 3365 2716 3397 2753; x_wconf 88' lang='lat' dir='ltr'><strong>a</strong></span> <span class='ocrx_word' id='word_1_739' title='bbox 3423 2717 3619 2756; x_wconf 85' lang='lat' dir='ltr'><strong>summo</strong></span> <span class='ocrx_word' id='word_1_740' title='bbox 3662 2705 3814 2760; x_wconf 68' lang='lat' dir='ltr'><strong>calo-</strong></span> 
     </span>
    </p>
   </div>
   <div class='ocr_carea' id='block_1_94' title="bbox 2233 2779 3820 2862">
    <p class='ocr_par' dir='ltr' id='par_1_94' title="bbox 2233 2779 3820 2862">
     <span class='ocr_line' id='line_1_95' title="bbox 2233 2779 3820 2862; baseline 0.014 -33"><span class='ocrx_word' id='word_1_741' title='bbox 2233 2792 2349 2829; x_wconf 90' lang='lat' dir='ltr'><strong>rum</strong></span> <span class='ocrx_word' id='word_1_742' title='bbox 2374 2793 2527 2847; x_wconf 87' lang='lat' dir='ltr'><strong>usque</strong></span> <span class='ocrx_word' id='word_1_743' title='bbox 2548 2779 2614 2832; x_wconf 90' lang='lat' dir='ltr'><strong>ad</strong></span> <span class='ocrx_word' id='word_1_744' title='bbox 2642 2783 2880 2836; x_wconf 88' lang='lat' dir='ltr'><strong>terminos</strong></span> <span class='ocrx_word' id='word_1_745' title='bbox 2903 2799 3074 2838; x_wconf 90' lang='lat' dir='ltr'><strong>eorum</strong></span> <span class='ocrx_word' id='word_1_746' title='bbox 3104 2786 3268 2855; x_wconf 89' lang='lat' dir='ltr'><strong>(Ibid.</strong></span> <span class='ocrx_word' id='word_1_747' title='bbox 3291 2788 3382 2846; x_wconf 73' lang='lat'><strong>23.</strong></span> <span class='ocrx_word' id='word_1_748' title='bbox 3405 2800 3452 2844; x_wconf 89' lang='lat' dir='ltr'><strong>et</strong></span> <span class='ocrx_word' id='word_1_749' title='bbox 3472 2795 3658 2862; x_wconf 86' lang='lat' dir='ltr'><strong>seqq.).</strong></span> <span class='ocrx_word' id='word_1_750' title='bbox 3680 2795 3820 2851; x_wconf 80' lang='lat' dir='ltr'><strong>Rur-</strong></span> 
     </span>
    </p>
   </div>
   <div class='ocr_carea' id='block_1_95' title="bbox 2233 2869 3822 2956">
    <p class='ocr_par' dir='ltr' id='par_1_95' title="bbox 2233 2869 3822 2956">
     <span class='ocr_line' id='line_1_96' title="bbox 2233 2869 3822 2956; baseline 0.014 -36"><span class='ocrx_word' id='word_1_751' title='bbox 2233 2883 2458 2938; x_wconf 87' lang='lat' dir='ltr'><strong>sumque</strong></span> <span class='ocrx_word' id='word_1_752' title='bbox 2484 2869 2552 2925; x_wconf 90' lang='lat' dir='ltr'><strong>de</strong></span> <span class='ocrx_word' id='word_1_753' title='bbox 2581 2872 2911 2929; x_wconf 80' lang='lat' dir='ltr'><strong>Autichristo</strong></span> <span class='ocrx_word' id='word_1_754' title='bbox 2928 2877 3162 2946; x_wconf 89' lang='lat' dir='ltr'><strong>loquitur</strong></span> <span class='ocrx_word' id='word_1_755' title='bbox 3177 2879 3245 2933; x_wconf 90' lang='lat' dir='ltr'><strong>ad</strong></span> <span class='ocrx_word' id='word_1_756' title='bbox 3279 2879 3530 2938; x_wconf 68' lang='lat' dir='ltr'><strong>Judmos:</strong></span> <span class='ocrx_word' id='word_1_757' title='bbox 3562 2883 3675 2956; x_wconf 85' lang='lat' dir='ltr'><strong>Ego</strong></span> <span class='ocrx_word' id='word_1_758' title='bbox 3710 2889 3822 2942; x_wconf 81' lang='lat' dir='ltr'><strong>veni</strong></span> 
     </span>
    </p>
   </div>
   <div class='ocr_carea' id='block_1_96' title="bbox 2231 2960 3822 3032">
    <p class='ocr_par' dir='ltr' id='par_1_96' title="bbox 2231 2960 3822 3032">
     <span class='ocr_line' id='line_1_97' title="bbox 2231 2960 3822 3032; baseline 0.013 -21"><span class='ocrx_word' id='word_1_759' title='bbox 2231 2960 2284 3012; x_wconf 86' lang='lat' dir='ltr'><strong>in</strong></span> <span class='ocrx_word' id='word_1_760' title='bbox 2313 2962 2515 3015; x_wconf 86' lang='lat' dir='ltr'><strong>nomine</strong></span> <span class='ocrx_word' id='word_1_761' title='bbox 2543 2961 2715 3017; x_wconf 83' lang='lat' dir='ltr'><strong>Patris</strong></span> <span class='ocrx_word' id='word_1_762' title='bbox 2737 2966 2834 3018; x_wconf 90' lang='lat' dir='ltr'><strong>mei</strong></span> <span class='ocrx_word' id='word_1_763' title='bbox 2855 3005 2869 3028; x_wconf 92' lang='lat'><strong>,</strong></span> <span class='ocrx_word' id='word_1_764' title='bbox 2896 2976 2942 3020; x_wconf 88' lang='lat' dir='ltr'><strong>et</strong></span> <span class='ocrx_word' id='word_1_765' title='bbox 2967 2983 3066 3021; x_wconf 90' lang='lat' dir='ltr'><strong>non</strong></span> <span class='ocrx_word' id='word_1_766' title='bbox 3092 2970 3376 3026; x_wconf 88' lang='lat' dir='ltr'><strong>credidistis</strong></span> <span class='ocrx_word' id='word_1_767' title='bbox 3401 2974 3546 3028; x_wconf 89' lang='lat' dir='ltr'><strong>mihi.</strong></span> <span class='ocrx_word' id='word_1_768' title='bbox 3585 2977 3646 3030; x_wconf 81' lang='lat' dir='ltr'><strong>Si</strong></span> <span class='ocrx_word' id='word_1_769' title='bbox 3687 2979 3822 3032; x_wconf 87' lang='lat' dir='ltr'><strong>alius</strong></span> 
     </span>
    </p>
   </div>
   <div class='ocr_carea' id='block_1_97' title="bbox 2231 3053 3820 3139">
    <p class='ocr_par' dir='ltr' id='par_1_97' title="bbox 2231 3053 3820 3139">
     <span class='ocr_line' id='line_1_98' title="bbox 2231 3053 3820 3139; baseline 0.014 -35"><span class='ocrx_word' id='word_1_770' title='bbox 2231 3053 2418 3106; x_wconf 77' lang='lat' dir='ltr'><strong>uenerit</strong></span> <span class='ocrx_word' id='word_1_771' title='bbox 2443 3054 2493 3108; x_wconf 90' lang='lat' dir='ltr'><strong>in</strong></span> <span class='ocrx_word' id='word_1_772' title='bbox 2514 3057 2714 3109; x_wconf 87' lang='lat' dir='ltr'><strong>nomine</strong></span> <span class='ocrx_word' id='word_1_773' title='bbox 2735 3073 2827 3111; x_wconf 86' lang='lat' dir='ltr'><strong>suo</strong></span> <span class='ocrx_word' id='word_1_774' title='bbox 2844 3099 2860 3123; x_wconf 91' lang='lat'><strong>,</strong></span> <span class='ocrx_word' id='word_1_775' title='bbox 2901 3057 3048 3113; x_wconf 88' lang='lat' dir='ltr'><strong>illum</strong></span> <span class='ocrx_word' id='word_1_776' title='bbox 3094 3062 3378 3131; x_wconf 87' lang='lat' dir='ltr'><strong>suscipietis</strong></span> <span class='ocrx_word' id='word_1_777' title='bbox 3415 3064 3596 3133; x_wconf 82' lang='lat' dir='ltr'><strong>(Joan.</strong></span> <span class='ocrx_word' id='word_1_778' title='bbox 3621 3069 3675 3123; x_wconf 82' lang='lat'><strong>7.</strong></span> <span class='ocrx_word' id='word_1_779' title='bbox 3703 3070 3820 3139; x_wconf 71' lang='grc'><strong>45).</strong></span> 
     </span>
    </p>
   </div>
   <div class='ocr_carea' id='block_1_98' title="bbox 2233 3146 3822 3219">
    <p class='ocr_par' dir='ltr' id='par_1_98' title="bbox 2233 3146 3822 3219">
     <span class='ocr_line' id='line_1_99' title="bbox 2233 3146 3822 3219; baseline 0.011 -19"><span class='ocrx_word' id='word_1_780' title='bbox 2233 3146 2398 3215; x_wconf 83' lang='lat' dir='ltr'><strong>Igitur</strong></span> <span class='ocrx_word' id='word_1_781' title='bbox 2419 3146 2980 3205; x_wconf 87' lang='lat' dir='ltr'><strong>Thessalonicensium</strong></span> <span class='ocrx_word' id='word_1_782' title='bbox 3005 3153 3334 3219; x_wconf 88' lang='lat' dir='ltr'><strong>animos,ch</strong></span> <span class='ocrx_word' id='word_1_783' title='bbox 3359 3158 3574 3214; x_wconf 88' lang='lat' dir='ltr'><strong>occasio</strong></span> <span class='ocrx_word' id='word_1_784' title='bbox 3601 3175 3710 3215; x_wconf 93' lang='lat' dir='ltr'><strong>non</strong></span> <span class='ocrx_word' id='word_1_785' title='bbox 3737 3162 3822 3216; x_wconf 83' lang='lat' dir='ltr'><strong>in-</strong></span> 
     </span>
    </p>
   </div>
   <div class='ocr_carea' id='block_1_99' title="bbox 2232 3237 3826 3321">
    <p class='ocr_par' dir='ltr' id='par_1_99' title="bbox 2232 3237 3826 3321">
     <span class='ocr_line' id='line_1_100' title="bbox 2232 3237 3826 3321; baseline 0.013 -31"><span class='ocrx_word' id='word_1_786' title='bbox 2232 3237 2462 3292; x_wconf 64' lang='lat' dir='ltr'><strong>tellectae</strong></span> <span class='ocrx_word' id='word_1_787' title='bbox 2504 3239 2779 3307; x_wconf 63' lang='lat' dir='ltr'><strong>Epistolas,</strong></span> <span class='ocrx_word' id='word_1_788' title='bbox 2807 3243 2892 3295; x_wconf 86' lang='lat' dir='ltr'><strong>vel</strong></span> <span class='ocrx_word' id='word_1_789' title='bbox 2926 3242 3044 3296; x_wconf 81' lang='lat' dir='ltr'><strong>ﬁcta</strong></span> <span class='ocrx_word' id='word_1_790' title='bbox 3099 3246 3389 3313; x_wconf 85' lang='lat' dir='ltr'><strong>revelatio,</strong></span> <span class='ocrx_word' id='word_1_791' title='bbox 3415 3263 3538 3317; x_wconf 75' lang='lat' dir='ltr'><strong>qua:</strong></span> <span class='ocrx_word' id='word_1_792' title='bbox 3590 3267 3690 3321; x_wconf 90' lang='lat' dir='ltr'><strong>per</strong></span> <span class='ocrx_word' id='word_1_793' title='bbox 3735 3268 3826 3308; x_wconf 86' lang='lat' dir='ltr'><strong>so-</strong></span> 
     </span>
    </p>
   </div>
   <div class='ocr_carea' id='block_1_100' title="bbox 2229 3327 3825 3410">
    <p class='ocr_par' dir='ltr' id='par_1_100' title="bbox 2229 3327 3825 3410">
     <span class='ocr_line' id='line_1_101' title="bbox 2229 3327 3825 3410; baseline 0.012 -30"><span class='ocrx_word' id='word_1_794' title='bbox 2229 3328 2429 3381; x_wconf 86' lang='lat' dir='ltr'><strong>mnium</strong></span> <span class='ocrx_word' id='word_1_795' title='bbox 2457 3327 2738 3396; x_wconf 86' lang='lat' dir='ltr'><strong>deceperat</strong></span> <span class='ocrx_word' id='word_1_796' title='bbox 2763 3329 3110 3396; x_wconf 90' lang='lat' dir='ltr'><strong>dormientes,</strong></span> <span class='ocrx_word' id='word_1_797' title='bbox 3129 3333 3522 3404; x_wconf 88' lang='lat' dir='ltr'><strong>velaliquorum</strong></span> <span class='ocrx_word' id='word_1_798' title='bbox 3537 3343 3825 3410; x_wconf 79' lang='lat' dir='ltr'><strong>conjectu-</strong></span> 
     </span>
    </p>
   </div>
   <div class='ocr_carea' id='block_1_101' title="bbox 2228 3421 3826 3498">
    <p class='ocr_par' dir='ltr' id='par_1_101' title="bbox 2228 3421 3826 3498">
     <span class='ocr_line' id='line_1_102' title="bbox 2228 3421 3826 3498; baseline 0.008 -22"><span class='ocrx_word' id='word_1_799' title='bbox 2228 3436 2308 3487; x_wconf 87' lang='lat' dir='ltr'><strong>ra,</strong></span> <span class='ocrx_word' id='word_1_800' title='bbox 2323 3421 2494 3487; x_wconf 68' lang='lat' dir='ltr'><strong>Isaias,</strong></span> <span class='ocrx_word' id='word_1_801' title='bbox 2512 3429 2568 3476; x_wconf 91' lang='lat' dir='ltr'><strong>et</strong></span> <span class='ocrx_word' id='word_1_802' title='bbox 2586 3421 2837 3487; x_wconf 89' lang='lat' dir='ltr'><strong>Danielis,</strong></span> <span class='ocrx_word' id='word_1_803' title='bbox 2860 3421 3376 3498; x_wconf 82' lang='lat' dir='ltr'><strong>Evangeliorumque</strong></span> <span class='ocrx_word' id='word_1_804' title='bbox 3396 3427 3652 3487; x_wconf 64' lang='lat' dir='ltr'><strong>verba&#39;de</strong></span> <span class='ocrx_word' id='word_1_805' title='bbox 3671 3436 3826 3490; x_wconf 81' lang='lat' dir='ltr'><strong>Anti-</strong></span> 
     </span>
    </p>
   </div>
   <div class='ocr_carea' id='block_1_102' title="bbox 2228 3512 3820 3591">
    <p class='ocr_par' dir='ltr' id='par_1_102' title="bbox 2228 3512 3820 3591">
     <span class='ocr_line' id='line_1_103' title="bbox 2228 3512 3820 3591; baseline 0.01 -24"><span class='ocrx_word' id='word_1_806' title='bbox 2228 3512 2430 3568; x_wconf 83' lang='lat' dir='ltr'><strong>chriSto</strong></span> <span class='ocrx_word' id='word_1_807' title='bbox 2452 3514 2879 3584; x_wconf 75' lang='lat' dir='ltr'><strong>prtenuntiantia,</strong></span> <span class='ocrx_word' id='word_1_808' title='bbox 2901 3515 2953 3570; x_wconf 91' lang='lat' dir='ltr'><strong>in</strong></span> <span class='ocrx_word' id='word_1_809' title='bbox 2978 3516 3105 3572; x_wconf 91' lang='lat' dir='ltr'><strong>illud</strong></span> <span class='ocrx_word' id='word_1_810' title='bbox 3123 3520 3820 3591; x_wconf 89' lang='lat' dir='ltr'><strong>tempusinterpretantium</strong></span> 
     </span>
    </p>
   </div>
   <div class='ocr_carea' id='block_1_103' title="bbox 2227 3605 3823 3679">
    <p class='ocr_par' dir='ltr' id='par_1_103' title="bbox 2227 3605 3823 3679">
     <span class='ocr_line' id='line_1_104' title="bbox 2227 3605 3823 3679; baseline 0.009 -21"><span class='ocrx_word' id='word_1_811' title='bbox 2227 3615 2488 3669; x_wconf 90' lang='lat' dir='ltr'><strong>moverat,</strong></span> <span class='ocrx_word' id='word_1_812' title='bbox 2520 3613 2679 3673; x_wconf 87' lang='lat' dir='ltr'><strong>atque</strong></span> <span class='ocrx_word' id='word_1_813' title='bbox 2708 3605 3016 3660; x_wconf 79' lang='lat' dir='ltr'><strong>turbaverat</strong></span> <span class='ocrx_word' id='word_1_814' title='bbox 3044 3625 3056 3660; x_wconf 90' lang='lat'><strong>:</strong></span> <span class='ocrx_word' id='word_1_815' title='bbox 3082 3615 3144 3662; x_wconf 92' lang='lat' dir='ltr'><strong>ut</strong></span> <span class='ocrx_word' id='word_1_816' title='bbox 3174 3610 3225 3662; x_wconf 92' lang='lat' dir='ltr'><strong>in</strong></span> <span class='ocrx_word' id='word_1_817' title='bbox 3254 3609 3536 3679; x_wconf 85' lang='lat' dir='ltr'><strong>majestate</strong></span> <span class='ocrx_word' id='word_1_818' title='bbox 3565 3629 3661 3669; x_wconf 89' lang='lat' dir='ltr'><strong>sua</strong></span> <span class='ocrx_word' id='word_1_819' title='bbox 3689 3625 3823 3673; x_wconf 84' lang='lat' dir='ltr'><strong>tunc</strong></span> 
     </span>
    </p>
   </div>
   <div class='ocr_carea' id='block_1_104' title="bbox 2226 3683 3824 3765">
    <p class='ocr_par' dir='ltr' id='par_1_104' title="bbox 2226 3683 3824 3765">
     <span class='ocr_line' id='line_1_105' title="bbox 2226 3683 3824 3765; baseline 0.008 -14"><span class='ocrx_word' id='word_1_820' title='bbox 2226 3696 2500 3751; x_wconf 83' lang='lat' dir='ltr'><strong>Christum</strong></span> <span class='ocrx_word' id='word_1_821' title='bbox 2527 3706 2812 3765; x_wconf 88' lang='lat' dir='ltr'><strong>sperarent</strong></span> <span class='ocrx_word' id='word_1_822' title='bbox 2831 3683 2952 3753; x_wconf 85' lang='lat' dir='ltr'><strong>esse</strong></span> <span class='ocrx_word' id='word_1_823' title='bbox 2976 3709 3283 3753; x_wconf 90' lang='lat' dir='ltr'><strong>venturum.</strong></span> <span class='ocrx_word' id='word_1_824' title='bbox 3311 3700 3410 3756; x_wconf 91' lang='lat' dir='ltr'><strong>Cui</strong></span> <span class='ocrx_word' id='word_1_825' title='bbox 3432 3705 3606 3759; x_wconf 88' lang='lat' dir='ltr'><strong>errori</strong></span> <span class='ocrx_word' id='word_1_826' title='bbox 3636 3707 3824 3763; x_wconf 79' lang='lat' dir='ltr'><strong>mede-</strong></span> 
     </span>
    </p>
   </div>
   <div class='ocr_carea' id='block_1_105' title="bbox 2229 3785 3820 3859">
    <p class='ocr_par' dir='ltr' id='par_1_105' title="bbox 2229 3785 3820 3859">
     <span class='ocr_line' id='line_1_106' title="bbox 2229 3785 3820 3859; baseline 0.008 -19"><span class='ocrx_word' id='word_1_827' title='bbox 2229 3794 2316 3840; x_wconf 91' lang='lat' dir='ltr'><strong>tnr</strong></span> <span class='ocrx_word' id='word_1_828' title='bbox 2341 3785 2647 3855; x_wconf 83' lang='lat' dir='ltr'><strong>Apostolus,</strong></span> <span class='ocrx_word' id='word_1_829' title='bbox 2681 3794 2736 3841; x_wconf 87' lang='lat' dir='ltr'><strong>et</strong></span> <span class='ocrx_word' id='word_1_830' title='bbox 2769 3788 2986 3856; x_wconf 83' lang='lat' dir='ltr'><strong>exponit</strong></span> <span class='ocrx_word' id='word_1_831' title='bbox 3026 3804 3145 3859; x_wconf 67' lang='lat' dir='ltr'><strong>quae</strong></span> <span class='ocrx_word' id='word_1_832' title='bbox 3171 3799 3294 3845; x_wconf 92' lang='lat' dir='ltr'><strong>ante</strong></span> <span class='ocrx_word' id='word_1_833' title='bbox 3322 3791 3610 3848; x_wconf 88' lang='lat' dir='ltr'><strong>adventum</strong></span> <span class='ocrx_word' id='word_1_834' title='bbox 3657 3796 3820 3853; x_wconf 88' lang='lat' dir='ltr'><strong>Chri-</strong></span> 
     </span>
    </p>
   </div>
   <div class='ocr_carea' id='block_1_106' title="bbox 2228 3877 3815 3948">
    <p class='ocr_par' dir='ltr' id='par_1_106' title="bbox 2228 3877 3815 3948">
     <span class='ocr_line' id='line_1_107' title="bbox 2228 3877 3815 3948; baseline 0.006 -16"><span class='ocrx_word' id='word_1_835' title='bbox 2228 3880 2296 3933; x_wconf 84' lang='lat' dir='ltr'><strong>sli</strong></span> <span class='ocrx_word' id='word_1_836' title='bbox 2322 3877 2555 3934; x_wconf 88' lang='lat' dir='ltr'><strong>debeant</strong></span> <span class='ocrx_word' id='word_1_837' title='bbox 2596 3879 2931 3948; x_wconf 63' lang='lat' dir='ltr'><strong>praestolari;</strong></span> <span class='ocrx_word' id='word_1_838' title='bbox 2965 3889 3022 3935; x_wconf 92' lang='lat' dir='ltr'><strong>ut</strong></span> <span class='ocrx_word' id='word_1_839' title='bbox 3047 3895 3166 3935; x_wconf 91' lang='lat' dir='ltr'><strong>cum</strong></span> <span class='ocrx_word' id='word_1_840' title='bbox 3210 3881 3297 3936; x_wconf 90' lang='lat' dir='ltr'><strong>illa</strong></span> <span class='ocrx_word' id='word_1_841' title='bbox 3349 3881 3486 3938; x_wconf 78' lang='lat' dir='ltr'><strong>facta</strong></span> <span class='ocrx_word' id='word_1_842' title='bbox 3535 3885 3815 3942; x_wconf 85' lang='lat' dir='ltr'><strong>viderint:</strong></span> 
     </span>
    </p>
   </div>
   <div class='ocr_carea' id='block_1_107' title="bbox 2229 3967 3817 4044">
    <p class='ocr_par' dir='ltr' id='par_1_107' title="bbox 2229 3967 3817 4044">
     <span class='ocr_line' id='line_1_108' title="bbox 2229 3967 3817 4044; baseline 0.006 -20"><span class='ocrx_word' id='word_1_843' title='bbox 2229 3981 2353 4024; x_wconf 91' lang='lat' dir='ltr'><strong>tunc</strong></span> <span class='ocrx_word' id='word_1_844' title='bbox 2379 3967 2552 4023; x_wconf 89' lang='lat' dir='ltr'><strong>sciant</strong></span> <span class='ocrx_word' id='word_1_845' title='bbox 2575 3968 2986 4035; x_wconf 83' lang='lat' dir='ltr'><strong>Antichristum,</strong></span> <span class='ocrx_word' id='word_1_846' title='bbox 3021 3970 3071 4025; x_wconf 91' lang='lat' dir='ltr'><strong>id</strong></span> <span class='ocrx_word' id='word_1_847' title='bbox 3094 3983 3197 4036; x_wconf 76' lang='lat'><strong>05!,</strong></span> <span class='ocrx_word' id='word_1_848' title='bbox 3222 3972 3492 4028; x_wconf 88' lang='lat' dir='ltr'><strong>hominem</strong></span> <span class='ocrx_word' id='word_1_849' title='bbox 3517 3976 3743 4044; x_wconf 86' lang='lat' dir='ltr'><strong>peccati,</strong></span> <span class='ocrx_word' id='word_1_850' title='bbox 3762 3986 3817 4034; x_wconf 88' lang='lat' dir='ltr'><strong>et</strong></span> 
     </span>
    </p>
   </div>
   <div class='ocr_carea' id='block_1_108' title="bbox 2231 4059 3816 4138">
    <p class='ocr_par' dir='ltr' id='par_1_108' title="bbox 2231 4059 3816 4138">
     <span class='ocr_line' id='line_1_109' title="bbox 2231 4059 3816 4138; baseline 0.007 -25"><span class='ocrx_word' id='word_1_851' title='bbox 2231 4060 2398 4115; x_wconf 90' lang='lat' dir='ltr'><strong>lilium</strong></span> <span class='ocrx_word' id='word_1_852' title='bbox 2429 4059 2770 4130; x_wconf 90' lang='lat' dir='ltr'><strong>perditionis,</strong></span> <span class='ocrx_word' id='word_1_853' title='bbox 2797 4063 2887 4132; x_wconf 93' lang='lat' dir='ltr'><strong>qui</strong></span> <span class='ocrx_word' id='word_1_854' title='bbox 2913 4061 3248 4130; x_wconf 88' lang='lat' dir='ltr'><strong>adversatur,</strong></span> <span class='ocrx_word' id='word_1_855' title='bbox 3271 4076 3324 4118; x_wconf 94' lang='lat' dir='ltr'><strong>et</strong></span> <span class='ocrx_word' id='word_1_856' title='bbox 3342 4065 3619 4121; x_wconf 76' lang='lat' dir='ltr'><strong>extollitur</strong></span> <span class='ocrx_word' id='word_1_857' title='bbox 3651 4082 3816 4138; x_wconf 85' lang='lat' dir='ltr'><strong>supra</strong></span> 
     </span>
    </p>
   </div>
   <div class='ocr_carea' id='block_1_109' title="bbox 2229 4152 3815 4225">
    <p class='ocr_par' dir='ltr' id='par_1_109' title="bbox 2229 4152 3815 4225">
     <span class='ocr_line' id='line_1_110' title="bbox 2229 4152 3815 4225; baseline 0.007 -22"><span class='ocrx_word' id='word_1_858' title='bbox 2229 4165 2392 4206; x_wconf 86' lang='lat' dir='ltr'><strong>omne</strong></span> <span class='ocrx_word' id='word_1_859' title='bbox 2422 4152 2566 4222; x_wconf 91' lang='lat' dir='ltr'><strong>quod</strong></span> <span class='ocrx_word' id='word_1_860' title='bbox 2595 4152 2793 4208; x_wconf 91' lang='lat' dir='ltr'><strong>dicitur</strong></span> <span class='ocrx_word' id='word_1_861' title='bbox 2818 4153 2979 4219; x_wconf 91' lang='lat' dir='ltr'><strong>Deus,</strong></span> <span class='ocrx_word' id='word_1_862' title='bbox 3011 4163 3104 4209; x_wconf 88' lang='lat' dir='ltr'><strong>aut</strong></span> <span class='ocrx_word' id='word_1_863' title='bbox 3131 4155 3272 4225; x_wconf 91' lang='lat' dir='ltr'><strong>quod</strong></span> <span class='ocrx_word' id='word_1_864' title='bbox 3296 4156 3527 4222; x_wconf 89' lang='lat' dir='ltr'><strong>colitur;</strong></span> <span class='ocrx_word' id='word_1_865' title='bbox 3560 4158 3630 4212; x_wconf 84' lang='lat' dir='ltr'><strong>ita</strong></span> <span class='ocrx_word' id='word_1_866' title='bbox 3674 4169 3733 4214; x_wconf 92' lang='lat' dir='ltr'><strong>ut</strong></span> <span class='ocrx_word' id='word_1_867' title='bbox 3761 4161 3815 4214; x_wconf 91' lang='lat' dir='ltr'><strong>in</strong></span> 
     </span>
    </p>
   </div>
   <div class='ocr_carea' id='block_1_110' title="bbox 2228 4244 3817 4321">
    <p class='ocr_par' dir='ltr' id='par_1_110' title="bbox 2228 4244 3817 4321">
     <span class='ocr_line' id='line_1_111' title="bbox 2228 4244 3817 4321; baseline 0.005 -23"><span class='ocrx_word' id='word_1_868' title='bbox 2228 4244 2452 4315; x_wconf 90' lang='lat' dir='ltr'><strong>Templo</strong></span> <span class='ocrx_word' id='word_1_869' title='bbox 2485 4245 2577 4300; x_wconf 91' lang='lat' dir='ltr'><strong>Dei</strong></span> <span class='ocrx_word' id='word_1_870' title='bbox 2602 4246 2810 4313; x_wconf 89' lang='lat' dir='ltr'><strong>sedeat,</strong></span> <span class='ocrx_word' id='word_1_871' title='bbox 2840 4262 2963 4302; x_wconf 88' lang='lat' dir='ltr'><strong>esse</strong></span> <span class='ocrx_word' id='word_1_872' title='bbox 3007 4257 3309 4306; x_wconf 90' lang='lat' dir='ltr'><strong>venturum.</strong></span> <span class='ocrx_word' id='word_1_873' title='bbox 3336 4250 3471 4317; x_wconf 84' lang='lat' dir='ltr'><strong>Nisi,</strong></span> <span class='ocrx_word' id='word_1_874' title='bbox 3506 4251 3696 4321; x_wconf 88' lang='lat' dir='ltr'><strong>inquit,</strong></span> <span class='ocrx_word' id='word_1_875' title='bbox 3725 4268 3817 4306; x_wconf 56' lang='lat' dir='ltr'><strong>ve-</strong></span> 
     </span>
    </p>
   </div>
   <div class='ocr_carea' id='block_1_111' title="bbox 2229 4335 3812 4409">
    <p class='ocr_par' dir='ltr' id='par_1_111' title="bbox 2229 4335 3812 4409">
     <span class='ocr_line' id='line_1_112' title="bbox 2229 4335 3812 4409; baseline 0.006 -20"><span class='ocrx_word' id='word_1_876' title='bbox 2229 4336 2368 4390; x_wconf 87' lang='lat' dir='ltr'><strong>nerit</strong></span> <span class='ocrx_word' id='word_1_877' title='bbox 2386 4335 2644 4392; x_wconf 89' lang='lat' dir='ltr'><strong>discessio</strong></span> <span class='ocrx_word' id='word_1_878' title='bbox 2665 4339 2916 4407; x_wconf 88' lang='lat' dir='ltr'><strong>primum,</strong></span> <span class='ocrx_word' id='word_1_879' title='bbox 2937 4339 3079 4409; x_wconf 87' lang='lat' dir='ltr'><strong>quod</strong></span> <span class='ocrx_word' id='word_1_880' title='bbox 3101 4339 3287 4397; x_wconf 74' lang='lat' dir='ltr'><strong>Grtcce</strong></span> <span class='ocrx_word' id='word_1_881' title='bbox 3303 4342 3495 4398; x_wconf 89' lang='lat' dir='ltr'><strong>dicitur</strong></span> <span class='ocrx_word' id='word_1_882' title='bbox 3517 4348 3812 4409; x_wconf 75' lang='grc' dir='ltr'><strong>ἀποστασία,</strong></span> 
     </span>
    </p>
   </div>
   <div class='ocr_carea' id='block_1_112' title="bbox 2229 4430 3812 4503">
    <p class='ocr_par' dir='ltr' id='par_1_112' title="bbox 2229 4430 3812 4503">
     <span class='ocr_line' id='line_1_113' title="bbox 2229 4430 3812 4503; baseline 0.006 -22"><span class='ocrx_word' id='word_1_883' title='bbox 2229 4437 2286 4481; x_wconf 85' lang='grc' dir='ltr'><strong>ιιι</strong></span> <span class='ocrx_word' id='word_1_884' title='bbox 2318 4442 2508 4482; x_wconf 91' lang='lat' dir='ltr'><strong>omnes</strong></span> <span class='ocrx_word' id='word_1_885' title='bbox 2550 4438 2736 4498; x_wconf 76' lang='lat' dir='ltr'><strong>gentes</strong></span> <span class='ocrx_word' id='word_1_886' title='bbox 2783 4446 2904 4499; x_wconf 78' lang='lat' dir='ltr'><strong>qua:</strong></span> <span class='ocrx_word' id='word_1_887' title='bbox 2956 4430 3199 4486; x_wconf 79' lang='lat' dir='ltr'><strong>Romano</strong></span> <span class='ocrx_word' id='word_1_888' title='bbox 3245 4433 3468 4502; x_wconf 92' lang='lat' dir='ltr'><strong>imperio</strong></span> <span class='ocrx_word' id='word_1_889' title='bbox 3507 4435 3812 4503; x_wconf 71' lang='lat' dir='ltr'><strong>subiacent,</strong></span> 
     </span>
    </p>
   </div>
   <div class='ocr_carea' id='block_1_113' title="bbox 2229 4518 3810 4592">
    <p class='ocr_par' dir='ltr' id='par_1_113' title="bbox 2229 4518 3810 4592">
     <span class='ocr_line' id='line_1_114' title="bbox 2229 4518 3810 4592; baseline 0.005 -20"><span class='ocrx_word' id='word_1_890' title='bbox 2229 4518 2482 4573; x_wconf 89' lang='lat' dir='ltr'><strong>recedant</strong></span> <span class='ocrx_word' id='word_1_891' title='bbox 2507 4521 2575 4572; x_wconf 90' lang='lat' dir='ltr'><strong>ab</strong></span> <span class='ocrx_word' id='word_1_892' title='bbox 2604 4519 2703 4583; x_wconf 88' lang='lat' dir='ltr'><strong>eis,</strong></span> <span class='ocrx_word' id='word_1_893' title='bbox 2737 4529 2792 4574; x_wconf 91' lang='lat' dir='ltr'><strong>et</strong></span> <span class='ocrx_word' id='word_1_894' title='bbox 2819 4521 3085 4575; x_wconf 87' lang='lat' dir='ltr'><strong>revelatus</strong></span> <span class='ocrx_word' id='word_1_895' title='bbox 3107 4521 3286 4589; x_wconf 78' lang='lat' dir='ltr'><strong>fuerit,</strong></span> <span class='ocrx_word' id='word_1_896' title='bbox 3315 4523 3366 4576; x_wconf 92' lang='lat' dir='ltr'><strong>id</strong></span> <span class='ocrx_word' id='word_1_897' title='bbox 3389 4533 3471 4578; x_wconf 88' lang='lat' dir='ltr'><strong>est</strong></span> <span class='ocrx_word' id='word_1_898' title='bbox 3490 4567 3504 4590; x_wconf 93' lang='lat'><strong>,</strong></span> <span class='ocrx_word' id='word_1_899' title='bbox 3533 4535 3810 4592; x_wconf 87' lang='lat' dir='ltr'><strong>ostensus,</strong></span> 
     </span>
    </p>
   </div>
   <div class='ocr_carea' id='block_1_114' title="bbox 2227 4610 3816 4684">
    <p class='ocr_par' dir='ltr' id='par_1_114' title="bbox 2227 4610 3816 4684">
     <span class='ocr_line' id='line_1_115' title="bbox 2227 4610 3816 4684; baseline 0.006 -21"><span class='ocrx_word' id='word_1_900' title='bbox 2227 4626 2386 4681; x_wconf 89' lang='lat' dir='ltr'><strong>quem</strong></span> <span class='ocrx_word' id='word_1_901' title='bbox 2414 4610 2591 4666; x_wconf 86' lang='lat' dir='ltr'><strong>omnia</strong></span> <span class='ocrx_word' id='word_1_902' title='bbox 2622 4611 3008 4682; x_wconf 79' lang='lat' dir='ltr'><strong>Prophetarum</strong></span> <span class='ocrx_word' id='word_1_903' title='bbox 3039 4613 3198 4667; x_wconf 90' lang='lat' dir='ltr'><strong>verba</strong></span> <span class='ocrx_word' id='word_1_904' title='bbox 3229 4617 3580 4684; x_wconf 73' lang='lat' dir='ltr'><strong>przcnuntiant</strong></span> <span class='ocrx_word' id='word_1_905' title='bbox 3601 4659 3617 4682; x_wconf 94' lang='lat'><strong>,</strong></span> <span class='ocrx_word' id='word_1_906' title='bbox 3650 4617 3816 4672; x_wconf 91' lang='lat' dir='ltr'><strong>homo</strong></span> 
     </span>
    </p>
   </div>
   <div class='ocr_carea' id='block_1_115' title="bbox 2230 4702 3814 4774">
    <p class='ocr_par' dir='ltr' id='par_1_115' title="bbox 2230 4702 3814 4774">
     <span class='ocr_line' id='line_1_116' title="bbox 2230 4702 3814 4774; baseline 0.002 -16"><span class='ocrx_word' id='word_1_907' title='bbox 2230 4704 2454 4773; x_wconf 87' lang='lat' dir='ltr'><strong>peccati,</strong></span> <span class='ocrx_word' id='word_1_908' title='bbox 2482 4703 2534 4757; x_wconf 91' lang='lat' dir='ltr'><strong>in</strong></span> <span class='ocrx_word' id='word_1_909' title='bbox 2558 4717 2665 4774; x_wconf 89' lang='lat' dir='ltr'><strong>quo</strong></span> <span class='ocrx_word' id='word_1_910' title='bbox 2682 4702 2802 4757; x_wconf 82' lang='lat' dir='ltr'><strong>fons</strong></span> <span class='ocrx_word' id='word_1_911' title='bbox 2831 4704 3064 4757; x_wconf 92' lang='lat' dir='ltr'><strong>omnium</strong></span> <span class='ocrx_word' id='word_1_912' title='bbox 3097 4705 3430 4774; x_wconf 83' lang='lat' dir='ltr'><strong>peccatorum</strong></span> <span class='ocrx_word' id='word_1_913' title='bbox 3456 4716 3572 4772; x_wconf 82' lang='lat' dir='ltr'><strong>est;</strong></span> <span class='ocrx_word' id='word_1_914' title='bbox 3594 4710 3650 4761; x_wconf 90' lang='lat' dir='ltr'><strong>et</strong></span> <span class='ocrx_word' id='word_1_915' title='bbox 3671 4709 3814 4762; x_wconf 85' lang='lat' dir='ltr'><strong>lilins</strong></span> 
     </span>
    </p>
   </div>
   <div class='ocr_carea' id='block_1_116' title="bbox 2230 4793 3816 4866">
    <p class='ocr_par' dir='ltr' id='par_1_116' title="bbox 2230 4793 3816 4866">
     <span class='ocr_line' id='line_1_117' title="bbox 2230 4793 3816 4866; baseline 0.001 -16"><span class='ocrx_word' id='word_1_916' title='bbox 2230 4795 2567 4866; x_wconf 87' lang='lat' dir='ltr'><strong>perditionis,</strong></span> <span class='ocrx_word' id='word_1_917' title='bbox 2599 4793 2651 4848; x_wconf 91' lang='lat' dir='ltr'><strong>id</strong></span> <span class='ocrx_word' id='word_1_918' title='bbox 2683 4805 2785 4861; x_wconf 89' lang='lat' dir='ltr'><strong>est,</strong></span> <span class='ocrx_word' id='word_1_919' title='bbox 2815 4793 2884 4866; x_wconf 73' lang='grc' dir='ltr'><strong>(ε)</strong></span> <span class='ocrx_word' id='word_1_920' title='bbox 2908 4796 3142 4862; x_wconf 89' lang='lat' dir='ltr'><strong>diaboli;</strong></span> <span class='ocrx_word' id='word_1_921' title='bbox 3176 4797 3288 4865; x_wconf 86' lang='lat' dir='ltr'><strong>ipse</strong></span> <span class='ocrx_word' id='word_1_922' title='bbox 3313 4806 3394 4852; x_wconf 90' lang='lat' dir='ltr'><strong>est</strong></span> <span class='ocrx_word' id='word_1_923' title='bbox 3427 4799 3568 4851; x_wconf 88' lang='lat' dir='ltr'><strong>cnim</strong></span> <span class='ocrx_word' id='word_1_924' title='bbox 3597 4799 3816 4854; x_wconf 85' lang='lat' dir='ltr'><strong>univer-</strong></span> 
     </span>
    </p>
   </div>
   <div class='ocr_carea' id='block_1_117' title="bbox 2226 4885 3816 4963">
    <p class='ocr_par' dir='ltr' id='par_1_117' title="bbox 2226 4885 3816 4963">
     <span class='ocr_line' id='line_1_118' title="bbox 2226 4885 3816 4963; baseline 0.002 -22"><span class='ocrx_word' id='word_1_925' title='bbox 2226 4903 2407 4943; x_wconf 91' lang='lat' dir='ltr'><strong>sorum</strong></span> <span class='ocrx_word' id='word_1_926' title='bbox 2437 4885 2682 4956; x_wconf 90' lang='lat' dir='ltr'><strong>perditio,</strong></span> <span class='ocrx_word' id='word_1_927' title='bbox 2710 4887 2798 4957; x_wconf 92' lang='lat' dir='ltr'><strong>qui</strong></span> <span class='ocrx_word' id='word_1_928' title='bbox 2847 4886 3158 4941; x_wconf 87' lang='lat' dir='ltr'><strong>adversatur</strong></span> <span class='ocrx_word' id='word_1_929' title='bbox 3195 4888 3444 4954; x_wconf 86' lang='lat' dir='ltr'><strong>Christo,</strong></span> <span class='ocrx_word' id='word_1_930' title='bbox 3516 4891 3686 4963; x_wconf 74' lang='lat'><strong>888</strong></span> <span class='ocrx_word' id='word_1_931' title='bbox 3760 4901 3816 4944; x_wconf 87' lang='lat' dir='ltr'><strong>et</strong></span> 
     </span>
    </p>
   </div>
   <div class='ocr_carea' id='block_1_118' title="bbox 2228 4975 3818 5049">
    <p class='ocr_par' dir='ltr' id='par_1_118' title="bbox 2228 4975 3818 5049">
     <span class='ocr_line' id='line_1_119' title="bbox 2228 4975 3818 5049; baseline 0.001 -16"><span class='ocrx_word' id='word_1_932' title='bbox 2228 4980 2347 5035; x_wconf 87' lang='lat' dir='ltr'><strong>ideo</strong></span> <span class='ocrx_word' id='word_1_933' title='bbox 2371 4990 2590 5034; x_wconf 86' lang='lat' dir='ltr'><strong>vocatur</strong></span> <span class='ocrx_word' id='word_1_934' title='bbox 2627 4978 2990 5033; x_wconf 81' lang='lat' dir='ltr'><strong>Antichristus</strong></span> <span class='ocrx_word' id='word_1_935' title='bbox 3019 4996 3032 5033; x_wconf 92' lang='lat'><strong>:</strong></span> <span class='ocrx_word' id='word_1_936' title='bbox 3063 4987 3119 5033; x_wconf 93' lang='lat' dir='ltr'><strong>et</strong></span> <span class='ocrx_word' id='word_1_937' title='bbox 3143 4975 3416 5034; x_wconf 72' lang='lat' dir='ltr'><strong>eitollitnr</strong></span> <span class='ocrx_word' id='word_1_938' title='bbox 3459 4997 3621 5049; x_wconf 85' lang='lat' dir='ltr'><strong>supra</strong></span> <span class='ocrx_word' id='word_1_939' title='bbox 3651 4997 3818 5036; x_wconf 88' lang='lat' dir='ltr'><strong>omne</strong></span> 
     </span>
    </p>
   </div>
   <div class='ocr_carea' id='block_1_119' title="bbox 2226 5069 3817 5140">
    <p class='ocr_par' dir='ltr' id='par_1_119' title="bbox 2226 5069 3817 5140">
     <span class='ocr_line' id='line_1_120' title="bbox 2226 5069 3817 5140; baseline 0.003 -16"><span class='ocrx_word' id='word_1_940' title='bbox 2226 5069 2369 5139; x_wconf 91' lang='lat' dir='ltr'><strong>quod</strong></span> <span class='ocrx_word' id='word_1_941' title='bbox 2397 5070 2592 5125; x_wconf 87' lang='lat' dir='ltr'><strong>dicitur</strong></span> <span class='ocrx_word' id='word_1_942' title='bbox 2622 5069 2783 5135; x_wconf 91' lang='lat' dir='ltr'><strong>Dens,</strong></span> <span class='ocrx_word' id='word_1_943' title='bbox 2825 5079 2882 5123; x_wconf 93' lang='lat' dir='ltr'><strong>ut</strong></span> <span class='ocrx_word' id='word_1_944' title='bbox 2905 5077 3215 5124; x_wconf 90' lang='lat' dir='ltr'><strong>cunctarum</strong></span> <span class='ocrx_word' id='word_1_945' title='bbox 3245 5071 3482 5140; x_wconf 76' lang='lat' dir='ltr'><strong>gentium</strong></span> <span class='ocrx_word' id='word_1_946' title='bbox 3513 5069 3665 5135; x_wconf 82' lang='lat' dir='ltr'><strong>deos,</strong></span> <span class='ocrx_word' id='word_1_947' title='bbox 3697 5072 3817 5128; x_wconf 87' lang='lat' dir='ltr'><strong>sive</strong></span> 
     </span>
    </p>
   </div>
   <div class='ocr_carea' id='block_1_120' title="bbox 2227 5163 3818 5235">
    <p class='ocr_par' dir='ltr' id='par_1_120' title="bbox 2227 5163 3818 5235">
     <span class='ocr_line' id='line_1_121' title="bbox 2227 5163 3818 5235; baseline 0 -17"><span class='ocrx_word' id='word_1_948' title='bbox 2227 5163 2505 5233; x_wconf 88' lang='lat' dir='ltr'><strong>probatam</strong></span> <span class='ocrx_word' id='word_1_949' title='bbox 2547 5177 2781 5230; x_wconf 90' lang='lat' dir='ltr'><strong>omnem,</strong></span> <span class='ocrx_word' id='word_1_950' title='bbox 2815 5171 2869 5217; x_wconf 92' lang='lat' dir='ltr'><strong>ct</strong></span> <span class='ocrx_word' id='word_1_951' title='bbox 2897 5177 3078 5218; x_wconf 87' lang='lat' dir='ltr'><strong>veram</strong></span> <span class='ocrx_word' id='word_1_952' title='bbox 3124 5163 3438 5235; x_wconf 82' lang='lat' dir='ltr'><strong>religionem</strong></span> <span class='ocrx_word' id='word_1_953' title='bbox 3484 5178 3584 5219; x_wconf 90' lang='lat' dir='ltr'><strong>suo</strong></span> <span class='ocrx_word' id='word_1_954' title='bbox 3637 5164 3818 5220; x_wconf 88' lang='lat' dir='ltr'><strong>calcet</strong></span> 
     </span>
    </p>
   </div>
   <div class='ocr_carea' id='block_1_121' title="bbox 2287 5361 3819 5434">
    <p class='ocr_par' dir='ltr' id='par_1_121' title="bbox 2287 5361 3819 5434">
     <span class='ocr_line' id='line_1_122' title="bbox 2287 5361 3819 5434; baseline -0.001 -21"><span class='ocrx_word' id='word_1_955' title='bbox 2287 5365 2358 5426; x_wconf 77' lang='grc' dir='ltr'><strong>(ε)</strong></span> <span class='ocrx_word' id='word_1_956' title='bbox 2393 5362 2536 5413; x_wconf 81' lang='lat' dir='ltr'><strong>Addit</strong></span> <span class='ocrx_word' id='word_1_957' title='bbox 2570 5362 2814 5434; x_wconf 84' lang='lat' dir='ltr'><strong>Victorius</strong></span> <span class='ocrx_word' id='word_1_958' title='bbox 2852 5377 2918 5434; x_wconf 72' lang='lat' dir='ltr'><strong>ex</strong></span> <span class='ocrx_word' id='word_1_959' title='bbox 2957 5363 3204 5434; x_wconf 73' lang='lat' dir='ltr'><strong>Brixianis</strong></span> <span class='ocrx_word' id='word_1_960' title='bbox 3240 5361 3518 5424; x_wconf 88' lang='lat' dir='ltr'><strong>codicibus,</strong></span> <span class='ocrx_word' id='word_1_961' title='bbox 3556 5367 3603 5412; x_wconf 89' lang='lat' dir='ltr'><strong>et</strong></span> <span class='ocrx_word' id='word_1_962' title='bbox 3637 5361 3726 5426; x_wconf 82' lang='lat' dir='ltr'><strong>qui</strong></span> <span class='ocrx_word' id='word_1_963' title='bbox 3761 5361 3819 5412; x_wconf 81' lang='lat' dir='ltr'><strong>in</strong></span> 
     </span>
    </p>
   </div>
   <div class='ocr_carea' id='block_1_122' title="bbox 2222 5427 3382 5490">
    <p class='ocr_par' dir='ltr' id='par_1_122' title="bbox 2222 5427 3382 5490">
     <span class='ocr_line' id='line_1_123' title="bbox 2222 5427 3382 5490; baseline -0.002 -16"><span class='ocrx_word' id='word_1_964' title='bbox 2222 5437 2375 5490; x_wconf 74' lang='lat' dir='ltr'><strong>agro,</strong></span> <span class='ocrx_word' id='word_1_965' title='bbox 2399 5438 2492 5490; x_wconf 73' lang='lat' dir='ltr'><strong>non</strong></span> <span class='ocrx_word' id='word_1_966' title='bbox 2514 5432 2783 5477; x_wconf 81' lang='lat' dir='ltr'><strong>reuertatur</strong></span> <span class='ocrx_word' id='word_1_967' title='bbox 2805 5427 2971 5477; x_wconf 82' lang='lat' dir='ltr'><strong>tollere</strong></span> <span class='ocrx_word' id='word_1_968' title='bbox 2994 5427 3206 5490; x_wconf 72' lang='lat' dir='ltr'><strong>tunicam</strong></span> <span class='ocrx_word' id='word_1_969' title='bbox 3226 5436 3382 5490; x_wconf 70' lang='lat' dir='ltr'><strong>suam.</strong></span> 
     </span>
    </p>
   </div>
   <div class='ocr_carea' id='block_1_123' title="bbox 2288 5483 3817 5550">
    <p class='ocr_par' dir='ltr' id='par_1_123' title="bbox 2288 5483 3817 5550">
     <span class='ocr_line' id='line_1_124' title="bbox 2288 5483 3817 5550; baseline -0.001 -14"><span class='ocrx_word' id='word_1_970' title='bbox 2288 5483 2369 5550; x_wconf 77' lang='grc' dir='ltr'><strong>(ά)</strong></span> <span class='ocrx_word' id='word_1_971' title='bbox 2400 5485 2617 5550; x_wconf 86' lang='lat' dir='ltr'><strong>Iterum,</strong></span> <span class='ocrx_word' id='word_1_972' title='bbox 2655 5495 2804 5550; x_wconf 89' lang='lat' dir='ltr'><strong>atque</strong></span> <span class='ocrx_word' id='word_1_973' title='bbox 2841 5501 2904 5538; x_wconf 82' lang='lat' dir='ltr'><strong>ex</strong></span> <span class='ocrx_word' id='word_1_974' title='bbox 2944 5488 3116 5538; x_wconf 82' lang='lat' dir='ltr'><strong>iisdem</strong></span> <span class='ocrx_word' id='word_1_975' title='bbox 3149 5487 3262 5536; x_wconf 81' lang='lat' dir='ltr'><strong>Mss.</strong></span> <span class='ocrx_word' id='word_1_976' title='bbox 3305 5491 3355 5535; x_wconf 89' lang='lat' dir='ltr'><strong>et</strong></span> <span class='ocrx_word' id='word_1_977' title='bbox 3377 5483 3630 5550; x_wconf 76' lang='lat' dir='ltr'><strong>Evangelii</strong></span> <span class='ocrx_word' id='word_1_978' title='bbox 3664 5492 3817 5535; x_wconf 79' lang='lat' dir='ltr'><strong>testu</strong></span> 
     </span>
    </p>
   </div>
   <div class='ocr_carea' id='block_1_124' title="bbox 2225 5547 3812 5627">
    <p class='ocr_par' dir='ltr' id='par_1_124' title="bbox 2225 5547 3812 5627">
     <span class='ocr_line' id='line_1_125' title="bbox 2225 5547 3812 5627; baseline -0.001 -29"><span class='ocrx_word' id='word_1_979' title='bbox 2225 5547 2356 5627; x_wconf 65' lang='lat' dir='ltr'><strong>addit</strong></span> <span class='ocrx_word' id='word_1_980' title='bbox 2379 5550 2508 5627; x_wconf 68' lang='lat' dir='ltr'><strong>idem</strong></span> <span class='ocrx_word' id='word_1_981' title='bbox 2533 5547 2773 5627; x_wconf 58' lang='lat' dir='ltr'><strong>Yictqrius</strong></span> <span class='ocrx_word' id='word_1_982' title='bbox 2788 5588 2804 5611; x_wconf 87' lang='lat'><strong>,</strong></span> <span class='ocrx_word' id='word_1_983' title='bbox 2827 5556 2871 5600; x_wconf 91' lang='lat' dir='ltr'><strong>et</strong></span> <span class='ocrx_word' id='word_1_984' title='bbox 2893 5557 3004 5627; x_wconf 75' lang='lat' dir='ltr'><strong>tunc</strong></span> <span class='ocrx_word' id='word_1_985' title='bbox 3027 5550 3252 5627; x_wconf 63' lang='lat' dir='ltr'><strong>plqngent</strong></span> <span class='ocrx_word' id='word_1_986' title='bbox 3273 5559 3434 5598; x_wconf 84' lang='lat' dir='ltr'><strong>omnes</strong></span> <span class='ocrx_word' id='word_1_987' title='bbox 3455 5547 3611 5598; x_wconf 86' lang='lat' dir='ltr'><strong>tribus</strong></span> <span class='ocrx_word' id='word_1_988' title='bbox 3633 5553 3812 5607; x_wconf 62' lang='lat' dir='ltr'><strong>terra,</strong></span> 
     </span>
    </p>
   </div>
   <div class='ocr_carea' id='block_1_125' title="bbox 2221 5611 2972 5672">
    <p class='ocr_par' dir='ltr' id='par_1_125' title="bbox 2221 5611 2972 5672">
     <span class='ocr_line' id='line_1_126' title="bbox 2221 5611 2972 5672; baseline 0.005 -17"><span class='ocrx_word' id='word_1_989' title='bbox 2221 5622 2333 5672; x_wconf 73' lang='lat' dir='ltr'><strong>qua:</strong></span> <span class='ocrx_word' id='word_1_990' title='bbox 2356 5612 2570 5672; x_wconf 80' lang='lat' dir='ltr'><strong>reticent</strong></span> <span class='ocrx_word' id='word_1_991' title='bbox 2591 5611 2784 5661; x_wconf 89' lang='lat' dir='ltr'><strong>codices</strong></span> <span class='ocrx_word' id='word_1_992' title='bbox 2807 5614 2972 5661; x_wconf 88' lang='lat' dir='ltr'><strong>nostri.</strong></span> 
     </span>
    </p>
   </div>
   <div class='ocr_carea' id='block_1_126' title="bbox 2292 5669 3824 5737">
    <p class='ocr_par' dir='ltr' id='par_1_126' title="bbox 2292 5669 3824 5737">
     <span class='ocr_line' id='line_1_127' title="bbox 2292 5669 3824 5737; baseline -0.001 -17"><span class='ocrx_word' id='word_1_993' title='bbox 2292 5671 2352 5737; x_wconf 79' lang='grc' dir='ltr'><strong>(ε)</strong></span> <span class='ocrx_word' id='word_1_994' title='bbox 2395 5672 2449 5721; x_wconf 90' lang='lat' dir='ltr'><strong>In</strong></span> <span class='ocrx_word' id='word_1_995' title='bbox 2473 5671 2795 5737; x_wconf 83' lang='lat' dir='ltr'><strong>Commentar.</strong></span> <span class='ocrx_word' id='word_1_996' title='bbox 2821 5674 2870 5737; x_wconf 80' lang='lat' dir='ltr'><strong>in</strong></span> <span class='ocrx_word' id='word_1_997' title='bbox 2894 5671 3088 5722; x_wconf 87' lang='lat' dir='ltr'><strong>Daniel.</strong></span> <span class='ocrx_word' id='word_1_998' title='bbox 3104 5671 3245 5737; x_wconf 63' lang='lat' dir='ltr'><strong>_le._</strong></span> <span class='ocrx_word' id='word_1_999' title='bbox 3275 5669 3420 5737; x_wconf 69' lang='lat' dir='ltr'><strong>c_Non</strong></span> <span class='ocrx_word' id='word_1_1000' title='bbox 3445 5682 3557 5718; x_wconf 90' lang='lat' dir='ltr'><strong>eum</strong></span> <span class='ocrx_word' id='word_1_1001' title='bbox 3581 5678 3824 5737; x_wconf 60' lang='lat' dir='ltr'><strong>putemus</strong></span> 
     </span>
    </p>
   </div>
   <div class='ocr_carea' id='block_1_127' title="bbox 2216 5730 3823 5797">
    <p class='ocr_par' dir='ltr' id='par_1_127' title="bbox 2216 5730 3823 5797">
     <span class='ocr_line' id='line_1_128' title="bbox 2216 5730 3823 5797; baseline 0 -17"><span class='ocrx_word' id='word_1_1002' title='bbox 2216 5730 2357 5793; x_wconf 79' lang='lat' dir='ltr'><strong>juxta</strong></span> <span class='ocrx_word' id='word_1_1003' title='bbox 2379 5735 2692 5797; x_wconf 86' lang='lat' dir='ltr'><strong>quorumdam</strong></span> <span class='ocrx_word' id='word_1_1004' title='bbox 2715 5735 3010 5797; x_wconf 88' lang='lat' dir='ltr'><strong>opinionem,</strong></span> <span class='ocrx_word' id='word_1_1005' title='bbox 3033 5733 3119 5797; x_wconf 83' lang='lat' dir='ltr'><strong>vel</strong></span> <span class='ocrx_word' id='word_1_1006' title='bbox 3142 5731 3398 5797; x_wconf 80' lang='lat' dir='ltr'><strong>Diabolum</strong></span> <span class='ocrx_word' id='word_1_1007' title='bbox 3421 5744 3536 5797; x_wconf 71' lang='lat' dir='ltr'><strong>esse</strong></span> <span class='ocrx_word' id='word_1_1008' title='bbox 3553 5768 3566 5790; x_wconf 93' lang='lat'><strong>,</strong></span> <span class='ocrx_word' id='word_1_1009' title='bbox 3581 5730 3823 5797; x_wconf 48' lang='lat' dir='ltr'><strong>vcina-</strong></span> 
     </span>
    </p>
   </div>
   <div class='ocr_carea' id='block_1_128' title="bbox 2223 5789 3821 5857">
    <p class='ocr_par' dir='ltr' id='par_1_128' title="bbox 2223 5789 3821 5857">
     <span class='ocr_line' id='line_1_129' title="bbox 2223 5789 3821 5857; baseline -0.001 -16"><span class='ocrx_word' id='word_1_1010' title='bbox 2223 5789 2417 5844; x_wconf 76' lang='lat' dir='ltr'><strong>inoneui</strong></span> <span class='ocrx_word' id='word_1_1011' title='bbox 2435 5834 2449 5854; x_wconf 86' lang='lat'><strong>,</strong></span> <span class='ocrx_word' id='word_1_1012' title='bbox 2474 5796 2562 5845; x_wconf 85' lang='lat' dir='ltr'><strong>sed</strong></span> <span class='ocrx_word' id='word_1_1013' title='bbox 2587 5808 2734 5857; x_wconf 83' lang='lat' dir='ltr'><strong>unum</strong></span> <span class='ocrx_word' id='word_1_1014' title='bbox 2748 5789 2821 5844; x_wconf 75' lang='grc' dir='ltr'><strong>ἐχ</strong></span> <span class='ocrx_word' id='word_1_1015' title='bbox 2845 5789 3146 5857; x_wconf 80' lang='lat' dir='ltr'><strong>hominibus,</strong></span> <span class='ocrx_word' id='word_1_1016' title='bbox 3171 5795 3221 5845; x_wconf 86' lang='lat' dir='ltr'><strong>in</strong></span> <span class='ocrx_word' id='word_1_1017' title='bbox 3238 5806 3336 5857; x_wconf 86' lang='lat' dir='ltr'><strong>quo</strong></span> <span class='ocrx_word' id='word_1_1018' title='bbox 3356 5799 3482 5844; x_wconf 89' lang='lat' dir='ltr'><strong>totus</strong></span> <span class='ocrx_word' id='word_1_1019' title='bbox 3506 5789 3653 5843; x_wconf 84' lang='lat' dir='ltr'><strong>Satan</strong></span> <span class='ocrx_word' id='word_1_1020' title='bbox 3678 5793 3821 5843; x_wconf 65' lang='lat' dir='ltr'><strong>babi-</strong></span> 
     </span>
    </p>
   </div>
   <div class='ocr_carea' id='block_1_129' title="bbox 2226 5856 3776 5920">
    <p class='ocr_par' dir='ltr' id='par_1_129' title="bbox 2226 5856 3776 5920">
     <span class='ocr_line' id='line_1_130' title="bbox 2226 5856 3776 5920; baseline -0.01 -16"><span class='ocrx_word' id='word_1_1021' title='bbox 2226 5863 2410 5906; x_wconf 91' lang='lat' dir='ltr'><strong>taturus</strong></span> <span class='ocrx_word' id='word_1_1022' title='bbox 2432 5859 2493 5907; x_wconf 90' lang='lat' dir='ltr'><strong>sit</strong></span> <span class='ocrx_word' id='word_1_1023' title='bbox 2516 5856 2847 5920; x_wconf 79' lang='lat' dir='ltr'><strong>corporallter.</strong></span> <span class='ocrx_word' id='word_1_1024' title='bbox 2861 5873 2882 5903; x_wconf 71' lang='grc' dir='ltr'><strong>ι</strong></span> <span class='ocrx_word' id='word_1_1025' title='bbox 3134 5856 3138 5857; x_wconf 66' lang='grc'><strong><em>⁷</em></strong></span> <span class='ocrx_word' id='word_1_1026' title='bbox 3261 5856 3264 5857; x_wconf 65' lang='grc'><strong><em>⁷</em></strong></span> <span class='ocrx_word' id='word_1_1027' title='bbox 3769 5871 3776 5880; x_wconf 68' lang='grc' dir='ltr'><strong>ι</strong></span> 
     </span>
    </p>
   </div>
  </div>
