4088 6336
310 415 446 472 1057

309 627 433 680 dam
463 634 647 696 putant
675 629 694 696 )
721 627 802 682 vel
833 627 885 681 in
908 625 1145 682 Ecclesia
1177 621 1274 697 [ut
1313 625 1496 680 verius
1519 621 1884 695 arbitramur]

308 715 511 772 sederit
535 759 551 780 ,
599 709 888 773 ostendens
915 731 975 772 se
1003 725 1251 787 tanquam
1294 715 1408 784 ipse
1432 713 1502 768 sit
1525 712 1768 768 Christus
1788 752 1804 777 ,
1833 720 1888 768 et

309 807 476 862 l-‘ilius
506 808 620 863 Dei.
673 808 807 872 Nisi,
839 808 1039 877 inquit.
1069 805 1227 862 fuerit
1262 805 1566 861 Romanum
1605 802 1884 873 imperium

301 909 427 952 ante
451 897 748 952 desolatum
769 937 785 961 ,
813 907 868 953 et
913 896 1271 952 Antichristus
1297 895 1668 965 pnecesserit)
1723 891 1881 948 Chri-

301 1001 419 1043 stus
446 1003 552 1042 non
581 989 760 1044 veniet
791 1006 806 1042 :
839 989 929 1058 qui
962 987 1178 1047 ideoita
1205 995 1457 1041 venturus
1475 993 1557 1040 est
1579 1025 1596 1050 ,
1629 993 1686 1038 ut
1731 981 1886 1037 Anti-

301 1079 564 1132 christum
591 1076 852 1133 destruat.
883 1076 1217 1139 Meministis,
1249 1076 1363 1142 ait,
1408 1074 1549 1145 quod
1581 1074 1694 1128 hzec
1744 1073 1880 1142 ipsa,

299 1187 417 1241 qua:
445 1186 598 1227 nunc.
615 1169 792 1226 scribo
811 1185 903 1240 per
924 1168 1235 1240 Epistulam,
1252 1182 1374 1223 cum
1398 1165 1536 1237 apud
1563 1180 1656 1219 vos
1679 1179 1879 1230 essem,

298 1264 552 1332 prteseuti
576 1277 824 1318 sermone
845 1262 1124 1316 narrabam
1155 1278 1168 1313 :
1193 1268 1246 1314 et
1265 1259 1508 1314 dicebam
1531 1256 1702 1321 vobis,
1719 1255 1880 1310 Chri-

297 1365 438 1408 stum
473 1368 579 1409 non
631 1368 756 1409 esse
809 1363 1112 1417 venturum,
1162 1350 1262 1406 nisi
1312 1349 1671 1419 praecessisset
1723 1345 1876 1401 Anti-

296 1446 549 1500 christus.
583 1443 648 1498 Et
675 1460 807 1498 nunc
829 1443 951 1512 quid
974 1442 1192 1497 detineat
1215 1481 1230 1506 ,
1259 1441 1433 1494 scitis:
1455 1448 1510 1492 ut
1537 1435 1780 1492 reveletur
1823 1436 1876 1490 in

293 1550 387 1589 suo
414 1545 639 1605 tempore
661 1551 681 1589 :
713 1533 813 1590 hoc
841 1544 945 1599 est,
975 1549 1096 1604 qua:
1117 1546 1277 1587 causa
1305 1531 1404 1594 sit,
1436 1541 1494 1583 ut
1517 1527 1875 1583 Anticltristus

295 1628 350 1679 in
402 1627 808 1695 przcseutiarum
854 1639 957 1679 non
1011 1623 1228 1688 veniat,
1289 1620 1490 1690 optime
1525 1619 1712 1673 nostis.
1766 1617 1876 1672 Nec

295 1717 408 1770 vult
431 1718 717 1787 (bj'aperte
731 1715 912 1771 dicere
938 1715 1237 1769 Romanum
1267 1712 1545 1782 imperium
1593 1709 1874 1764 destruen-

289 1813 440 1876 dum,
463 1810 722 1880 quodipsi
747 1810 838 1879 qui
864 1809 1159 1878 imperant,
1193 1815 1450 1860 aeternum
1481 1812 1684 1873 putant.
1721 1800 1874 1858 Unde

295 1902 589 1956 secundum
621 1899 994 1972 Apocalypsim
1011 1897 1252 1962 Joannis,
1287 1897 1338 1950 in
1367 1895 1539 1949 fronte
1568 1903 1872 1963 purpurata:

289 1991 585 2046 meretricis
608 2033 622 2056 ,
651 1991 905 2061 scriptum
935 1999 1018 2045 est
1044 2002 1240 2044 nomen
1272 1984 1640 2055 blasphemiae,
1682 1981 1733 2037 id
1761 1992 1867 2048 est,

283 2083 468 2138 Roma:
492 2094 710 2138 cateruas.
740 2083 797 2138 Si
822 2083 963 2136 enim
989 2089 1177 2151 aperte
1220 2077 1578 2146 audacterque
1610 2073 1866 2138 dixisset,

287 2191 395 2228 non
413 2175 591 2230 veniet
616 2173 997 2238 Anticltristus,
1027 2171 1127 2226 nisi
1149 2169 1294 2239 prius
1316 2167 1614 2221 Romanum
1628 2163 1872 2218 deleatur

286 2266 590 2335 imperimn,
609 2265 751 2332 justa
777 2279 937 2318 causa
965 2259 1352 2330 persecutionis
1377 2257 1430 2311 in
1453 2256 1714 2311 orientem
1741 2261 1868 2310 tunc

285 2357 583 2411 Eeclesiam
607 2367 933 2423 consurgere
959 2351 1260 2406 videbatur.

353 2444 616 2514 Quodque
660 2443 940 2513 sequitur:
967 2438 1090 2494 lam
1140 2440 1272 2492 enim
1315 2437 1604 2509 mysterium
1630 2444 1867 2506 operatur

279 2537 561 2606 iniquitatis
580 2574 594 2599 ,
624 2544 816 2588 tantum
839 2544 893 2587 ut
927 2532 1016 2604 qui
1041 2539 1170 2585 tenet
1198 2546 1348 2594 nunc,
1379 2538 1575 2594 teneat,
1607 2527 1764 2582 donec
1803 2527 1865 2581 de

280 2626 444 2679 medio
470 2626 591 2695 ﬁat,
623 2636 668 2678 et
697 2634 814 2678 tunc
836 2623 1133 2677 revelabitur
1152 2622 1238 2675 ille
1261 2621 1462 2688 iniquus
1483 2660 1496 2684 ,
1535 2619 1675 2674 hunc
1705 2619 1862 2674 habet

278 2729 497 2771 sensum
529 2732 543 2772 :
573 2714 751 2770 Multis
777 2715 930 2768 malis
955 2723 1113 2783 atque
1141 2712 1392 2783 peccatis,
1422 2710 1617 2781 quibus
1645 2709 1718 2781 (c)
1751 2709 1858 2763 Ne-

278 2823 341 2861 ro
365 2807 762 2876 impurissimus
787 2807 1057 2860 Caesarum
1081 2803 1336 2858 mundum
1354 2801 1564 2870 premit,
1589 2799 1860 2855 Antichri-

276 2902 345 2952 sti
378 2899 673 2970 parturitur
715 2898 1010 2961 adventus,
1041 2895 1255 2966 etquod
1300 2893 1390 2949 ille
1434 2901 1752 2961 operaturus
1775 2899 1859 2946 est

278 2978 503 3059 postea,
551 2991 604 3044 in
631 2990 734 3045 isto
761 3005 828 3045 ex
886 2997 1034 3059 parte
1060 2987 1382 3057 completur,
1424 2994 1631 3040 tantum
1661 2993 1718 3039 ut
1748 2983 1856 3038 Ro-

275 3083 490 3134 manum
520 3081 824 3150 imperium.
849 3079 989 3150 quod
1014 3093 1155 3134 nunc
1176 3078 1454 3133 universas
1470 3083 1658 3145 gentes
1683 3083 1852 3141 tenet,

275 3173 508 3237 recedat,
541 3184 596 3228 et
623 3173 690 3228 de
722 3173 898 3228 medio
917 3173 1026 3238 fiat,
1052 3181 1246 3226 ettunc
1265 3170 1624 3226 Anticliristus
1653 3169 1850 3234 veniet,

273 3266 394 3319 fons
418 3249 739 3335 iniquitatis,
770 3279 917 3333 quem
939 3262 1189 3316 Dominus
1211 3260 1362 3316 Jesus
1387 3259 1648 3328 interﬁciet
1669 3258 1852 3328 spiritu

271 3357 374 3410 oris
404 3359 521 3421 sui;
547 3357 724 3412 divina
769 3357 1019 3411 videlicet
1049 3363 1344 3425 potestate,
1375 3363 1428 3408 et
1453 3367 1564 3407 sua:
1596 3352 1850 3422 majesta-

271 3449 340 3502 tis
408 3449 574 3522 889
645 3449 894 3518 imperio,
923 3447 1077 3518 cujus
1097 3446 1343 3518 inussisse,
1373 3444 1567 3500 fecisse
1604 3453 1715 3508 est;
1744 3461 1848 3498 non

273 3541 326 3594 in
358 3541 626 3595 exercitus
652 3539 1011 3604 multitudine,
1037 3554 1140 3592 non
1168 3539 1220 3592 in
1245 3538 1441 3592 robore
1471 3537 1722 3600 militum,
1741 3551 1848 3590 non

274 3634 328 3683 in
352 3631 677 3701 Angelorum
705 3631 902 3684 auxilio
941 3647 955 3684 :
987 3629 1082 3684 sed
1112 3630 1296 3684 statim
1327 3637 1386 3682 ut
1427 3628 1514 3681 ille
1543 3627 1845 3694 advenerit,

271 3726 623 3778 interlicietur
653 3722 1034 3778 Autichristus.
1069 3721 1130 3775 Et
1159 3720 1428 3792 quomodo
1485 3720 1718 3774 tenebra:
1755 3735 1848 3774 so-

267 3818 334 3871 lis
383 3817 629 3886 fugantur
663 3816 893 3870 adventu
924 3831 937 3871 :
975 3814 1054 3869 sic
1102 3815 1442 3868 illustratione
1481 3813 1723 3867 aduentus
1747 3815 1844 3876 sui,

266 3924 392 3963 cum
439 3909 696 3963 Dominus
726 3908 966 3962 destruet
1013 3914 1173 3977 atque
1202 3905 1429 3960 delebit.
1463 3904 1632 3973 Cujus
1657 3918 1844 3974 Opera,

269 4002 485 4056 Satana:
515 4011 638 4056 sunt
666 4015 850 4072 opera.
885 4000 947 4055 Et
977 3999 1116 4054 sicut
1141 3999 1192 4053 in
1220 3997 1435 4053 Christo
1461 3997 1737 4066 plenitudo
1759 3996 1846 4050 di-

263 4089 504 4148 vinitatis
531 4092 624 4146 luit
654 4091 1006 4162 corporaliter
1034 4089 1258 4163 (Coloss.
1285 4087 1340 4141 ‘2.
1370 4087 1446 4159 9),
1479 4088 1548 4141 ita
1569 4095 1623 4141 et
1649 4087 1701 4141 in
1731 4087 1846 4140 An-

265 4185 510 4239 tichristo
567 4197 757 4251 omnes
827 4191 983 4237 erunt
1058 4181 1430 4245 fortitudines,
1481 4188 1536 4234 et
1582 4179 1752 4249 signa,
1792 4187 1848 4234 et

266 4276 528 4346 prodigia,
554 4277 648 4332 sed
675 4274 918 4331 universo
948 4275 1246 4328 mendacia.
1276 4272 1555 4340 Quomodo
1596 4273 1737 4326 enim
1767 4271 1844 4326 si-

262 4365 381 4436 gnis
407 4366 522 4430 Dei,
553 4381 672 4436 quac
699 4366 1021 4436 operabatur
1048 4381 1140 4435 per
1161 4361 1238 4438 (ά)
1267 4364 1483 4436 Moysen
1507 4403 1522 4429 ,
1551 4364 1684 4436 Magi
1733 4365 1844 4422 suis

329 4477 391 4542 (α)
431 4475 502 4542 Ex
528 4476 604 4525 his
633 4474 1041 4542 Hippolytus__fuit
1059 4511 1073 4534 ,
1105 4477 1454 4542 juniortamen
1478 4474 1562 4524 ille
1583 4475 1846 4542 Thebanus

260 4537 396 4588 Orat.
432 4539 497 4601 de
536 4537 752 4601 εορδυιὶιί.
791 4537 988 4596 mundi,
1029 4537 1158 4601 ttulit.
1198 4537 1342 4586 XXV.
1381 4538 1599 4601 itemque
1644 4537 1845 4601 Cyrillus

259 4598 548 4662 Jerosolym.
587 4599 786 4662 Catech.
829 4601 998 4662 ﬂuet
1037 4599 1372 4662 Damascenus
1399 4596 1599 4662 _|_ib.'-i.
1640 4596 1744 4662 cap.
1783 4600 1844 4650 28

260 4657 469 4723 aliique:
507 4660 749 4723 Apposite
769 4673 887 4708 vero
907 4659 1296 4721 Theophylactus
1317 4660 1376 4707 ad
1399 4657 1678 4721 Hieronymi
1699 4657 1842 4712 ineu-

261 4721 380 4772 tem.
427 4733 501 4771 Οἷα
525 4733 572 4773 εις
595 4732 658 4768 τὸν
681 4732 716 4768 ιν
740 4721 988 4781 Ῐιροσολῦμοις
1002 4734 1084 4770 ναὸν
1107 4729 1205 4776 ista;
1223 4759 1235 4776 .
1257 4732 1336 4768 ἀλλ’
1355 4733 1402 4776 tt;
1418 4732 1484 4776 τὰς
1505 4732 1695 4780 ιιιλησίας
1709 4734 1842 4781 eam,

258 4797 320 4833 xui
342 4796 461 4831 πάντα
480 4793 564 4830 ναὸν
587 4791 690 4830 θεῖον.

325 4843 395 4908 (b)
431 4842 796 4904 Chrysostomus
834 4840 954 4890 item
991 4847 1132 4890 tmte;
1161 4848 1204 4890 δι
1223 4853 1303 4902 utet
1324 4856 1388 4896 τῆς
1411 4840 1596 4901 Maus;
1609 4854 1842 4904 ἁρχῆςτοῦτό

259 4913 380 4968 φησιν,
402 4918 543 4960 tum;
558 4913 716 4964 ᾐνίξατο,
737 4915 800 4951 ausi
819 4915 906 4959 τιως
928 4915 1014 4964 φησι
1042 4918 1152 4952 τοῦτο
1183 4915 1500 4970 συνίειιιιασιεένιοςΖ
1532 4914 1584 4952 Οὐ
1598 4915 1842 4970 τὸξξδιβορᾈςεο

258 4961 425 5038 siqu-ia;
441 4961 576 5036 tim;
597 4972 838 5036 εῖναδιχισοαι
857 4977 920 5014 ut
936 4961 1128 5022 ὲνονήτους
1151 4970 1346 5036 tussim.
1382 4962 1446 5010 Et.
1474 4962 1600 5023 Aug.
1627 4961 1711 5011 lib.
1737 4963 1839 5014 XX.

258 5031 324 5078 de
349 5027 491 5079 Cmt.
534 5025 629 5074 Det
665 5039 709 5075 c.
739 5026 813 5074 l9.
839 5038 888 5072 n.
913 5027 962 5074 3.
1031 5042 1052 5070 α
1077 5025 1275 5084 Quidam
1318 5029 1483 5084 putant
1518 5057 1530 5070 .
1555 5059 1566 5070 .
1589 5059 1622 5084 ,ί
1640 5023 1842 5075 Paulum

259 5088 544 5147 Apostolum
568 5098 662 5136 non
686 5087 733 5135 id
756 5094 930 5148 aperte
953 5086 1170 5148 scribere
1191 5083 1405 5148 voluisse
1426 5122 1439 5141 ,
1466 5097 1530 5148 ne
1553 5083 1842 5136 calumniam

206 5169 220 5176 -
260 5145 492 5202 videlicet
515 5145 804 5204 incurreret}
829 5147 956 5210 quod
978 5147 1192 5197 Romano
1213 5147 1416 5209 imperio
1432 5145 1560 5196 male
1582 5150 1839 5210 Optaverit,

257 5226 367 5275 cum
390 5218 674 5275 speraretur
696 5216 994 5275 aiterttumls

322 5274 393 5334 (c)
417 5268 606 5325 Confer
648 5272 696 5320 in
738 5269 913 5319 Daniel
938 5269 1019 5334 XI.
1055 5269 1472 5334 Commentarios.
1509 5270 1629 5334 ubi,
1669 5268 1838 5334 Multi,

261 5329 434 5394 inquit,
461 5341 730 5394 nostrorum
752 5337 920 5394 putant
943 5331 1002 5379 ob
1022 5330 1289 5394 swrititeac
1313 5329 1626 5394 turpitudinis
1656 5329 1840 5393 magni-

259 5391 475 5468 tudinem
509 5391 784 5468 Domititnn,
821 5401 1053 5468 Neronem
1071 5391 1409 5468 Antichristunt
1436 5393 1537 5453 fore
1559 5405 1577 5443 :
1601 5401 1652 5442 et
1672 5391 1839 5468 recole

259 5470 369 5532 quze
407 5459 455 5507 in
497 5470 610 5506 eum
649 5455 808 5504 locum
843 5453 1142 5525 adnotamus.
1203 5455 1522 5524 Augustinum
1557 5463 1753 5518 quoque
1775 5457 1842 5506 de

260 5519 398 5588 trivit.
424 5517 650 5588 Deilocg
672 5529 815 5588 supra
839 5521 984 5564 ettato
1003 5549 1018 5574 ,
1059 5523 1110 5564 et
1130 5514 1418 5565 Suetonium
1442 5527 1492 5563 tn
1510 5515 1710 5567 Nerone
1729 5551 1746 5578 ,
1788 5525 1842 5569 et

260 5579 476 5648 Tacitum
501 5579 585 5648 lib.
611 5578 657 5628 2.
682 5577 866 5648 _H_isto_r:
959 5631 988 5648 _
1025 5636 1093 5648 __
1129 5643 1138 5648 _
1173 5638 1182 5648 .

327 5637 396 5703 (α)
435 5641 668 5703 Solemue
686 5641 731 5689 id
751 5638 948 5703 quidem
959 5631 1282 5703 estPatribus
1294 5636 1544 5703 mendacia
1556 5637 1839 5691 Antichristi

262 5698 492 5765 miracula
509 5701 753 5764 Magorum
769 5698 1004 5765 adversus
1033 5698 1215 5750 Mosem
1249 5699 1504 5762 prastigiis
1525 5713 1835 5765 comparare;

263 5761 782 5826 eaque'l‘beodoretus
801 5762 924 5826 dixit
947 5774 994 5812 τὰ
1009 5774 1158 5826 ισάικγε
1173 5774 1240 5826 οὺιε
1249 5761 1364 5826 ξληῇ
1379 5772 1557 5826 suam...
1576 5761 1674 5812 etc.
1714 5761 1837 5812 Con;

262 5817 495 5935 Egregdgs
511 5831 613 5935 ἓῗᾶ
617 5833 778 5876 tamen
801 5817 1099 5886 Augustinus
1115 5823 1195 5872 Iili.
1218 5817 1294 5873 83.
1308 5817 1642 5882 'Quzcsaouum
1661 5832 1834 5887 quaest.

271 5903 285 5935 Ι
328 5921 340 5933 .
401 5923 411 5935 .
475 5923 484 5934 .

257 5886 340 5936 .79.
365 5899 411 5935 n.
437 5888 484 5935 3.
511 5895 561 5938 et

1643 413 1970 471 EPISTOLA
2009 415 2220 471 CXXIL

285 531 445 601 pede
475 549 491 586 :
519 544 574 590 et
605 535 657 588 in
675 533 895 603 Temple
920 531 1034 598 Dei,
1067 531 1149 586 vel
1169 528 1515 601 Jerosolymis
1545 529 1642 604 (ut
1666 527 1744 604 [τι]
1772 529 1890 599 qui-

1993 532 2238 611 restitere
2283 534 2604 601 mendaciis,
2623 548 2675 592 et
2698 539 2851 611 virga
2882 541 3048 614 Moysi
3076 544 3356 602 devoravit
3389 551 3568 621 virgas

1991 637 2175 676 eorum
2201 623 2394 695 (Exod.
2421 623 2474 697 7)
2507 643 2520 678 :
2551 624 2624 680 Ita
2672 629 3006 686 mendacium
3044 634 3357 698 Antichristi
3411 638 3570 694 Chri-

1989 713 2062 766 sti.
2087 715 2284 770 veritas
2308 715 2607 772 devorabit.
2638 718 2974 778 Seducentur
3002 736 3182 784 autem
3205 727 3322 799 ejus
3346 730 3539 786 menda
3555 762 3572 775 -

1986 803 2071 858 eio
2095 806 2183 875 qui
2215 803 2316 878 [aL
2348 806 2501 882 quia]
2523 809 2810 879 perditioni
2837 823 2961 869 sunt
3005 821 3307 890 praeparati.
3340 821 3408 876 Et
3437 823 3560 889 quia

1987 893 2146 947 tacita
2173 897 2398 965 qumstio
2423 908 2635 968 poterat
2656 904 3009 970 commoveri,
3049 923 3146 962 cur
3171 910 3316 964 enim
3345 926 3569 966 conces-

1985 983 2055 1037 sit
2083 986 2222 1041 Deus
2256 1002 2470 1044 omnem
2495 1005 2618 1046 eum
2645 991 2845 1049 habere
2874 996 3125 1053 virtutem
3153 1041 3168 1067 ,
3206 1003 3357 1073 signa
3406 1013 3567 1074 atque

1986 1076 2246 1148 prodigia,
2279 1095 2376 1150 per
2408 1097 2529 1152 quae
2555 1083 2912 1152 seducantur,
2941 1088 2986 1142 si
3016 1087 3130 1144 ﬁeri
3155 1101 3368 1161 potest,
3403 1095 3563 1150 etiam

1982 1165 2138 1221 electi
2169 1169 2299 1234 Dei;
2327 1171 2592 1229 solutione
2620 1175 2878 1244 praevenit
2921 1179 3294 1248 qumstionem,
3338 1193 3394 1240 et
3421 1187 3562 1254 quod

1980 1258 2177 1326 opponi
2201 1268 2430 1328 poterat,
2445 1271 2727 1332 antequam
2745 1277 3066 1334 opponatur,
3089 1268 3336 1343 absolvit.
3357 1273 3562 1336 Faciet.

1982 1346 2174 1418 inquit,
2219 1349 2334 1406 haec
2359 1354 2539 1408 omnia
2579 1371 2684 1410 non
2731 1370 2827 1411 sua
2854 1358 3065 1425 virtute,
3094 1360 3188 1416 sed
3217 1365 3564 1420 concessione

1982 1440 2100 1505 Dei,
2129 1453 2348 1514 prepter
2371 1443 2609 1511 Judmos,
2639 1445 2710 1520 (ε)
2732 1457 2790 1502 ut
2812 1451 2904 1518 qtti
2949 1451 3238 1508 noluerunt
3283 1455 3559 1512 caritatem

1977 1537 2217 1601 recipere
2237 1535 2500 1602 veritatis,
2517 1536 2619 1592 hoc
2632 1548 2735 1601 est,
2760 1538 3014 1609 Spiritum
3034 1541 3128 1598 Dei
3149 1558 3247 1613 per
3263 1544 3560 1613 Christum,

1975 1623 2096 1690 quia
2137 1624 2334 1679 caritas
2387 1625 2480 1680 Dei
2526 1625 2715 1682 dilfusa
2769 1638 2853 1684 est
2903 1631 2955 1684 in
3011 1633 3172 1688 corda
3225 1635 3558 1692 credentium

1974 1711 2148 1782 (Rom.
2180 1713 2235 1768 5.
2269 1713 2324 1786 5)
2351 1730 2367 1767 ε
2403 1715 2468 1769 Ει
2495 1716 2607 1785 ipse
2648 1717 2779 1773 dicit
2820 1735 2834 1772 :
2867 1720 2977 1790 Ego
3004 1739 3116 1776 sunt
3139 1725 3318 1779 veritas
3365 1725 3554 1800 (Joan.

1975 1804 2062 1859 Η.
2084 1803 2138 1874 6)
2168 1804 2268 1860 :de
2293 1807 2473 1876 quoin
2500 1809 2723 1864 Psalmis
2752 1815 3007 1882 scriptum
3035 1825 3119 1871 est
3137 1834 3150 1871 :
3168 1815 3364 1874 Veritas
3379 1818 3442 1874 de
3457 1832 3560 1874 ter-

1973 1915 2032 1950 ra
2053 1907 2164 1951 orta
2185 1907 2255 1953 est
2274 1896 2446 1972 (Psal.
2472 1900 2562 1956 84.
2589 1900 2698 1974 12).
2725 1902 2825 1972 Qui
2857 1921 2986 1976 ergo
3001 1909 3300 1977 caritatem,
3327 1923 3383 1966 et
3411 1913 3555 1968 veri-

1973 1997 2135 2042 tatem
2175 2004 2282 2044 non
2310 2003 2650 2061 receperunt,
2703 2005 2762 2048 ut
2785 1995 3062 2054 Salvatore
3083 2009 3336 2072 suscepto
3357 2043 3374 2068 ,
3421 2004 3557 2060 salvi

1972 2076 2182 2146 fierent,
2222 2079 2400 2138 mittet
2424 2082 2530 2138 illis
2567 2085 2708 2140 Deus
2725 2102 2831 2142 non
2859 2099 3195 2158 operatorem
3221 2134 3236 2158 ,
3267 2094 3360 2150 sed
3385 2096 3554 2166 ipsam

1969 2172 2356 2239 Operationem,
2397 2173 2449 2228 id
2471 2185 2574 2241 cst,
2601 2175 2800 2233 fontem
2826 2181 3028 2238 erroris
3069 2193 3128 2238 ut
3156 2185 3383 2244 credant
3410 2204 3556 2244 meu-

1967 2258 2142 2314 dneio.
2173 2260 2308 2330 Quia
2339 2263 2570 2340 mendax
2595 2275 2677 2321 est
2702 2266 2840 2336 ipse,
2867 2279 2923 2325 et
2947 2281 3096 2341 pater
3119 2273 3257 2342 ejus.
3286 2277 3354 2332 Et
3381 2277 3551 2347 siqui-

1970 2351 2092 2406 dem
2115 2354 2475 2413 Antichristus
2509 2357 2578 2414 de
2621 2359 2829 2432 virgine
2871 2373 3026 2419 natus
3063 2379 3226 2434 esset,
3259 2380 3309 2426 et
3339 2372 3551 2441 primus

1967 2445 2201 2500 venisset
2237 2446 2290 2500 in
2316 2448 2598 2516 mundum,
2627 2461 2873 2521 poterant
2891 2453 3059 2512 Judzei
3103 2457 3299 2515 habere
3327 2476 3550 2518 excusa-

1966 2539 2184 2601 tionem,
2218 2546 2274 2592 et
2308 2538 2511 2602 dicere,
2538 2541 2682 2612 quod
2726 2549 3031 2613 putaverint
3057 2551 3360 2618 veritatem,
3385 2561 3441 2608 et
3467 2553 3546 2609 id-

1962 2628 2108 2682 circo
2178 2628 2515 2685 mendacium
2565 2647 2662 2700 pro
2721 2635 2948 2691 veritate
3001 2639 3353 2710 susceperint.
3394 2641 3546 2699 Nunc

1962 2728 2142 2772 autem
2169 2718 2290 2773 ideo
2311 2718 2586 2789 judicandi
2629 2733 2786 2790 sunt,
2822 2725 2930 2782 imo
2969 2729 3152 2796 procul
3202 2729 3366 2784 dubio
3411 2747 3543 2788 con-

1959 2811 2250 2866 demnandi
2306 2829 2321 2866 :
2371 2813 2493 2883 quia
2548 2812 2747 2870 Christi
2785 2818 3015 2874 veritate
3065 2831 3411 2892 contempta,
3447 2840 3544 2893 po-

1959 2914 2072 2956 stca
2127 2904 2462 2961 mendacium
2495 2945 2510 2974 ,
2557 2906 2610 2963 id
2645 2917 2747 2975 est,
2795 2909 3185 2968 Anticliristum
3239 2917 3540 2986 suscepturi

1957 3004 2100 3049 sunt.

2306 3109 2471 3181 390
2516 3109 2836 3168 EPISTOLA
2877 3113 3062 3171 cxxu
3092 3113 3181 3189 (ί).

2495 3240 2560 3278 an
2589 3240 2845 3282 nusrtcvu
2865 3268 2880 3294 ,
2912 3228 2989 3300 (g)

2518 3335 2597 3392 De
2627 3337 2953 3396 Ptenitentia.

1953 3444 2254 3510 Rusrtcuu,
2303 3448 2440 3514 quod
2463 3449 2762 3515 promissam
2787 3468 2902 3506 cum
2929 3470 3087 3509 uxore
3136 3455 3358 3512 Artemia
3407 3475 3535 3515 con-

2021 3537 2280 3590 tinentiam
2318 3540 2645 3608 fregerat,ad
2684 3544 3043 3610 paenitentiam,
3075 3555 3121 3600 et
3147 3557 3201 3600 ut
3237 3559 3413 3604 saneta
3456 3553 3537 3605 in-

2022 3628 2166 3694 visat,
2193 3629 2422 3699 conjugis
2449 3631 2698 3698 exemplo,
2729 3632 2864 3698 loca,
2892 3634 3143 3692 hortatur.

2023 3739 2074 3791 1.
2115 3736 2265 3803 Quod
2307 3738 2386 3808 (Ι)
2423 3738 2632 3808 ignotus
2669 3740 2734 3794 ad
2780 3740 3014 3810 ignotum
3053 3744 3223 3799 audeo
3261 3747 3529 3812 scribere.

1950 3837 2148 3883 sancta:
2215 3828 2421 3883 ancillae
2474 3827 2672 3883 Christi
2744 3829 3022 3900 lledibiae,
3076 3843 3130 3889 et
3185 3837 3306 3891 lilia:
3357 3853 3530 3902 meae,

1950 3917 2190 3988 cimjugis
2235 3926 2336 3972 tua:
2362 3957 2378 3980 .
2405 3919 2656 3973 Artemia:
2679 3961 2695 3986 ,
2725 3920 2832 3975 into
2873 3924 3074 3978 sororis
3099 3939 3168 3980 ex
3196 3925 3420 3997 conjuge
3447 3938 3530 3981 at-

1949 4023 2055 4077 que
2073 4021 2366 4072 conservae,
2399 4006 2524 4063 fecit
2547 4009 2871 4078 deprecatio.
2896 4012 3024 4080 Quae
3053 4029 3381 4084 nequaquam
3409 4031 3531 4086 pro-

1949 4101 2061 4170 pria
2091 4101 2260 4156 salute
2289 4111 2536 4156 contenta
2555 4141 2572 4167 ,
2606 4111 2747 4157 tuam
2775 4111 2830 4158 et
2855 4114 2980 4160 ante
3006 4106 3250 4176 quaesivit
3279 4107 3329 4162 in
3361 4108 3526 4177 patria

1947 4199 2000 4246 et
2050 4206 2190 4246 nunc
2236 4191 2288 4246 in
2337 4193 2536 4246 sanctis
2583 4192 2736 4248 Locis
2781 4195 3016 4264 quzerit;
3068 4196 3273 4253 imitari.
3308 4199 3528 4269 cupiens

1948 4283 2174 4338 Amlrea:
2195 4291 2248 4338 et
2275 4281 2498 4352 Philippi
2522 4283 2898 4353 Apostolorum
2922 4286 3379 4343 benevolentiam:
3400 4304 3533 4359 quo—

1947 4389 2066 4429 rum
2104 4383 2326 4442 uterque
2360 4375 2604 4429 inventus
2639 4389 2671 4429 a
2704 4375 2934 4440 Christo,
2976 4376 3190 4433 fratrem
3231 4376 3527 4444 Simonem,

1949 4475 2002 4522 et
2044 4465 2274 4520 amicum
2321 4463 2610 4519 Natbanael
2658 4465 2894 4521 invenire
2935 4465 3242 4532 desiderat;
3294 4475 3354 4521 ut
3393 4467 3530 4521 alter

1944 4571 2129 4612 eorum
2158 4564 2424 4610 mereatur
2447 4554 2630 4609 audire
2660 4571 2673 4608 :
2707 4553 2784 4608 Tu
2814 4571 2866 4609 es
2896 4554 3074 4610 Simon
3098 4556 3235 4623 ﬁlius
3257 4555 3342 4625 (In)
3363 4553 3530 4609 Ioan-

1946 4647 2024 4700 nis
2043 4686 2058 4710 ,
2087 4654 2141 4699 tu
2169 4643 2419 4698 vocaberis
2445 4641 2642 4711 Cap/tas
2666 4683 2681 4706 ,
2707 4643 2846 4713 quod
2878 4643 3258 4713 interpretatur
3276 4686 3293 4713 ,
3323 4643 3528 4699 Petrus.

1945 4739 2094 4794 Alter
2121 4737 2309 4790 donum
2346 4733 2440 4786 Dei
2465 4735 2482 4802 (
2507 4733 2606 4788 hoc
2631 4734 2774 4788 enim
2805 4734 2980 4805 lingua
3010 4743 3192 4790 nostra
3227 4744 3382 4791 sonat
3409 4735 3528 4791 Na-

1945 4825 2170 4897 thanael)
2194 4823 2390 4880 Christi
2418 4821 2483 4876 ad
2503 4837 2562 4877 se
2583 4821 2848 4892 loquentis
2870 4824 3174 4880 testimonio
3193 4825 3526 4892 sublevetur,

1948 4915 2080 4970 Ecce
2106 4930 2218 4968 vere
2256 4911 2490 4966 Israelita
2513 4952 2529 4976 ,
2571 4912 2624 4964 in
2657 4929 2756 4983 quo
2785 4913 2931 4968 dolus
2959 4931 3058 4970 non
3087 4925 3160 4970 est
3187 4916 3205 4987 (
3233 4915 3390 4972 Joan.
3426 4922 3449 4974 1
3488 4929 3527 4989 ).

1945 5007 2230 5076 Optaverat
2268 5003 2530 5075 quondam
2560 5012 2615 5058 et
2642 5003 2742 5058 Lot
2773 5020 2894 5059 cum
2925 5005 3134 5062 filiabus
3167 5009 3373 5066 salvare
3400 5025 3529 5066 con-

1939 5089 2120 5170 jugem
2139 5111 2310 5163 suam,
2333 5102 2387 5150 et
2405 5093 2473 5150 de
2493 5095 2738 5152 incendio
2757 5094 3004 5153 Sodoma:
3023 5107 3078 5154 et
3097 5099 3372 5156 Gomorrae
3395 5115 3531 5171 pene

2006 5211 2076 5282 (ε)
2100 5209 2297 5282 Quidam
2323 5209 2443 5259 editi
2463 5209 2762 5261 vetustiores
2781 5209 2880 5273 ait,
2905 5210 2989 5276 qui
3013 5226 3032 5262 :
3055 5211 3146 5265 sed
3176 5219 3229 5265 ut
3249 5225 3336 5278 pro
3372 5219 3529 5277 utpote

1945 5281 2023 5324 est
2043 5272 2394 5333 accipiendum.
2867 5272 2870 5273 '
2919 5272 2928 5276 '

2009 5334 2084 5394 (Γ)
2117 5331 2247 5383 Alias
2268 5331 2347 5394 ιβ.
2393 5331 2580 5394 scripta
2602 5330 2736 5384 circa
2758 5346 2839 5384 at.
2865 5334 2972 5386 408.

2029 5391 2076 5468 9)
2104 5391 2509 5468 ‘PutatErasmus
2525 5407 2740 5468 ."nomen
2765 5397 2903 5456 ejus,
2939 5396 2998 5468 ad
3021 5407 3168 5468 quem
3189 5395 3300 5445 data
3324 5399 3405 5468 est.

1944 5453 2166 5532 epiSt'ola,
2193 5455 2304 5508 data
2325 5468 2473 5518 Opera
2489 5469 2517 5506 a
2534 5453 2829 5528 Hieronymo
2853 5453 3245 5528 praetermissum,
3273 5469 3338 5505 ne
3353 5453 3530 5528 famam

1946 5532 2054 5568 eius
2089 5524 2316 5568 notaret.
2356 5517 2580 5568 adeouue
2619 5517 2682 5565 ab
2714 5516 2808 5566 alio
2830 5529 3054 5568 quoniam
3077 5514 3226 5564 fuisse
3249 5517 3529 5568 insenntam

1946 5516 2054 5580 ejus
2089 5524 2316 5586 notaret,
2356 5516 2580 5580 adeoque
2619 5517 2682 5565 ab
2714 5516 2808 5566 alio
2830 5516 3054 5580 quapiam
3077 5516 3226 5564 fuisse
3249 5517 3524 5580 inscriptam

1943 5579 2003 5630 ad
2029 5586 2288 5654 Rusticum.
2327 5577 2450 5654 .Nos
2480 5578 2613 5654 quod
2628 5575 3386 5654 ‘CDDSEUEQI‘LPI‘EfBﬂlnl,
3412 5589 3524 5641 ger-

1943 5655 2138 5693 manum
2161 5640 2367 5692 hominis
2390 5637 2567 5690 nomen
2591 5650 2704 5688 esse
2728 5650 2822 5686 non
2845 5637 3135 5686 dubitamus.
3378 5637 3381 5638 ⁷
3416 5637 3439 5641 “

1961 5776 1964 5777 ν
2115 5701 2311 5777 Vulgati
2348 5708 2550 5752 veteres
2584 5698 2719 5762 ﬁlius
2751 5698 3004 5756 Joltanna,
3047 5698 3127 5748 alii
3167 5712 3279 5749 cum
3323 5697 3530 5763 Vulgata

1946 5765 2160 5818 editione
2190 5773 2330 5816 Jona.
2675 5777 2680 5781 ’

1950 5886 1981 5895 _
2007 5827 2080 5895 ll)
2114 5825 2208 5876 Cur
2233 5825 2530 5895 _I§ieronymi
2554 5821 2872 5895 stylumohrec
2912 5817 3124 5884 Epistola
3170 5835 3266 5873 non
3310 5822 3529 5874 videam.

1948 5883 2137 5938 Rudiae
2160 5887 2387 5938 redolere
2408 5922 2422 5949 ,
2439 5883 2566 5936 sane
2589 5883 2684 5934 non
2709 5883 2866 5934 video.
