4088 6336
623 415 762 472 1059

619 529 902 584 semiustus
925 542 1230 597 erumpens,
1251 527 1476 582 educere
1494 541 1634 592 eam,
1657 539 1774 594 qua:
1793 521 2029 594 pristinis
2049 518 2189 573 vitiis

623 621 904 676 tenebatur
934 620 1148 674 astricta
1179 635 1193 670 :
1220 617 1313 672 sed
1341 632 1404 673 ea
1433 616 1805 686 desperatione
1834 611 2035 682 trepida
2060 650 2074 672 .
2101 625 2190 664 re-

619 710 952 779 spiciensque
993 715 1109 777 post
1152 716 1353 777 tergum
1376 749 1392 770 ,
1431 717 1652 764 aeterno,
1676 701 2000 758 inﬁdelitatis
2039 699 2190 754 titulo

618 797 1018 853 condemnatur.
1048 794 1115 850 Et
1137 797 1330 851 ardens
1354 795 1481 850 fides
1509 809 1602 865 pro
1630 809 1730 848 una
1764 792 1982 846 muliere
2011 789 2190 860 perdi-

623 896 672 940 ta
691 927 709 953 ,
737 895 897 941 totam
924 885 1092 954 Segor
1120 885 1308 940 liberat
1335 886 1622 940 civitatem.
1650 883 1886 952 Denique
1913 891 2187 950 postquam

621 973 972 1030 Sodomiticas
996 975 1158 1029 valles
1179 990 1239 1029 ac
1265 975 1510 1029 tenebras
1532 972 1924 1041 derelinquens,
1945 971 2010 1025 ad
2036 986 2187 1026 mon-

618 1076 740 1120 tana
765 1065 1092 1130 conscendit,
1121 1075 1267 1120 ortus
1292 1074 1372 1118 est
1397 1065 1444 1118 ei
1479 1064 1566 1118 Sol
1598 1063 1648 1116 in
1676 1061 1856 1133 δέρον,
1886 1077 2002 1132 quae
2031 1062 2192 1115 inter-

619 1162 856 1224 pretatur
884 1153 1094 1218 parvula
1118 1170 1131 1207 :
1153 1162 1210 1207 ut
1236 1169 1392 1223 parva
1422 1151 1551 1207 lich
1577 1151 1694 1217 Lot,
1718 1153 1837 1220 quia
1865 1151 2059 1220 majora
2085 1167 2189 1205 non

618 1253 843 1313 poterat,
863 1244 1048 1298 saltem
1071 1244 1270 1296 minora
1292 1249 1545 1296 servaret.
1564 1240 1745 1310 Neque
1762 1241 1902 1295 enim
1919 1239 2192 1296 Gomorrae

617 1338 882 1409 quondam
923 1348 976 1394 et
1011 1338 1208 1393 erroris
1254 1336 1558 1401 habitator,
1599 1334 1776 1388 statim
1811 1332 1877 1386 ad
1915 1333 2190 1388 meridiem

522 1494 527 1499 ,
621 1437 827 1500 poterat
868 1429 1142 1499 pervenire
1165 1471 1180 1493 ,
1213 1429 1264 1482 in
1299 1443 1402 1497 qua
1439 1426 1704 1480 Abraham
1741 1423 1943 1478 amicus
1984 1423 2191 1478 Domini

617 1534 738 1574 cum
765 1519 982 1589 Angelis
1009 1518 1238 1588 suscepit
1269 1518 1454 1572 Deum.
1487 1517 1552 1570 Et
1577 1515 1774 1584 Joseph
1808 1514 1998 1568 fratres
2027 1514 2194 1584 pascit

621 1612 673 1664 in
715 1597 946 1681 Egypto
965 1651 981 1674 ,
1017 1619 1345 1678 sponsusque
1374 1606 1520 1660 audit
1547 1620 1576 1658 a
1603 1619 1795 1674 sponsa
1826 1620 1839 1657 :
1875 1603 1970 1658 Ubi
1997 1603 2148 1657 cubas
2169 1603 2195 1656 .’

614 1701 699 1756 ubi
726 1703 891 1773 pascis
917 1703 970 1754 in
1005 1699 1209 1754 meridie
1265 1697 1433 1768 (Cant.
1467 1698 1518 1751 1.
1555 1695 1650 1769 6)?
1687 1695 1896 1750 Samuel
1927 1693 2192 1764 quondam

618 1791 895 1863 plangebat
921 1790 1132 1846 Saulem
1156 1790 1230 1858 (1.
1256 1787 1384 1857 Reg.
1411 1785 1497 1854 15)
1521 1825 1536 1851 ,
1558 1786 1676 1854 quia
1700 1781 1958 1853 superbim
1979 1782 2193 1836 vulnera

599 1880 945 1951 paenitentiae
991 1878 1338 1933 medicamine
1387 1892 1490 1930 non
1541 1873 1780 1929 curabat.
1872 1872 2033 1943 891
2129 1871 2194 1924 Et

615 1970 814 2026 Paulus
844 1969 1054 2038 lugebat
1087 1965 1391 2021 Corinthios
1411 2005 1426 2029 ,
1454 1965 1542 2034 qui
1574 1961 1931 2017 fornicationis
1962 1960 2192 2013 maculas

620 2059 868 2126 iacrymis
887 2058 1068 2114 delere
1089 2057 1332 2111 nolebant
1356 2055 1430 2122 (Ι.
1454 2053 1566 2107 Cor.
1595 2052 1629 2106 5
1673 2052 1726 2114 ἒς
1751 2058 1794 2104 et
1816 2050 1869 2104 2.
1894 2048 2010 2103 Cor.
2033 2048 2088 2102 2.
2114 2049 2190 2116 1).

622 2149 773 2206 Unde
807 2157 863 2203 et
904 2145 1144 2202 Ezechiel
1186 2145 1377 2199 librum
1417 2143 1636 2197 devorat
1675 2139 1930 2208 scriptum
1970 2137 2110 2191 intus
2140 2145 2194 2192 et

619 2239 768 2302 foris,
788 2239 1042 2300 carmine,
1063 2243 1116 2290 et
1138 2235 1342 2304 planctu
1363 2273 1378 2294 ,
1400 2241 1455 2286 et
1474 2246 1550 2283 v:e
1576 2228 1786 2297 (Ezech.
1811 2226 1866 2282 2.
1892 2228 1947 2282 9.
1971 2237 2014 2280 et
2036 2229 2088 2282 5.
2114 2228 2190 2296 1).

621 2330 896 2394 Carmine,
923 2343 1084 2399 super
1111 2326 1263 2380 laude
1287 2325 1544 2394 iustorum
1573 2341 1585 2374 ε
1615 2321 1822 2389 planetu
1843 2361 1858 2385 ,
1889 2333 2050 2388 super
2077 2333 2192 2388 ινωο

622 2422 946 2486 nitentibus,
973 2434 1052 2472 va:
1075 2459 1091 2484 ,
1120 2431 1279 2485 super
1318 2414 1403 2468 his
1441 2412 1509 2468 de
1548 2411 1738 2480 quibus
1777 2409 2026 2478 scriptum
2066 2417 2190 2462 est:

618 2511 744 2568 Cum
770 2517 955 2567 venerit
983 2511 1166 2579 impius
1191 2508 1243 2560 in
1273 2504 1583 2578 profundum
1611 2502 1863 2556 mutarunt
1881 2539 1896 2562 ,
1924 2499 2193 2552 contemnit

623 2603 642 2671 (
669 2601 821 2654 Prov.
853 2601 938 2655 18.
971 2600 1066 2667 5).
1095 2599 1238 2662 Quos
1261 2593 1489 2649 ostendit
1515 2591 1674 2646 lsnias
1693 2631 1712 2666 ,
1741 2589 1962 2644 dicens:
1989 2586 2192 2642 Vocavit

624 2694 874 2748 Dominus
911 2691 1119 2746 sabaoth
1152 2690 1205 2742 in
1242 2689 1322 2741 die
1359 2687 1450 2739 illa
1485 2685 1553 2736 ad
1583 2685 1754 2751 ﬂetum
1787 2690 1834 2735 et
1866 2681 2122 2750 planctum
2146 2688 2192 2732 et

623 2787 1013 2840 decnluationem
1048 2791 1093 2835 et
1135 2778 1491 2832 accinctionem
1528 2773 1805 2826 ciliciorum
1842 2786 1860 2823 :
1891 2770 1988 2839 ipsi
2025 2781 2192 2823 autem

620 2885 843 2952 fecerunt
876 2875 1101 2931 ltetitiam
1127 2881 1173 2924 et
1200 2868 1587 2927 exultationem,
1616 2873 1886 2916 mactantes
1909 2861 2116 2926 vitulos,
2145 2871 2191 2914 et

621 2950 896 3023 occidentes
935 2979 1048 3018 oves
1071 3001 1085 3025 ,
1131 2969 1183 3012 ut
1224 2957 1532 3011 comederent
1579 2969 1754 3006 carnes
1800 2953 1875 3022 (1)
1916 2950 2132 3004 dicentes
2172 2965 2192 3004 :

625 3057 986 3111 .llanducemus
1005 3092 1020 3115 ,
1051 3059 1095 3104 et
1131 3048 1356 3102 bibamus
1378 3085 1394 3111 ,
1425 3059 1536 3098 cras
1565 3044 1696 3095 enim
1724 3042 1993 3094 moriemur
2020 3041 2038 3113 (
2061 3039 2188 3094 lsai.

620 3151 710 3205 22.
753 3149 839 3204 12.
883 3149 1013 3215 15).
1055 3145 1128 3197 De
1167 3141 1358 3210 quibus
1385 3147 1440 3192 et
1467 3136 1708 3191 Ezechiel
1737 3134 1970 3204 loquitur
1996 3152 2009 3184 :
2041 3133 2106 3186 Et
2138 3144 2192 3187 tu

622 3241 698 3305 [ili
725 3238 939 3292 hominis
964 3235 1043 3286 dic
1064 3231 1236 3284 domui
1261 3227 1440 3291 Israel,
1465 3227 1535 3279 sic
1577 3224 1731 3279 locuti
1775 3224 1911 3290 estis,
1934 3224 2151 3276 dicentes
2175 3238 2193 3277 :

631 3328 840 3381 Errores
869 3322 1026 3377 nostri
1055 3331 1098 3374 et
1126 3319 1406 3388 iniquitates
1437 3323 1620 3368 nostra:
1645 3330 1794 3383 super
1820 3329 1912 3367 nos
1937 3321 2114 3376 erunt,
2145 3321 2192 3364 et

611 3417 676 3471 in
695 3417 818 3485 ipsis
837 3411 1226 3467 contabescimus
1244 3424 1262 3462 :
1279 3417 1324 3460 et
1344 3404 1589 3476 quomodo
1608 3404 1732 3458 salvi
1757 3419 1861 3458 esse
1882 3402 2151 3473 poterimus
2169 3404 2194 3456 7

623 3504 721 3559 Dic
747 3505 816 3559 eis
841 3518 861 3557 :
893 3502 1011 3555 l’ico
1033 3516 1142 3569 ego,
1171 3500 1288 3552 dicit
1321 3497 1564 3550 Dominus
1587 3510 1606 3548 :
1627 3493 1764 3548 Nolo
1791 3503 1996 3547 mortem
2024 3493 2189 3562 impii,

623 3595 714 3650 sed
747 3603 800 3647 ut
840 3600 1153 3646 convertatur
1186 3607 1217 3642 a
1254 3588 1333 3642 via
1357 3603 1472 3641 sua.
1503 3585 1572 3640 Et
1611 3586 1798 3640 iterum
1829 3601 1842 3636 :
1871 3582 2195 3637 Revertimini

623 3684 904 3739 recedentes
927 3699 958 3734 a
986 3683 1063 3735 via
1091 3690 1251 3733 uestra
1272 3694 1290 3732 :
1310 3693 1464 3748 quare
1504 3674 1780 3728 moriemini
1809 3675 1986 3727 domus
2032 3673 2195 3727 Israel

626 3778 644 3846 (
669 3775 853 3830 Ezeclt.
882 3775 970 3828 55.
1002 3775 1060 3828 11
1090 3772 1150 3844 )?
1179 3770 1316 3825 Nihil
1359 3770 1426 3822 ita
1457 3765 1675 3821 ochntlit
1699 3765 1887 3830 Deum,
1911 3779 2066 3834 quam
2095 3762 2190 3818 de-

627 3869 926 3936 speratione
949 3865 1224 3920 meliorum
1250 3865 1454 3918 lizerere
1481 3862 1748 3933 pejoribus
1769 3860 1862 3933 [aL
1886 3857 2189 3932 prioribus]:

625 3959 747 4011 licet
770 3965 826 4010 et
851 3957 959 4025 ipsa
980 3955 1278 4021 desperatio
1303 3952 1685 4008 incredulitatis
1712 3951 1959 4005 indicium
1979 3951 2066 4004 sit.
2092 3950 2190 4016 Qui

622 4044 762 4098 enim
793 4044 1036 4112 desperat
1059 4044 1280 4096 salutem
1299 4083 1313 4106 ,
1341 4055 1445 4095 non
1476 4051 1620 4110 putat
1649 4040 1879 4095 futurum
1907 4055 2025 4095 esse
2048 4040 2193 4110 judi-

623 4134 783 4188 cium.
810 4132 961 4201 Quod
987 4133 1031 4186 si
1059 4141 1346 4196 metueret,
1377 4131 1553 4199 utique
1579 4129 1732 4184 bouis
1757 4130 2004 4199 operibus
2029 4145 2085 4184 se
2109 4131 2194 4198 ju-

625 4223 726 4276 dici
765 4231 1102 4292 prmpararet.
1137 4220 1425 4275 Audiamus
1455 4234 1550 4288 per
1575 4217 1858 4273 Jeremiam
1889 4219 2189 4288 loquentem

627 4309 788 4364 Deum
818 4327 831 4363 :
857 4309 1098 4365 Converte
1131 4307 1308 4377 pedem
1348 4317 1488 4360 tuum
1522 4322 1553 4358 a
1583 4307 1661 4359 via
1695 4323 1871 4377 aspera
1895 4348 1910 4372 ,
1944 4317 1990 4361 et
2023 4317 2193 4376 guttur

625 4411 766 4455 tuum
789 4415 820 4453 a
847 4400 930 4453 siti
957 4398 1184 4469 (Jerem.
1209 4397 1264 4451 2.
1293 4395 1364 4452 25
1389 4398 1426 4465 ).
1457 4395 1522 4450 Et
1551 4397 1738 4450 iterum
1768 4413 1782 4449 :
1813 4395 2076 4467 Numquid
2105 4396 2194 4467 qui

625 4489 797 4554 cadit,
825 4505 926 4542 non
953 4494 1213 4558 resurget:
1235 4495 1323 4538 aut
1349 4486 1436 4554 qui
1477 4499 1676 4538 aversus
1719 4494 1789 4539 est
1808 4526 1823 4552 ,
1851 4501 1951 4538 non
1976 4497 2191 4541 reverte-

625 4579 750 4633 tur?
774 4578 842 4634 Et
866 4593 960 4648 per
985 4577 1175 4633 Isaiam
1198 4593 1210 4630 :
1239 4576 1318 4647 (a)
1344 4574 1558 4640 Quando
1582 4590 1846 4628 conversus
1868 4575 2188 4645 ingemueris,

624 4680 744 4724 tunc
764 4670 931 4725 salvus
951 4670 1067 4733 eris,
1087 4679 1133 4723 et
1155 4669 1280 4723 scies
1299 4667 1380 4721 ubi
1401 4667 1554 4738 {ueris
1581 4664 1711 4739 (Isa.
1739 4666 1809 4722 50
1834 4676 1878 4720 et
1906 4664 2014 4738 15).
2047 4666 2192 4723 Scire

631 4775 740 4816 non
789 4775 1068 4830 possumus
1110 4759 1467 4830 aegrotationis
1513 4759 1682 4822 mala,
1733 4759 1833 4814 nisi
1877 4772 1996 4813 cum
2040 4758 2195 4815 fuerit

623 4850 824 4904 sanitas
867 4860 1170 4904 consecuta.
1214 4848 1282 4903 Et
1321 4859 1571 4918 quantum
1612 4849 1734 4904 boni
1774 4851 1942 4904 virtus
1981 4849 2191 4918 habeat,

625 4937 752 4992 vitia
777 4938 1140 4993 demonstrant
1168 4955 1180 4990 :
1208 4939 1504 5008 clariusque
1533 4940 1591 4994 fit
1619 4941 1815 5006 lumen,
1841 4943 2192 5010 comparatio-

627 5042 696 5082 ne
727 5026 1080 5081 tenebrarum.
1116 5027 1355 5083 Ezechiel
1380 5043 1589 5098 quoque
1617 5029 1798 5083 iisdem
1827 5029 2004 5084 verbis
2027 5071 2042 5095 ,
2072 5032 2192 5101 quia

627 5116 814 5171 eodem
853 5126 906 5170 ct
940 5114 1126 5185 spiritu
1155 5133 1167 5167 :
1195 5113 1581 5179 Convertimini,
1620 5117 1820 5186 inquit,
1858 5129 1903 5171 et
1943 5120 2099 5174 redite
2132 5122 2193 5174 ab

691 5269 756 5338 la)
794 5267 1143 5338 Frustrahunc
1163 5267 1463 5338 locumapud
1488 5267 1748 5338 Vulgatum
1773 5271 2091 5338 interpretem
2113 5287 2194 5338 re:

622 5329 788 5403 quiras
804 5368 819 5390 ,
835 5332 927 5403 qui
949 5329 1090 5403 aliter
1114 5329 1235 5391 legit
1251 5365 1265 5387 ,
1280 5329 1339 5403 _si
1357 5329 1664 5403 'revertamini
1683 5365 1696 5389 ,
1715 5338 1763 5402 et
1782 5329 2064 5403 (ιιιζρδξιςαιίςξζ
2075 5334 2194 5403 salui

620 5391 774 5441 eritis.
835 5391 919 5442 Est
939 5398 1102 5440 autem
1127 5403 1189 5439 ex
1216 5393 1367 5439 veteri
1393 5391 1562 5440 Latina
1599 5391 1824 5442 versione
1849 5394 1985 5443 Isaia:
2007 5396 2084 5445 5ο,
2113 5398 2190 5444 15.

613 5453 756 5518 juxta
779 5451 921 5502 LXX.
961 5451 1298 5518 proferturque
1341 5453 1399 5500 ad
1436 5453 1796 5518 huncumodum
1818 5468 1844 5503 a
1869 5455 1921 5504 S.
1963 5456 2195 5518 Cspriauo

621 5512 671 5584 in
706 5513 942 5584 Tractattt
962 5512 1033 5584 lle
1071 5512 1246 5584 lapsis,
1287 5521 1338 5584 et
1361 5512 1624 5584 epist.
1651 5524 1908 5584 postremae
1932 5512 2188 5584 editionis,

620 5576 838 5642 itemque
861 5588 889 5626 a
911 5576 964 5626 S.
995 5573 1532 5642 ﬁandeutioprixiensi
1557 5573 1717 5624 Serin.
1757 5579 1910 5639 primo
1933 5573 2193 5642 uoiilonge

620 5648 649 5684 a
673 5635 772 5686 tine'
785 5671 801 5701 ,
822 5645 969 5701 atque
995 5637 1173 5701 iterum
1195 5639 1255 5686 ab
1279 5635 1383 5699 ipso
1405 5636 1699 5700 Hieronymo
1723 5635 1866 5700 epist.
1890 5639 1951 5687 ad
1972 5635 2191 5688 Sabinia-

620 5710 736 5745 num
757 5697 1136 5748 circa'medium.

656 5758 774 5868 t(e11)!
792 5760 933 5868 itdqit
955 5759 1159 5810 Gravius
1177 5764 1222 5810 et
1245 5758 1450 5813 biberent
1481 5758 1640 5812 vinum
1661 5794 1675 5821 ,
1701 5771 1886 5810 sacrum
1909 5767 2188 5810 contextum

782 5840 786 5844 -
815 5835 868 5868 ea
895 5855 908 5868 .

619 5829 673 5867 ut
697 5829 908 5882 ext-teat.

1918 405 2156 462 SANCTI
2197 401 2573 458 HIERONYMI

3725 413 3848 470 1010

2298 517 2644 586 iniquitatibus
2678 527 2852 574 vestris
2873 559 2888 584 ,
2919 520 3096 575 domus
3125 517 3288 574 Israel
3304 537 3323 585 ;
3351 531 3396 577 et
3423 538 3522 576 non
3558 534 3702 579 erunt
3729 528 3849 583 vobis

2297 607 2352 660 in
2399 616 2697 664 tormentum
2749 610 3046 680 impietates.
3092 609 3336 678 Projicite
3375 629 3544 668 omnes
3589 616 3850 686 impietates

2297 705 2486 751 uestras
2509 738 2524 763 ,
2565 697 2742 768 quibus
2783 699 2936 770 impie
2973 700 3143 771 egistis
3180 701 3443 756 aduersum
3483 720 3560 757 me
3581 744 3598 770 ,
3630 715 3678 758 et
3715 706 3851 770 facile

2296 786 2433 839 vobis
2456 803 2542 840 cor
2565 803 2746 842 nonum
2768 798 2815 842 et
2840 789 3072 858 spiritum
3093 805 3292 844 novum.
3320 792 3384 846 Et
3407 809 3562 863 quare
3585 796 3850 851 moriemini

2297 875 2476 929 domus
2503 873 2860 933 IsraeliNolo
2889 879 3021 932 enim
3052 889 3258 935 mortem
3285 884 3578 950 peccatoris,
3606 887 3727 938 dicit
3753 886 3850 941 Do-

2296 967 2462 1020 minus
2484 967 2697 1035 (Ezcclt.
2729 970 2816 1025 18.
2845 969 2932 1026 50.
2963 972 3050 1027 51.
3080 980 3126 1025 et
3153 972 3242 1026 '55.
3275 973 3361 1028 11.
3383 983 3428 1026 et
3455 974 3542 1029 18.
3570 975 3685 1043 52).
3716 975 3852 1033 Unde

2296 1065 2350 1112 et
2397 1058 2446 1112 in
2489 1061 2934 1130 consequentibus
2973 1062 3247 1133 loquitur:
3319 1066 3481 1138 892
3568 1065 3692 1122 Vivo
3730 1085 3848 1140 ego,

2297 1145 2418 1201 dicit
2452 1147 2721 1205 Dominus.
2750 1150 2888 1205 Nolo
2912 1160 3120 1206 mortem
3147 1157 3419 1223 peccatoris
3440 1197 3456 1222 ,
3487 1156 3585 1211 nisi
3619 1166 3672 1210 ut
3700 1175 3851 1214 rever-

2297 1250 2434 1294 tatur
2453 1257 2487 1294 a
2509 1243 2590 1295 uia
2614 1259 2728 1311 sua,
2751 1253 2798 1298 et
2817 1245 2946 1298 visat
2957 1261 2978 1310 ;
3005 1260 3073 1301 ne
3097 1243 3187 1318 [aL
3214 1245 3324 1318 nec]
3345 1262 3493 1302 mens
3511 1249 3774 1306 incredula
3793 1252 3853 1308 de

2297 1332 2554 1388 bonorum
2585 1334 3000 1404 repromissione
3022 1335 3288 1406 desperet,
3317 1345 3371 1392 et
3397 1338 3561 1393 semel
3587 1340 3852 1408 perditioni

2296 1422 2504 1477 animus
2531 1422 2848 1490 destinatus,
2877 1439 2983 1480 non
3011 1424 3260 1481 adhibeat
3286 1427 3487 1483 vulneri
3515 1431 3850 1498 curationem,

2296 1512 2435 1582 quod
2459 1529 2785 1584 nequaquam
2810 1517 3075 1572 existimat
3099 1532 3256 1587 posse
3279 1520 3472 1574 curari.
3498 1519 3701 1577 Idcirco
3721 1523 3854 1591 jura-

2295 1619 2355 1659 re
2383 1619 2440 1658 se
2466 1604 2624 1669 dicit,
2657 1615 2715 1660 ut
2741 1607 2784 1660 si
2812 1621 2918 1662 non
2943 1607 3208 1662 credimus
3237 1609 3560 1678 promittenti
3589 1610 3718 1677 Deo,
3741 1626 3853 1668 cre-

2296 1691 2483 1748 damus
2521 1694 2708 1750 saltem
2750 1709 2848 1765 pro
2886 1705 3065 1750 nostra
3105 1696 3276 1752 salute
3318 1697 3536 1767 juranti.
3581 1699 3748 1767 Quam
3793 1701 3857 1755 ob

2295 1797 2506 1838 causam
2546 1784 2721 1854 justus
2761 1796 3036 1854 precatur,
3064 1795 3119 1840 et
3155 1786 3282 1842 dicit
3306 1805 3322 1843 :
3343 1785 3584 1843 Converte
3609 1806 3702 1845 nos
3730 1789 3856 1845 Deus

2295 1877 2531 1929 salutaris
2564 1887 2750 1943 noster,
2777 1885 2824 1932 et
2847 1887 3016 1931 averte
3043 1881 3265 1948 furorem
3295 1888 3434 1932 tuum
3462 1895 3495 1932 a
3523 1881 3666 1936 nobis
3695 1880 3857 1952 (Psal.

2296 1966 2385 2020 84.
2417 1966 2496 2036 Δ).
2527 1966 2590 2020 Et
2615 1967 2840 2021 iterum:
2864 1966 3102 2032 Domine,
3130 1969 3184 2022 in
3206 1968 3459 2025 uoluntate
3482 1980 3569 2025 tua
3596 1975 3857 2043 prastitisti

2297 2055 2460 2108 decori
2489 2072 2595 2110 meo
2621 2056 2986 2126 fortitudinem.
3017 2057 3247 2112 Auertisti
3273 2061 3452 2130 [aciem
3475 2071 3618 2116 tuam
3640 2080 3674 2116 a
3697 2080 3792 2129 me,
3813 2075 3854 2119 et

2297 2143 2461 2211 factus
2483 2161 2594 2198 sum
2614 2146 2931 2200 conturbatus
2957 2145 3138 2218 (Psal.
3169 2148 3258 2204 29.
3285 2151 3318 2202 8
3339 2147 3384 2221 ).
3412 2149 3696 2222 Postquam
3724 2153 3856 2209 enim

2296 2232 2585 2289 foeditatem
2613 2234 2922 2290 delictorum
2947 2251 3184 2291 meorum
3207 2239 3454 2293 virtutum
3479 2239 3674 2295 decore
3697 2252 3858 2296 tauta-

2298 2323 2373 2388 vi,
2406 2323 2762 2378 intirmitatem‘
2786 2340 2957 2379 meam
2989 2335 3075 2379 tua
3103 2328 3268 2396 gratia
3296 2328 3578 2384 roborasti.
3611 2329 3750 2386 Ecce
3774 2346 3859 2387 au-

2295 2412 2384 2467 dio
2411 2413 2742 2482 pollicentem
2774 2431 2787 2466 :
2813 2411 3097 2486 Persequar
3120 2416 3348 2471 inimicos
3372 2433 3506 2472 meos
3524 2458 3539 2484 ,
3563 2427 3612 2472 et
3636 2435 3859 2491 compre-

2297 2505 2513 2559 hendam
2549 2505 2696 2572 illos,
2741 2515 2787 2560 et
2833 2521 2934 2559 non
2974 2519 3234 2560 convertar
3263 2506 3372 2580 [aL
3402 2520 3623 2564 revertar
3641 2507 3686 2581 ],
3713 2510 3862 2564 donec

2295 2596 2529 2663 deﬁciant
2560 2593 2692 2664 (Ps.
2727 2595 2809 2648 t7.
2839 2594 2954 2665 58)
2984 2611 2998 2649 :
3028 2605 3085 2650 ut
3119 2596 3208 2666 qui
3240 2606 3290 2650 te
3323 2607 3445 2651 ante
3483 2597 3781 2667 fugiebam,
3814 2609 3862 2654 et

2295 2688 2540 2742 inimicus
2562 2701 2729 2752 eram,
2762 2696 2846 2739 tua
2877 2686 3296 2755 comprehendar
3325 2703 3503 2742 manu.
3533 2688 3611 2744 Ne
3637 2703 3814 2745 cesses
3835 2704 3862 2743 a

2295 2778 2661 2851 persequendo
2683 2819 2697 2842 ,
2729 2777 2898 2832 donec
2926 2777 3166 2833 deliciam
3195 2795 3224 2832 a
3253 2780 3334 2833 via
3362 2795 3480 2834 mea
3515 2780 3748 2850 pessima
3771 2821 3787 2845 ,
3816 2790 3866 2834 et

2294 2881 2529 2926 revertar
2563 2869 2630 2924 ad
2659 2870 2826 2923 virum
2867 2883 3042 2924 meum
3087 2869 3403 2940 pristinum;
3440 2870 3530 2940 qui
3569 2869 3697 2924 mihi
3727 2869 3867 2924 dabit

2293 2960 2599 3015 linteamina
2628 2973 2768 3022 mea,
2791 2966 2846 3012 et
2873 2957 3070 3021 oleum,
3104 2967 3159 3012 et
3183 2958 3410 3014 similam
3435 2999 3452 3025 ,
3482 2967 3536 3014 et
3563 2959 3764 3014 cibabit
3788 2975 3866 3014 me

2294 3050 2652 3121 pinguissimis
2674 3049 2824 3102 cibis.
2853 3047 2950 3114 Qui
2980 3047 3173 3102 idcirco
3203 3049 3438 3118 olisepsit
3459 3058 3618 3119 atque
3649 3049 3868 3119 przeclu-

2293 3143 2363 3197 sit
2391 3143 2502 3196 vias
2530 3154 2676 3194 meas
2707 3139 2982 3206 pessimus,
3012 3133 3068 3192 ut
3088 3153 3203 3193 eam
3234 3139 3528 3193 invenirem
3562 3140 3723 3206 viam,
3755 3153 3869 3210 quae

2293 3231 2423 3286 dicit
2447 3231 2497 3283 in
2528 3225 2812 3296 Evangelia
2837 3244 2849 3278 :
2871 3225 2982 3296 Ego
3007 3242 3118 3279 sum
3143 3227 3242 3290 via,
3270 3227 3470 3289 ueritas,
3497 3237 3544 3280 et
3573 3229 3674 3281 cita
3688 3225 3864 3297 tloan.

2298 3321 2382 3374 M.
2413 3317 2504 3388 6).
2535 3318 2670 3372 Audi
2699 3316 3016 3385 Prolihetam
3043 3316 3342 3383 loquentem
3371 3333 3383 3366 :
3413 3313 3512 3380 Qui
3541 3318 3799 3372 seminam
3820 3319 3867 3371 in

2295 3410 2565 3480 lacrymis,
2599 3409 2652 3463 in
2690 3409 2874 3480 gaudio
2911 3415 3113 3461 metent.
3156 3404 3346 3460 Euntes
3385 3406 3526 3459 ibant
3563 3417 3612 3461 et
3649 3410 3865 3478 ﬂebant,

2296 3511 2552 3572 portantes
2575 3500 2764 3553 semina
2789 3515 2900 3552 sua.
2939 3496 3202 3551 Venientes
3231 3506 3397 3550 autem
3426 3498 3621 3552 venient
3649 3500 3702 3553 in
3733 3500 3870 3554 eccul-

2297 3593 2502 3656 tntione,
2532 3598 2785 3660 portantes
2813 3587 3096 3658 manipulos
3123 3603 3240 3641 suos
3271 3587 3290 3656 (
3316 3585 3408 3641 Ps.
3439 3585 3563 3642 125.
3594 3589 3650 3644 6.
3683 3590 3779 3660 7).
3809 3590 3870 3644 Et

2297 3681 2516 3750 loquere
2555 3695 2675 3734 cum
2712 3695 2778 3734 eo
2805 3697 2818 3734 :
2846 3677 3047 3733 Lavabo
3092 3694 3181 3748 per
3221 3679 3450 3749 singulas
3492 3690 3665 3733 noctes
3694 3681 3869 3734 lectum

2297 3787 2484 3835 meum,
2507 3772 2559 3824 in
2586 3770 2823 3840 lacrymis
2848 3771 2970 3823 meis
2994 3778 3204 3823 stratum
3233 3785 3394 3822 meum
3421 3768 3595 3838 rignbo
3619 3767 3790 3838 (Psal.
3814 3770 3865 3825 6.

2300 3861 2392 3932 7
2425 3860 2492 3915 Et
2517 3862 2702 3915 iterum
2739 3878 2753 3915 :
2783 3859 2923 3914 Sicut
2953 3858 3204 3912 desiderat
3231 3874 3403 3911 cervus
3429 3858 3496 3909 ad
3519 3859 3682 3926 fontes
3710 3876 3866 3928 aqua-

2296 3969 2429 4020 rum,
2458 3953 2528 4006 ita
2555 3952 2800 4006 desiderat
2823 3952 2994 4020 anima
3019 3966 3128 4003 mea
3151 3950 3218 4002 ad
3243 3961 3290 4002 te
3319 3949 3468 4002 Deus.
3504 3947 3674 4003 Sitivit
3699 3952 3869 4003 anima

2295 4060 2406 4097 mea
2445 4043 2512 4096 ad
2555 4051 2602 4096 te
2638 4041 2800 4095 Deum
2825 4040 2897 4114 (ὁ)
2922 4043 3107 4111 [antem
3141 4041 3304 4092 vivum
3329 4078 3343 4103 ,
3373 4038 3572 4108 quando
3601 4039 3796 4090 veniam
3823 4047 3868 4092 et

2295 4134 2547 4204 apparebo
2579 4143 2696 4186 ante
2734 4133 2912 4202 [aciem
2951 4130 3086 4184 Dei?
3130 4129 3304 4184 Facta:
3327 4141 3442 4183 sunt
3473 4129 3594 4181 mihi
3633 4130 3870 4200 lacryma:

2297 4238 2419 4277 mete
2451 4237 2604 4294 panes
2634 4238 2721 4291 per
2749 4222 2878 4274 diem
2903 4230 2948 4273 et
2976 4220 3204 4284 noctem(
3233 4217 3378 4272 I’sal.
3411 4220 3499 4273 Η.
3531 4219 3582 4274 1.
3610 4229 3659 4273 et
3685 4220 3863 4291 seqq).

2298 4314 2367 4369 Et
2395 4314 2446 4368 in
2475 4313 2580 4368 alio
2607 4312 2723 4366 loco
2750 4329 2764 4364 :
2791 4309 2930 4364 Deus
2955 4309 3091 4363 Deus
3119 4325 3255 4362 meus
3275 4350 3289 4374 ,
3317 4309 3384 4361 ad
3409 4318 3454 4362 te
3478 4308 3540 4361 de
3564 4308 3674 4362 luce
3697 4310 3865 4380 vigilo.

2298 4404 2466 4458 Sittvit
2502 4403 2672 4454 anima
2708 4416 2817 4454 mea
2855 4400 2921 4453 ad
2956 4411 3002 4453 te
3025 4441 3038 4464 ,
3076 4415 3224 4469 quam
3254 4399 3594 4468 multipliciter
3628 4398 3714 4452 tibi
3750 4416 3866 4453 caro

2294 4511 2423 4548 mea.
2451 4491 2517 4546 In
2543 4502 2674 4545 terra
2701 4491 2894 4544 deserta
2920 4500 2965 4543 et
2992 4491 3124 4543 invia
3151 4499 3196 4542 et
3225 4491 3490 4554 inaqnosa,
3519 4488 3591 4542 sic
3615 4488 3667 4542 in
3695 4499 3866 4542 sancto

2295 4585 2513 4654 apparui
2558 4583 2645 4634 tibi
2666 4579 2831 4649 (Psal.
2861 4578 2948 4634 6‘2.
2978 4580 3013 4633 2
3040 4589 3087 4632 et
3111 4580 3187 4649 5).
3217 4578 3525 4646 Quanquam
3554 4580 3698 4632 enim
3723 4577 3866 4632 sitie-

2295 4679 2364 4731 rit
2394 4686 2444 4733 te
2469 4676 2645 4732 anima
2684 4690 2801 4729 mea
2824 4715 2840 4741 ,
2876 4684 3049 4729 tamen
3090 4674 3254 4728 multo
3297 4682 3347 4726 te
3387 4672 3504 4741 plus
3531 4674 3707 4726 carnis
3736 4687 3864 4726 mea:

2297 4768 2477 4824 labore
2513 4766 2762 4838 quaisivi,
2803 4774 2858 4820 et
2897 4765 2990 4820 tibi
3029 4766 3080 4819 in
3120 4773 3304 4819 sancto
3372 4763 3534 4834 893
3605 4777 3863 4834 apparere

2295 4874 2399 4912 non
2427 4858 2568 4928 potui
2591 4873 2606 4921 ;
2637 4855 2734 4909 nisi
2765 4856 2909 4925 prius
2939 4854 2988 4908 in
3015 4864 3153 4908 terra
3178 4853 3382 4908 deserta
3407 4869 3434 4905 a
3459 4852 3620 4917 vitiis,
3644 4866 3695 4907 et
3725 4853 3860 4908 invia

2296 4945 2613 5003 adversariis
2650 4943 2996 5014 potestatibus
3017 4983 3032 5009 ,
3065 4953 3118 4998 et
3151 4941 3348 5012 absque
3379 4940 3600 4996 humore
3627 4952 3681 4995 et
3709 4941 3866 4997 rheu-

2297 5048 2437 5094 mate
2466 5038 2622 5093 ullius
2650 5035 2882 5090 libidinis
2909 5048 3286 5088 commorarer.
3327 5031 3497 5088 Flevit
3525 5041 3582 5088 et
3610 5034 3864 5088 Dominus

2364 5207 2426 5276 (ὁ)
2465 5209 2548 5258 Sic
2560 5206 2681 5276 editi
2692 5202 2987 5276 praeferunt,
3013 5213 3064 5256 et
3085 5203 3200 5253 Mss.
3223 5215 3313 5266 pro
3329 5215 3426 5276 quo
3440 5203 3614 5276 fortem
3627 5202 3869 5276 Y‘ulgatns

2297 5263 2538 5334 interpres
2560 5263 2794 5316 babet'ex
2819 5263 2988 5316 Graeco
3008 5280 3070 5318 τὸν
3089 5263 3260 5374 ισχυῧὲἐ.
3295 5263 3531 5326 quodest
3559 5265 3607 5312 in
3640 5263 3866 5327 Corriplu—

2297 5335 2420 5374 [ensi
2446 5340 2524 5374 Ms-
2549 5329 2628 5374 alii
2654 5328 2785 5374 enim
2806 5341 2975 5374 omnes
3003 5329 3135 5374 iuxta
3215 5328 3425 5374 ebrteum
3446 5363 3459 5374 .
3497 5342 3583 5374 xm
3606 5339 3670 5374 τδν
3692 5339 3783 5374 θεὸν
3804 5339 3866 5374 τὸν

2296 5328 2524 5382 tensi'tts.
2549 5329 2628 5377 alii
2654 5328 2785 5391 enim
2806 5341 2975 5376 omnes
2998 5329 3135 5391 juxta
3167 5328 3425 5391 Hebraeum
3446 5363 3468 5391 ,_
3497 5342 3584 5391 ne;
3606 5339 3670 5376 τδν
3692 5339 3783 5376 θεὸν
3804 5339 3868 5376 τὸν

2296 5403 2413 5451 ζῶντα
2429 5433 2440 5451 ,
2462 5391 2526 5440 ad
2555 5399 2701 5438 Deum
2724 5388 2895 5442 vivum.
2925 5387 3068 5451 quam
3092 5388 3349 5436 lectionem
3367 5387 3649 5435 Ambrosius
3667 5400 3868 5497 quogue

2297 5462 2344 5497 et
2371 5452 2667 5497 Auens-tinus
2685 5488 2698 5497 .
2723 5457 2775 5497 et
2800 5450 3053 5497 pleraeque
3075 5448 3179 5497 alite
3203 5451 3454 5496 versiones
3477 5449 3700 5497 probant.
3805 5447 3866 5497 ed

2297 5447 2344 5502 et
2371 5447 2667 5514 Augustinus
2685 5488 2698 5507 ,
2723 5457 2775 5498 et
2799 5447 3053 5514 pleraeque
3075 5448 3179 5514 alite
3203 5451 3454 5514 versiones
3477 5447 3700 5514 P.‘_'0_bai_i_tl
3765 5447 3866 5514 sed

2295 5508 2474 5577 fontem
2489 5525 2574 5577 pro
2593 5512 2764 5577 fortem
2780 5508 2896 5577 olim
2915 5508 3110 5577 quoque
3135 5512 3182 5558 in
3204 5508 3424 5577 Vulgata:
3455 5508 3757 5577 editiouibus
3785 5510 3869 5557 nb-

2296 5569 2443 5624 iinuit
2465 5569 2674 5638 {donec
2702 5573 2750 5638 in
2773 5569 3075 5638 Cleme'ntitia
3105 5569 3394 5638 ascensione
3419 5569 3730 5638 emendatum
3755 5579 3868 5630 est;

2294 5638 2381 5684 sed
2421 5629 2477 5686 et
2505 5635 2872 5684 Ambrosianum
2907 5629 3245 5696 quod_v6caut
3270 5631 3553 5696 Psalterium
3575 5629 3732 5696 legit;
3777 5644 3872 5696 nec

2294 5697 2490 5746 dubium
2530 5697 2748 5757 videtur,
2788 5697 2906 5757 quin
2926 5691 3006 5757 'ex
3045 5694 3317 5757 Latinorum
3353 5691 3648 5757 criticorum'
3670 5691 3873 5756 ingenio

2295 5757 2469 5866 {actutm
2505 5759 2605 5820 sit;
2641 5756 2729 5806 sed
2768 5753 2908 5808 nobis
2943 5756 3054 5807 heic
3088 5755 3210 5819 apud
3249 5753 3450 5805 Hieron.
3490 5753 3748 5806 immutare
3772 5768 3871 5804 neu

2318 5833 2406 5866 IClll
2435 5855 2446 5866 .

2318 5828 2446 5870 ιςιιὶι.
