4088 6336
588 341 610 393 1
620 340 729 396 015

584 453 854 523 indigebat
877 455 1261 511 misericordia.
1286 453 1440 513 Unde
1459 455 1634 527 jungit
1657 465 1712 512 et
1733 456 1863 512 dicit
1888 473 1902 510 :
1931 454 2156 510 Multum

581 550 697 604 lava
712 539 794 604 me
819 550 882 604 ab
907 551 1168 621 iniquitate
1189 567 1320 617 mea,
1349 560 1396 606 et
1422 568 1454 606 a
1480 562 1686 622 peccato
1706 567 1815 605 meo
1843 551 2033 604 munda
2057 565 2154 604 me.

583 641 837 709 Quoniam
869 644 1182 712 iniquitatem
1232 660 1396 698 meam
1432 661 1525 715 ego
1567 661 1804 714 agnosco,
1831 652 1878 698 et
1919 641 2157 697 delictum

576 734 744 789 meum
786 746 962 789 contra
1003 751 1082 790 me
1123 745 1196 790 est
1238 753 1453 808 semper.
1499 735 1610 790 Tibi
1653 737 1751 790 soli
1791 734 1992 807 peccavi
2035 731 2154 806 (rex

574 830 718 882 enim
750 842 917 890 eram,
950 825 1110 881 alium
1141 843 1246 882 non
1280 828 1532 883 timebam
1561 826 1653 898 [aL
1685 835 1791 880 erat
1825 836 1879 881 et
1904 822 2153 895 timebat])

573 934 620 976 et
656 921 848 976 malum
889 937 1061 975 coram
1092 929 1138 976 te
1166 921 1284 992 feci,
1316 930 1370 974 ut
1404 920 1702 990 justiﬁceris
1748 918 1800 972 in
1839 917 2154 972 sermonibus

573 1015 692 1074 tuis,
724 1024 771 1066 et
801 1014 992 1077 vincas,
1036 1028 1150 1065 cum
1182 1012 1455 1082 judicaris.
1507 1010 1781 1066 Conclusit
1826 1011 1970 1064 enim
2013 1008 2151 1062 Deus

571 1103 749 1157 omnia
779 1104 878 1158 sub
905 1113 1143 1174 peccato,
1169 1113 1224 1157 ut
1249 1102 1496 1156 omnibus
1524 1102 1836 1156 misereatur
1857 1099 2032 1170 (Rom.
2059 1100 2146 1156 ll.

570 1193 684 1264 52).
717 1193 1051 1263 Tantumque
1087 1193 1329 1262 proiecit,
1357 1202 1416 1247 ut
1445 1192 1644 1247 dudum
1684 1203 1931 1262 peccator
1955 1200 2009 1245 et
2037 1205 2151 1261 pm—

571 1283 750 1337 nitens
777 1282 1046 1337 transierit
1075 1281 1128 1336 in
1154 1283 1486 1352 magiSIrum,
1515 1290 1569 1336 et
1594 1282 1736 1336 dicat
1766 1299 1782 1336 :
1812 1280 2016 1336 Docebo
2046 1281 2148 1334 ini-

568 1390 693 1444 quos
719 1375 826 1429 vias
850 1365 980 1439 tuas,
1012 1383 1060 1428 et
1085 1374 1232 1446 impii
1271 1374 1340 1428 ad
1366 1384 1414 1428 te
1436 1384 1784 1428 convertentur
1819 1372 1988 1446 (Psal.
2030 1374 2146 1445 50).

567 1461 848 1522 Confessio
873 1466 1012 1522 enim
1043 1475 1095 1522 et
1121 1466 1458 1536 pulchritudo
1483 1481 1662 1520 coram
1706 1481 1793 1530 eo,
1834 1474 1892 1520 ut
1917 1466 2007 1536 qui
2052 1479 2146 1520 sua

569 1560 843 1613 ceufessus
888 1558 1045 1614 luerit
1083 1569 1322 1629 peccata,
1367 1566 1421 1612 et
1469 1556 1708 1613 dixerit:
1743 1556 2057 1610 Putruerunt
2101 1565 2148 1610 et

567 1661 818 1720 corruptte
857 1661 973 1705 sunt
1010 1652 1263 1706 cicatrices
1293 1666 1415 1704 mete
1449 1667 1480 1702 a
1519 1650 1648 1720 facie
1689 1649 1990 1719 insipientia:
2024 1663 2148 1702 mea:

568 1742 741 1815 (Psal.
775 1745 866 1800 57.
895 1743 967 1816 6),
1003 1742 1297 1799 tarditatem
1323 1743 1602 1797 vulnerum
1635 1741 1686 1795 in
1715 1740 1958 1794 sanitatis
1988 1739 2148 1794 deco-

568 1853 679 1891 rem
707 1844 1016 1890 commutet.
1061 1835 1162 1901 Qui
1195 1837 1326 1889 enim
1351 1833 1611 1888 abscondit
1635 1833 1949 1901 iniquitatem
1976 1847 2142 1895 suam,

568 1945 668 1982 non
691 1926 1069 1996 prosperabitur
1092 1925 1271 1998 (Prov.
1291 1924 1400 1995 28).
1427 1923 1627 1990 Achab,
1656 1939 1746 1978 rex
1779 1921 2142 1992 impiissimus,

567 2022 777 2076 vineam
818 2019 1075 2073 Nabutha:
1116 2033 1306 2073 cruore
1348 2017 1578 2087 possedit
1619 2016 1693 2088 (5.
1733 2015 1861 2086 Reg.
1901 2013 2012 2083 2t)
2047 2031 2058 2066 ε
2092 2023 2147 2068 et

566 2126 686 2164 cum
715 2109 929 2164 Jezahel
956 2124 1059 2163 non
1083 2117 1188 2162 tam
1215 2108 1463 2178 conjugiu
1492 2107 1614 2172 sibi,
1641 2121 1801 2176 quam
1829 2104 2144 2159 crudelitate

565 2201 872 2270 conjuncta,
914 2199 1046 2254 Elia:
1091 2199 1453 2268 increpatione
1495 2197 1824 2266 corripitur:
1854 2194 1981 2249 llaec
2022 2195 2144 2247 dicit

567 2290 816 2346 Dominus
843 2306 862 2344 :
891 2289 1155 2357 Occidisti,
1186 2299 1232 2344 et
1260 2287 1544 2360 possedisti.
1577 2287 1645 2342 Et
1687 2285 1853 2358 896
1906 2285 2097 2342 iterum
2126 2302 2138 2338 :

567 2381 631 2436 In
674 2382 784 2435 loco
827 2381 878 2434 in
907 2398 1007 2453 quo
1035 2381 1290 2436 linxerunt
1327 2396 1476 2434 canes
1517 2379 1814 2449 sanguinem
1862 2375 2139 2442 Nubat/ue,

563 2473 632 2526 ibi
663 2474 854 2544 lingent
882 2474 1180 2544 sanguinem
1206 2483 1350 2527 tuum
1377 2488 1397 2527 :
1416 2481 1460 2526 et
1479 2471 1688 2526 Iezabel
1709 2486 1857 2524 canes
1882 2471 2142 2524 comedent

561 2575 677 2618 ante
706 2580 874 2618 muros
899 2563 1122 2618 Jezrael.
1155 2564 1306 2631 Quod
1336 2579 1458 2619 cum
1489 2563 1726 2620 audisset
1753 2561 1956 2625 Achab,
1984 2561 2142 2616 scidit

558 2655 875 2709 vestimenta
929 2670 1060 2719 sua,
1109 2665 1164 2709 et
1214 2655 1390 2724 posuit
1445 2668 1658 2708 saccum
1711 2667 1874 2722 super
1922 2667 2136 2708 carnem

559 2758 710 2800 suam
735 2787 752 2812 ,
789 2744 1153 2816 jejunavitque
1191 2754 1245 2800 et
1281 2745 1535 2799 dormivit
1574 2745 1628 2798 in
1678 2744 1874 2798 cilicio.
1917 2743 2138 2799 Factus-

557 2852 660 2910 que
684 2845 766 2893 est
792 2853 970 2893 sermo
992 2837 1197 2891 Domini
1219 2835 1286 2890 ad
1310 2837 1498 2902 Eliam,
1528 2835 1711 2891 dicens
1737 2853 1750 2889 :
1777 2834 1854 2905 (a)
1885 2835 2137 2901 Quoniam

555 2933 797 2985 reveritus
821 2941 895 2985 est
928 2929 1098 2985 Achab
1123 2929 1302 3000 faciem
1335 2943 1519 2991 meam,
1551 2944 1650 2982 non
1679 2927 1916 2982 inducam
1944 2929 2135 2984 malum

555 3025 608 3080 in
634 3023 805 3081 diebus
830 3025 960 3094 ejus.
992 3021 1162 3076 Unum
1194 3022 1366 3075 scelus
1396 3019 1582 3074 Achab
1607 3028 1660 3074 et
1684 3019 1921 3088 Jezabel,
1955 3029 2132 3078 tamen

554 3127 814 3172 converso
837 3112 902 3166 ad
935 3111 1302 3181 pmnitentiam
1341 3109 1547 3175 Achab,
1594 3124 1750 3179 paena
1792 3110 2035 3166 differtur
2077 3113 2131 3166 in

554 3215 828 3276 posteros;
858 3211 912 3259 et
938 3203 1152 3260 Jezahel
1176 3203 1227 3256 in
1249 3202 1452 3257 scelere
1478 3217 1846 3272 perseverans,
1879 3204 2130 3272 prmseuti

547 3297 751 3366 judicio
776 3295 1182 3350 condemnatur.
1210 3293 1466 3364 Loquitur
1491 3303 1545 3348 et
1571 3294 1825 3348 Dominus
1860 3293 1913 3347 in
1955 3294 2130 3349 Evan~

551 3388 692 3458 gelio
725 3406 738 3440 :
781 3386 890 3440 Viri
930 3385 1168 3440 Ninivin
1195 3395 1396 3455 surgent
1424 3386 1475 3438 in
1492 3385 1746 3454 judiciuut
1772 3402 1886 3438 cunt
1921 3402 2132 3456 genera-

552 3482 686 3532 tione
715 3478 830 3540 hac,
861 3486 906 3530 et
945 3475 1352 3530 condemnabam
1396 3493 1525 3537 eam,
1567 3476 1684 3546 quia
1721 3485 1927 3545 egerunt
1969 3478 2129 3542 paeni-

551 3569 756 3621 tentiam
779 3567 830 3619 in
857 3565 1216 3637 prtcdicatione
1237 3564 1271 3618 ,Ι
1276 3582 1387 3619 once
1413 3563 1624 3637 (Matth.
1659 3563 1746 3635 l2)
1773 3583 1784 3617 :
1811 3564 1875 3619 Et
1899 3566 2088 3620 iterum
2110 3581 2124 3618 :

553 3656 673 3712 Non
703 3659 832 3712 enim
863 3659 972 3712 veni
997 3673 1174 3710 uocare
1202 3658 1390 3730 justas,
1436 3657 1525 3710 sed
1566 3666 1848 3722 peccatores
1875 3655 1943 3708 ad
1970 3658 2128 3724 pceni-

551 3752 754 3807 tentiam
779 3748 938 3822 (Ibid.
972 3749 1026 3804 9.
1058 3749 1169 3818 15).
1203 3747 1460 3802 Drachma
1489 3748 1644 3816 perit.
1677 3755 1730 3800 et
1769 3755 1941 3800 tamen
1982 3747 2130 3800 inve-

550 3843 693 3901 nitur
721 3843 771 3896 in
803 3852 1040 3896 stercore
1094 3839 1245 3910 (Luc.
1300 3839 1378 3909 5).
1424 3837 1718 3907 Nonaginta
1769 3851 1956 3890 novem
2001 3851 2128 3891 oves

549 3935 925 4005 relinquuntur
965 3931 1018 3986 in
1049 3930 1355 3997 solitudine,
1386 3939 1442 3984 et
1475 3943 1574 3983 una
1605 3927 1722 3982 ovis
1759 3943 1877 3998 qua:
1908 3927 2126 3995 aberra-

551 4035 718 4090 verat,
762 4023 992 4095 pastoris
1021 4023 1257 4078 humeris
1287 4030 1594 4091 reportatur
1621 4018 1783 4092 (Ibid.
1826 4019 1938 4088 15).
1971 4019 2124 4075 Unde

549 4127 604 4172 et
633 4118 812 4171 laetitia
841 4117 1160 4188 Angelorum
1190 4123 1270 4169 est
1309 4128 1469 4182 super
1497 4127 1601 4166 uno
1633 4120 1912 4182 peccatore
1938 4122 2128 4182 agente

551 4208 938 4278 paenitentiam.
989 4205 1194 4273 Quanta
1238 4203 1464 4258 felicitas
1508 4211 1566 4256 ut
1611 4201 1678 4257 de
1725 4203 1896 4256 salute
1941 4210 2125 4256 nostra

547 4301 788 4357 exultent
831 4299 1106 4354 cmlestia?
1151 4299 1222 4351 De
1271 4295 1461 4366 quibus
1502 4294 1695 4348 dicitur
1727 4311 1739 4347 :
1773 4293 2127 4348 Paenitentiam

546 4393 699 4464 agite,
742 4391 1163 4461 apprOpinquavit
1203 4388 1334 4440 enim
1376 4402 1586 4456 regnum
1615 4385 1872 4438 ccelorum.
1914 4383 2125 4438 Nullum

547 4485 598 4548 in
635 4483 810 4538 medio
853 4481 1103 4551 spatium.
1132 4479 1271 4533 Mors
1300 4486 1354 4532 et
1387 4477 1495 4531 vita
1537 4475 1640 4531 sibi
1679 4475 1949 4529 contraria
1979 4483 2122 4538 sunt,

545 4587 598 4632 et
643 4584 820 4635 tamen
867 4572 1174 4644 pmniteulia
1224 4568 1560 4640 copulantur.
1614 4565 1946 4621 Luxuriosus
1988 4564 2126 4619 ﬁlius

546 4675 711 4726 totam
756 4664 1075 4738 prodegerat
1118 4651 1469 4716 substantiam
1507 4676 1519 4711 :
1551 4666 1608 4713 et
1655 4655 1839 4726 procul
1889 4669 1921 4708 a
1978 4663 2126 4724 patre

546 4757 634 4810 vix
666 4769 952 4830 porcorum
995 4753 1130 4807 cibis
1162 4750 1393 4806 inediam
1429 4747 1779 4803 sustentabat.
1823 4745 2126 4801 “evertitur

545 4847 610 4899 ad
637 4855 931 4916 parentem,
957 4843 1260 4898 immolatur
1292 4842 1341 4898 ei
1369 4840 1568 4895 vitulus
1595 4841 1865 4910 saginatus
1889 4858 1902 4893 :
1927 4839 2122 4894 stolam

544 4935 738 5004 accipit
766 4943 820 4987 et
847 4932 1101 4988 annulum
1135 4931 1284 5004 (Luc.
1319 4928 1431 5003 15),
1462 4941 1518 4984 ιιι
1545 4930 1743 4986 Christi
1776 4929 2003 4998 recipiat
2033 4945 2123 4983 ve-

547 5027 878 5091 stimentum,
910 5023 1052 5094 quod
1072 5023 1271 5080 dudum
1310 5023 1590 5092 polluerat,
1623 5030 1676 5075 et
1704 5020 1891 5074 audire
1918 5034 2124 5072 merca-

550 5129 633 5176 tur
659 5136 675 5175 :
701 5116 930 5172 Candida
969 5117 1070 5170 sint
1111 5132 1308 5184 semper
1347 5114 1637 5170 vestimenta
1685 5121 1768 5165 tua
1812 5109 1980 5180 (Eccl.
2023 5106 2121 5180 9);

467 5206 469 5208 ’
553 5218 868 5283 receptoque
899 5205 1170 5277 signaculo
1198 5205 1313 5268 Dei,
1355 5203 1649 5274 proclamet
1686 5200 2072 5254 ad'Dominum
2107 5217 2119 5253 :

507 5311 512 5332 ⁵
549 5300 724 5369 Pater,
753 5300 950 5371 peccaui
977 5299 1029 5352 in
1057 5297 1258 5363 caelum,
1289 5305 1336 5350 et
1365 5312 1534 5353 coram
1562 5305 1645 5358 te;
1671 5301 1726 5348 et
1748 5292 2123 5347 reconciliatus

547 5393 747 5459 osculo,
771 5392 915 5454 dicat
951 5389 1015 5445 ad
1046 5404 1166 5453 eum
1202 5407 1216 5445 :
1249 5387 1518 5460 Signatum
1542 5395 1614 5441 est
1639 5401 1790 5456 super
1826 5401 1916 5439 nos
1955 5385 2124 5439 lumen

629 5548 680 5604 a)
716 5545 877 5596 Aliter
923 5545 1222 5594 vetustiores
1260 5543 1383 5594 editi
1421 5561 1445 5589 ι
1481 5543 1715 5602 Quoniam
1767 5553 2002 5592 reversus
2047 5548 2122 5590 est

547 5603 712 5659 Achab
731 5609 791 5657 ad
815 5607 1139 5657 humilitatem
1164 5607 1262 5655 mei
1283 5618 1444 5661 causa,
1470 5619 1564 5653 non
1608 5605 1824 5653 inducam
1860 5603 2034 5652 malum
2075 5604 2122 5650 in

545 5672 728 5746 dionis
747 5671 881 5746 ejlus,‘
897 5669 984 5746 s'ed
1010 5667 1120 5746 libis
1140 5668 1259 5716 suis.
1287 5668 1408 5726 Quia
1433 5667 1825 5746 licet‘peccasset
1847 5678 1996 5746 uuu'm
2018 5677 2123 5711 sce-

549 5731 624 5779 lus
643 5727 811 5780 Achab
836 5727 887 5780 et
908 5727 1123 5790 Jezabel,
1152 5737 1328 5790 tamen,
1355 5745 1377 5775 ι
1409 5735 1506 5778 etc.
1543 5727 1642 5777 Nos
1671 5735 1792 5778 neu;
1818 5727 2031 5778 voculam
2058 5737 2115 5774 ex

549 5792 660 5844 Mss.
685 5791 1027 5855 supplevimlts.
1980 5807 1988 5813 α

1885 341 2124 400 SANCTI
2153 341 2530 401 HlEllONYMl

3701 361 3832 420 1044

2267 458 2435 512 uultus
2463 459 2538 513 tui
2563 457 2776 515 Domine
2801 459 2974 533 (Psal.
2998 459 3076 534 ι).
3101 461 3310 519 Iustitia
3334 464 3461 536 justi
3499 485 3608 530 non
3634 474 3826 535 libera.

2267 550 2346 606 hit
2372 567 2494 607 eum
2536 552 2589 608 in
2630 569 2962 628 quacumque
2987 557 3076 614 die
3118 563 3458 629 peccaverit:
3487 575 3542 624 et
3581 568 3827 642 iniquitas

2267 645 2430 715 iniqui
2463 661 2568 700 non
2597 648 2812 704 nocebit
2831 643 2911 716 ei,
2943 666 3273 726 quacumque
3303 656 3390 712 die
3414 673 3702 718 conversus
3726 664 3829 720 lue-

2267 736 2335 791 rit
2364 735 2575 807 [Eme/1.
2617 738 2706 793 55.
2741 739 2818 811 2].
2849 739 2921 814 (b)
2967 740 3406 818 Unumquemque
3447 749 3650 819 iudicat
3699 755 3833 812 Deus

2264 825 2402 880 sicut
2435 826 2714 884 invenerit.
2746 829 2855 886 Nec
2903 836 3167 901 praeterita
3207 839 3530 908 considerat,
3565 843 3660 897 sed
3699 860 3832 915 pra:-

2263 920 2434 973 sentia
2463 937 2476 974 :
2506 920 2552 975 si
2580 931 2752 977 tamen
2775 933 2955 979 vetera
2980 927 3228 994 crimina,
3252 932 3459 987 novella
3489 938 3833 995 conversione

2263 1018 2532 1065 mutentur
2556 1009 2645 1083 (c).
2677 1013 2873 1084 Septies
2914 1016 3049 1070 cadit
3081 1019 3274 1089 justus,
3321 1031 3366 1074 et
3414 1027 3626 1095 resurgit
3657 1025 3829 1095 (Prov.

2260 1103 2372 1177 ει).
2399 1104 2452 1160 Si
2475 1105 2636 1172 cadit,
2659 1108 2928 1178 quomodo
2939 1109 3132 1179 justus,
3156 1112 3200 1167 si
3272 1115 3435 1188 897
3505 1117 3682 1188 justus
3706 1137 3831 1191 quo-

2262 1195 2420 1250 modo
2445 1196 2878 1269 eadit?Sedjusti
2904 1202 3217 1257 vocabulum
3246 1221 3351 1260 non
3381 1208 3598 1276 amittit,
3623 1211 3711 1279 qui
3744 1228 3833 1280 per

2261 1290 2624 1358 paenitentiam
2654 1306 2866 1361 semper
2894 1295 3143 1363 resurgit.
3184 1296 3250 1351 Et
3279 1313 3383 1352 non
3414 1300 3588 1354 solum
3613 1303 3828 1371 septies,

2258 1378 2351 1433 sed
2389 1379 2688 1452 septuagies
2717 1384 2918 1453 septies
2944 1383 3290 1455 delinquenti,
3333 1388 3375 1442 si
3403 1400 3745 1446 convertatur
3768 1395 3829 1448 ad

2258 1471 2644 1540 ptenitentiam,
2673 1485 2887 1543 peccata
2915 1474 3181 1532 donantur
3210 1477 3421 1550 (Matth.
3453 1479 3564 1553 18).
3589 1481 3685 1536 Cui
3720 1483 3830 1551 plus

2257 1564 2558 1632 dimittitur,
2588 1566 2708 1635 plus
2737 1566 2926 1638 diligit.
2959 1567 3206 1625 Meretrix
3239 1571 3489 1643 lacryntis
3520 1573 3682 1642 pedes
3715 1575 3828 1629 Sal-

2256 1658 2455 1712 vatoris
2495 1659 2655 1723 lavat,
2687 1668 2741 1714 et
2779 1661 2927 1717 crine
2956 1660 3184 1733 detergit
3217 1682 3230 1718 :
3261 1673 3314 1718 et
3353 1665 3406 1720 in
3434 1674 3616 1738 typum
3653 1667 3830 1722 Eccle—

2255 1749 2348 1803 sia:
2377 1749 2444 1804 de
2471 1750 2717 1819 gentibus
2756 1763 3092 1821 congregatae
3132 1763 3367 1809 meretur
3391 1757 3574 1810 amlire
3606 1776 3621 1809 :
3653 1754 3832 1810 Dimit-

2256 1849 2429 1894 tuntur
2476 1841 2563 1894 tibi
2604 1851 2808 1910 peccata
2843 1852 2931 1896 tua
2979 1841 3152 1913 (Luc.
3200 1842 3276 1916 7).
3331 1846 3585 1902 Pharismi
3629 1846 3826 1918 justitia

2256 1932 2390 2000 perit
2428 1932 2676 2000 superbia
2711 1951 2724 1986 :
2755 1941 2808 1987 et
2852 1933 3118 2002 publicani
3162 1935 3432 1990 liutnilitas
3498 1937 3828 1996 confessione

2253 2024 2485 2076 salvatur
2511 2021 2656 2094 (Luc.
2695 2022 2812 2092 28).
2842 2023 2943 2078 Per
2974 2023 3261 2079 Jeremiam
3289 2035 3618 2082 contestatur
3641 2029 3778 2083 Deus
3807 2048 3820 2080 :

2256 2115 2334 2169 Ad
2359 2132 2608 2170 summam
2651 2114 2830 2186 loquar
2866 2125 3040 2169 contra
3070 2126 3268 2187 gentem
3294 2128 3339 2171 et
3366 2134 3597 2189 regnum,
3629 2128 3684 2171 ut
3713 2136 3825 2172 era-

2251 2206 2411 2260 dicem
2434 2217 2479 2260 et
2505 2203 2852 2272 destruam,‘et
2877 2207 3167 2277 disperdam
3206 2207 3356 2262 illud.
3391 2208 3453 2263 Si
3489 2210 3826 2280 ptenitentiam

2250 2297 2400 2366 egerit
2427 2313 2547 2368 gens
2575 2297 2666 2350 illa
2691 2315 2722 2350 a
2749 2297 2882 2351 malo
2906 2314 3020 2364 suo,
3048 2297 3185 2367 quod
3206 2298 3400 2353 loculus
3426 2316 3541 2354 sum
3560 2300 3825 2354 aduersum

2250 2405 2360 2441 eam
2385 2405 2404 2442 :
2430 2405 2583 2457 agam
2609 2398 2656 2442 et
2685 2405 2774 2460 ego
2807 2390 3145 2458 ptenitentiam
3169 2406 3319 2460 super
3343 2389 3501 2458 malo,
3527 2391 3667 2463 quod
3688 2392 3824 2463 cogi-

2248 2479 2348 2531 tavi
2376 2488 2428 2531 ut
2457 2479 2674 2548 facerem
2699 2481 2764 2532 ei.
2793 2478 2854 2532 Et
2880 2479 2948 2532 ad
2973 2496 3220 2533 summam
3245 2481 3426 2549 loquar
3454 2497 3608 2550 super
3631 2493 3825 2551 gentem

2248 2577 2294 2622 et
2318 2585 2548 2639 regnum,
2581 2579 2633 2623 ut
2659 2570 2924 2638 aediﬁcem,
2965 2579 3010 2623 et
3034 2579 3089 2623 ut
3113 2569 3337 2639 plantem
3382 2571 3532 2626 illud.
3561 2571 3624 2626 Si
3653 2574 3824 2642 fecerit

2247 2662 2436 2716 malum
2461 2663 2512 2716 in
2549 2671 2818 2730 conspectu
2846 2679 2975 2727 meo,
3006 2670 3184 2716 utnon
3211 2663 3388 2716 audiat
3413 2679 3581 2718 uocem
3618 2682 3780 2719 meam
3807 2682 3826 2719 :

2246 2752 2589 2822 paenitentiam
2617 2769 2768 2823 agam
2807 2770 2961 2823 super
3008 2755 3158 2819 bono,
3205 2756 3342 2822 quod
3385 2755 3581 2810 locutus
3623 2773 3735 2810 sum
3773 2767 3827 2810 ut

2246 2847 2462 2916 facerem
2487 2846 2556 2899 ei.
2597 2843 2895 2914 Statimque
2939 2844 3100 2899 iul'ert
3133 2863 3146 2898 :
3176 2844 3310 2900 Ecce
3349 2863 3440 2917 ego
3479 2848 3617 2917 fingo
3654 2859 3826 2901 contra

2241 2952 2329 2990 vos
2359 2936 2568 3002 malum,
2597 2945 2643 2989 et
2667 2935 2830 3006 cogito
2861 2944 3038 2990 contra
3061 2950 3146 2989 vos
3181 2937 3556 3007 cogitationem.
3583 2935 3826 2991 Reverta-

2242 3036 2324 3080 tur
2351 3026 2693 3095 unusquisque
2715 3043 2746 3078 a
2769 3027 2850 3078 uia
2891 3043 2982 3079 sua
3009 3026 3164 3091 mala,
3205 3037 3252 3083 et
3280 3027 3480 3096 dirigite
3505 3028 3611 3081 vias
3637 3037 3824 3082 vestras

2239 3127 2287 3172 et
2329 3118 2496 3171 studia
2543 3127 2724 3170 vestra.
2770 3115 2871 3182 Qui
2899 3117 3134 3171 dixerunt
3181 3133 3200 3172 :
3245 3117 3677 3188 Desperavimus;
3715 3128 3825 3190 post

2238 3209 2568 3279 cogitationes
2606 3208 2739 3261 enim
2770 3218 2967 3261 nostras
2995 3207 3200 3271 ibimus,
3233 3219 3280 3262 et
3323 3213 3668 3282 unusquisque
3714 3222 3824 3283 post

2239 3300 2535 3370 pravitatem
2584 3297 2751 3351 cordis
2799 3297 2879 3350 sui
2929 3296 3009 3368 (l)
3069 3297 3259 3350 malum
3311 3299 3556 3367 faciemus
3608 3301 3819 3371 (Jerem.

2241 3389 2351 3458 l8).
2385 3388 2600 3443 Simeon
2623 3387 2802 3456 justus
2843 3387 2894 3440 in
2937 3386 3228 3456 Evangelio
3271 3387 3507 3458 loquitur
3537 3407 3550 3442 :
3583 3390 3724 3446 Ecce
3748 3393 3823 3447 hic

2239 3479 2426 3548 positus
2465 3487 2538 3532 est
2577 3478 2630 3531 in
2671 3477 2895 3543 ruinam,
2927 3488 2974 3531 et
3004 3478 3058 3532 in
3087 3479 3504 3532 resurrectionem
3544 3482 3822 3536 multarunt

2241 3568 2391 3642 (Luc.
2428 3568 2507 3639 2),
2536 3569 2589 3623 in
2616 3569 2826 3624 ruinam
2851 3568 3106 3624 videlicet
3147 3577 3514 3638 peccatorum,
3549 3579 3604 3626 et
3645 3573 3697 3626 in
3733 3588 3819 3627 re-

2237 3661 2621 3716 surrectionem
2654 3675 2862 3726 eorum,
2906 3659 2998 3730 qui
3042 3671 3204 3731 agunt
3247 3661 3641 3730 pmnilenliam.
3671 3663 3817 3732 Apo-

2236 3754 2406 3810 Stolus
2434 3752 2619 3808 scribit
2646 3751 2710 3806 ad
2741 3751 3092 3808 Corinthios:
3125 3751 3342 3806 Auditur
3368 3753 3500 3807 inter
3535 3770 3622 3808 vos
3658 3755 3819 3825 forni-

2236 3846 2387 3909 catio,
2417 3854 2462 3898 et
2489 3846 2605 3898 talis
2640 3844 2932 3915 fornicatio,
2963 3843 3129 3913 qualis
3155 3859 3216 3897 ne
3243 3845 3373 3898 inter
3399 3853 3571 3916 gentes
3592 3845 3813 3916 quidem,

2235 3941 2308 3992 ita
2345 3947 2399 3991 ut
2448 3953 2657 3992 uxorem
2701 3935 2862 4006 patris
2911 3935 3096 4006 aliquis
3139 3936 3338 3990 habeat.
3392 3933 3458 3988 Et
3511 3952 3596 3989 vos
3651 3937 3816 4006 inflati

2236 4030 2373 4094 estis,
2405 4038 2453 4084 et
2496 4044 2600 4082 non
2645 4028 2807 4097 magis
2852 4025 3040 4080 luctum
3085 4026 3349 4090 habuistis,
3402 4035 3458 4079 ut
3500 4025 3706 4079 tollatur
3753 4025 3815 4080 de

2237 4120 2400 4174 medio
2424 4129 2665 4184 vestrum,
2693 4118 2782 4189 qui
2822 4117 2916 4172 hoc
2962 4135 3088 4187 opus
3119 4118 3235 4189 fecit
3264 4117 3337 4188 (1.
3381 4115 3499 4170 Cor.
3544 4116 3622 4186 5).
3657 4117 3721 4171 Et
3761 4118 3809 4171 iu

2236 4209 2467 4264 secunda
2493 4207 2558 4263 ad
2585 4208 2804 4264 eosdem
2835 4208 3093 4277 Epistola,
3126 4206 3209 4260 Ne
3235 4206 3594 4260 abundantiori
3612 4207 3811 4261 tristitia

2237 4309 2425 4368 pereat,
2455 4302 2541 4368 qui
2567 4299 2817 4366 ejusmodi
2842 4308 2914 4352 est
2955 4297 3030 4366 (2.
3063 4297 3180 4374 Cor.
3207 4296 3287 4365 2),
3337 4307 3551 4352 revocat
3585 4314 3726 4363 cum,
3759 4308 3810 4352 et

2236 4389 2501 4454 obsecrat,
2553 4400 2610 4441 ut
2653 4387 2972 4442 conﬁrment.
3019 4403 3182 4457 super
3225 4388 3375 4442 illum
3413 4389 3725 4455 caritatem;
3753 4399 3809 4443 ut

2235 4480 2326 4547 qui
2357 4478 2561 4533 incestu
2597 4479 2848 4547 perierat,
2890 4477 3198 4548 paenitentia
3228 4491 3595 4534 conservetur.
3622 4477 3808 4533 Nullus

2234 4571 2437 4641 quidem
2465 4571 2683 4624 mundus
2711 4580 2783 4624 est
2801 4587 2834 4623 a
2858 4582 3060 4641 peccato
3089 4586 3107 4624 :
3135 4587 3225 4624 nec
3252 4573 3296 4624 si
3317 4572 3465 4626 unius
3491 4573 3691 4644 quidem
3713 4572 3809 4624 diei

2233 4662 2384 4732 fuerit
2407 4663 2506 4715 vita
2531 4663 2637 4731 ejus
2663 4659 2802 4733 [Job.
2837 4662 2903 4718 15
2929 4671 2972 4716 et
2995 4659 3119 4734 25];
3146 4661 3221 4732 (ιι)
3244 4663 3601 4718 numerabiles
3634 4672 3804 4716 autem

2233 4754 2358 4808 anui
2388 4753 2509 4808 vita;
2539 4754 2702 4808 illius.
2752 4752 2904 4807 Astra
2932 4769 3128 4825 quoque
3171 4755 3282 4824 ipsa
3328 4771 3428 4808 non
3465 4764 3582 4808 sunt
3622 4753 3807 4808 munda

2233 4849 2285 4902 in
2309 4857 2577 4919 conspectu
2603 4846 2714 4918 ejus
2745 4862 2764 4901 :
2794 4857 2841 4902 et
2861 4847 3128 4901 adversum
3149 4846 3355 4918 angelos
3379 4863 3496 4901 suos
3521 4863 3805 4917 peruersum

2301 5044 2363 5112 (ὁ)
2391 5043 2712 5112 _Est_celebre
2735 5043 2936 5112 etiamm
2952 5043 3081 5107 quod
3105 5052 3328 5112 tanquam
3363 5042 3629 5112 Salvatoris
3651 5043 3803 5094 refer-

2233 5105 2312 5158 tur
2332 5105 2361 5157 εί
2385 5107 2578 5156 Justin
2598 5107 2806 5168 Martyre
2830 5105 3021 5168 Dialog.
3047 5119 3158 5168 cum
3181 5105 3439 5168 'l‘ryphone
3477 5119 3512 5156 ιν
3553 5111 3606 5164 οἷς
3641 5112 3684 5155 ἄν
3719 5117 3804 5168 tua.

2230 5183 2440 5232 καταλάβω,
2479 5182 2514 5218 iv
2535 5181 2675 5232 τᾳῦτοις
2699 5167 2760 5217 uti.
2773 5185 2895 5232 _19th.
3040 5167 3155 5232 aliis
3165 5167 3406 5232 _ll'i_[llilllll.

2295 5225 2641 5302 (efﬂuet-ius
2656 5225 2834 5302 septies
2868 5226 2919 5277 in
2952 5228 3032 5278 die
3062 5227 3191 5302 cadit
3207 5229 3397 5302 justus,
3422 5227 3509 5302 sed
3535 5225 3634 5277 duo
3647 5227 3804 5302 verba

2230 5293 2281 5344 in
2303 5289 2382 5343 die
2402 5304 2496 5352 nec
2518 5289 2629 5352 Mss.
2656 5289 2856 5352 habent,
2883 5302 3045 5352 neque
3070 5291 3116 5338 iu
3139 5289 3352 5339 Hebraeo
3387 5297 3546 5352 textu,
3577 5295 3664 5352 aut
3701 5301 3805 5336 ver-

2231 5355 2371 5415 sione
2395 5351 2492 5415 ulla
2529 5350 2788 5410 Scriptura:
2825 5350 3156 5415 inveniuntur,
3194 5365 3304 5415 qua!
3340 5353 3461 5415 adeo
3507 5350 3803 5415 lteie__atque

2232 5414 2372 5474 infra,
2413 5413 2662 5475 Erasmutn
2701 5424 2915 5474 quoque,
2957 5412 3176 5475 aliasque
3211 5411 3520 5475 vetustiores
3564 5411 3806 5475 editiones

2229 5471 2388 5526 secuti
2412 5471 2755 5537 expunximus.
2795 5471 3003 5524 Consule
3035 5471 3144 5536 quae
3177 5475 3303 5537 apud
3337 5474 3618 5536 Hieronytn.
3643 5471 3728 5524 lib.
3754 5473 3799 5520 5.

2232 5545 2398 5587 contra
2419 5534 2670 5596 Pelagian.
2695 5547 2800 5595 cap.
2827 5537 2874 5585 1.
2899 5534 3197 5585 adnotantus.

2293 5599 2370 5658 (ιι)
2403 5596 2500 5646 Alii
2525 5594 2644 5644 editi
2682 5609 2739 5645 ac
2913 5615 2935 5644 ι
2957 5606 3139 5659 quanto
3159 5611 3319 5646 minus
3337 5595 3500 5646 mundi
3526 5594 3802 5659 numerabif

2233 5657 2309 5708 les’
2331 5666 2475 5730 erunt
2495 5659 2628 5730 antri,
2647 5675 2670 5703 ι
2697 5657 2778 5708 vel
2807 5676 2830 5704 ι
2851 5659 2893 5708 si
2917 5657 3264 5720 numerabiles,
3287 5677 3309 5705 ι
3338 5665 3420 5708 aut
3450 5677 3474 5704 ι
3494 5658 3539 5708 si
3561 5657 3801 5708 numerosi

2234 5729 2377 5772 erunt
2397 5729 2553 5769 aunt.»

2298 5783 2370 5846 (1)
2407 5783 2566 5845 Atque
2587 5782 2699 5832 heie
2722 5782 2927 5835 Gravius
2948 5781 3082 5846 mali,
3108 5796 3172 5834 ex
3195 5783 3366 5836 Graec
3382 5799 3434 5832 τα
3462 5779 3603 5832 LXX.
