4088 6336
350 400 491 458 1045

347 515 469 586 quid
493 509 785 583 excogitavit
812 504 832 582 (
855 506 973 562 Job.
1011 507 1065 564 4.
1097 505 1208 579 18).
1248 505 1305 562 Si
1334 505 1387 562 in
1429 506 1568 563 coelo
1609 519 1906 576 peccatum,

348 614 546 676 quanto
574 600 742 672 magis
775 601 827 655 in
858 599 1037 655 terra?
1061 597 1118 654 Si
1152 598 1401 654 delictum
1431 599 1484 653 in
1576 599 1743 670 898
1829 598 1913 652 his

349 697 437 767 qui
460 702 643 750 carent
673 692 961 746 tentationc
989 683 1247 760 corporea
1277 708 1291 744 :
1320 701 1519 759 quanto
1542 691 1708 759 magis
1735 695 1786 743 in
1821 706 1917 743 no-

347 787 450 853 bis,
477 785 564 854 qui
594 784 762 851 fragili
790 797 948 836 carne
975 781 1387 841 circumdamur,
1420 790 1472 834 et
1499 795 1619 833 cum
1658 780 1913 848 Apostolo

343 876 572 930 dicimus
595 889 611 930 :
637 873 792 928 Miser
813 889 922 943 ego,
948 873 1115 936 homo,
1137 872 1248 941 quis
1270 887 1350 924 me
1373 871 1598 925 liberabit
1622 870 1684 924 de
1707 886 1915 938 corpore

344 966 516 1018 mortis
545 966 696 1035 hujus
739 962 913 1036 (Rom.
955 961 1051 1034 7)?
1090 961 1211 1015 Non
1255 961 1384 1015 enim
1432 961 1620 1014 habitat
1667 961 1718 1014 in
1763 976 1916 1013 carne

341 1065 515 1109 nostra
540 1055 742 1118 bonum,
775 1069 874 1109 nec
899 1055 1104 1122 agimus
1143 1054 1286 1124 quod
1331 1053 1597 1119 volumus,
1639 1054 1733 1108 sed
1771 1051 1911 1122 quod

341 1146 612 1211 nolumus,
663 1155 720 1198 ut
744 1145 884 1199 aliud
907 1147 1081 1198 anitna
1107 1144 1394 1206 desideret,
1422 1144 1564 1198 aliud
1589 1159 1716 1198 caro
1737 1143 1912 1197 facere

337 1245 574 1303 cogatur.
631 1234 783 1301 Quod
827 1235 873 1289 si
926 1234 1138 1304 quidam
1180 1232 1255 1304 (a)
1295 1235 1422 1302 justi
1473 1234 1809 1303 appellantur
1859 1233 1910 1286 in

336 1325 648 1392 Scripturis,
676 1335 732 1379 et
757 1339 862 1379 non
893 1326 1066 1378 solum
1093 1325 1244 1392 justi,
1273 1324 1366 1378 sed
1389 1323 1519 1392 justi
1552 1323 1602 1376 in
1623 1331 1911 1390 conSpectu

340 1417 454 1484 Dei,
497 1417 648 1486 juxta
692 1417 838 1471 illam
883 1418 1143 1486 justitiam
1192 1417 1526 1485 appellantur
1567 1413 1714 1483 justi,
1760 1414 1908 1483 juxta

335 1523 492 1579 quam
538 1522 695 1577 supra
724 1508 919 1561 dictum
949 1519 1029 1562 est
1062 1525 1075 1562 :
1109 1506 1303 1575 Septies
1333 1507 1467 1559 cadit
1497 1505 1689 1574 justus,
1735 1515 1779 1557 et
1825 1520 1906 1556 re-

333 1600 492 1669 surgit
522 1598 702 1667 (Prov.
723 1597 837 1666 24).
873 1597 1105 1665 Etjuxta
1126 1595 1266 1666 quod
1307 1595 1557 1665 iniquitas
1600 1593 1761 1660 iuigii
1803 1607 1906 1647 non

339 1689 554 1743 nocebit
581 1691 627 1743 ei
655 1690 705 1742 in
730 1703 1064 1759 quacumque
1088 1688 1175 1742 die
1199 1701 1489 1742 conversus
1517 1685 1666 1738 fuerit
1693 1683 1905 1755 [Ezeclu

334 1779 422 1834 55.
451 1777 538 1851 12]
564 1777 658 1848 (b).
697 1778 934 1849 Denique
959 1787 1014 1834 et
1040 1778 1326 1833 Zacharias
1370 1785 1520 1845 pater
1544 1775 1787 1834 Joannis.
1817 1775 1905 1843 qui

334 1869 582 1922 scribitur
620 1867 816 1938 justus,
868 1868 1106 1936 peccavit
1153 1868 1204 1920 in
1243 1881 1308 1921 eo
1335 1865 1478 1935 quod
1520 1881 1624 1919 non
1656 1865 1900 1928 credidit,

336 1967 392 2014 et
416 1960 593 2013 statim
624 1959 835 2014 silentio
860 1959 1245 2014 condemnatur
1266 1957 1416 2027 (Luc.
1446 1956 1523 2028 i).
1557 1957 1625 2010 Et
1660 1957 1782 2019 Joh,
1813 1958 1904 2025 qui

289 2051 500 2120 ,justus
523 2059 578 2105 et
603 2051 994 2112 immaculatus,
1037 2065 1099 2104 ae
1126 2048 1242 2104 sine
1285 2049 1501 2117 querela
1544 2049 1596 2101 in
1638 2047 1900 2116 principio

329 2142 614 2195 voluminis
655 2141 736 2195 sui
764 2141 1033 2206 scribitur,
1063 2150 1248 2209 postea
1295 2149 1351 2193 et
1393 2139 1485 2192 Dei
1539 2153 1809 2203 sermone,
1850 2148 1905 2193 et

325 2230 665 2286 confessione
731 2232 812 2284 sui
870 2241 1118 2299 peccator
1162 2229 1423 2298 arguitur.
1479 2229 1535 2283 Si
1586 2229 1897 2296 Abraham,

327 2322 475 2376 lsaac
503 2330 557 2374 et
580 2321 764 2383 Jacob,
797 2320 1080 2388 Propheta:
1111 2333 1322 2388 quoque
1345 2329 1398 2372 et
1422 2320 1664 2388 Apostoli
1703 2335 1904 2390 nequa-

323 2425 480 2478 quam
511 2424 736 2464 caruere
768 2417 984 2479 peccato
1005 2426 1018 2462 :
1037 2409 1080 2462 si
1099 2409 1435 2477 purissimum
1458 2410 1688 2463 triticum
1716 2408 1900 2464 habuit

324 2501 516 2554 mixtas
559 2501 776 2569 paleas;
805 2500 930 2570 quid
959 2500 1026 2554 de
1070 2500 1224 2553 nobis
1252 2499 1356 2554 dici
1402 2509 1596 2569 potest,
1622 2500 1688 2554 tle
1709 2500 1902 2568 quibus

325 2591 586 2660 scriptum
640 2591 768 2644 illud
810 2601 892 2646 est
921 2607 936 2645 :
964 2590 1102 2658 Quid
1146 2591 1304 2658 paleis
1331 2591 1400 2642 ad
1423 2592 1752 2658 frumentum,
1781 2592 1903 2646 dicit

324 2680 570 2734 Dominus
603 2679 810 2752 (Jerem.
855 2681 987 2746 25)"
1015 2681 1080 2734 Et
1109 2690 1282 2734 tamen
1326 2680 1490 2749 palea:
1515 2678 1693 2734 futuro
1721 2695 1900 2734 reser-

321 2780 512 2824 vantur
537 2771 804 2833 incendio.
837 2780 894 2826 et
933 2771 1134 2825 zizania
1175 2770 1277 2825 hoc
1309 2779 1549 2840 tempore
1574 2772 1740 2824 mixta
1774 2780 1900 2826 sunt

317 2862 591 2930 segetibus
621 2861 1028 2925 frumentorum,
1054 2861 1226 2915 donec
1249 2861 1426 2915 veniat
1454 2860 1545 2930 qui
1578 2860 1739 2915 habet
1773 2875 1899 2914 ven-

319 2951 566 3005 tilabrum
594 2951 646 3004 in
675 2966 836 3005 manu
864 2965 980 3016 sua,
1011 2960 1067 3005 et
1105 2951 1413 3019 purgaverit
1451 2965 1654 3014 aream,
1681 2959 1741 3003 ιιι
1765 2963 1896 3003 con-

316 3049 500 3110 greget
540 3042 772 3096 triticum
823 3041 875 3095 iu
925 3044 1142 3107 horrea,
1191 3049 1246 3094 et
1285 3039 1600 3110 quisquilias
1639 3038 1898 3110 gehennze

317 3133 424 3203 igni
451 3132 752 3186 comburat.

385 3223 439 3275 4.
482 3222 608 3275 Haec
647 3221 824 3276 omnia
863 3220 1015 3291 quasi
1060 3235 1155 3290 per
1192 3219 1552 3290 pulcherrima
1594 3218 1897 3288 Scriptura-

315 3327 432 3367 rum
462 3320 609 3382 prata
635 3311 965 3378 discurrens,
996 3312 1048 3365 in
1080 3327 1244 3365 unum
1277 3311 1451 3365 locum
1493 3311 1634 3366 volui
1671 3326 1896 3381 congre-

313 3417 461 3474 gare,
507 3412 562 3458 et
587 3403 654 3458 de
692 3402 1105 3473 speciosissimis
1135 3401 1356 3457 tioribus
1394 3417 1648 3457 coronam
1686 3402 1780 3456 tibi
1817 3410 1896 3456 te-

314 3509 441 3549 xere
490 3494 852 3563 poenitentiae,
899 3508 1058 3562 quam
1119 3493 1364 3561 imponas
1416 3493 1579 3562 capiti
1634 3501 1726 3546 tuo
1779 3508 1792 3545 :
1837 3501 1895 3548 et

313 3600 554 3640 assumas
599 3600 801 3656 pennas
835 3583 1121 3645 columbae,
1168 3593 1224 3638 et
1265 3582 1436 3645 voles,
1485 3593 1540 3637 et
1587 3583 1892 3653 requiescas

314 3675 486 3746 (Psal.
518 3676 634 3744 54),
656 3683 710 3729 et
728 3673 1149 3728 clementissimo
1180 3672 1544 3726 reconcilieris
1575 3672 1737 3726 Patri.
1759 3671 1894 3725 Nar-

313 3769 448 3822 ravit
472 3767 599 3821 mihi
628 3782 762 3821 uxor
781 3766 1049 3836 quondam
1071 3753 1182 3829 tua,
1217 3780 1359 3819 nunc
1387 3780 1542 3819 soror
1577 3775 1736 3834 atque
1764 3779 1893 3820 cono

313 3873 488 3924 serva,
523 3857 664 3928 quod
687 3858 836 3927 juxta
866 3864 1189 3926 praeceptum
1233 3855 1476 3924 Apostoli
1517 3869 1585 3909 ex
1627 3867 1889 3909 consensu

314 3950 680 4005 ahstiuneritis
723 3964 819 4004 vos
851 3949 918 4003 ab
953 3961 1117 4017 opere
1151 3947 1480 4016 nuptiarum,
1523 3957 1582 4000 ut
1626 3947 1891 4002 vacarctis

313 4046 578 4108 orationi;
613 4058 808 4117 tuaque
838 4058 1049 4100 rursum
1078 4043 1318 4112 vestigia,
1357 4043 1507 4112 quasi
1549 4043 1600 4095 in
1637 4041 1752 4095 salo
1793 4057 1890 4112 po-

313 4135 412 4190 sita
433 4135 735 4202 ﬂuctuasse,
762 4138 871 4191 imo
897 4137 977 4208 (ut
996 4135 1230 4204 apertius
1253 4133 1460 4204 loquar)
1484 4148 1601 4187 esse
1622 4132 1891 4203 prolapsa.

312 4224 458 4281 Illam
485 4238 661 4281 autem
702 4227 914 4281 audisse
940 4241 969 4280 a
1001 4226 1230 4279 Domino
1269 4240 1388 4278 cum
1428 4223 1630 4295 Moyse,
1661 4222 1739 4277 Tu
1777 4240 1889 4279 vero

313 4319 393 4370 Iu'c
442 4329 520 4372 sta
562 4335 752 4372 mecum
780 4318 974 4389 (Exod.
1007 4316 1133 4387 55);
1177 4324 1232 4370 et
1272 4314 1470 4369 dixisse
1510 4315 1577 4369 de
1621 4315 1886 4370 Domino:

314 4408 499 4462 Statuit
527 4426 679 4480 supra
723 4419 916 4480 petram
958 4408 1107 4479 pedes
1145 4423 1280 4461 meos
1319 4404 1489 4478 (Psal.
1536 4407 1653 4476 49).
1691 4407 1885 4473 Tuam,

311 4500 548 4564 domum,
593 4517 708 4570 quae
755 4500 1092 4554 fundamenta
1167 4500 1332 4570 899
1406 4499 1526 4554 fidei
1569 4497 1739 4554 solida
1783 4515 1887 4555 non

311 4588 559 4655 habebat,
606 4601 788 4660 postea
837 4593 1036 4646 diaboli
1085 4594 1300 4646 turbine
1351 4593 1674 4647 concidisse.
1726 4595 1889 4650 Porro

311 4681 454 4734 illius
479 4691 718 4749 perstare
741 4683 791 4736 in
816 4683 1065 4746 Domino,
1092 4693 1145 4737 et
1165 4699 1318 4738 suum
1342 4684 1435 4737 tibi
1467 4686 1755 4753 hospitium
1782 4704 1888 4744 non

312 4780 538 4839 negare;
569 4781 624 4826 ut
652 4774 734 4826 cui
763 4773 908 4842 prius
935 4773 1248 4841 conjunctus
1274 4773 1452 4830 fueras
1479 4790 1724 4843 corpore,
1749 4793 1889 4832 nunc

306 4862 492 4931 spiritu
538 4863 820 4931 copuleris.
867 4862 966 4929 Qui
1007 4865 1138 4916 enim
1184 4863 1408 4917 adlueret
1456 4862 1707 4930 Domino,
1757 4884 1888 4922 unus

277 4949 512 5018 lspiritus
547 4961 620 5005 est
667 4968 781 5006 cum
823 4969 880 5005 eo
919 4954 994 5023 (l.
1039 4952 1155 5007 Cor.
1189 4953 1267 5023 6).
1315 4953 1554 5022 Cumque
1580 4967 1675 5008 vos
1714 4955 1888 5010 rabies

305 5041 675 5110 barbarorum,
720 5052 774 5098 et
817 5044 1096 5098 imminens
1139 5044 1418 5114 captivitas
1461 5047 1887 5113 separaret,‘sub

297 5135 594 5206 jusjurandi
638 5138 1006 5192 testilicatione
1035 5137 1323 5208 pollicitum
1369 5137 1461 5210 [aL
1495 5138 1750 5208 pollicitus
1787 5139 1881 5213 es],

304 5236 358 5280 ιιι
384 5227 450 5282 ad
480 5237 660 5283 sancta
689 5235 1051 5284 transeuntem
1078 5230 1213 5297 loca,
1241 5230 1323 5285 vel
1355 5230 1556 5297 statim,
1588 5230 1671 5285 vel
1699 5241 1882 5300 postea

301 5321 623 5389 sequereris,
670 5329 725 5374 et
769 5334 1012 5374 servares
1051 5319 1283 5374 animam
1326 5330 1486 5386 tuam,
1533 5335 1690 5391 quam
1741 5321 1884 5376 \iSus

303 5407 479 5464 fueras
505 5409 825 5481 negligentia
858 5407 1170 5479 perdidisse.
1196 5407 1379 5465 Redde
1406 5411 1563 5482 igitur
1583 5411 1723 5481 quod
1747 5426 1882 5482 prm-

367 5619 433 5686 (a)
467 5623 580 5688 Vid.
605 5625 850 5688 superior.
875 5623 1032 5687 Epist.
1076 5623 1134 5674 ad
1172 5623 1416 5686 Algasiam
1440 5627 1622 5688 Quzst.
1647 5629 1779 5680 Vill.
1820 5629 1880 5679 ad

299 5684 778 5817 ﬂl’jbfollf'efustiores
815 5746 993 5817 vulgati
1027 5748 1119 5799 sub
1153 5748 1481 5814 interrogandi
1527 5759 1638 5803 nota
1677 5752 1874 5813 addunt,

296 5809 376 5858 cui
399 5809 753 5871 desperandum:
773 5817 842 5862 est
870 5809 921 5861 2⁷
1344 5809 1367 5814 ⁷
1862 5809 1884 5830 ”

1662 395 1985 454 EPISTOLA
2025 393 2260 452 CXXIII.

3455 397 3592 455 10M

2020 516 2167 562 sente
2198 505 2308 561 Deo
2334 504 2682 575 spopondisti.
2726 504 2925 562 lacerta
2967 515 3049 562 est
3092 507 3194 561 vita
3236 511 3534 565 mortalium
3577 532 3590 568 :

2020 615 2086 654 ne
2127 610 2250 653 ante
2295 599 2538 668 rapiaris,
2569 611 2726 668 quam
2777 608 2919 654 tuam
2965 600 3188 672 impleas
3225 602 3591 671 sponsionem,

2018 689 2225 744 imitare
2274 704 2410 751 eam,
2453 704 2609 758 quam
2653 688 2846 743 docere
2891 690 3170 745 debueras.
3219 691 3356 747 Proh
3398 692 3588 762 pudor,

2018 781 2254 850 fragilior
2285 795 2442 833 sexus
2476 779 2639 832 vincit
2668 780 2942 843 smcnlum.
2983 789 3038 836 et
3067 781 3338 836 robustior
3367 797 3592 851 supera-

2019 879 2102 924 tur
2125 886 2154 922 a
2183 869 2400 922 smculo.
2432 867 2584 921 Tanti
2614 869 2718 922 dna:
2745 869 2932 939 [culina
2960 872 3083 941 facti
3108 882 3180 924 est
3207 871 3292 943 (ea:
3331 871 3541 941 Virgil.)
3577 891 3590 925 :

2016 970 2067 1014 ct
2098 975 2203 1013 non
2250 959 2489 1029 sequeris
2527 973 2667 1022 eam,
2701 959 2751 1011 in
2793 959 2944 1028 cujus
2971 961 3141 1015 salute
3181 963 3496 1017 candidatus
3534 978 3594 1017 es

2018 1049 2178 1104 ﬁdei?
2217 1049 2367 1117 Quod
2409 1050 2451 1102 si
2485 1059 2540 1103 te
2569 1049 2644 1102 rei
2695 1048 2968 1104 familiaris
3006 1058 3188 1104 tenent
3231 1053 3486 1120 reliquitr,
3537 1063 3594 1105 ut

2014 1141 2215 1194 scilicet
2242 1150 2296 1194 et
2325 1148 2521 1193 mortes
2545 1141 2839 1194 amicorum
2865 1149 2919 1193 et
2944 1139 3140 1193 civium
3167 1141 3368 1208 videas,
3400 1153 3454 1198 et
3481 1143 3593 1197 rui-

2015 1247 2110 1285 nas
2135 1230 2340 1283 urbium
2371 1241 2530 1300 atque
2561 1231 2828 1294 villarum,
2871 1231 3059 1284 saltem
3106 1231 3246 1285 inter
3273 1235 3593 1302 captivitatis

2015 1321 2172 1384 mala,
2204 1328 2258 1373 ct
2305 1319 2514 1374 feroces
2553 1319 2789 1374 hostium
2819 1320 3019 1383 vultus,
3062 1331 3117 1375 et
3160 1324 3445 1390 provinciae
3489 1334 3592 1380 tute

2013 1411 2214 1465 infinita
2259 1411 2552 1480 naufragia,
2604 1421 2784 1466 teneto
2821 1414 3054 1467 tabulam
3111 1417 3438 1484 pmnitentitr.
3481 1433 3495 1469 :
3541 1428 3596 1472 rt

2012 1510 2283 1556 memento
2307 1517 2578 1556 conserva!
2609 1511 2729 1567 ture,
2763 1519 2881 1573 quae
2908 1515 3049 1558 tuam
3076 1506 3313 1574 quotidie
3338 1507 3589 1576 suspirat,

2012 1606 2108 1646 nec
2133 1592 2381 1660 desperat
2410 1594 2658 1648 salutem.
2691 1593 2770 1647 Tn
2801 1594 3007 1662 vagaris
3036 1595 3088 1648 in
3119 1596 3327 1663 patria,
3346 1595 3454 1649 imo
3483 1613 3588 1650 non

2012 1682 2201 1750 patria,
2234 1683 2356 1751 quia
2400 1682 2622 1751 patriam
2669 1683 2984 1751 perdidisti:
3017 1684 3113 1738 ista
3149 1700 3243 1752 pro
3273 1694 3325 1739 te
3367 1686 3418 1738 in
3460 1687 3592 1740 locis

2008 1772 2402 1826 venerabilihus
2431 1773 2857 1827 Resurrectionis
2893 1784 2948 1828 et
2969 1774 3178 1840 Crucis,
3204 1787 3257 1829 ct
3286 1774 3588 1830 lncunahu.

2011 1862 2182 1915 lorum
2213 1862 2421 1916 Domini
2463 1864 2778 1928 Salvatoris,
2818 1865 3090 1934 inquibus
3129 1867 3378 1934 parvulus
3406 1866 3586 1937 vagiit,

2009 1954 2085 2006 tui
2113 1954 2344 2008 nominis
2368 1953 2703 2020 recordatur,
2735 1967 2889 2025 teque
2927 1955 2990 2008 ad
3019 1971 3078 2009 sc
3120 1956 3448 2011 orationibus
3485 1968 3590 2011 tra-

2009 2045 2086 2098 hit
2115 2063 2129 2098 :
2160 2054 2216 2098 ut
2245 2046 2288 2099 si
2321 2062 2424 2101 non
2452 2055 2541 2100 tuo
2569 2049 2781 2110 merito,
2811 2049 3000 2102 saltem
3028 2047 3186 2116 hujus
3214 2050 3439 2104 salveris
3457 2049 3583 2106 ﬁde.

2006 2137 2223 2192 Jacebat
2247 2139 2514 2208 quondam
2562 2139 2888 2211 Paralyticus
2931 2141 2983 2194 in
3012 2141 3232 2206 lectulo,
3276 2150 3332 2196 et
3358 2143 3436 2196 sic
3473 2150 3590 2198 erat

2005 2231 2212 2284 cunctis
2253 2231 2475 2286 artubus
2517 2232 2827 2294 dissolutus,
2873 2243 2931 2286 ut
2972 2247 3072 2288 nec
3111 2232 3276 2302 pedes
3303 2234 3370 2287 ad
3413 2235 3589 2304 ingre-

2006 2321 2282 2388 diendum,
2315 2337 2414 2377 nec
2442 2338 2630 2377 manus
2657 2337 2872 2378 movere
2900 2331 3085 2393 posset
3113 2323 3177 2376 ad
3211 2323 3534 2392 precandum
3571 2342 3586 2379 :

2005 2421 2058 2466 et
2096 2420 2270 2466 tamen
2312 2411 2580 2481 profertur
2615 2413 2682 2467 ab
2711 2412 2850 2474 aliis,
2902 2420 2956 2467 et
2997 2413 3300 2468 restituitur
3345 2414 3583 2482 pristinae

2004 2503 2238 2564 sanitati.
2276 2511 2333 2556 ut
2363 2511 2599 2572 portaret
2629 2503 2880 2558 lectulum
2919 2502 3111 2573 (Marc.
3153 2505 3211 2568 Ξῖ
3241 2504 3472 2559 etJoan.
3505 2502 3586 2576 5),

2003 2594 2090 2662 qui
2121 2593 2321 2647 dudum
2349 2595 2662 2663 portabatur
2685 2610 2712 2648 a
2747 2594 2964 2648 lectulo.
3002 2595 3070 2648 Et
3100 2603 3163 2649 te
3193 2595 3354 2664 igitur
3388 2596 3587 2650 absen-

2004 2693 2110 2738 tem
2159 2699 2407 2753 corpore,
2458 2695 2775 2754 prtesentem
2820 2685 2943 2750 fide,
2991 2685 3149 2739 olTert
3187 2699 3446 2740 conserva
3496 2693 3584 2739 tua

2004 2776 2232 2831 Domino
2259 2777 2526 2832 Salvatori
2550 2793 2564 2841 ;
2595 2786 2648 2832 et
2669 2777 2798 2830 dicit
2820 2791 2939 2831 cum
2965 2775 3285 2842 Chanantca,
3311 2775 3451 2830 Filia
3475 2793 3587 2830 mea

2001 2869 2132 2921 male
2158 2877 2369 2921 uexatur
2394 2884 2425 2920 a
2452 2868 2702 2922 datmouio
2725 2866 2936 2936 (Matth.
2967 2868 2995 2926 ,1
3007 2867 3088 2937 5).
3118 2867 3284 2922 Recte
3311 2867 3454 2922 enim
3491 2883 3586 2938 ap-

2003 2960 2208 3030 pellabo
2238 2961 2471 3014 animam
2502 2970 2665 3025 tuam,
2702 2961 2863 3014 ﬁliam
2891 2960 3084 3027 anima:
3110 2959 3248 3030 ejus,
3276 2974 3394 3030 qua:
3421 2975 3584 3015 sexus

2000 3054 2168 3107 nescit
2239 3052 2402 3123 900
2473 3051 2838 3118 diversitatem
2874 3051 3039 3121 :quia
3087 3059 3142 3106 te
3185 3052 3338 3121 quasi
3383 3067 3581 3121 parvu-

2000 3143 2131 3209 lum,
2161 3154 2321 3212 atque
2365 3145 2676 3207 lactentem,
2714 3152 2770 3199 et
2806 3143 3034 3199 necdum
3065 3145 3330 3199 valentem
3370 3160 3584 3202 sumere

1998 3235 2198 3290 solidos
2227 3235 2397 3300 cibos,
2426 3236 2616 3290 invitat
2643 3234 2710 3290 ad
2740 3236 2822 3290 lac
2849 3234 3108 3303 infautim,
3138 3246 3193 3290 et
3235 3237 3458 3292 nutricis
3489 3239 3580 3293 tibi

1996 3326 2244 3381 alimenta
2261 3326 2590 3381 demonstrat
2615 3344 2629 3393 ;
2654 3335 2710 3381 ut
2735 3327 2910 3396 possis
2929 3327 3110 3383 dicere
3125 3343 3246 3382 cum
3270 3328 3538 3398 Propheta
3566 3348 3578 3384 :

1997 3414 2179 3471 Erravi
2210 3418 2338 3471 sicut
2377 3417 2481 3471 ovis
2521 3418 2716 3487 perdita
2756 3433 2775 3472 :
2812 3435 2979 3487 quare
3013 3435 3212 3473 servum
3249 3429 3410 3487 tuum,
3449 3436 3580 3489 queo

1995 3511 2132 3562 niam
2158 3509 2401 3562 mandata
2427 3518 2514 3562 tua
2543 3525 2644 3562 non
2670 3525 2780 3562 sum
2807 3510 2990 3563 oblitus
3019 3507 3191 3581 (Psal.
3217 3508 3365 3579 H8).

2424 3620 2750 3676 EPISTOLA
2791 3620 3006 3677 CXXIII
3048 3621 3118 3692 (τ)

2491 3747 2553 3786 ιιι)
2591 3747 2929 3787 Ασειιυοιιυιιί
2974 3731 3076 3802 (d).

2555 3841 2633 3896 De
2659 3841 3010 3913 Monogamia.

1993 3954 2327 4027 Ageruchiam
2370 3951 2802 4005 adolescentulam
2828 3952 3033 4006 uiduam
3058 3969 3090 4006 a
3113 3953 3346 4008 secundis
3384 3956 3577 4024 nuptiis

2063 4047 2377 4110 dehortatur,
2417 4044 2650 4112 rejiciens
2689 4054 2987 4113 argumenta
3018 4061 3130 4114 qua:
3173 4046 3226 4099 in
3265 4048 3576 4100 contrarium

2065 4141 2230 4209 facere
2278 4136 2593 4201 videbantur,
2649 4145 2802 4205 atque
2848 4135 2902 4189 in
2953 4137 3088 4190 tuine
3143 4138 3373 4192 eumdem
3420 4139 3573 4207 ﬁnem

1990 4235 1993 4238 '
2063 4227 2240 4282 mundi
2266 4226 2582 4281 calamitates
2609 4226 2686 4281 illi
2718 4227 2778 4280 ob
2808 4227 2979 4280 oculos
3006 4244 3217 4296 ponens.

2067 4321 2116 4375 1.
2158 4319 2214 4374 In
2245 4329 2425 4375 vetere
2453 4309 2558 4385 via,
2591 4335 2781 4375 novam
2813 4321 3060 4375 semitam
3089 4322 3397 4390 quaerimus,
3429 4333 3483 4378 et
3515 4325 3566 4377 in

1991 4411 2203 4481 antiqua
2231 4411 2531 4481 detritaque
2556 4411 2799 4476 materia,
2827 4409 3017 4466 rudem
3042 4411 3174 4466 artis
3203 4411 3568 4483 excogitamus

2055 4588 2122 4648 (ε)
2161 4587 2284 4638 Αιὶαδ
2308 4588 2381 4636 ll.
2406 4584 2593 4649 Scripta
2613 4598 2738 4649 armo
2758 4585 2868 4636 409.

2058 4646 2134 4711 (d)
2166 4649 2468 4716 Yariant,__ut
2504 4646 2565 4696 ab
2600 4648 2705 4716 aliis
2745 4659 2941 4716 quoque
2980 4646 3254 4716 adnotatum
3280 4654 3408 4716 εει,
3454 4651 3568 4703 Mss.

1993 4707 2308 4775 exemplaria,
2347 4709 2458 4775 aliis
2485 4707 2777 4775 permittam,
2814 4707 2894 4775 vel
2925 4707 3224 4775 Gerontium,
3247 4707 3570 4775 aliisAI/Igeru-

1989 4769 2235 4835 siam._'_vel
2274 4769 2710 4835 ,tclterusiangvel
2736 4770 2932 4835 tandem
2955 4769 3319 4835 ΑςΙιενιιηΔίςίηι.
3360 4769 3572 4835 legenti-

1991 4834 2100 4880 bus.
2126 4831 2252 4895 vera
2283 4837 2448 4880 tamen
2472 4844 2532 4895 ex
2559 4831 2838 4895 Hieronymi
2873 4831 3106 4895 allusioue
3141 4833 3366 4893 probatur
3404 4831 3569 4895 lectio,
3662 4879 3672 4887 .

1993 4891 2270 4958 {trierat-hia,
2297 4905 2388 4940 non
2415 4900 2468 4958 ut
2489 4891 2765 4958 Martiangeo
2787 4892 2941 4940 visum
2966 4901 3041 4940 est
3063 4892 3124 4940 ab
3143 4891 3321 4958 λ’ττςρως,
3344 4909 3453 4958 quae
3480 4891 3570 4948 vox

1989 4951 2326 5020 immortalem,
2350 4951 2557 5020 ve|_non
2588 4953 2864 5002 sentientem
2884 4960 3166 5020 senectutem
3187 4951 3456 5020 Signinum,
3482 4962 3570 5009 sed

1993 5027 2172 5075 neque,
2196 5023 2250 5062 ut
2271 5013 2516 5063 Victorius
2531 5021 2685 5123 Putat,
2709 5027 2736 5061 a
2760 5016 3120 5076 congregatum,
3145 5013 3270 5079 quod
3291 5013 3471 5070 Gratias
3495 5031 3572 5071 est

1993 5087 2127 5123 suam.
2149 5077 2292 5123 ducto
2313 5075 2506 5123 nomine
2548 5085 2793 5123 uturorum
2810 5077 3049 5123 vaticinio.
3069 5078 3197 5123 ouod
3215 5078 3403 5123 scilicet
3427 5084 3566 5123 :n'izl--

1988 5087 2127 5138 ἀτιερω,
2149 5077 2301 5141 ducto
2313 5075 2506 5125 nomine
2531 5075 2793 5141 futurorum
2810 5075 3049 5141 vaticinia,
3069 5075 3197 5139 quod
3215 5078 3403 5130 scilicet
3427 5084 3567 5141 avia-,

1989 5137 2172 5196 matris,
2210 5137 2487 5198 amitaeque,
2516 5139 2817 5198 probaturum
2842 5152 2891 5187 tn
2915 5137 3103 5187 Christo
3128 5141 3430 5193 feminarum.
3459 5137 3566 5193 eam

1991 5199 2129 5248 turba
2151 5201 2510 5262 circutttstaret;
2538 5212 2705 5262 verum
2727 5213 2754 5246 a
2778 5200 3068 5250 strenuitate
3088 5201 3333 5262 animique
3349 5212 3565 5252 constan-

1990 5262 2070 5329 tia,
2107 5273 2164 5309 ac
2187 5259 2566 5320 liirtitudine,ttt
2589 5260 2759 5329 Greece
2783 5270 3140 5329 _sou_at_nomen
3183 5259 3367 5329 ῥτιριεχίπ,
3394 5277 3567 5324 egero-

1987 5321 2112 5384 glria,
2150 5335 2247 5384 quo
2275 5333 2422 5384 sensu
2447 5332 2495 5372 et
2527 5337 2553 5372 a
2589 5322 2828 5382 Gregorio
2851 5321 3258 5384 N-tzianzeuogde‘
3279 5321 3511 5378 Noua,"et
3533 5339 3562 5376 a

1992 5381 2278 5446 Philostrato
2302 5383 2333 5430 I.
2357 5383 2403 5430 ‘2.
2427 5385 2491 5434 de
2524 5386 2633 5434 Vita
2671 5381 2933 5446 Kpollouii,
2963 5393 3014 5433 et
3040 5381 3232 5446 abaliis
3262 5386 3485 5440 sumitur,
3515 5396 3567 5437 et

1986 5443 2124 5510 llier.
2151 5445 2262 5510 heic
2291 5445 2424 5508 quasi
2458 5447 2615 5510 digito
2630 5443 2789 5510 notat.
2822 5446 3058 5510 Lexrcum
3084 5445 3304 5510 Graecum
3327 5445 3566 5497 ineditum

1986 5507 2212 5554 mirandae
2246 5505 2536 5568 vetustatis;
2565 5509 2702 5570 cujus
2740 5506 3065 5570 ajographum
3097 5505 3221 5564 apud
3260 5518 3351 5570 nos
3373 5515 3476 5570 est,
3513 5517 3565 5560 et

1986 5581 2079 5618 κατὰ
2101 5571 2239 5631 nam
2258 5581 2321 5618 τὸν
2341 5565 2517 5630 ansatus,
2531 5565 2782 5631 celebrem
2807 5565 2983 5628 nempe
3017 5565 3149 5614 illum
3173 5579 3228 5614 ac
3249 5566 3558 5631 desideratis:

1984 5629 2498 5693 simnm,_inscribitur,
2546 5645 2743 5693 “ipsis;
2767 5629 3115 5688 interpretatur
3138 5638 3158 5676 ὀ
3177 5637 3288 5693 ⁸ειτιιιν
3319 5646 3449 5693 φασιν,
3479 5630 3564 5693 qui

1985 5690 2122 5762 valde
2145 5689 2400 5758 gloriatur,
2425 5687 2534 5755 quae
2559 5687 2806 5762 proposito
2822 5687 2988 5762 nostro
3012 5687 3302 5762 oetxiirologia
3325 5687 3565 5762 ipsaqum

2021 5767 2084 5804 ue
2109 5749 2508 5816 incongrua'nbn
2540 5749 2807 5816 e'sthuod
2844 5757 3008 5816 autem
3045 5749 3562 5816 Victoriusuvirgincm

2029 5810 2310 5879 gerunbiain
2329 5820 2490 5874 vocat,
2512 5813 2776 5872 memoriae,
2804 5817 2857 5860 ut
2882 5810 3067 5861 videtur
3092 5810 3246 5873 lapsu,
3269 5811 3467 5862 dixerit.
